<?xml version="1.0" encoding="UTF-8"?>
<!DOCTYPE html PUBLIC "-//W3C//DTD XHTML 1.0 Transitional//EN"
    "http://www.w3.org/TR/xhtml1/DTD/xhtml1-transitional.dtd">
<html xmlns="http://www.w3.org/1999/xhtml" xml:lang="en" lang="en">
 <head>
  <title>
</title>
<meta http-equiv="Content-Type" content="text/html;charset=utf-8" />
  <meta name='ocr-system' content='tesseract 3.04.00' />
  <meta name='ocr-capabilities' content='ocr_page ocr_carea ocr_par ocr_line ocrx_word'/>
</head>
<body>
  <div class='ocr_page' id='page_1' title='image "./mtuliiciceroniso00cice/mtuliiciceroniso00cice_0816.png"; bbox 0 0 2337 3400; ppageno 0'>
   <div class='ocr_carea' id='block_1_1' title="bbox 156 116 1069 195">
    <p class='ocr_par' dir='ltr' id='par_1_1' title="bbox 156 116 1069 195">
     <span class='ocr_line' id='line_1_1' title="bbox 156 116 1069 195; baseline -0.005 -32"><span class='ocrx_word' id='word_1_1' title='bbox 156 146 250 195; x_wconf 70' lang='lat'>730</span> <span class='ocrx_word' id='word_1_2' title='bbox 566 116 1069 167; x_wconf 77' lang='lat' dir='ltr'>M.TULL11</span> 
     </span>
    </p>
   </div>
   <div class='ocr_carea' id='block_1_2' title="bbox 154 195 1130 1086">
    <p class='ocr_par' dir='ltr' id='par_1_2' title="bbox 154 195 1130 1086">
     <span class='ocr_line' id='line_1_2' title="bbox 154 195 1113 244; baseline -0.017 -4"><span class='ocrx_word' id='word_1_3' title='bbox 154 221 219 244; x_wconf 69' lang='lat' dir='ltr'>runi</span> <span class='ocrx_word' id='word_1_4' title='bbox 232 209 350 238; x_wconf 72' lang='lat' dir='ltr'>alteram</span> <span class='ocrx_word' id='word_1_5' title='bbox 363 200 576 233; x_wconf 80' lang='lat' dir='ltr'>tabellariusT.</span> <span class='ocrx_word' id='word_1_6' title='bbox 589 199 674 229; x_wconf 80' lang='lat' dir='ltr'>Vibii</span> <span class='ocrx_word' id='word_1_7' title='bbox 683 198 799 229; x_wconf 84' lang='lat' dir='ltr'>attulit:</span> <span class='ocrx_word' id='word_1_8' title='bbox 816 197 936 227; x_wconf 85' lang='lat' dir='ltr'>alteram</span> <span class='ocrx_word' id='word_1_9' title='bbox 948 195 983 226; x_wconf 87' lang='lat' dir='ltr'>ad</span> <span class='ocrx_word' id='word_1_10' title='bbox 995 204 1044 225; x_wconf 89' lang='lat' dir='ltr'>me</span> <span class='ocrx_word' id='word_1_11' title='bbox 1054 196 1113 225; x_wconf 89' lang='lat' dir='ltr'>mi-</span> 
     </span>
     <span class='ocr_line' id='line_1_3' title="bbox 156 240 1117 289; baseline -0.016 -7"><span class='ocrx_word' id='word_1_12' title='bbox 156 254 189 284; x_wconf 87' lang='lat' dir='ltr'>sit</span> <span class='ocrx_word' id='word_1_13' title='bbox 209 253 319 289; x_wconf 84' lang='lat' dir='ltr'>Lupus.</span> <span class='ocrx_word' id='word_1_14' title='bbox 343 249 389 276; x_wconf 83' lang='lat' dir='ltr'>Ex</span> <span class='ocrx_word' id='word_1_15' title='bbox 408 245 467 274; x_wconf 84' lang='lat' dir='ltr'>tuis</span> <span class='ocrx_word' id='word_1_16' title='bbox 485 243 609 275; x_wconf 87' lang='lat' dir='ltr'>litteris,</span> <span class='ocrx_word' id='word_1_17' title='bbox 631 241 664 271; x_wconf 86' lang='lat'>&amp;</span> <span class='ocrx_word' id='word_1_18' title='bbox 684 250 721 271; x_wconf 88' lang='lat' dir='ltr'>ex</span> <span class='ocrx_word' id='word_1_19' title='bbox 736 240 859 270; x_wconf 86' lang='lat' dir='ltr'>Graeceii</span> <span class='ocrx_word' id='word_1_20' title='bbox 875 240 1012 269; x_wconf 88' lang='lat' dir='ltr'>oratione</span> <span class='ocrx_word' id='word_1_21' title='bbox 1026 257 1033 271; x_wconf 92' lang='lat'>,</span> <span class='ocrx_word' id='word_1_22' title='bbox 1052 247 1117 268; x_wconf 89' lang='lat' dir='ltr'>non</span> 
     </span>
     <span class='ocr_line' id='line_1_4' title="bbox 158 279 1118 325; baseline -0.013 -4"><span class='ocrx_word' id='word_1_23' title='bbox 158 291 253 325; x_wconf 78' lang='lat' dir='ltr'>modo</span> <span class='ocrx_word' id='word_1_24' title='bbox 265 298 326 319; x_wconf 86' lang='lat' dir='ltr'>non</span> <span class='ocrx_word' id='word_1_25' title='bbox 338 284 514 317; x_wconf 61' lang='lat' dir='ltr'>restinc&#39;tum</span> <span class='ocrx_word' id='word_1_26' title='bbox 525 284 640 314; x_wconf 86' lang='lat' dir='ltr'>bellum</span> <span class='ocrx_word' id='word_1_27' title='bbox 650 302 659 317; x_wconf 84' lang='lat'>,</span> <span class='ocrx_word' id='word_1_28' title='bbox 672 282 721 313; x_wconf 85' lang='lat' dir='ltr'>sed</span> <span class='ocrx_word' id='word_1_29' title='bbox 732 283 824 312; x_wconf 88' lang='lat' dir='ltr'>etiam</span> <span class='ocrx_word' id='word_1_30' title='bbox 833 279 1060 311; x_wconf 86' lang='lat' dir='ltr'>inflammatum</span> <span class='ocrx_word' id='word_1_31' title='bbox 1069 280 1118 310; x_wconf 82' lang='lat' dir='ltr'>vi—</span> 
     </span>
     <span class='ocr_line' id='line_1_5' title="bbox 159 322 1118 366; baseline -0.013 -3"><span class='ocrx_word' id='word_1_32' title='bbox 159 335 253 365; x_wconf 83' lang='lat' dir='ltr'>detur.</span> <span class='ocrx_word' id='word_1_33' title='bbox 278 333 352 360; x_wconf 86' lang='lat' dir='ltr'>Non</span> <span class='ocrx_word' id='word_1_34' title='bbox 363 327 470 358; x_wconf 90' lang='lat' dir='ltr'>dubito</span> <span class='ocrx_word' id='word_1_35' title='bbox 480 335 591 360; x_wconf 90' lang='lat' dir='ltr'>autem,</span> <span class='ocrx_word' id='word_1_36' title='bbox 603 335 656 366; x_wconf 91' lang='lat' dir='ltr'>pro</span> <span class='ocrx_word' id='word_1_37' title='bbox 665 333 712 355; x_wconf 88' lang='lat' dir='ltr'>tua</span> <span class='ocrx_word' id='word_1_38' title='bbox 721 322 856 364; x_wconf 74' lang='lat' dir='ltr'>singulari</span> <span class='ocrx_word' id='word_1_39' title='bbox 867 322 1033 363; x_wconf 89' lang='lat' dir='ltr'>prudentia,</span> <span class='ocrx_word' id='word_1_40' title='bbox 1043 323 1118 363; x_wconf 90' lang='lat' dir='ltr'>quin</span> 
     </span>
     <span class='ocr_line' id='line_1_6' title="bbox 159 364 1120 416; baseline -0.011 -12"><span class='ocrx_word' id='word_1_41' title='bbox 159 374 316 416; x_wconf 73' lang='lat' dir='ltr'>perspicias</span> <span class='ocrx_word' id='word_1_42' title='bbox 326 391 334 405; x_wconf 94' lang='lat'>‚</span> <span class='ocrx_word' id='word_1_43' title='bbox 352 369 371 400; x_wconf 91' lang='lat' dir='ltr'>si</span> <span class='ocrx_word' id='word_1_44' title='bbox 382 369 496 411; x_wconf 89' lang='lat' dir='ltr'>aliquid</span> <span class='ocrx_word' id='word_1_45' title='bbox 511 367 660 399; x_wconf 86' lang='lat' dir='ltr'>firmitatis</span> <span class='ocrx_word' id='word_1_46' title='bbox 669 365 773 397; x_wconf 65' lang='lat' dir='ltr'>nactus</span> <span class='ocrx_word' id='word_1_47' title='bbox 784 364 817 396; x_wconf 91' lang='lat' dir='ltr'>sit</span> <span class='ocrx_word' id='word_1_48' title='bbox 829 366 981 395; x_wconf 86' lang='lat' dir='ltr'>Antonius</span> <span class='ocrx_word' id='word_1_49' title='bbox 991 384 999 398; x_wconf 94' lang='lat'>,</span> <span class='ocrx_word' id='word_1_50' title='bbox 1015 367 1120 395; x_wconf 78' lang='lat' dir='ltr'>omnia</span> 
     </span>
     <span class='ocr_line' id='line_1_7' title="bbox 163 405 1120 454; baseline -0.011 -8"><span class='ocrx_word' id='word_1_51' title='bbox 163 426 211 447; x_wconf 80' lang='lat' dir='ltr'>tua</span> <span class='ocrx_word' id='word_1_52' title='bbox 230 416 281 445; x_wconf 88' lang='lat' dir='ltr'>illa</span> <span class='ocrx_word' id='word_1_53' title='bbox 293 412 429 454; x_wconf 74' lang='lat' dir='ltr'>praeclara</span> <span class='ocrx_word' id='word_1_54' title='bbox 439 414 472 441; x_wconf 92' lang='lat' dir='ltr'>in</span> <span class='ocrx_word' id='word_1_55' title='bbox 482 420 575 450; x_wconf 89' lang='lat' dir='ltr'>remp.</span> <span class='ocrx_word' id='word_1_56' title='bbox 600 410 726 442; x_wconf 87' lang='lat' dir='ltr'>merita,</span> <span class='ocrx_word' id='word_1_57' title='bbox 741 407 779 438; x_wconf 88' lang='lat' dir='ltr'>ad</span> <span class='ocrx_word' id='word_1_58' title='bbox 799 407 932 437; x_wconf 86' lang='lat' dir='ltr'>nibilum</span> <span class='ocrx_word' id='word_1_59' title='bbox 944 405 1002 436; x_wconf 82' lang='lat' dir='ltr'>effe</span> <span class='ocrx_word' id='word_1_60' title='bbox 1011 415 1120 437; x_wconf 84' lang='lat' dir='ltr'>ventu-</span> 
     </span>
     <span class='ocr_line' id='line_1_8' title="bbox 165 448 1120 490; baseline -0.012 -2"><span class='ocrx_word' id='word_1_61' title='bbox 165 468 200 488; x_wconf 75' lang='lat' dir='ltr'>ra.</span> <span class='ocrx_word' id='word_1_62' title='bbox 229 459 272 487; x_wconf 83' lang='lat' dir='ltr'>Ita</span> <span class='ocrx_word' id='word_1_63' title='bbox 291 457 374 486; x_wconf 73' lang='lat' dir='ltr'>enirn</span> <span class='ocrx_word' id='word_1_64' title='bbox 389 456 522 484; x_wconf 80' lang='lat' dir='ltr'>Romam</span> <span class='ocrx_word' id='word_1_65' title='bbox 537 460 597 482; x_wconf 86' lang='lat' dir='ltr'>erat</span> <span class='ocrx_word' id='word_1_66' title='bbox 607 452 779 482; x_wconf 87' lang='lat' dir='ltr'>nuntiatum</span> <span class='ocrx_word' id='word_1_67' title='bbox 792 469 800 483; x_wconf 89' lang='lat'>,</span> <span class='ocrx_word' id='word_1_68' title='bbox 825 451 862 479; x_wconf 88' lang='lat' dir='ltr'>ita</span> <span class='ocrx_word' id='word_1_69' title='bbox 871 448 1042 490; x_wconf 88' lang='lat' dir='ltr'>persuasum</span> <span class='ocrx_word' id='word_1_70' title='bbox 1052 457 1120 478; x_wconf 90' lang='lat' dir='ltr'>om-</span> 
     </span>
     <span class='ocr_line' id='line_1_9' title="bbox 162 490 1123 536; baseline -0.011 -6"><span class='ocrx_word' id='word_1_71' title='bbox 162 500 254 531; x_wconf 84' lang='lat' dir='ltr'>nibus</span> <span class='ocrx_word' id='word_1_72' title='bbox 266 518 273 532; x_wconf 84' lang='lat'>,</span> <span class='ocrx_word' id='word_1_73' title='bbox 295 507 364 528; x_wconf 88' lang='lat' dir='ltr'>cum</span> <span class='ocrx_word' id='word_1_74' title='bbox 386 497 486 536; x_wconf 88' lang='lat' dir='ltr'>paucis</span> <span class='ocrx_word' id='word_1_75' title='bbox 497 495 623 524; x_wconf 86' lang='lat' dir='ltr'>inermis</span> <span class='ocrx_word' id='word_1_76' title='bbox 634 513 643 527; x_wconf 93' lang='lat'>,</span> <span class='ocrx_word' id='word_1_77' title='bbox 659 493 820 533; x_wconf 81' lang='lat' dir='ltr'>perterritis</span> <span class='ocrx_word' id='word_1_78' title='bbox 830 500 913 521; x_wconf 87' lang='lat' dir='ltr'>metu</span> <span class='ocrx_word' id='word_1_79' title='bbox 924 510 932 524; x_wconf 91' lang='lat'>,</span> <span class='ocrx_word' id='word_1_80' title='bbox 952 490 1047 522; x_wconf 61' lang='lat' dir='ltr'>fracto</span> <span class='ocrx_word' id='word_1_81' title='bbox 1057 491 1123 520; x_wconf 91' lang='lat' dir='ltr'>ani-</span> 
     </span>
     <span class='ocr_line' id='line_1_10' title="bbox 163 531 1123 582; baseline -0.011 -10"><span class='ocrx_word' id='word_1_82' title='bbox 163 551 235 574; x_wconf 85' lang='lat' dir='ltr'>mo,</span> <span class='ocrx_word' id='word_1_83' title='bbox 255 537 360 582; x_wconf 81' lang='lat' dir='ltr'>fugifl&#39;e</span> <span class='ocrx_word' id='word_1_84' title='bbox 378 538 561 568; x_wconf 85' lang='lat' dir='ltr'>Antonium.</span> <span class='ocrx_word' id='word_1_85' title='bbox 584 537 647 575; x_wconf 80' lang='lat' dir='ltr'>Qii</span> <span class='ocrx_word' id='word_1_86' title='bbox 666 533 738 565; x_wconf 89' lang='lat' dir='ltr'>fiita</span> <span class='ocrx_word' id='word_1_87' title='bbox 748 533 892 567; x_wconf 86' lang='lat' dir='ltr'>sehabet,</span> <span class='ocrx_word' id='word_1_88' title='bbox 912 542 963 566; x_wconf 86' lang='lat' dir='ltr'>ut,</span> <span class='ocrx_word' id='word_1_89' title='bbox 978 531 1123 573; x_wconf 89' lang='lat' dir='ltr'>quemad-</span> 
     </span>
     <span class='ocr_line' id='line_1_11' title="bbox 166 574 1124 617; baseline -0.011 -3"><span class='ocrx_word' id='word_1_90' title='bbox 166 582 294 614; x_wconf 84' lang='lat' dir='ltr'>modum</span> <span class='ocrx_word' id='word_1_91' title='bbox 309 580 469 611; x_wconf 80' lang='lat' dir='ltr'>audiebam</span> <span class='ocrx_word' id='word_1_92' title='bbox 482 578 519 610; x_wconf 89' lang='lat' dir='ltr'>de</span> <span class='ocrx_word' id='word_1_93' title='bbox 534 580 669 609; x_wconf 84' lang='lat' dir='ltr'>Graeceio</span> <span class='ocrx_word' id='word_1_94' title='bbox 680 597 689 610; x_wconf 91' lang='lat'>,</span> <span class='ocrx_word' id='word_1_95' title='bbox 709 574 834 617; x_wconf 81' lang='lat' dir='ltr'>confligi</span> <span class='ocrx_word' id='word_1_96' title='bbox 848 585 919 606; x_wconf 88' lang='lat' dir='ltr'>cum</span> <span class='ocrx_word' id='word_1_97' title='bbox 932 585 966 605; x_wconf 88' lang='lat' dir='ltr'>eo</span> <span class='ocrx_word' id='word_1_98' title='bbox 976 575 1036 605; x_wconf 87' lang='lat' dir='ltr'>sine</span> <span class='ocrx_word' id='word_1_99' title='bbox 1046 576 1124 614; x_wconf 86' lang='lat' dir='ltr'>peri-</span> 
     </span>
     <span class='ocr_line' id='line_1_12' title="bbox 163 616 1123 663; baseline -0.008 -8"><span class='ocrx_word' id='word_1_100' title='bbox 163 626 233 656; x_wconf 79' lang='lat' dir='ltr'>culo</span> <span class='ocrx_word' id='word_1_101' title='bbox 251 634 315 654; x_wconf 88' lang='lat' dir='ltr'>non</span> <span class='ocrx_word' id='word_1_102' title='bbox 333 620 434 663; x_wconf 85' lang='lat' dir='ltr'>poffit:</span> <span class='ocrx_word' id='word_1_103' title='bbox 454 630 520 652; x_wconf 87' lang='lat' dir='ltr'>non</span> <span class='ocrx_word' id='word_1_104' title='bbox 538 620 590 650; x_wconf 90' lang='lat' dir='ltr'>ille</span> <span class='ocrx_word' id='word_1_105' title='bbox 609 620 687 649; x_wconf 88' lang='lat' dir='ltr'>mihi</span> <span class='ocrx_word' id='word_1_106' title='bbox 705 617 812 660; x_wconf 76' lang='lat' dir='ltr'>fugiss&#39;e</span> <span class='ocrx_word' id='word_1_107' title='bbox 829 618 844 647; x_wconf 71' lang='lat' dir='ltr'>a</span> <span class='ocrx_word' id='word_1_108' title='bbox 859 619 977 647; x_wconf 85' lang='lat' dir='ltr'>Mutina</span> <span class='ocrx_word' id='word_1_109' title='bbox 994 616 1123 647; x_wconf 79' lang='lat' dir='ltr'>videtur,</span> 
     </span>
     <span class='ocr_line' id='line_1_13' title="bbox 166 657 1125 704; baseline -0.011 -7"><span class='ocrx_word' id='word_1_110' title='bbox 166 671 176 687; x_wconf 87' lang='lat'>¹</span> <span class='ocrx_word' id='word_1_111' title='bbox 190 668 238 697; x_wconf 76' lang='lat' dir='ltr'>sed</span> <span class='ocrx_word' id='word_1_112' title='bbox 251 666 353 696; x_wconf 79' lang='lat' dir='ltr'>locum</span> <span class='ocrx_word' id='word_1_113' title='bbox 363 665 433 694; x_wconf 91' lang='lat' dir='ltr'>belli</span> <span class='ocrx_word' id='word_1_114' title='bbox 445 662 569 704; x_wconf 84' lang='lat' dir='ltr'>gerendi</span> <span class='ocrx_word' id='word_1_115' title='bbox 581 659 714 692; x_wconf 84' lang='lat' dir='ltr'>mutaffe-</span> <span class='ocrx_word' id='word_1_116' title='bbox 731 663 832 700; x_wconf 89' lang='lat' dir='ltr'>Itaque</span> <span class='ocrx_word' id='word_1_117' title='bbox 842 661 984 689; x_wconf 87' lang='lat' dir='ltr'>homines</span> <span class='ocrx_word' id='word_1_118' title='bbox 994 659 1044 689; x_wconf 82' lang='lat' dir='ltr'>alii</span> <span class='ocrx_word' id='word_1_119' title='bbox 1054 657 1125 688; x_wconf 61' lang='lat' dir='ltr'>fasti</span> 
     </span>
     <span class='ocr_line' id='line_1_14' title="bbox 167 699 1124 745; baseline -0.011 -6"><span class='ocrx_word' id='word_1_120' title='bbox 167 710 251 739; x_wconf 85' lang='lat' dir='ltr'>sunt:</span> <span class='ocrx_word' id='word_1_121' title='bbox 270 706 412 738; x_wconf 87' lang='lat' dir='ltr'>nonnulli</span> <span class='ocrx_word' id='word_1_122' title='bbox 424 708 514 736; x_wconf 91' lang='lat' dir='ltr'>etiam</span> <span class='ocrx_word' id='word_1_123' title='bbox 529 712 694 745; x_wconf 86' lang='lat' dir='ltr'>queruntur</span> <span class='ocrx_word' id='word_1_124' title='bbox 705 722 713 736; x_wconf 93' lang='lat'>,</span> <span class='ocrx_word' id='word_1_125' title='bbox 734 701 815 742; x_wconf 76' lang='lat' dir='ltr'>quod</span> <span class='ocrx_word' id='word_1_126' title='bbox 826 701 970 741; x_wconf 76' lang='lat' dir='ltr'>persecuti</span> <span class='ocrx_word' id='word_1_127' title='bbox 980 710 1043 730; x_wconf 89' lang='lat' dir='ltr'>non</span> <span class='ocrx_word' id='word_1_128' title='bbox 1054 699 1124 730; x_wconf 87' lang='lat' dir='ltr'>sitis.</span> 
     </span>
     <span class='ocr_line' id='line_1_15' title="bbox 166 741 1125 790; baseline -0.01 -9"><span class='ocrx_word' id='word_1_129' title='bbox 166 751 299 790; x_wconf 75' lang='lat' dir='ltr'>opprimi</span> <span class='ocrx_word' id='word_1_130' title='bbox 319 746 446 789; x_wconf 79' lang='lat' dir='ltr'>potuiss&#39;e</span> <span class='ocrx_word' id='word_1_131' title='bbox 460 768 469 782; x_wconf 94' lang='lat'>,</span> <span class='ocrx_word' id='word_1_132' title='bbox 491 745 512 776; x_wconf 87' lang='lat' dir='ltr'>s1</span> <span class='ocrx_word' id='word_1_133' title='bbox 529 746 663 777; x_wconf 82' lang='lat' dir='ltr'>celeritas</span> <span class='ocrx_word' id='word_1_134' title='bbox 679 745 812 774; x_wconf 86' lang='lat' dir='ltr'>adhibita</span> <span class='ocrx_word' id='word_1_135' title='bbox 830 741 920 776; x_wconf 69' lang='lat' dir='ltr'>effer,</span> <span class='ocrx_word' id='word_1_136' title='bbox 940 741 1125 787; x_wconf 68' lang='lat' dir='ltr'>existimant.</span> 
     </span>
     <span class='ocr_line' id='line_1_16' title="bbox 168 782 1127 830; baseline -0.01 -8"><span class='ocrx_word' id='word_1_137' title='bbox 168 795 309 822; x_wconf 57' lang='lat' dir='ltr'>Omnino</span> <span class='ocrx_word' id='word_1_138' title='bbox 323 790 368 821; x_wconf 91' lang='lat' dir='ltr'>est</span> <span class='ocrx_word' id='word_1_139' title='bbox 376 791 435 820; x_wconf 89' lang='lat' dir='ltr'>hoc</span> <span class='ocrx_word' id='word_1_140' title='bbox 445 789 569 830; x_wconf 89' lang='lat' dir='ltr'>populi,</span> <span class='ocrx_word' id='word_1_141' title='bbox 589 789 783 826; x_wconf 80' lang='lat' dir='ltr'>maximeque</span> <span class='ocrx_word' id='word_1_142' title='bbox 793 783 907 818; x_wconf 88' lang='lat' dir='ltr'>nostri,</span> <span class='ocrx_word' id='word_1_143' title='bbox 926 786 957 814; x_wconf 93' lang='lat' dir='ltr'>in</span> <span class='ocrx_word' id='word_1_144' title='bbox 968 794 1005 814; x_wconf 88' lang='lat' dir='ltr'>eo</span> <span class='ocrx_word' id='word_1_145' title='bbox 1014 782 1127 825; x_wconf 77' lang='lat' dir='ltr'>potissi-</span> 
     </span>
     <span class='ocr_line' id='line_1_17' title="bbox 166 824 1128 871; baseline -0.014 -6"><span class='ocrx_word' id='word_1_146' title='bbox 166 834 255 865; x_wconf 75' lang='lat' dir='ltr'>mum</span> <span class='ocrx_word' id='word_1_147' title='bbox 265 834 348 864; x_wconf 88' lang='lat' dir='ltr'>abuti</span> <span class='ocrx_word' id='word_1_148' title='bbox 358 833 492 862; x_wconf 87' lang='lat' dir='ltr'>libertate</span> <span class='ocrx_word' id='word_1_149' title='bbox 504 850 513 864; x_wconf 89' lang='lat'>,</span> <span class='ocrx_word' id='word_1_150' title='bbox 528 840 578 871; x_wconf 89' lang='lat' dir='ltr'>per</span> <span class='ocrx_word' id='word_1_151' title='bbox 590 839 680 870; x_wconf 87' lang='lat' dir='ltr'>quem</span> <span class='ocrx_word' id='word_1_152' title='bbox 691 838 757 857; x_wconf 88' lang='lat' dir='ltr'>eam</span> <span class='ocrx_word' id='word_1_153' title='bbox 768 826 944 871; x_wconf 74' lang='lat' dir='ltr'>consecutus</span> <span class='ocrx_word' id='word_1_154' title='bbox 955 824 997 856; x_wconf 43' lang='lat' dir='ltr'>sit,</span> <span class='ocrx_word' id='word_1_155' title='bbox 1019 825 1074 856; x_wconf 82' lang='lat' dir='ltr'>Sed</span> <span class='ocrx_word' id='word_1_156' title='bbox 1088 834 1128 855; x_wconf 88' lang='lat' dir='ltr'>ta-</span> 
     </span>
     <span class='ocr_line' id='line_1_18' title="bbox 163 866 1129 916; baseline -0.011 -9"><span class='ocrx_word' id='word_1_157' title='bbox 163 886 236 906; x_wconf 84' lang='lat' dir='ltr'>men</span> <span class='ocrx_word' id='word_1_158' title='bbox 248 873 471 916; x_wconf 89' lang='lat' dir='ltr'>providendum</span> <span class='ocrx_word' id='word_1_159' title='bbox 484 871 530 903; x_wconf 84' lang='lat' dir='ltr'>fit:</span> <span class='ocrx_word' id='word_1_160' title='bbox 545 882 582 902; x_wconf 90' lang='lat' dir='ltr'>ne</span> <span class='ocrx_word' id='word_1_161' title='bbox 595 881 659 911; x_wconf 85' lang='lat' dir='ltr'>quae</span> <span class='ocrx_word' id='word_1_162' title='bbox 668 869 745 909; x_wconf 81' lang='lat' dir='ltr'>justa</span> <span class='ocrx_word' id='word_1_163' title='bbox 755 868 873 909; x_wconf 89' lang='lat' dir='ltr'>querela</span> <span class='ocrx_word' id='word_1_164' title='bbox 883 866 941 897; x_wconf 85' lang='lat' dir='ltr'>esse</span> <span class='ocrx_word' id='word_1_165' title='bbox 950 866 1045 908; x_wconf 86' lang='lat' dir='ltr'>poffit.</span> <span class='ocrx_word' id='word_1_166' title='bbox 1069 870 1129 897; x_wconf 87' lang='lat' dir='ltr'>Res</span> 
     </span>
     <span class='ocr_line' id='line_1_19' title="bbox 166 908 1128 951; baseline -0.01 -3"><span class='ocrx_word' id='word_1_167' title='bbox 166 920 192 949; x_wconf 77' lang='lat' dir='ltr'>se</span> <span class='ocrx_word' id='word_1_168' title='bbox 204 917 241 948; x_wconf 84' lang='lat' dir='ltr'>sic</span> <span class='ocrx_word' id='word_1_169' title='bbox 252 917 349 948; x_wconf 83' lang='lat' dir='ltr'>habet.</span> <span class='ocrx_word' id='word_1_170' title='bbox 374 919 402 946; x_wconf 87' lang='lat' dir='ltr'>Is</span> <span class='ocrx_word' id='word_1_171' title='bbox 414 915 529 946; x_wconf 89' lang='lat' dir='ltr'>bellum</span> <span class='ocrx_word' id='word_1_172' title='bbox 539 913 719 946; x_wconf 81' lang='lat' dir='ltr'>confecerit,</span> <span class='ocrx_word' id='word_1_173' title='bbox 732 913 784 951; x_wconf 83' lang='lat' dir='ltr'>qui</span> <span class='ocrx_word' id='word_1_174' title='bbox 797 912 967 940; x_wconf 87' lang='lat' dir='ltr'>Antonium</span> <span class='ocrx_word' id='word_1_175' title='bbox 979 908 1128 950; x_wconf 84' lang='lat' dir='ltr'>opprefl&#39;e-</span> 
     </span>
     <span class='ocr_line' id='line_1_20' title="bbox 163 952 1130 999; baseline -0.01 -9"><span class='ocrx_word' id='word_1_176' title='bbox 163 963 212 990; x_wconf 72' lang='lat' dir='ltr'>rit.</span> <span class='ocrx_word' id='word_1_177' title='bbox 238 962 307 990; x_wconf 84' lang='lat' dir='ltr'>Hoc</span> <span class='ocrx_word' id='word_1_178' title='bbox 316 968 407 999; x_wconf 81' lang='lat' dir='ltr'>quam</span> <span class='ocrx_word' id='word_1_179' title='bbox 418 960 484 987; x_wconf 88' lang='lat' dir='ltr'>vim</span> <span class='ocrx_word' id='word_1_180' title='bbox 496 956 619 988; x_wconf 85' lang='lat' dir='ltr'>habeat,</span> <span class='ocrx_word' id='word_1_181' title='bbox 638 963 665 984; x_wconf 90' lang='lat' dir='ltr'>te</span> <span class='ocrx_word' id='word_1_182' title='bbox 675 952 847 984; x_wconf 81' lang='lat' dir='ltr'>existimare</span> <span class='ocrx_word' id='word_1_183' title='bbox 861 952 942 983; x_wconf 87' lang='lat' dir='ltr'>malo</span> <span class='ocrx_word' id='word_1_184' title='bbox 954 972 962 986; x_wconf 92' lang='lat'>,</span> <span class='ocrx_word' id='word_1_185' title='bbox 979 962 1068 993; x_wconf 84' lang='lat' dir='ltr'>quam</span> <span class='ocrx_word' id='word_1_186' title='bbox 1080 961 1130 981; x_wconf 89' lang='lat' dir='ltr'>me</span> 
     </span>
     <span class='ocr_line' id='line_1_21' title="bbox 166 1000 443 1044; baseline -0.014 -13"><span class='ocrx_word' id='word_1_187' title='bbox 166 1000 296 1044; x_wconf 47' lang='lat' dir='ltr'>apertis&amp;</span> <span class='ocrx_word' id='word_1_188' title='bbox 308 1000 443 1031; x_wconf 84' lang='lat' dir='ltr'>scribere.</span> 
     </span>
     <span class='ocr_line' id='line_1_22' title="bbox 376 1051 916 1086; baseline -0.011 -2"><span class='ocrx_word' id='word_1_189' title='bbox 376 1057 414 1084; x_wconf 91' lang='lat' dir='ltr'>D.</span> <span class='ocrx_word' id='word_1_190' title='bbox 428 1053 648 1086; x_wconf 89' lang='lat' dir='ltr'>BRUTUS,</span> <span class='ocrx_word' id='word_1_191' title='bbox 672 1052 763 1080; x_wconf 71' lang='lat' dir='ltr'>MT.</span> <span class='ocrx_word' id='word_1_192' title='bbox 777 1053 811 1080; x_wconf 87' lang='lat' dir='ltr'>C.</span> <span class='ocrx_word' id='word_1_193' title='bbox 835 1051 864 1081; x_wconf 88' lang='lat' dir='ltr'>S·</span> <span class='ocrx_word' id='word_1_194' title='bbox 878 1052 916 1080; x_wconf 91' lang='lat' dir='ltr'>D.</span> 
     </span>
    </p>
   </div>
   <div class='ocr_carea' id='block_1_3' title="bbox 165 1097 1132 1230">
    <p class='ocr_par' dir='ltr' id='par_1_3' title="bbox 165 1097 1132 1230">
     <span class='ocr_line' id='line_1_23' title="bbox 217 1097 1130 1145; baseline -0.01 -9"><span class='ocrx_word' id='word_1_195' title='bbox 217 1109 273 1137; x_wconf 82' lang='grc' dir='ltr'>ΑΜ</span> <span class='ocrx_word' id='word_1_196' title='bbox 295 1114 359 1135; x_wconf 85' lang='grc'><strong>11011</strong></span> <span class='ocrx_word' id='word_1_197' title='bbox 374 1113 429 1145; x_wconf 86' lang='lat' dir='ltr'>ago</span> <span class='ocrx_word' id='word_1_198' title='bbox 444 1102 498 1133; x_wconf 95' lang='lat' dir='ltr'>tibi</span> <span class='ocrx_word' id='word_1_199' title='bbox 512 1103 628 1143; x_wconf 84' lang='lat' dir='ltr'>gratias.</span> <span class='ocrx_word' id='word_1_200' title='bbox 653 1102 712 1131; x_wconf 88' lang='lat' dir='ltr'>Cui</span> <span class='ocrx_word' id='word_1_201' title='bbox 723 1102 807 1130; x_wconf 89' lang='lat' dir='ltr'>enim</span> <span class='ocrx_word' id='word_1_202' title='bbox 822 1109 850 1130; x_wconf 86' lang='lat' dir='ltr'>re</span> <span class='ocrx_word' id='word_1_203' title='bbox 866 1102 918 1130; x_wconf 84' lang='lat' dir='ltr'>vix</span> <span class='ocrx_word' id='word_1_204' title='bbox 937 1098 1045 1129; x_wconf 85' lang='lat' dir='ltr'>referre</span> <span class='ocrx_word' id='word_1_205' title='bbox 1062 1097 1130 1138; x_wconf 87' lang='lat' dir='ltr'>pos-</span> 
     </span>
     <span class='ocr_line' id='line_1_24' title="bbox 219 1139 1130 1184; baseline -0.011 -6"><span class='ocrx_word' id='word_1_206' title='bbox 219 1149 282 1178; x_wconf 87' lang='lat' dir='ltr'>sum</span> <span class='ocrx_word' id='word_1_207' title='bbox 296 1167 303 1180; x_wconf 89' lang='lat'><strong>‚</strong></span> <span class='ocrx_word' id='word_1_208' title='bbox 322 1147 392 1176; x_wconf 91' lang='lat' dir='ltr'>huic</span> <span class='ocrx_word' id='word_1_209' title='bbox 403 1145 503 1175; x_wconf 88' lang='lat' dir='ltr'>verbis</span> <span class='ocrx_word' id='word_1_210' title='bbox 515 1154 579 1174; x_wconf 93' lang='lat' dir='ltr'>non</span> <span class='ocrx_word' id='word_1_211' title='bbox 589 1144 699 1184; x_wconf 89' lang='lat' dir='ltr'>patitur</span> <span class='ocrx_word' id='word_1_212' title='bbox 708 1152 754 1172; x_wconf 89' lang='lat' dir='ltr'>res</span> <span class='ocrx_word' id='word_1_213' title='bbox 763 1141 906 1172; x_wconf 86' lang='lat' dir='ltr'>satisfieri.</span> <span class='ocrx_word' id='word_1_214' title='bbox 932 1139 1091 1171; x_wconf 83' lang='lat' dir='ltr'>Attendere</span> <span class='ocrx_word' id='word_1_215' title='bbox 1103 1148 1130 1169; x_wconf 87' lang='lat' dir='ltr'>te</span> 
     </span>
     <span class='ocr_line' id='line_1_25' title="bbox 165 1180 1132 1230; baseline -0.01 -10"><span class='ocrx_word' id='word_1_216' title='bbox 165 1191 256 1221; x_wconf 81' lang='lat' dir='ltr'>volo,</span> <span class='ocrx_word' id='word_1_217' title='bbox 278 1199 344 1230; x_wconf 71' lang='lat' dir='ltr'>quae</span> <span class='ocrx_word' id='word_1_218' title='bbox 355 1190 387 1218; x_wconf 92' lang='lat' dir='ltr'>in</span> <span class='ocrx_word' id='word_1_219' title='bbox 398 1186 539 1217; x_wconf 89' lang='lat' dir='ltr'>manibus</span> <span class='ocrx_word' id='word_1_220' title='bbox 550 1186 629 1216; x_wconf 89' lang='lat' dir='ltr'>sunt.</span> <span class='ocrx_word' id='word_1_221' title='bbox 652 1187 718 1226; x_wconf 86' lang='lat' dir='ltr'>Qa</span> <span class='ocrx_word' id='word_1_222' title='bbox 727 1186 810 1214; x_wconf 91' lang='lat' dir='ltr'>enim</span> <span class='ocrx_word' id='word_1_223' title='bbox 823 1184 979 1223; x_wconf 81' lang='lat' dir='ltr'>prudentia</span> <span class='ocrx_word' id='word_1_224' title='bbox 990 1192 1020 1212; x_wconf 90' lang='lat' dir='ltr'>es</span> <span class='ocrx_word' id='word_1_225' title='bbox 1033 1203 1040 1215; x_wconf 97' lang='lat'>,</span> <span class='ocrx_word' id='word_1_226' title='bbox 1054 1180 1132 1211; x_wconf 83' lang='lat' dir='ltr'>nihil</span> 
     </span>
    </p>
   </div>
   <div class='ocr_carea' id='block_1_4' title="bbox 1139 108 1686 160">
    <p class='ocr_par' dir='ltr' id='par_1_4' title="bbox 1139 108 1686 160">
     <span class='ocr_line' id='line_1_26' title="bbox 1139 108 1686 160; baseline 0.005 -2"><span class='ocrx_word' id='word_1_227' title='bbox 1139 108 1686 160; x_wconf 59' lang='lat' dir='ltr'>C1³CER0=N1s</span> 
     </span>
    </p>
   </div>
   <div class='ocr_carea' id='block_1_5' title="bbox 1199 185 2070 227">
    <p class='ocr_par' dir='ltr' id='par_1_5' title="bbox 1199 185 2070 227">
     <span class='ocr_line' id='line_1_27' title="bbox 1199 185 2070 227; baseline 0.005 -6"><span class='ocrx_word' id='word_1_228' title='bbox 1199 185 1336 221; x_wconf 54' lang='lat' dir='ltr'>Marc.</span> <span class='ocrx_word' id='word_1_229' title='bbox 1359 191 1573 227; x_wconf 87' lang='lat' dir='ltr'>D.BRUTO,</span> <span class='ocrx_word' id='word_1_230' title='bbox 1596 196 1678 226; x_wconf 85' lang='lat' dir='ltr'>IMP.</span> <span class='ocrx_word' id='word_1_231' title='bbox 1701 196 1816 226; x_wconf 79' lang='lat' dir='ltr'>coNs.</span> <span class='ocrx_word' id='word_1_232' title='bbox 1840 196 1926 227; x_wconf 70' lang='lat' dir='ltr'>mis.</span> <span class='ocrx_word' id='word_1_233' title='bbox 1950 196 2011 227; x_wconf 63' lang='lat' dir='ltr'>sr</span> <span class='ocrx_word' id='word_1_234' title='bbox 2033 199 2070 227; x_wconf 78' lang='grc'>1).</span> 
     </span>
    </p>
   </div>
   <div class='ocr_carea' id='block_1_6' title="bbox 1273 234 2119 273">
    <p class='ocr_par' dir='ltr' id='par_1_6' title="bbox 1273 234 2119 273">
     <span class='ocr_line' id='line_1_28' title="bbox 1273 234 2119 273; baseline 0.011 -13"><span class='ocrx_word' id='word_1_235' title='bbox 1273 234 1479 262; x_wconf 65' lang='lat' dir='ltr'>Ianninirssn</span> <span class='ocrx_word' id='word_1_236' title='bbox 1490 253 1499 266; x_wconf 86' lang='lat'>‚</span> <span class='ocrx_word' id='word_1_237' title='bbox 1514 236 1558 264; x_wconf 91' lang='lat' dir='ltr'>mi</span> <span class='ocrx_word' id='word_1_238' title='bbox 1569 237 1656 267; x_wconf 83' lang='lat' dir='ltr'>Brute</span> <span class='ocrx_word' id='word_1_239' title='bbox 1668 257 1676 270; x_wconf 83' lang='lat'>,</span> <span class='ocrx_word' id='word_1_240' title='bbox 1689 236 1782 271; x_wconf 86' lang='lat' dir='ltr'>laetor,</span> <span class='ocrx_word' id='word_1_241' title='bbox 1797 247 1864 268; x_wconf 86' lang='lat' dir='ltr'>mea</span> <span class='ocrx_word' id='word_1_242' title='bbox 1873 235 2006 272; x_wconf 84' lang='lat' dir='ltr'>consilia,</span> <span class='ocrx_word' id='word_1_243' title='bbox 2021 247 2119 273; x_wconf 76' lang='lat' dir='ltr'>meas-</span> 
     </span>
    </p>
   </div>
   <div class='ocr_carea' id='block_1_7' title="bbox 1160 273 2123 358">
    <p class='ocr_par' dir='ltr' id='par_1_7' title="bbox 1160 273 2123 358">
     <span class='ocr_line' id='line_1_29' title="bbox 1276 273 2123 316; baseline 0.012 -13"><span class='ocrx_word' id='word_1_244' title='bbox 1276 283 1333 315; x_wconf 85' lang='lat' dir='ltr'>que</span> <span class='ocrx_word' id='word_1_245' title='bbox 1344 273 1502 305; x_wconf 85' lang='lat' dir='ltr'>sententias</span> <span class='ocrx_word' id='word_1_246' title='bbox 1511 274 1526 305; x_wconf 74' lang='lat' dir='ltr'>a</span> <span class='ocrx_word' id='word_1_247' title='bbox 1536 284 1564 305; x_wconf 86' lang='lat' dir='ltr'>te</span> <span class='ocrx_word' id='word_1_248' title='bbox 1573 278 1689 316; x_wconf 86' lang='lat' dir='ltr'>probari</span> <span class='ocrx_word' id='word_1_249' title='bbox 1699 279 1736 310; x_wconf 90' lang='lat' dir='ltr'>de</span> <span class='ocrx_word' id='word_1_250' title='bbox 1748 280 1927 310; x_wconf 85' lang='lat' dir='ltr'>decemviris</span> <span class='ocrx_word' id='word_1_251' title='bbox 1939 299 1947 313; x_wconf 65' lang='lat'>2</span> <span class='ocrx_word' id='word_1_252' title='bbox 1961 279 1997 310; x_wconf 92' lang='lat' dir='ltr'>de</span> <span class='ocrx_word' id='word_1_253' title='bbox 2008 290 2123 313; x_wconf 79' lang='lat' dir='ltr'>ornan·-</span> 
     </span>
     <span class='ocr_line' id='line_1_30' title="bbox 1160 315 2123 358; baseline 0.004 -10"><span class='ocrx_word' id='word_1_254' title='bbox 1160 318 1200 348; x_wconf 91' lang='lat' dir='ltr'>do</span> <span class='ocrx_word' id='word_1_255' title='bbox 1210 315 1406 347; x_wconf 81' lang='lat' dir='ltr'>adolescente.</span> <span class='ocrx_word' id='word_1_256' title='bbox 1429 316 1485 346; x_wconf 89' lang='lat' dir='ltr'>Sed</span> <span class='ocrx_word' id='word_1_257' title='bbox 1495 317 1568 358; x_wconf 90' lang='lat' dir='ltr'>quid</span> <span class='ocrx_word' id='word_1_258' title='bbox 1579 318 1686 350; x_wconf 81' lang='lat' dir='ltr'>refert?</span> <span class='ocrx_word' id='word_1_259' title='bbox 1705 321 1782 351; x_wconf 86' lang='lat' dir='ltr'>mihi</span> <span class='ocrx_word' id='word_1_260' title='bbox 1796 322 1882 353; x_wconf 88' lang='lat' dir='ltr'>crede</span> <span class='ocrx_word' id='word_1_261' title='bbox 1893 343 1902 356; x_wconf 83' lang='lat'><em>‚</em></span> <span class='ocrx_word' id='word_1_262' title='bbox 1924 322 2046 353; x_wconf 84' lang='lat' dir='ltr'>homini</span> <span class='ocrx_word' id='word_1_263' title='bbox 2058 331 2123 353; x_wconf 87' lang='lat' dir='ltr'>non</span> 
     </span>
    </p>
   </div>
   <div class='ocr_carea' id='block_1_8' title="bbox 1160 361 2126 581">
    <p class='ocr_par' dir='ltr' id='par_1_8' title="bbox 1160 361 2126 581">
     <span class='ocr_line' id='line_1_31' title="bbox 1160 361 2124 412; baseline 0.006 -16"><span class='ocrx_word' id='word_1_264' title='bbox 1160 365 1291 410; x_wconf 87' lang='lat' dir='ltr'>glorioso</span> <span class='ocrx_word' id='word_1_265' title='bbox 1315 376 1320 395; x_wconf 90' lang='lat'>:</span> <span class='ocrx_word' id='word_1_266' title='bbox 1349 365 1437 406; x_wconf 70' lang='lat' dir='ltr'>plane</span> <span class='ocrx_word' id='word_1_267' title='bbox 1454 367 1537 406; x_wconf 86' lang='lat' dir='ltr'>jam,</span> <span class='ocrx_word' id='word_1_268' title='bbox 1558 369 1664 403; x_wconf 84' lang='lat' dir='ltr'>Brute,</span> <span class='ocrx_word' id='word_1_269' title='bbox 1682 369 1787 412; x_wconf 83' lang='lat' dir='ltr'>frigeo.</span> <span class='ocrx_word' id='word_1_270' title='bbox 1813 361 1936 409; x_wconf 54' lang='grc' dir='ltr'>ἔρραινον</span> <span class='ocrx_word' id='word_1_271' title='bbox 1959 374 2043 402; x_wconf 82' lang='lat' dir='ltr'>enim</span> <span class='ocrx_word' id='word_1_272' title='bbox 2063 375 2124 402; x_wconf 78' lang='lat' dir='ltr'>erat</span> 
     </span>
     <span class='ocr_line' id='line_1_32' title="bbox 1164 407 2125 454; baseline 0.007 -18"><span class='ocrx_word' id='word_1_273' title='bbox 1164 418 1267 440; x_wconf 75' lang='lat' dir='ltr'>meum</span> <span class='ocrx_word' id='word_1_274' title='bbox 1279 428 1286 442; x_wconf 92' lang='lat'>,</span> <span class='ocrx_word' id='word_1_275' title='bbox 1307 407 1434 441; x_wconf 81' lang='lat' dir='ltr'>senatus-</span> <span class='ocrx_word' id='word_1_276' title='bbox 1458 408 1488 438; x_wconf 91' lang='lat' dir='ltr'>id</span> <span class='ocrx_word' id='word_1_277' title='bbox 1504 408 1546 438; x_wconf 85' lang='lat' dir='ltr'>est</span> <span class='ocrx_word' id='word_1_278' title='bbox 1557 410 1619 449; x_wconf 87' lang='lat' dir='ltr'>jam</span> <span class='ocrx_word' id='word_1_279' title='bbox 1633 410 1822 442; x_wconf 80' lang='lat' dir='ltr'>dissolutum.</span> <span class='ocrx_word' id='word_1_280' title='bbox 1845 416 1976 445; x_wconf 84' lang='lat' dir='ltr'>Tantam</span> <span class='ocrx_word' id='word_1_281' title='bbox 1989 415 2070 454; x_wconf 85' lang='lat' dir='ltr'>spem</span> <span class='ocrx_word' id='word_1_282' title='bbox 2081 421 2125 443; x_wconf 84' lang='lat' dir='ltr'>at-</span> 
     </span>
     <span class='ocr_line' id='line_1_33' title="bbox 1163 450 2125 496; baseline 0.005 -15"><span class='ocrx_word' id='word_1_283' title='bbox 1163 452 1270 482; x_wconf 86' lang='lat' dir='ltr'>tulerat</span> <span class='ocrx_word' id='word_1_284' title='bbox 1279 450 1439 489; x_wconf 80' lang='lat' dir='ltr'>exploratae</span> <span class='ocrx_word' id='word_1_285' title='bbox 1447 450 1582 481; x_wconf 66' lang='lat' dir='ltr'>victoriae</span> <span class='ocrx_word' id='word_1_286' title='bbox 1591 460 1639 482; x_wconf 87' lang='lat' dir='ltr'>tua</span> <span class='ocrx_word' id='word_1_287' title='bbox 1647 454 1781 492; x_wconf 78' lang='lat' dir='ltr'>praeclara</span> <span class='ocrx_word' id='word_1_288' title='bbox 1789 456 1909 486; x_wconf 91' lang='lat' dir='ltr'>Mutina</span> <span class='ocrx_word' id='word_1_289' title='bbox 1917 459 2044 496; x_wconf 78' lang='lat' dir='ltr'>eruptio,</span> <span class='ocrx_word' id='word_1_290' title='bbox 2055 455 2125 496; x_wconf 74' lang='lat' dir='ltr'>fuga</span> 
     </span>
     <span class='ocr_line' id='line_1_34' title="bbox 1166 493 2123 530; baseline 0.005 -6"><span class='ocrx_word' id='word_1_291' title='bbox 1166 494 1292 524; x_wconf 83' lang='lat' dir='ltr'>Antonii</span> <span class='ocrx_word' id='word_1_292' title='bbox 1306 512 1314 525; x_wconf 97' lang='lat'>,</span> <span class='ocrx_word' id='word_1_293' title='bbox 1325 493 1448 522; x_wconf 91' lang='lat' dir='ltr'>conciso</span> <span class='ocrx_word' id='word_1_294' title='bbox 1459 494 1606 527; x_wconf 88' lang='lat' dir='ltr'>exercitu,</span> <span class='ocrx_word' id='word_1_295' title='bbox 1621 503 1653 524; x_wconf 89' lang='lat' dir='ltr'>ut</span> <span class='ocrx_word' id='word_1_296' title='bbox 1663 496 1805 525; x_wconf 89' lang='lat' dir='ltr'>omnium</span> <span class='ocrx_word' id='word_1_297' title='bbox 1819 497 1913 527; x_wconf 86' lang='lat' dir='ltr'>animi</span> <span class='ocrx_word' id='word_1_298' title='bbox 1926 499 2044 529; x_wconf 84' lang='lat' dir='ltr'>relaxati</span> <span class='ocrx_word' id='word_1_299' title='bbox 2056 497 2123 530; x_wconf 72' lang='lat' dir='ltr'>sint,</span> 
     </span>
     <span class='ocr_line' id='line_1_35' title="bbox 1166 534 2126 581; baseline 0.008 -15"><span class='ocrx_word' id='word_1_300' title='bbox 1166 544 1300 575; x_wconf 82' lang='lat' dir='ltr'>tneaeque</span> <span class='ocrx_word' id='word_1_301' title='bbox 1311 534 1362 564; x_wconf 87' lang='lat' dir='ltr'>ille</span> <span class='ocrx_word' id='word_1_302' title='bbox 1373 535 1568 565; x_wconf 88' lang='lat' dir='ltr'>vehementes</span> <span class='ocrx_word' id='word_1_303' title='bbox 1577 538 1801 570; x_wconf 83' lang='lat' dir='ltr'>contentiones,</span> <span class='ocrx_word' id='word_1_304' title='bbox 1814 546 1955 578; x_wconf 78' lang='lat' dir='ltr'>tanquam</span> <span class='ocrx_word' id='word_1_305' title='bbox 1970 553 2126 581; x_wconf 59' lang='lat' dir='ltr'>extumo-</span> 
     </span>
    </p>
   </div>
   <div class='ocr_carea' id='block_1_9' title="bbox 1166 578 2132 1046">
    <p class='ocr_par' dir='ltr' id='par_1_9' title="bbox 1166 578 2132 1046">
     <span class='ocr_line' id='line_1_36' title="bbox 1166 578 2127 629; baseline 0.006 -17"><span class='ocrx_word' id='word_1_306' title='bbox 1166 578 1236 625; x_wconf 61' lang='grc' dir='ltr'>χίιᾳ</span> <span class='ocrx_word' id='word_1_307' title='bbox 1252 583 1308 613; x_wconf 71' lang='grc'><strong>0110</strong></span> <span class='ocrx_word' id='word_1_308' title='bbox 1327 583 1497 615; x_wconf 84' lang='lat' dir='ltr'>videantur.</span> <span class='ocrx_word' id='word_1_309' title='bbox 1528 585 1603 619; x_wconf 87' lang='lat' dir='ltr'>Sed,</span> <span class='ocrx_word' id='word_1_310' title='bbox 1628 595 1661 616; x_wconf 89' lang='lat' dir='ltr'>ut</span> <span class='ocrx_word' id='word_1_311' title='bbox 1678 586 1713 617; x_wconf 91' lang='lat' dir='ltr'>ad</span> <span class='ocrx_word' id='word_1_312' title='bbox 1734 596 1797 616; x_wconf 87' lang='lat' dir='ltr'>rem</span> <span class='ocrx_word' id='word_1_313' title='bbox 1817 587 1952 623; x_wconf 78' lang='lat' dir='ltr'>redeam,</span> <span class='ocrx_word' id='word_1_314' title='bbox 1974 589 2127 629; x_wconf 87' lang='lat' dir='ltr'>legionem</span> 
     </span>
     <span class='ocr_line' id='line_1_37' title="bbox 1167 625 2128 669; baseline 0.005 -14"><span class='ocrx_word' id='word_1_315' title='bbox 1167 628 1306 656; x_wconf 81' lang='lat' dir='ltr'>Martiam</span> <span class='ocrx_word' id='word_1_316' title='bbox 1319 645 1326 659; x_wconf 89' lang='lat'>,</span> <span class='ocrx_word' id='word_1_317' title='bbox 1349 625 1381 656; x_wconf 75' lang='grc' dir='ltr'>δε</span> <span class='ocrx_word' id='word_1_318' title='bbox 1392 636 1525 667; x_wconf 87' lang='lat' dir='ltr'>quartam</span> <span class='ocrx_word' id='word_1_319' title='bbox 1540 636 1666 669; x_wconf 85' lang='lat' dir='ltr'>negant,</span> <span class='ocrx_word' id='word_1_320' title='bbox 1686 632 1736 669; x_wconf 89' lang='lat' dir='ltr'>qui</span> <span class='ocrx_word' id='word_1_321' title='bbox 1753 629 1817 659; x_wconf 88' lang='lat' dir='ltr'>illas</span> <span class='ocrx_word' id='word_1_322' title='bbox 1830 638 1960 663; x_wconf 88' lang='lat' dir='ltr'>norunt,</span> <span class='ocrx_word' id='word_1_323' title='bbox 1980 631 2039 660; x_wconf 86' lang='lat' dir='ltr'>ulla</span> <span class='ocrx_word' id='word_1_324' title='bbox 2053 640 2128 661; x_wconf 89' lang='lat' dir='ltr'>con-</span> 
     </span>
     <span class='ocr_line' id='line_1_38' title="bbox 1167 667 2125 711; baseline 0.003 -13"><span class='ocrx_word' id='word_1_325' title='bbox 1167 668 1283 698; x_wconf 87' lang='lat' dir='ltr'>ditione</span> <span class='ocrx_word' id='word_1_326' title='bbox 1295 668 1330 698; x_wconf 87' lang='lat' dir='ltr'>ad</span> <span class='ocrx_word' id='word_1_327' title='bbox 1340 668 1368 698; x_wconf 90' lang='lat' dir='ltr'>se</span> <span class='ocrx_word' id='word_1_328' title='bbox 1379 667 1459 708; x_wconf 80' lang='lat' dir='ltr'>posse</span> <span class='ocrx_word' id='word_1_329' title='bbox 1471 668 1601 709; x_wconf 83' lang='lat' dir='ltr'>perduci.</span> <span class='ocrx_word' id='word_1_330' title='bbox 1625 672 1773 704; x_wconf 63' lang='lat' dir='ltr'>Pecuniae,</span> <span class='ocrx_word' id='word_1_331' title='bbox 1785 680 1874 711; x_wconf 88' lang='lat' dir='ltr'>quam</span> <span class='ocrx_word' id='word_1_332' title='bbox 1886 670 2039 704; x_wconf 83' lang='lat' dir='ltr'>desideras,</span> <span class='ocrx_word' id='word_1_333' title='bbox 2050 673 2125 702; x_wconf 86' lang='lat' dir='ltr'>ratio</span> 
     </span>
     <span class='ocr_line' id='line_1_39' title="bbox 1167 709 2131 751; baseline 0.003 -11"><span class='ocrx_word' id='word_1_334' title='bbox 1167 709 1263 751; x_wconf 84' lang='lat' dir='ltr'>potest</span> <span class='ocrx_word' id='word_1_335' title='bbox 1275 710 1375 740; x_wconf 85' lang='lat' dir='ltr'>haberi</span> <span class='ocrx_word' id='word_1_336' title='bbox 1385 731 1392 743; x_wconf 91' lang='lat'>‚</span> <span class='ocrx_word' id='word_1_337' title='bbox 1408 720 1499 751; x_wconf 91' lang='lat' dir='ltr'>eaque</span> <span class='ocrx_word' id='word_1_338' title='bbox 1509 711 1677 742; x_wconf 87' lang='lat' dir='ltr'>habebitur.</span> <span class='ocrx_word' id='word_1_339' title='bbox 1703 715 1750 742; x_wconf 87' lang='lat' dir='ltr'>De</span> <span class='ocrx_word' id='word_1_340' title='bbox 1762 714 1854 742; x_wconf 91' lang='lat' dir='ltr'>Bruto</span> <span class='ocrx_word' id='word_1_341' title='bbox 1863 711 2030 743; x_wconf 79' lang='lat' dir='ltr'>arcessendo</span> <span class='ocrx_word' id='word_1_342' title='bbox 2041 733 2049 746; x_wconf 92' lang='lat'>,</span> <span class='ocrx_word' id='word_1_343' title='bbox 2063 715 2131 743; x_wconf 73' lang='lat' dir='ltr'>‹3ae-</span> 
     </span>
     <span class='ocr_line' id='line_1_40' title="bbox 1169 752 2128 793; baseline 0.001 -11"><span class='ocrx_word' id='word_1_344' title='bbox 1169 753 1287 793; x_wconf 85' lang='lat' dir='ltr'>sareque</span> <span class='ocrx_word' id='word_1_345' title='bbox 1306 752 1340 781; x_wconf 88' lang='lat' dir='ltr'>ad</span> <span class='ocrx_word' id='word_1_346' title='bbox 1354 753 1443 782; x_wconf 74' lang='lat' dir='ltr'>Italia:</span> <span class='ocrx_word' id='word_1_347' title='bbox 1455 752 1624 793; x_wconf 62' lang='lat' dir='ltr'>praesidium</span> <span class='ocrx_word' id='word_1_348' title='bbox 1636 754 1767 784; x_wconf 85' lang='lat' dir='ltr'>tenendo</span> <span class='ocrx_word' id='word_1_349' title='bbox 1779 774 1787 788; x_wconf 94' lang='lat'>,</span> <span class='ocrx_word' id='word_1_350' title='bbox 1806 754 1891 785; x_wconf 87' lang='lat' dir='ltr'>valde</span> <span class='ocrx_word' id='word_1_351' title='bbox 1909 755 1965 785; x_wconf 90' lang='lat' dir='ltr'>tibi</span> <span class='ocrx_word' id='word_1_352' title='bbox 1979 752 2128 784; x_wconf 72' lang='lat' dir='ltr'>assentior.</span> 
     </span>
     <span class='ocr_line' id='line_1_41' title="bbox 1168 794 2128 837; baseline 0.001 -12"><span class='ocrx_word' id='word_1_353' title='bbox 1168 794 1222 825; x_wconf 92' lang='lat' dir='ltr'>Sed</span> <span class='ocrx_word' id='word_1_354' title='bbox 1233 815 1241 827; x_wconf 90' lang='lat'><em>‚</em></span> <span class='ocrx_word' id='word_1_355' title='bbox 1258 804 1289 824; x_wconf 88' lang='lat' dir='ltr'>ut</span> <span class='ocrx_word' id='word_1_356' title='bbox 1299 794 1399 824; x_wconf 86' lang='lat' dir='ltr'>scribis</span> <span class='ocrx_word' id='word_1_357' title='bbox 1412 815 1421 828; x_wconf 94' lang='lat'>,</span> <span class='ocrx_word' id='word_1_358' title='bbox 1437 795 1526 825; x_wconf 88' lang='lat' dir='ltr'>habes</span> <span class='ocrx_word' id='word_1_359' title='bbox 1546 795 1775 826; x_wconf 65' lang='lat' dir='ltr'>obtreetatoies:</span> <span class='ocrx_word' id='word_1_360' title='bbox 1793 806 1869 837; x_wconf 88' lang='lat' dir='ltr'>quos</span> <span class='ocrx_word' id='word_1_361' title='bbox 1880 796 2021 837; x_wconf 80' lang='lat' dir='ltr'>equidem</span> <span class='ocrx_word' id='word_1_362' title='bbox 2041 796 2128 826; x_wconf 85' lang='lat' dir='ltr'>facil-</span> 
     </span>
     <span class='ocr_line' id='line_1_42' title="bbox 1169 835 2129 879; baseline 0.002 -13"><span class='ocrx_word' id='word_1_363' title='bbox 1169 837 1243 866; x_wconf 83' lang='lat' dir='ltr'>lime</span> <span class='ocrx_word' id='word_1_364' title='bbox 1264 835 1414 870; x_wconf 89' lang='lat' dir='ltr'>sustineo,</span> <span class='ocrx_word' id='word_1_365' title='bbox 1434 836 1484 867; x_wconf 90' lang='lat' dir='ltr'>sed</span> <span class='ocrx_word' id='word_1_366' title='bbox 1498 837 1672 877; x_wconf 86' lang='lat' dir='ltr'>impediunt</span> <span class='ocrx_word' id='word_1_367' title='bbox 1685 848 1796 869; x_wconf 76' lang='lat' dir='ltr'>tamen.</span> <span class='ocrx_word' id='word_1_368' title='bbox 1821 841 1867 869; x_wconf 78' lang='lat' dir='ltr'>Ex</span> <span class='ocrx_word' id='word_1_369' title='bbox 1882 839 1980 869; x_wconf 67' lang='lat' dir='ltr'>Africa</span> <span class='ocrx_word' id='word_1_370' title='bbox 1994 839 2129 879; x_wconf 81' lang='lat' dir='ltr'>legiones</span> 
     </span>
     <span class='ocr_line' id='line_1_43' title="bbox 1170 877 2128 918; baseline 0 -10"><span class='ocrx_word' id='word_1_371' title='bbox 1170 877 1387 918; x_wconf 70' lang='lat' dir='ltr'>exspeEtantur.</span> <span class='ocrx_word' id='word_1_372' title='bbox 1402 879 1458 909; x_wconf 85' lang='lat' dir='ltr'>Sed</span> <span class='ocrx_word' id='word_1_373' title='bbox 1467 879 1583 909; x_wconf 90' lang='lat' dir='ltr'>bellum</span> <span class='ocrx_word' id='word_1_374' title='bbox 1595 879 1660 910; x_wconf 88' lang='lat' dir='ltr'>istic</span> <span class='ocrx_word' id='word_1_375' title='bbox 1670 890 1805 911; x_wconf 88' lang='lat' dir='ltr'>renatum</span> <span class='ocrx_word' id='word_1_376' title='bbox 1818 883 1965 911; x_wconf 85' lang='lat' dir='ltr'>mirantur</span> <span class='ocrx_word' id='word_1_377' title='bbox 1975 881 2128 910; x_wconf 82' lang='lat' dir='ltr'>homines.</span> 
     </span>
     <span class='ocr_line' id='line_1_44' title="bbox 1172 921 2132 963; baseline 0.003 -14"><span class='ocrx_word' id='word_1_378' title='bbox 1172 921 1262 950; x_wconf 87' lang='lat' dir='ltr'>Nibil</span> <span class='ocrx_word' id='word_1_379' title='bbox 1282 929 1342 950; x_wconf 88' lang='lat' dir='ltr'>tam</span> <span class='ocrx_word' id='word_1_380' title='bbox 1359 930 1465 960; x_wconf 82' lang='lat' dir='ltr'>praeter</span> <span class='ocrx_word' id='word_1_381' title='bbox 1483 921 1564 961; x_wconf 82' lang='lat' dir='ltr'>spem</span> <span class='ocrx_word' id='word_1_382' title='bbox 1582 932 1736 963; x_wconf 80' lang='lat' dir='ltr'>umquam.</span> <span class='ocrx_word' id='word_1_383' title='bbox 1762 925 1843 952; x_wconf 88' lang='lat' dir='ltr'>Nam</span> <span class='ocrx_word' id='word_1_384' title='bbox 1856 923 1904 953; x_wconf 88' lang='lat' dir='ltr'>die</span> <span class='ocrx_word' id='word_1_385' title='bbox 1919 923 2132 953; x_wconf 61' lang='grc' dir='ltr'><strong>111οῃ111311νί-</strong></span> 
     </span>
     <span class='ocr_line' id='line_1_45' title="bbox 1171 961 2132 1004; baseline 0.001 -13"><span class='ocrx_word' id='word_1_386' title='bbox 1171 961 1265 992; x_wconf 67' lang='lat' dir='ltr'>&amp;oi-ia</span> <span class='ocrx_word' id='word_1_387' title='bbox 1277 972 1429 996; x_wconf 88' lang='lat' dir='ltr'>nuntiata,</span> <span class='ocrx_word' id='word_1_388' title='bbox 1449 965 1482 993; x_wconf 87' lang='lat' dir='ltr'>in</span> <span class='ocrx_word' id='word_1_389' title='bbox 1500 964 1595 994; x_wconf 88' lang='lat' dir='ltr'>multa</span> <span class='ocrx_word' id='word_1_390' title='bbox 1611 964 1708 994; x_wconf 85' lang='lat' dir='ltr'>secula</span> <span class='ocrx_word' id='word_1_391' title='bbox 1724 964 1901 995; x_wconf 85' lang='lat' dir='ltr'>videbamus</span> <span class='ocrx_word' id='word_1_392' title='bbox 1918 974 2010 1004; x_wconf 86' lang='lat' dir='ltr'>remp.</span> <span class='ocrx_word' id='word_1_393' title='bbox 2026 965 2132 994; x_wconf 48' lang='lat' dir='ltr'>libera*</span> 
     </span>
     <span class='ocr_line' id='line_1_46' title="bbox 1171 1005 2130 1046; baseline 0.001 -13"><span class='ocrx_word' id='word_1_394' title='bbox 1171 1013 1240 1034; x_wconf 79' lang='lat' dir='ltr'>tam.</span> <span class='ocrx_word' id='word_1_395' title='bbox 1275 1005 1361 1034; x_wconf 87' lang='lat' dir='ltr'>Novi</span> <span class='ocrx_word' id='word_1_396' title='bbox 1378 1006 1503 1034; x_wconf 85' lang='lat' dir='ltr'>timores</span> <span class='ocrx_word' id='word_1_397' title='bbox 1520 1014 1662 1036; x_wconf 86' lang='lat' dir='ltr'>retexunt</span> <span class='ocrx_word' id='word_1_398' title='bbox 1679 1006 1836 1045; x_wconf 80' lang='lat' dir='ltr'>superiora.</span> <span class='ocrx_word' id='word_1_399' title='bbox 1869 1006 2012 1046; x_wconf 80' lang='lat' dir='ltr'>scripsisti</span> <span class='ocrx_word' id='word_1_400' title='bbox 2030 1015 2130 1036; x_wconf 75' lang='lat' dir='ltr'>autem</span> 
     </span>
    </p>
   </div>
   <div class='ocr_carea' id='block_1_10' title="bbox 1148 1046 2132 1087">
    <p class='ocr_par' dir='ltr' id='par_1_10' title="bbox 1148 1046 2132 1087">
     <span class='ocr_line' id='line_1_47' title="bbox 1148 1046 2132 1087; baseline 0.005 -14"><span class='ocrx_word' id='word_1_401' title='bbox 1148 1069 1150 1073; x_wconf 79' lang='grc'>,</span> <span class='ocrx_word' id='word_1_402' title='bbox 1171 1046 1205 1076; x_wconf 87' lang='lat' dir='ltr'>ad</span> <span class='ocrx_word' id='word_1_403' title='bbox 1217 1047 1332 1079; x_wconf 77' lang='lat' dir='ltr'>melis,</span> <span class='ocrx_word' id='word_1_404' title='bbox 1352 1056 1423 1086; x_wconf 88' lang='lat' dir='ltr'>quas</span> <span class='ocrx_word' id='word_1_405' title='bbox 1438 1046 1537 1076; x_wconf 82' lang='lat' dir='ltr'>idibus</span> <span class='ocrx_word' id='word_1_406' title='bbox 1548 1048 1636 1087; x_wconf 84' lang='lat' dir='ltr'>Majis</span> <span class='ocrx_word' id='word_1_407' title='bbox 1656 1047 1784 1081; x_wconf 83' lang='lat' dir='ltr'>dedisti,</span> <span class='ocrx_word' id='word_1_408' title='bbox 1804 1047 1899 1078; x_wconf 73' lang='lat' dir='ltr'>modo</span> <span class='ocrx_word' id='word_1_409' title='bbox 1920 1057 1946 1078; x_wconf 86' lang='lat' dir='ltr'>te</span> <span class='ocrx_word' id='word_1_410' title='bbox 1960 1047 2098 1087; x_wconf 71' lang='lat' dir='ltr'>accepiii‘e</span> <span class='ocrx_word' id='word_1_411' title='bbox 2116 1048 2132 1078; x_wconf 62' lang='grc' dir='ltr'>ἁ</span> 
     </span>
    </p>
   </div>
   <div class='ocr_carea' id='block_1_11' title="bbox 1172 1087 2134 1214">
    <p class='ocr_par' dir='ltr' id='par_1_11' title="bbox 1172 1087 2134 1214">
     <span class='ocr_line' id='line_1_48' title="bbox 1172 1087 2134 1129; baseline 0.001 -12"><span class='ocrx_word' id='word_1_412' title='bbox 1172 1088 1282 1118; x_wconf 87' lang='lat' dir='ltr'>Planco</span> <span class='ocrx_word' id='word_1_413' title='bbox 1302 1087 1413 1117; x_wconf 83' lang='lat' dir='ltr'>litteras</span> <span class='ocrx_word' id='word_1_414' title='bbox 1424 1107 1432 1120; x_wconf 95' lang='lat'>,</span> <span class='ocrx_word' id='word_1_415' title='bbox 1453 1097 1516 1118; x_wconf 90' lang='lat' dir='ltr'>non</span> <span class='ocrx_word' id='word_1_416' title='bbox 1531 1090 1620 1128; x_wconf 88' lang='lat' dir='ltr'>recipi</span> <span class='ocrx_word' id='word_1_417' title='bbox 1636 1089 1652 1119; x_wconf 73' lang='lat' dir='ltr'>a</span> <span class='ocrx_word' id='word_1_418' title='bbox 1667 1089 1784 1129; x_wconf 88' lang='lat' dir='ltr'>Lepido</span> <span class='ocrx_word' id='word_1_419' title='bbox 1796 1093 1978 1121; x_wconf 85' lang='lat' dir='ltr'>Antonium.</span> <span class='ocrx_word' id='word_1_420' title='bbox 2003 1091 2037 1120; x_wconf 93' lang='lat' dir='ltr'>Id</span> <span class='ocrx_word' id='word_1_421' title='bbox 2058 1089 2076 1119; x_wconf 75' lang='lat' dir='ltr'>s]</span> <span class='ocrx_word' id='word_1_422' title='bbox 2095 1092 2134 1119; x_wconf 69' lang='lat' dir='ltr'>‘ita</span> 
     </span>
     <span class='ocr_line' id='line_1_49' title="bbox 1173 1127 2132 1172; baseline 0.003 -15"><span class='ocrx_word' id='word_1_423' title='bbox 1173 1127 1215 1158; x_wconf 90' lang='lat' dir='ltr'>est</span> <span class='ocrx_word' id='word_1_424' title='bbox 1228 1149 1237 1161; x_wconf 90' lang='lat'>,</span> <span class='ocrx_word' id='word_1_425' title='bbox 1248 1131 1352 1158; x_wconf 77' lang='lat' dir='ltr'>omnia</span> <span class='ocrx_word' id='word_1_426' title='bbox 1363 1128 1516 1159; x_wconf 84' lang='lat' dir='ltr'>faciliora:</span> <span class='ocrx_word' id='word_1_427' title='bbox 1532 1128 1684 1164; x_wconf 86' lang='lat' dir='ltr'>finaliter,</span> <span class='ocrx_word' id='word_1_428' title='bbox 1699 1140 1843 1172; x_wconf 83' lang='lat' dir='ltr'>magnum</span> <span class='ocrx_word' id='word_1_429' title='bbox 1854 1134 2026 1172; x_wconf 85' lang='lat' dir='ltr'>negotium:</span> <span class='ocrx_word' id='word_1_430' title='bbox 2048 1132 2132 1171; x_wconf 75' lang='lat' dir='ltr'>cujus</span> 
     </span>
     <span class='ocr_line' id='line_1_50' title="bbox 1174 1171 2133 1214; baseline 0.004 -15"><span class='ocrx_word' id='word_1_431' title='bbox 1174 1171 1291 1200; x_wconf 82' lang='lat' dir='ltr'>exitum</span> <span class='ocrx_word' id='word_1_432' title='bbox 1302 1180 1365 1200; x_wconf 86' lang='lat' dir='ltr'>non</span> <span class='ocrx_word' id='word_1_433' title='bbox 1379 1171 1565 1205; x_wconf 73' lang='lat' dir='ltr'>eXtimesc03</span> <span class='ocrx_word' id='word_1_434' title='bbox 1589 1180 1645 1201; x_wconf 84' lang='lat' dir='ltr'>tuae</span> <span class='ocrx_word' id='word_1_435' title='bbox 1656 1181 1749 1211; x_wconf 86' lang='lat' dir='ltr'>partes</span> <span class='ocrx_word' id='word_1_436' title='bbox 1761 1173 1836 1203; x_wconf 87' lang='lat' dir='ltr'>sunt.</span> <span class='ocrx_word' id='word_1_437' title='bbox 1861 1176 1924 1213; x_wconf 87' lang='lat' dir='ltr'>Ego</span> <span class='ocrx_word' id='word_1_438' title='bbox 1933 1174 2000 1213; x_wconf 89' lang='lat' dir='ltr'>plus</span> <span class='ocrx_word' id='word_1_439' title='bbox 2011 1193 2020 1207; x_wconf 89' lang='lat'>,</span> <span class='ocrx_word' id='word_1_440' title='bbox 2039 1173 2133 1214; x_wconf 67' lang='lat' dir='ltr'>qu‘am</span> 
     </span>
    </p>
   </div>
   <div class='ocr_carea' id='block_1_12' title="bbox 1138 252 1154 1268">
    <p class='ocr_par' dir='ltr' id='par_1_12' title="bbox 1138 252 1154 1268">
     <span class='ocr_line' id='line_1_51' title="bbox 1138 252 1154 1268; baseline 0 0"><span class='ocrx_word' id='word_1_441' title='bbox 1138 252 1154 1268; x_wconf 95' lang='lat' dir='ltr'> </span> 
     </span>
    </p>
   </div>
   <div class='ocr_carea' id='block_1_13' title="bbox 163 1222 1160 3028">
    <p class='ocr_par' dir='ltr' id='par_1_13' title="bbox 163 1222 1136 1647">
     <span class='ocr_line' id='line_1_52' title="bbox 163 1222 1131 1272; baseline -0.01 -10"><span class='ocrx_word' id='word_1_442' title='bbox 163 1241 192 1262; x_wconf 87' lang='lat' dir='ltr'>te</span> <span class='ocrx_word' id='word_1_443' title='bbox 212 1231 329 1272; x_wconf 84' lang='lat' dir='ltr'>fugiet,</span> <span class='ocrx_word' id='word_1_444' title='bbox 350 1228 371 1259; x_wconf 85' lang='lat' dir='ltr'>fi</span> <span class='ocrx_word' id='word_1_445' title='bbox 388 1239 470 1260; x_wconf 76' lang='lat' dir='ltr'>meas</span> <span class='ocrx_word' id='word_1_446' title='bbox 485 1229 597 1258; x_wconf 80' lang='lat' dir='ltr'>litteras</span> <span class='ocrx_word' id='word_1_447' title='bbox 610 1227 770 1267; x_wconf 81' lang='lat' dir='ltr'>diligenter</span> <span class='ocrx_word' id='word_1_448' title='bbox 784 1226 899 1266; x_wconf 84' lang='lat' dir='ltr'>legeris.</span> <span class='ocrx_word' id='word_1_449' title='bbox 923 1225 1014 1265; x_wconf 86' lang='lat' dir='ltr'>Sequi</span> <span class='ocrx_word' id='word_1_450' title='bbox 1028 1222 1131 1253; x_wconf 86' lang='lat' dir='ltr'>confe-</span> 
     </span>
     <span class='ocr_line' id='line_1_53' title="bbox 164 1267 1131 1307; baseline -0.009 -3"><span class='ocrx_word' id='word_1_451' title='bbox 164 1272 236 1304; x_wconf 78' lang='lat' dir='ltr'>stim</span> <span class='ocrx_word' id='word_1_452' title='bbox 252 1273 425 1303; x_wconf 79' lang='lat' dir='ltr'>Antonium</span> <span class='ocrx_word' id='word_1_453' title='bbox 446 1271 491 1300; x_wconf 83' lang='lat' dir='ltr'>bis</span> <span class='ocrx_word' id='word_1_454' title='bbox 512 1270 548 1300; x_wconf 91' lang='lat' dir='ltr'>de</span> <span class='ocrx_word' id='word_1_455' title='bbox 568 1267 677 1302; x_wconf 88' lang='lat' dir='ltr'>causis,</span> <span class='ocrx_word' id='word_1_456' title='bbox 695 1270 822 1300; x_wconf 87' lang='lat' dir='ltr'>Cicero,</span> <span class='ocrx_word' id='word_1_457' title='bbox 844 1277 908 1297; x_wconf 91' lang='lat' dir='ltr'>non</span> <span class='ocrx_word' id='word_1_458' title='bbox 928 1268 1027 1307; x_wconf 82' lang='lat' dir='ltr'>potui.</span> <span class='ocrx_word' id='word_1_459' title='bbox 1051 1275 1131 1296; x_wconf 86' lang='lat' dir='ltr'>eram</span> 
     </span>
     <span class='ocr_line' id='line_1_54' title="bbox 165 1307 1132 1356; baseline -0.009 -11"><span class='ocrx_word' id='word_1_460' title='bbox 165 1314 227 1346; x_wconf 76' lang='lat' dir='ltr'>sine</span> <span class='ocrx_word' id='word_1_461' title='bbox 238 1314 391 1356; x_wconf 81' lang='lat' dir='ltr'>equitibus</span> <span class='ocrx_word' id='word_1_462' title='bbox 403 1334 411 1347; x_wconf 95' lang='lat'>,</span> <span class='ocrx_word' id='word_1_463' title='bbox 432 1311 646 1352; x_wconf 83' lang='lat' dir='ltr'>sinejumentis</span> <span class='ocrx_word' id='word_1_464' title='bbox 661 1321 667 1340; x_wconf 77' lang='lat'>1</span> <span class='ocrx_word' id='word_1_465' title='bbox 687 1311 826 1340; x_wconf 83' lang='lat' dir='ltr'>Hirtium</span> <span class='ocrx_word' id='word_1_466' title='bbox 836 1307 940 1349; x_wconf 79' lang='lat' dir='ltr'>periss&#39;e</span> <span class='ocrx_word' id='word_1_467' title='bbox 953 1307 1132 1338; x_wconf 83' lang='lat' dir='ltr'>nesciebam:</span> 
     </span>
     <span class='ocr_line' id='line_1_55' title="bbox 168 1349 1134 1394; baseline -0.009 -6"><span class='ocrx_word' id='word_1_468' title='bbox 168 1358 273 1388; x_wconf 75' lang='lat' dir='ltr'>Caesari</span> <span class='ocrx_word' id='word_1_469' title='bbox 295 1366 357 1386; x_wconf 88' lang='lat' dir='ltr'>non</span> <span class='ocrx_word' id='word_1_470' title='bbox 378 1354 535 1386; x_wconf 87' lang='lat' dir='ltr'>credebam</span> <span class='ocrx_word' id='word_1_471' title='bbox 554 1351 636 1394; x_wconf 72' lang='lat' dir='ltr'>prius</span> <span class='ocrx_word' id='word_1_472' title='bbox 648 1373 656 1387; x_wconf 90' lang='lat'>,</span> <span class='ocrx_word' id='word_1_473' title='bbox 676 1351 767 1393; x_wconf 71' lang='lat' dir='ltr'>quam</span> <span class='ocrx_word' id='word_1_474' title='bbox 777 1349 984 1381; x_wconf 81' lang='lat' dir='ltr'>convenissem</span> <span class='ocrx_word' id='word_1_475' title='bbox 997 1371 1004 1383; x_wconf 94' lang='lat'>,</span> <span class='ocrx_word' id='word_1_476' title='bbox 1028 1349 1134 1380; x_wconf 89' lang='lat' dir='ltr'>&amp;col-</span> 
     </span>
     <span class='ocr_line' id='line_1_56' title="bbox 168 1391 1133 1429; baseline -0.009 0"><span class='ocrx_word' id='word_1_477' title='bbox 168 1400 290 1429; x_wconf 89' lang='lat' dir='ltr'>locutus</span> <span class='ocrx_word' id='word_1_478' title='bbox 300 1396 404 1428; x_wconf 79' lang='lat' dir='ltr'>essem.</span> <span class='ocrx_word' id='word_1_479' title='bbox 430 1398 489 1427; x_wconf 92' lang='lat' dir='ltr'>Hic</span> <span class='ocrx_word' id='word_1_480' title='bbox 499 1396 562 1426; x_wconf 82' lang='lat' dir='ltr'>dies</span> <span class='ocrx_word' id='word_1_481' title='bbox 572 1396 629 1425; x_wconf 88' lang='lat' dir='ltr'>hoc</span> <span class='ocrx_word' id='word_1_482' title='bbox 639 1394 734 1424; x_wconf 91' lang='lat' dir='ltr'>modo</span> <span class='ocrx_word' id='word_1_483' title='bbox 744 1393 828 1425; x_wconf 89' lang='lat' dir='ltr'>abiit.</span> <span class='ocrx_word' id='word_1_484' title='bbox 852 1392 972 1424; x_wconf 88' lang='lat' dir='ltr'>Postero</span> <span class='ocrx_word' id='word_1_485' title='bbox 983 1392 1031 1422; x_wconf 88' lang='lat' dir='ltr'>die</span> <span class='ocrx_word' id='word_1_486' title='bbox 1042 1391 1133 1421; x_wconf 75' lang='lat' dir='ltr'>mane</span> 
     </span>
     <span class='ocr_line' id='line_1_57' title="bbox 168 1431 1134 1472; baseline -0.008 -1"><span class='ocrx_word' id='word_1_487' title='bbox 168 1441 186 1472; x_wconf 71' lang='grc' dir='ltr'>ὲ</span> <span class='ocrx_word' id='word_1_488' title='bbox 199 1441 288 1472; x_wconf 84' lang='lat' dir='ltr'>Pansa</span> <span class='ocrx_word' id='word_1_489' title='bbox 305 1440 371 1470; x_wconf 81' lang='lat' dir='ltr'>sum</span> <span class='ocrx_word' id='word_1_490' title='bbox 390 1437 542 1470; x_wconf 85' lang='lat' dir='ltr'>accersitus</span> <span class='ocrx_word' id='word_1_491' title='bbox 554 1438 734 1468; x_wconf 88' lang='lat' dir='ltr'>Bononiam.</span> <span class='ocrx_word' id='word_1_492' title='bbox 769 1433 848 1466; x_wconf 71' lang='lat' dir='ltr'>Cum</span> <span class='ocrx_word' id='word_1_493' title='bbox 861 1436 1010 1465; x_wconf 89' lang='lat' dir='ltr'>initinere</span> <span class='ocrx_word' id='word_1_494' title='bbox 1029 1431 1134 1466; x_wconf 81' lang='lat' dir='ltr'>effem,</span> 
     </span>
     <span class='ocr_line' id='line_1_58' title="bbox 169 1474 1135 1514; baseline -0.009 -1"><span class='ocrx_word' id='word_1_495' title='bbox 169 1484 344 1513; x_wconf 86' lang='lat' dir='ltr'>nuntiatum</span> <span class='ocrx_word' id='word_1_496' title='bbox 357 1482 435 1511; x_wconf 89' lang='lat' dir='ltr'>mihi</span> <span class='ocrx_word' id='word_1_497' title='bbox 446 1479 487 1511; x_wconf 87' lang='lat' dir='ltr'>est</span> <span class='ocrx_word' id='word_1_498' title='bbox 497 1499 505 1514; x_wconf 88' lang='lat'>,</span> <span class='ocrx_word' id='word_1_499' title='bbox 521 1489 591 1510; x_wconf 88' lang='lat' dir='ltr'>eum</span> <span class='ocrx_word' id='word_1_500' title='bbox 604 1486 764 1509; x_wconf 87' lang='lat' dir='ltr'>mortuum</span> <span class='ocrx_word' id='word_1_501' title='bbox 775 1474 845 1507; x_wconf 82' lang='lat' dir='ltr'>effe.</span> <span class='ocrx_word' id='word_1_502' title='bbox 870 1478 997 1507; x_wconf 85' lang='lat' dir='ltr'>Recurri</span> <span class='ocrx_word' id='word_1_503' title='bbox 1006 1475 1042 1506; x_wconf 88' lang='lat' dir='ltr'>ad</span> <span class='ocrx_word' id='word_1_504' title='bbox 1054 1484 1135 1505; x_wconf 89' lang='lat' dir='ltr'>meas</span> 
     </span>
     <span class='ocr_line' id='line_1_59' title="bbox 169 1517 1136 1564; baseline -0.008 -9"><span class='ocrx_word' id='word_1_505' title='bbox 169 1524 313 1564; x_wconf 86' lang='lat' dir='ltr'>copiolas.</span> <span class='ocrx_word' id='word_1_506' title='bbox 337 1521 375 1553; x_wconf 79' lang='lat' dir='ltr'>sic</span> <span class='ocrx_word' id='word_1_507' title='bbox 390 1524 474 1553; x_wconf 88' lang='lat' dir='ltr'>enim</span> <span class='ocrx_word' id='word_1_508' title='bbox 491 1520 561 1552; x_wconf 66' lang='lat' dir='ltr'>vere</span> <span class='ocrx_word' id='word_1_509' title='bbox 580 1531 628 1551; x_wconf 85' lang='lat' dir='ltr'>eas</span> <span class='ocrx_word' id='word_1_510' title='bbox 645 1519 791 1560; x_wconf 86' lang='lat' dir='ltr'>appellare</span> <span class='ocrx_word' id='word_1_511' title='bbox 808 1517 943 1558; x_wconf 76' lang='lat' dir='ltr'>possum.</span> <span class='ocrx_word' id='word_1_512' title='bbox 966 1520 1042 1549; x_wconf 86' lang='lat' dir='ltr'>Sunt</span> <span class='ocrx_word' id='word_1_513' title='bbox 1051 1526 1136 1547; x_wconf 87' lang='lat' dir='ltr'>exte-</span> 
     </span>
     <span class='ocr_line' id='line_1_60' title="bbox 170 1558 1134 1604; baseline -0.008 -8"><span class='ocrx_word' id='word_1_514' title='bbox 170 1563 349 1597; x_wconf 84' lang='lat' dir='ltr'>nuatiffimae</span> <span class='ocrx_word' id='word_1_515' title='bbox 358 1584 367 1598; x_wconf 90' lang='lat'>,</span> <span class='ocrx_word' id='word_1_516' title='bbox 380 1564 524 1604; x_wconf 87' lang='lat' dir='ltr'>&amp;inopia</span> <span class='ocrx_word' id='word_1_517' title='bbox 533 1564 676 1593; x_wconf 86' lang='lat' dir='ltr'>omnium</span> <span class='ocrx_word' id='word_1_518' title='bbox 688 1570 787 1591; x_wconf 82' lang='lat' dir='ltr'>rerum</span> <span class='ocrx_word' id='word_1_519' title='bbox 798 1558 921 1600; x_wconf 72' lang='lat' dir='ltr'>peffime</span> <span class='ocrx_word' id='word_1_520' title='bbox 932 1568 1066 1600; x_wconf 65' lang='lat' dir='ltr'>acceptat.</span> <span class='ocrx_word' id='word_1_521' title='bbox 1087 1561 1134 1588; x_wconf 86' lang='lat' dir='ltr'>Bi-</span> 
     </span>
     <span class='ocr_line' id='line_1_61' title="bbox 172 1600 1135 1647; baseline -0.009 -8"><span class='ocrx_word' id='word_1_522' title='bbox 172 1608 234 1640; x_wconf 78' lang='lat' dir='ltr'>duo</span> <span class='ocrx_word' id='word_1_523' title='bbox 246 1617 295 1638; x_wconf 89' lang='lat' dir='ltr'>me</span> <span class='ocrx_word' id='word_1_524' title='bbox 305 1608 460 1638; x_wconf 90' lang='lat' dir='ltr'>Antonius</span> <span class='ocrx_word' id='word_1_525' title='bbox 470 1602 622 1636; x_wconf 68' lang='lat' dir='ltr'>antecess‘it</span> <span class='ocrx_word' id='word_1_526' title='bbox 631 1623 640 1637; x_wconf 88' lang='lat'>‚</span> <span class='ocrx_word' id='word_1_527' title='bbox 656 1605 762 1633; x_wconf 83' lang='lat' dir='ltr'>itinera</span> <span class='ocrx_word' id='word_1_528' title='bbox 772 1602 872 1632; x_wconf 85' lang='lat' dir='ltr'>multo</span> <span class='ocrx_word' id='word_1_529' title='bbox 879 1602 996 1647; x_wconf 71' lang='lat' dir='ltr'>majora</span> <span class='ocrx_word' id='word_1_530' title='bbox 1005 1600 1135 1643; x_wconf 76' lang='lat' dir='ltr'>fugienS,</span> 
     </span>
    </p>

    <p class='ocr_par' dir='ltr' id='par_1_14' title="bbox 170 1642 1160 3028">
     <span class='ocr_line' id='line_1_62' title="bbox 194 1642 1135 1690; baseline -0.01 -10"><span class='ocrx_word' id='word_1_531' title='bbox 194 1649 263 1680; x_wconf 52' lang='lat' dir='ltr'>uani</span> <span class='ocrx_word' id='word_1_532' title='bbox 282 1659 338 1690; x_wconf 84' lang='lat' dir='ltr'>ego</span> <span class='ocrx_word' id='word_1_533' title='bbox 358 1649 493 1689; x_wconf 84' lang='lat' dir='ltr'>sequens.</span> <span class='ocrx_word' id='word_1_534' title='bbox 516 1647 572 1677; x_wconf 88' lang='lat' dir='ltr'>Ille</span> <span class='ocrx_word' id='word_1_535' title='bbox 590 1648 674 1676; x_wconf 86' lang='lat' dir='ltr'>enirn</span> <span class='ocrx_word' id='word_1_536' title='bbox 695 1646 731 1675; x_wconf 83' lang='lat' dir='ltr'>iit</span> <span class='ocrx_word' id='word_1_537' title='bbox 748 1642 873 1684; x_wconf 83' lang='lat' dir='ltr'>paffim:</span> <span class='ocrx_word' id='word_1_538' title='bbox 893 1654 949 1685; x_wconf 87' lang='lat' dir='ltr'>ego</span> <span class='ocrx_word' id='word_1_539' title='bbox 960 1642 1135 1674; x_wconf 83' lang='lat' dir='ltr'>ordinatim.</span> 
     </span>
     <span class='ocr_line' id='line_1_63' title="bbox 172 1660 1135 1732; baseline -0.007 -11"><span class='ocrx_word' id='word_1_540' title='bbox 172 1660 373 1732; x_wconf 47' lang='lat' dir='ltr'>{Qacumque</span> <span class='ocrx_word' id='word_1_541' title='bbox 383 1692 437 1724; x_wconf 89' lang='lat' dir='ltr'>iit,</span> <span class='ocrx_word' id='word_1_542' title='bbox 461 1687 602 1730; x_wconf 82' lang='lat' dir='ltr'>ergastula</span> <span class='ocrx_word' id='word_1_543' title='bbox 613 1688 723 1720; x_wconf 88' lang='lat' dir='ltr'>solvit,</span> <span class='ocrx_word' id='word_1_544' title='bbox 745 1686 888 1716; x_wconf 87' lang='lat' dir='ltr'>homines</span> <span class='ocrx_word' id='word_1_545' title='bbox 899 1686 1042 1725; x_wconf 82' lang='lat' dir='ltr'>arripuit,</span> <span class='ocrx_word' id='word_1_546' title='bbox 1061 1694 1135 1716; x_wconf 92' lang='lat' dir='ltr'>con—</span> 
     </span>
     <span class='ocr_line' id='line_1_64' title="bbox 172 1727 1135 1772; baseline -0.007 -9"><span class='ocrx_word' id='word_1_547' title='bbox 172 1733 247 1763; x_wconf 64' lang='grc'><strong>111111</strong></span> <span class='ocrx_word' id='word_1_548' title='bbox 268 1733 414 1772; x_wconf 82' lang='lat' dir='ltr'>nusquam</span> <span class='ocrx_word' id='word_1_549' title='bbox 434 1730 537 1771; x_wconf 75' lang='lat' dir='ltr'>prius,</span> <span class='ocrx_word' id='word_1_550' title='bbox 555 1729 645 1771; x_wconf 69' lang='lat' dir='ltr'>quarn</span> <span class='ocrx_word' id='word_1_551' title='bbox 661 1729 696 1759; x_wconf 92' lang='lat' dir='ltr'>ad</span> <span class='ocrx_word' id='word_1_552' title='bbox 708 1728 788 1758; x_wconf 81' lang='lat' dir='ltr'>Vada</span> <span class='ocrx_word' id='word_1_553' title='bbox 802 1730 897 1758; x_wconf 80' lang='lat' dir='ltr'>venir.</span> <span class='ocrx_word' id='word_1_554' title='bbox 921 1729 1021 1766; x_wconf 87' lang='lat' dir='ltr'>Quem</span> <span class='ocrx_word' id='word_1_555' title='bbox 1033 1727 1135 1757; x_wconf 89' lang='lat' dir='ltr'>locum</span> 
     </span>
     <span class='ocr_line' id='line_1_65' title="bbox 173 1769 1136 1813; baseline -0.008 -8"><span class='ocrx_word' id='word_1_556' title='bbox 173 1776 246 1805; x_wconf 75' lang='lat' dir='ltr'>volo</span> <span class='ocrx_word' id='word_1_557' title='bbox 268 1774 324 1804; x_wconf 76' lang='lat' dir='ltr'>tibi</span> <span class='ocrx_word' id='word_1_558' title='bbox 342 1771 399 1803; x_wconf 79' lang='lat' dir='ltr'>effe</span> <span class='ocrx_word' id='word_1_559' title='bbox 414 1781 534 1803; x_wconf 87' lang='lat' dir='ltr'>notum.</span> <span class='ocrx_word' id='word_1_560' title='bbox 557 1772 725 1813; x_wconf 67' lang='lat' dir='ltr'>jacetinter</span> <span class='ocrx_word' id='word_1_561' title='bbox 735 1772 934 1809; x_wconf 84' lang='lat' dir='ltr'>Apenninum</span> <span class='ocrx_word' id='word_1_562' title='bbox 947 1789 956 1802; x_wconf 94' lang='lat'>,</span> <span class='ocrx_word' id='word_1_563' title='bbox 978 1769 1011 1799; x_wconf 87' lang='lat'>&amp;</span> <span class='ocrx_word' id='word_1_564' title='bbox 1022 1769 1136 1808; x_wconf 80' lang='lat' dir='ltr'>AlpeiS,</span> 
     </span>
     <span class='ocr_line' id='line_1_66' title="bbox 172 1809 1137 1857; baseline -0.008 -10"><span class='ocrx_word' id='word_1_565' title='bbox 172 1812 416 1857; x_wconf 73' lang='lat' dir='ltr'>impeditissimus</span> <span class='ocrx_word' id='word_1_566' title='bbox 427 1814 462 1844; x_wconf 90' lang='lat' dir='ltr'>ad</span> <span class='ocrx_word' id='word_1_567' title='bbox 474 1816 528 1844; x_wconf 82' lang='lat' dir='ltr'>iter</span> <span class='ocrx_word' id='word_1_568' title='bbox 538 1812 722 1843; x_wconf 85' lang='lat' dir='ltr'>faciendum.</span> <span class='ocrx_word' id='word_1_569' title='bbox 741 1814 819 1841; x_wconf 83' lang='lat' dir='ltr'>Cum</span> <span class='ocrx_word' id='word_1_570' title='bbox 831 1809 960 1841; x_wconf 81' lang='lat' dir='ltr'>abess&#39;em</span> <span class='ocrx_word' id='word_1_571' title='bbox 971 1811 1007 1840; x_wconf 90' lang='lat' dir='ltr'>ab</span> <span class='ocrx_word' id='word_1_572' title='bbox 1018 1820 1054 1840; x_wconf 92' lang='lat' dir='ltr'>eo</span> <span class='ocrx_word' id='word_1_573' title='bbox 1066 1810 1137 1839; x_wconf 92' lang='lat' dir='ltr'>mil-</span> 
     </span>
     <span class='ocr_line' id='line_1_67' title="bbox 170 1848 1135 1898; baseline -0.008 -9"><span class='ocrx_word' id='word_1_574' title='bbox 170 1860 210 1890; x_wconf 79' lang='lat' dir='ltr'>lia</span> <span class='ocrx_word' id='word_1_575' title='bbox 233 1856 370 1898; x_wconf 72' lang='lat' dir='ltr'>pafl&#39;uiim</span> <span class='ocrx_word' id='word_1_576' title='bbox 391 1858 510 1898; x_wconf 81' lang='lat' dir='ltr'>triginta</span> <span class='ocrx_word' id='word_1_577' title='bbox 523 1876 531 1889; x_wconf 91' lang='lat'>,</span> <span class='ocrx_word' id='word_1_578' title='bbox 554 1855 586 1885; x_wconf 76' lang='grc' dir='ltr'>δε</span> <span class='ocrx_word' id='word_1_579' title='bbox 605 1854 633 1884; x_wconf 88' lang='lat' dir='ltr'>se</span> <span class='ocrx_word' id='word_1_580' title='bbox 650 1855 711 1894; x_wconf 82' lang='lat' dir='ltr'>jani</span> <span class='ocrx_word' id='word_1_581' title='bbox 732 1852 894 1883; x_wconf 85' lang='lat' dir='ltr'>Ventidius</span> <span class='ocrx_word' id='word_1_582' title='bbox 911 1848 1135 1891; x_wconf 78' lang='lat' dir='ltr'>conjunxisset:</span> 
     </span>
     <span class='ocr_line' id='line_1_68' title="bbox 171 1893 1136 1939; baseline -0.009 -8"><span class='ocrx_word' id='word_1_583' title='bbox 171 1902 281 1931; x_wconf 76' lang='lat' dir='ltr'>concio</span> <span class='ocrx_word' id='word_1_584' title='bbox 290 1900 354 1939; x_wconf 78' lang='lat' dir='ltr'>ejus</span> <span class='ocrx_word' id='word_1_585' title='bbox 363 1898 398 1930; x_wconf 89' lang='lat' dir='ltr'>ad</span> <span class='ocrx_word' id='word_1_586' title='bbox 408 1908 458 1928; x_wconf 83' lang='lat' dir='ltr'>me</span> <span class='ocrx_word' id='word_1_587' title='bbox 468 1896 511 1928; x_wconf 81' lang='lat' dir='ltr'>cst</span> <span class='ocrx_word' id='word_1_588' title='bbox 520 1897 605 1928; x_wconf 88' lang='lat' dir='ltr'>allata</span> <span class='ocrx_word' id='word_1_589' title='bbox 616 1907 620 1924; x_wconf 93' lang='lat'>:</span> <span class='ocrx_word' id='word_1_590' title='bbox 631 1898 663 1926; x_wconf 87' lang='lat' dir='ltr'>i&#39;n</span> <span class='ocrx_word' id='word_1_591' title='bbox 674 1904 730 1937; x_wconf 86' lang='lat' dir='ltr'>qua</span> <span class='ocrx_word' id='word_1_592' title='bbox 739 1903 836 1934; x_wconf 85' lang='lat' dir='ltr'>petere</span> <span class='ocrx_word' id='word_1_593' title='bbox 847 1896 939 1934; x_wconf 85' lang='lat' dir='ltr'>coepit</span> <span class='ocrx_word' id='word_1_594' title='bbox 947 1893 962 1924; x_wconf 73' lang='lat' dir='ltr'>a</span> <span class='ocrx_word' id='word_1_595' title='bbox 971 1893 1136 1927; x_wconf 87' lang='lat' dir='ltr'>militibus,</span> 
     </span>
     <span class='ocr_line' id='line_1_69' title="bbox 172 1935 1137 1980; baseline -0.008 -7"><span class='ocrx_word' id='word_1_596' title='bbox 172 1952 205 1973; x_wconf 83' lang='lat' dir='ltr'>ut</span> <span class='ocrx_word' id='word_1_597' title='bbox 220 1943 247 1972; x_wconf 85' lang='lat' dir='ltr'>se</span> <span class='ocrx_word' id='word_1_598' title='bbox 262 1950 340 1972; x_wconf 85' lang='lat' dir='ltr'>trans</span> <span class='ocrx_word' id='word_1_599' title='bbox 352 1941 455 1980; x_wconf 74' lang='lat' dir='ltr'>Alpeis</span> <span class='ocrx_word' id='word_1_600' title='bbox 466 1940 676 1980; x_wconf 81' lang='lat' dir='ltr'>sequerentur:</span> <span class='ocrx_word' id='word_1_601' title='bbox 695 1935 750 1967; x_wconf 79' lang='lat' dir='ltr'>sibi</span> <span class='ocrx_word' id='word_1_602' title='bbox 760 1946 830 1967; x_wconf 89' lang='lat' dir='ltr'>cum</span> <span class='ocrx_word' id='word_1_603' title='bbox 843 1938 885 1966; x_wconf 90' lang='lat' dir='ltr'>M.</span> <span class='ocrx_word' id='word_1_604' title='bbox 897 1935 1014 1976; x_wconf 91' lang='lat' dir='ltr'>Lepido</span> <span class='ocrx_word' id='word_1_605' title='bbox 1024 1945 1137 1966; x_wconf 75' lang='lat' dir='ltr'>conve-</span> 
     </span>
     <span class='ocr_line' id='line_1_70' title="bbox 172 1977 1139 2020; baseline -0.009 -5"><span class='ocrx_word' id='word_1_606' title='bbox 172 1988 247 2015; x_wconf 73' lang='lat' dir='ltr'>nire.</span> <span class='ocrx_word' id='word_1_607' title='bbox 270 1984 491 2014; x_wconf 75' lang='lat' dir='ltr'>succlamatum</span> <span class='ocrx_word' id='word_1_608' title='bbox 501 1980 543 2012; x_wconf 88' lang='lat' dir='ltr'>est</span> <span class='ocrx_word' id='word_1_609' title='bbox 554 2001 562 2015; x_wconf 89' lang='lat'>,</span> <span class='ocrx_word' id='word_1_610' title='bbox 576 1981 608 2010; x_wconf 85' lang='lat'>&amp;</span> <span class='ocrx_word' id='word_1_611' title='bbox 618 1978 811 2020; x_wconf 74' lang='lat' dir='ltr'>frequentera</span> <span class='ocrx_word' id='word_1_612' title='bbox 821 1978 972 2008; x_wconf 89' lang='lat' dir='ltr'>militibus</span> <span class='ocrx_word' id='word_1_613' title='bbox 981 1977 1139 2008; x_wconf 84' lang='lat' dir='ltr'>Ventidia-</span> 
     </span>
     <span class='ocr_line' id='line_1_71' title="bbox 172 2019 1138 2064; baseline -0.007 -8"><span class='ocrx_word' id='word_1_614' title='bbox 172 2036 220 2057; x_wconf 76' lang='lat' dir='ltr'>nis</span> <span class='ocrx_word' id='word_1_615' title='bbox 231 2046 239 2059; x_wconf 90' lang='lat'>,</span> <span class='ocrx_word' id='word_1_616' title='bbox 262 2026 344 2061; x_wconf 77' lang='lat' dir='ltr'>(nam</span> <span class='ocrx_word' id='word_1_617' title='bbox 358 2025 423 2055; x_wconf 81' lang='lat' dir='ltr'>suos</span> <span class='ocrx_word' id='word_1_618' title='bbox 440 2024 524 2054; x_wconf 86' lang='lat' dir='ltr'>valde</span> <span class='ocrx_word' id='word_1_619' title='bbox 533 2022 623 2064; x_wconf 73' lang='lat' dir='ltr'>quam</span> <span class='ocrx_word' id='word_1_620' title='bbox 636 2031 746 2062; x_wconf 85' lang='lat' dir='ltr'>paucos</span> <span class='ocrx_word' id='word_1_621' title='bbox 758 2020 856 2061; x_wconf 79' lang='lat' dir='ltr'>habet)</span> <span class='ocrx_word' id='word_1_622' title='bbox 881 2019 933 2050; x_wconf 80' lang='lat' dir='ltr'>fibi</span> <span class='ocrx_word' id='word_1_623' title='bbox 948 2028 997 2050; x_wconf 90' lang='lat' dir='ltr'>aut</span> <span class='ocrx_word' id='word_1_624' title='bbox 1012 2021 1044 2049; x_wconf 88' lang='lat' dir='ltr'>in</span> <span class='ocrx_word' id='word_1_625' title='bbox 1054 2019 1138 2050; x_wconf 86' lang='lat' dir='ltr'>Italia</span> 
     </span>
     <span class='ocr_line' id='line_1_72' title="bbox 171 2063 1138 2109; baseline -0.007 -11"><span class='ocrx_word' id='word_1_626' title='bbox 171 2066 360 2109; x_wconf 72' lang='lat' dir='ltr'>pereundum</span> <span class='ocrx_word' id='word_1_627' title='bbox 380 2065 458 2099; x_wconf 79' lang='lat' dir='ltr'>effe,</span> <span class='ocrx_word' id='word_1_628' title='bbox 479 2073 529 2096; x_wconf 89' lang='lat' dir='ltr'>aut</span> <span class='ocrx_word' id='word_1_629' title='bbox 543 2063 740 2096; x_wconf 82' lang='lat' dir='ltr'>vincendum.</span> <span class='ocrx_word' id='word_1_630' title='bbox 766 2065 804 2093; x_wconf 88' lang='lat' dir='ltr'>Et</span> <span class='ocrx_word' id='word_1_631' title='bbox 813 2072 895 2092; x_wconf 84' lang='lat' dir='ltr'>orare</span> <span class='ocrx_word' id='word_1_632' title='bbox 908 2069 1082 2102; x_wconf 87' lang='lat' dir='ltr'>coeperunt,</span> <span class='ocrx_word' id='word_1_633' title='bbox 1106 2069 1138 2092; x_wconf 92' lang='lat' dir='ltr'>ut</span> 
     </span>
     <span class='ocr_line' id='line_1_73' title="bbox 173 2102 1137 2144; baseline -0.007 -4"><span class='ocrx_word' id='word_1_634' title='bbox 173 2110 354 2142; x_wconf 82' lang='lat' dir='ltr'>Pollentiam</span> <span class='ocrx_word' id='word_1_635' title='bbox 367 2110 420 2139; x_wconf 86' lang='lat' dir='ltr'>iter</span> <span class='ocrx_word' id='word_1_636' title='bbox 430 2108 570 2138; x_wconf 85' lang='lat' dir='ltr'>facerent.</span> <span class='ocrx_word' id='word_1_637' title='bbox 595 2105 674 2136; x_wconf 79' lang='lat' dir='ltr'>cum</span> <span class='ocrx_word' id='word_1_638' title='bbox 688 2104 831 2135; x_wconf 82' lang='lat' dir='ltr'>sustinere</span> <span class='ocrx_word' id='word_1_639' title='bbox 845 2114 897 2134; x_wconf 88' lang='lat' dir='ltr'>eos</span> <span class='ocrx_word' id='word_1_640' title='bbox 907 2114 971 2134; x_wconf 91' lang='lat' dir='ltr'>non</span> <span class='ocrx_word' id='word_1_641' title='bbox 981 2102 1075 2144; x_wconf 85' lang='lat' dir='ltr'>poffet</span> <span class='ocrx_word' id='word_1_642' title='bbox 1085 2124 1094 2137; x_wconf 89' lang='lat'>,</span> <span class='ocrx_word' id='word_1_643' title='bbox 1105 2105 1137 2134; x_wconf 90' lang='lat' dir='ltr'>in</span> 
     </span>
     <span class='ocr_line' id='line_1_74' title="bbox 172 2147 1139 2187; baseline -0.005 -6"><span class='ocrx_word' id='word_1_644' title='bbox 172 2150 325 2187; x_wconf 69' lang='lat' dir='ltr'>posterum</span> <span class='ocrx_word' id='word_1_645' title='bbox 343 2150 426 2181; x_wconf 79' lang='lat' dir='ltr'>diem</span> <span class='ocrx_word' id='word_1_646' title='bbox 443 2153 498 2180; x_wconf 82' lang='lat' dir='ltr'>iter</span> <span class='ocrx_word' id='word_1_647' title='bbox 513 2149 598 2181; x_wconf 79' lang='lat' dir='ltr'>stium</span> <span class='ocrx_word' id='word_1_648' title='bbox 613 2147 752 2178; x_wconf 88' lang='lat' dir='ltr'>contulit.</span> <span class='ocrx_word' id='word_1_649' title='bbox 778 2148 841 2177; x_wconf 78' lang='lat' dir='ltr'>Hac</span> <span class='ocrx_word' id='word_1_650' title='bbox 856 2156 887 2176; x_wconf 82' lang='lat' dir='ltr'>re</span> <span class='ocrx_word' id='word_1_651' title='bbox 902 2147 980 2176; x_wconf 88' lang='lat' dir='ltr'>mihi</span> <span class='ocrx_word' id='word_1_652' title='bbox 993 2148 1139 2176; x_wconf 80' lang='lat' dir='ltr'>nuntiata:</span> 
     </span>
     <span class='ocr_line' id='line_1_75' title="bbox 172 2186 1139 2233; baseline -0.007 -9"><span class='ocrx_word' id='word_1_653' title='bbox 172 2186 274 2224; x_wconf 62' lang='lat' dir='ltr'>&#39;statim</span> <span class='ocrx_word' id='word_1_654' title='bbox 292 2194 425 2233; x_wconf 85' lang='lat' dir='ltr'>quinque</span> <span class='ocrx_word' id='word_1_655' title='bbox 445 2192 596 2222; x_wconf 84' lang='lat' dir='ltr'>cohorteis</span> <span class='ocrx_word' id='word_1_656' title='bbox 606 2190 787 2221; x_wconf 79' lang='lat' dir='ltr'>Pollentiam</span> <span class='ocrx_word' id='word_1_657' title='bbox 805 2186 932 2229; x_wconf 81' lang='lat' dir='ltr'>praemifi</span> <span class='ocrx_word' id='word_1_658' title='bbox 945 2207 953 2222; x_wconf 85' lang='lat'>,</span> <span class='ocrx_word' id='word_1_659' title='bbox 974 2196 1139 2229; x_wconf 86' lang='lat' dir='ltr'>meumque</span> 
     </span>
     <span class='ocr_line' id='line_1_76' title="bbox 174 2229 1138 2272; baseline -0.007 -6"><span class='ocrx_word' id='word_1_660' title='bbox 174 2238 232 2266; x_wconf 86' lang='lat' dir='ltr'>iter</span> <span class='ocrx_word' id='word_1_661' title='bbox 242 2233 278 2265; x_wconf 71' lang='lat' dir='ltr'>eb</span> <span class='ocrx_word' id='word_1_662' title='bbox 289 2235 416 2265; x_wconf 79' lang='lat' dir='ltr'>contuli.</span> <span class='ocrx_word' id='word_1_663' title='bbox 432 2235 504 2263; x_wconf 85' lang='lat' dir='ltr'>hora</span> <span class='ocrx_word' id='word_1_664' title='bbox 513 2231 582 2263; x_wconf 72' lang='lat' dir='ltr'>ante</span> <span class='ocrx_word' id='word_1_665' title='bbox 593 2229 763 2272; x_wconf 76' lang='lat' dir='ltr'>praesidium</span> <span class='ocrx_word' id='word_1_666' title='bbox 775 2240 880 2261; x_wconf 85' lang='lat' dir='ltr'>meum</span> <span class='ocrx_word' id='word_1_667' title='bbox 890 2230 1073 2261; x_wconf 88' lang='lat' dir='ltr'>Pollentiam</span> <span class='ocrx_word' id='word_1_668' title='bbox 1084 2239 1138 2260; x_wconf 90' lang='lat' dir='ltr'>ve-</span> 
     </span>
     <span class='ocr_line' id='line_1_77' title="bbox 176 2272 1139 2319; baseline -0.006 -11"><span class='ocrx_word' id='word_1_669' title='bbox 176 2280 241 2310; x_wconf 77' lang='lat' dir='ltr'>nit,</span> <span class='ocrx_word' id='word_1_670' title='bbox 261 2278 352 2319; x_wconf 77' lang='lat' dir='ltr'>quam</span> <span class='ocrx_word' id='word_1_671' title='bbox 364 2275 536 2306; x_wconf 86' lang='lat' dir='ltr'>Trebellius</span> <span class='ocrx_word' id='word_1_672' title='bbox 554 2283 624 2305; x_wconf 86' lang='lat' dir='ltr'>cum</span> <span class='ocrx_word' id='word_1_673' title='bbox 642 2272 806 2314; x_wconf 83' lang='lat' dir='ltr'>equitibus.</span> <span class='ocrx_word' id='word_1_674' title='bbox 830 2272 900 2302; x_wconf 72' lang='lat' dir='ltr'>sane</span> <span class='ocrx_word' id='word_1_675' title='bbox 909 2272 1000 2313; x_wconf 74' lang='lat' dir='ltr'>quam</span> <span class='ocrx_word' id='word_1_676' title='bbox 1012 2272 1077 2302; x_wconf 91' lang='lat' dir='ltr'>sum</span> <span class='ocrx_word' id='word_1_677' title='bbox 1089 2281 1139 2313; x_wconf 87' lang='lat' dir='ltr'>ga—</span> 
     </span>
     <span class='ocr_line' id='line_1_78' title="bbox 175 2312 1141 2354; baseline -0.007 -4"><span class='ocrx_word' id='word_1_678' title='bbox 175 2320 269 2351; x_wconf 69' lang='lat' dir='ltr'>visus.</span> <span class='ocrx_word' id='word_1_679' title='bbox 294 2319 328 2348; x_wconf 88' lang='lat' dir='ltr'>in</span> <span class='ocrx_word' id='word_1_680' title='bbox 338 2318 396 2347; x_wconf 87' lang='lat' dir='ltr'>hoc</span> <span class='ocrx_word' id='word_1_681' title='bbox 406 2318 490 2347; x_wconf 88' lang='lat' dir='ltr'>enim</span> <span class='ocrx_word' id='word_1_682' title='bbox 501 2315 662 2346; x_wconf 65' lang='lat' dir='ltr'>viStoriam</span> <span class='ocrx_word' id='word_1_683' title='bbox 673 2323 746 2354; x_wconf 90' lang='lat' dir='ltr'>puto</span> <span class='ocrx_word' id='word_1_684' title='bbox 757 2312 925 2344; x_wconf 78' lang='lat' dir='ltr'>consistere.</span> <span class='ocrx_word' id='word_1_685' title='bbox 948 2316 984 2344; x_wconf 88' lang='lat' dir='ltr'>In</span> <span class='ocrx_word' id='word_1_686' title='bbox 996 2314 1076 2353; x_wconf 89' lang='lat' dir='ltr'>spem</span> <span class='ocrx_word' id='word_1_687' title='bbox 1088 2324 1141 2344; x_wconf 89' lang='lat' dir='ltr'>ve-</span> 
     </span>
     <span class='ocr_line' id='line_1_79' title="bbox 177 2355 1140 2400; baseline -0.007 -9"><span class='ocrx_word' id='word_1_688' title='bbox 177 2369 284 2392; x_wconf 71' lang='lat' dir='ltr'>nerant</span> <span class='ocrx_word' id='word_1_689' title='bbox 294 2380 303 2393; x_wconf 92' lang='lat'>,</span> <span class='ocrx_word' id='word_1_690' title='bbox 323 2358 406 2400; x_wconf 73' lang='lat' dir='ltr'>quod</span> <span class='ocrx_word' id='word_1_691' title='bbox 419 2368 515 2399; x_wconf 89' lang='lat' dir='ltr'>neque</span> <span class='ocrx_word' id='word_1_692' title='bbox 524 2358 626 2387; x_wconf 88' lang='lat' dir='ltr'>Planci</span> <span class='ocrx_word' id='word_1_693' title='bbox 638 2365 764 2396; x_wconf 85' lang='lat' dir='ltr'>quatuor</span> <span class='ocrx_word' id='word_1_694' title='bbox 778 2356 912 2396; x_wconf 78' lang='lat' dir='ltr'>legiones</span> <span class='ocrx_word' id='word_1_695' title='bbox 923 2355 1068 2385; x_wconf 86' lang='lat' dir='ltr'>omnibus</span> <span class='ocrx_word' id='word_1_696' title='bbox 1080 2355 1140 2385; x_wconf 84' lang='lat' dir='ltr'>suis</span> 
     </span>
     <span class='ocr_line' id='line_1_80' title="bbox 176 2396 1141 2443; baseline -0.007 -10"><span class='ocrx_word' id='word_1_697' title='bbox 176 2404 273 2443; x_wconf 78' lang='lat' dir='ltr'>copiis</span> <span class='ocrx_word' id='word_1_698' title='bbox 290 2411 373 2442; x_wconf 79' lang='lat' dir='ltr'>pares</span> <span class='ocrx_word' id='word_1_699' title='bbox 390 2400 605 2432; x_wconf 84' lang='lat' dir='ltr'>arbitrabantur</span> <span class='ocrx_word' id='word_1_700' title='bbox 626 2409 631 2426; x_wconf 79' lang='lat' dir='ltr'>t</span> <span class='ocrx_word' id='word_1_701' title='bbox 659 2407 755 2438; x_wconf 90' lang='lat' dir='ltr'>neque</span> <span class='ocrx_word' id='word_1_702' title='bbox 774 2405 812 2426; x_wconf 81' lang='lat' dir='ltr'>ex</span> <span class='ocrx_word' id='word_1_703' title='bbox 823 2397 908 2426; x_wconf 82' lang='lat' dir='ltr'>Italia</span> <span class='ocrx_word' id='word_1_704' title='bbox 926 2405 986 2426; x_wconf 88' lang='lat' dir='ltr'>tam</span> <span class='ocrx_word' id='word_1_705' title='bbox 1004 2396 1141 2427; x_wconf 86' lang='lat' dir='ltr'>celeriter</span> 
     </span>
     <span class='ocr_line' id='line_1_81' title="bbox 177 2436 1138 2482; baseline -0.008 -7"><span class='ocrx_word' id='word_1_706' title='bbox 177 2446 345 2475; x_wconf 75' lang='lat' dir='ltr'>exercitum</span> <span class='ocrx_word' id='word_1_707' title='bbox 360 2442 453 2482; x_wconf 81' lang='lat' dir='ltr'>trajici</span> <span class='ocrx_word' id='word_1_708' title='bbox 467 2439 551 2482; x_wconf 83' lang='lat' dir='ltr'>poffe</span> <span class='ocrx_word' id='word_1_709' title='bbox 563 2439 728 2471; x_wconf 82' lang='lat' dir='ltr'>credebant.</span> <span class='ocrx_word' id='word_1_710' title='bbox 754 2447 830 2479; x_wconf 88' lang='lat' dir='ltr'>quos</span> <span class='ocrx_word' id='word_1_711' title='bbox 844 2436 898 2478; x_wconf 82' lang='lat' dir='ltr'>ipsi</span> <span class='ocrx_word' id='word_1_712' title='bbox 907 2438 941 2468; x_wconf 87' lang='lat' dir='ltr'>ad</span> <span class='ocrx_word' id='word_1_713' title='bbox 948 2439 1004 2469; x_wconf 85' lang='lat' dir='ltr'>huc</span> <span class='ocrx_word' id='word_1_714' title='bbox 1015 2438 1082 2467; x_wconf 82' lang='lat' dir='ltr'>satis</span> <span class='ocrx_word' id='word_1_715' title='bbox 1094 2447 1138 2468; x_wconf 89' lang='lat' dir='ltr'>ar-</span> 
     </span>
     <span class='ocr_line' id='line_1_82' title="bbox 174 2479 1141 2528; baseline -0.007 -13"><span class='ocrx_word' id='word_1_716' title='bbox 174 2495 312 2528; x_wconf 77' lang='lat' dir='ltr'>:roganter</span> <span class='ocrx_word' id='word_1_717' title='bbox 321 2485 501 2525; x_wconf 85' lang='lat' dir='ltr'>Allobroges</span> <span class='ocrx_word' id='word_1_718' title='bbox 513 2503 522 2516; x_wconf 88' lang='lat'>‚</span> <span class='ocrx_word' id='word_1_719' title='bbox 533 2481 740 2523; x_wconf 81' lang='lat' dir='ltr'>equitatusque</span> <span class='ocrx_word' id='word_1_720' title='bbox 752 2482 857 2511; x_wconf 88' lang='lat' dir='ltr'>omnis</span> <span class='ocrx_word' id='word_1_721' title='bbox 868 2500 877 2513; x_wconf 90' lang='lat'>,</span> <span class='ocrx_word' id='word_1_722' title='bbox 897 2481 950 2520; x_wconf 86' lang='lat' dir='ltr'>qui</span> <span class='ocrx_word' id='word_1_723' title='bbox 960 2479 997 2510; x_wconf 77' lang='lat' dir='ltr'>eo</span> <span class='ocrx_word' id='word_1_724' title='bbox 1007 2479 1141 2519; x_wconf 81' lang='lat' dir='ltr'>praemis-</span> 
     </span>
     <span class='ocr_line' id='line_1_83' title="bbox 178 2520 1140 2563; baseline -0.008 -4"><span class='ocrx_word' id='word_1_725' title='bbox 178 2530 226 2560; x_wconf 85' lang='lat' dir='ltr'>sus</span> <span class='ocrx_word' id='word_1_726' title='bbox 238 2527 321 2558; x_wconf 69' lang='lat' dir='ltr'>&#39;erata</span> <span class='ocrx_word' id='word_1_727' title='bbox 331 2527 419 2558; x_wconf 84' lang='lat' dir='ltr'>nobis</span> <span class='ocrx_word' id='word_1_728' title='bbox 437 2547 446 2559; x_wconf 92' lang='lat'>‚</span> <span class='ocrx_word' id='word_1_729' title='bbox 464 2523 666 2556; x_wconf 78' lang='lat' dir='ltr'>sustinebant:</span> <span class='ocrx_word' id='word_1_730' title='bbox 686 2522 848 2563; x_wconf 86' lang='lat' dir='ltr'>nostroque</span> <span class='ocrx_word' id='word_1_731' title='bbox 861 2521 991 2552; x_wconf 84' lang='lat' dir='ltr'>adventu</span> <span class='ocrx_word' id='word_1_732' title='bbox 1002 2520 1140 2552; x_wconf 83' lang='lat' dir='ltr'>sustineri</span> 
     </span>
     <span class='ocr_line' id='line_1_84' title="bbox 178 2563 1138 2610; baseline -0.007 -9"><span class='ocrx_word' id='word_1_733' title='bbox 178 2569 298 2601; x_wconf 69' lang='lat' dir='ltr'>facilius</span> <span class='ocrx_word' id='word_1_734' title='bbox 310 2567 391 2610; x_wconf 83' lang='lat' dir='ltr'>poffe</span> <span class='ocrx_word' id='word_1_735' title='bbox 399 2566 596 2598; x_wconf 77' lang='lat' dir='ltr'>confidimus.</span> <span class='ocrx_word' id='word_1_736' title='bbox 619 2568 740 2596; x_wconf 82' lang='lat' dir='ltr'>Tamen</span> <span class='ocrx_word' id='word_1_737' title='bbox 753 2563 772 2594; x_wconf 87' lang='lat' dir='ltr'>s1</span> <span class='ocrx_word' id='word_1_738' title='bbox 784 2573 844 2605; x_wconf 84' lang='lat' dir='ltr'>quo</span> <span class='ocrx_word' id='word_1_739' title='bbox 854 2567 944 2594; x_wconf 87' lang='lat' dir='ltr'>etiam</span> <span class='ocrx_word' id='word_1_740' title='bbox 954 2564 1020 2594; x_wconf 85' lang='lat' dir='ltr'>casu</span> <span class='ocrx_word' id='word_1_741' title='bbox 1032 2563 1138 2594; x_wconf 84' lang='lat' dir='ltr'>Isaram</span> 
     </span>
     <span class='ocr_line' id='line_1_85' title="bbox 178 2606 1140 2652; baseline -0.008 -9"><span class='ocrx_word' id='word_1_742' title='bbox 178 2614 207 2644; x_wconf 71' lang='lat' dir='ltr'>se</span> <span class='ocrx_word' id='word_1_743' title='bbox 217 2612 396 2652; x_wconf 77' lang='lat' dir='ltr'>trajecerint,</span> <span class='ocrx_word' id='word_1_744' title='bbox 412 2620 450 2641; x_wconf 87' lang='lat' dir='ltr'>ne</span> <span class='ocrx_word' id='word_1_745' title='bbox 459 2608 542 2651; x_wconf 85' lang='lat' dir='ltr'>quod</span> <span class='ocrx_word' id='word_1_746' title='bbox 552 2609 768 2639; x_wconf 85' lang='lat' dir='ltr'>detrimentum</span> <span class='ocrx_word' id='word_1_747' title='bbox 780 2608 856 2646; x_wconf 78' lang='lat' dir='ltr'>reip.</span> <span class='ocrx_word' id='word_1_748' title='bbox 867 2607 1043 2648; x_wconf 77' lang='lat' dir='ltr'>injungant,</span> <span class='ocrx_word' id='word_1_749' title='bbox 1060 2606 1140 2636; x_wconf 87' lang='lat' dir='ltr'>siim-</span> 
     </span>
     <span class='ocr_line' id='line_1_86' title="bbox 183 2649 1142 2691; baseline -0.008 -6"><span class='ocrx_word' id='word_1_750' title='bbox 183 2664 233 2685; x_wconf 89' lang='lat' dir='ltr'>ma</span> <span class='ocrx_word' id='word_1_751' title='bbox 250 2654 266 2684; x_wconf 73' lang='lat' dir='ltr'>a</span> <span class='ocrx_word' id='word_1_752' title='bbox 286 2653 375 2683; x_wconf 86' lang='lat' dir='ltr'>nobis</span> <span class='ocrx_word' id='word_1_753' title='bbox 392 2653 510 2683; x_wconf 78' lang='lat' dir='ltr'>dabitur</span> <span class='ocrx_word' id='word_1_754' title='bbox 526 2660 626 2691; x_wconf 84' lang='lat' dir='ltr'>opera.</span> <span class='ocrx_word' id='word_1_755' title='bbox 649 2658 704 2680; x_wconf 90' lang='lat' dir='ltr'>vos</span> <span class='ocrx_word' id='word_1_756' title='bbox 718 2658 865 2691; x_wconf 83' lang='lat' dir='ltr'>magnum</span> <span class='ocrx_word' id='word_1_757' title='bbox 878 2650 1017 2679; x_wconf 88' lang='lat' dir='ltr'>animum</span> <span class='ocrx_word' id='word_1_758' title='bbox 1033 2667 1042 2682; x_wconf 89' lang='lat'>,</span> <span class='ocrx_word' id='word_1_759' title='bbox 1062 2649 1142 2688; x_wconf 87' lang='lat' dir='ltr'>opti-</span> 
     </span>
     <span class='ocr_line' id='line_1_87' title="bbox 182 2688 1140 2737; baseline -0.006 -11"><span class='ocrx_word' id='word_1_760' title='bbox 182 2705 325 2737; x_wconf 79' lang='lat' dir='ltr'>mamque</span> <span class='ocrx_word' id='word_1_761' title='bbox 334 2696 417 2735; x_wconf 84' lang='lat' dir='ltr'>spem</span> <span class='ocrx_word' id='word_1_762' title='bbox 428 2694 465 2724; x_wconf 82' lang='lat' dir='ltr'>de</span> <span class='ocrx_word' id='word_1_763' title='bbox 479 2693 598 2725; x_wconf 84' lang='lat' dir='ltr'>summa</span> <span class='ocrx_word' id='word_1_764' title='bbox 611 2692 712 2732; x_wconf 81' lang='lat' dir='ltr'>repub.</span> <span class='ocrx_word' id='word_1_765' title='bbox 725 2692 829 2722; x_wconf 84' lang='lat' dir='ltr'>habere</span> <span class='ocrx_word' id='word_1_766' title='bbox 841 2691 984 2722; x_wconf 89' lang='lat' dir='ltr'>volumus</span> <span class='ocrx_word' id='word_1_767' title='bbox 997 2710 1007 2724; x_wconf 86' lang='lat'>,</span> <span class='ocrx_word' id='word_1_768' title='bbox 1024 2688 1096 2721; x_wconf 75' lang='lat' dir='ltr'>curn</span> <span class='ocrx_word' id='word_1_769' title='bbox 1107 2690 1140 2720; x_wconf 77' lang='grc' dir='ltr'>δε</span> 
     </span>
     <span class='ocr_line' id='line_1_88' title="bbox 183 2733 1144 2775; baseline -0.006 -7"><span class='ocrx_word' id='word_1_770' title='bbox 183 2748 239 2768; x_wconf 78' lang='lat' dir='ltr'>rios</span> <span class='ocrx_word' id='word_1_771' title='bbox 262 2758 273 2771; x_wconf 82' lang='lat'>,</span> <span class='ocrx_word' id='word_1_772' title='bbox 290 2737 323 2767; x_wconf 73' lang='grc'><strong>80</strong></span> <span class='ocrx_word' id='word_1_773' title='bbox 347 2738 495 2767; x_wconf 83' lang='lat' dir='ltr'>exercitus</span> <span class='ocrx_word' id='word_1_774' title='bbox 515 2734 635 2766; x_wconf 85' lang='lat' dir='ltr'>nostros</span> <span class='ocrx_word' id='word_1_775' title='bbox 660 2733 799 2775; x_wconf 80' lang='lat' dir='ltr'>singulari</span> <span class='ocrx_word' id='word_1_776' title='bbox 826 2734 988 2764; x_wconf 84' lang='lat' dir='ltr'>concordia</span> <span class='ocrx_word' id='word_1_777' title='bbox 1013 2733 1144 2773; x_wconf 83' lang='lat' dir='ltr'>conjun-</span> 
     </span>
     <span class='ocr_line' id='line_1_89' title="bbox 185 2775 1142 2819; baseline -0.005 -11"><span class='ocrx_word' id='word_1_778' title='bbox 185 2778 249 2810; x_wconf 63' lang='lat' dir='ltr'>astos</span> <span class='ocrx_word' id='word_1_779' title='bbox 260 2799 267 2812; x_wconf 89' lang='lat'>‚</span> <span class='ocrx_word' id='word_1_780' title='bbox 282 2779 317 2809; x_wconf 88' lang='lat' dir='ltr'>ad</span> <span class='ocrx_word' id='word_1_781' title='bbox 328 2780 432 2809; x_wconf 86' lang='lat' dir='ltr'>omnia</span> <span class='ocrx_word' id='word_1_782' title='bbox 440 2788 495 2819; x_wconf 89' lang='lat' dir='ltr'>pro</span> <span class='ocrx_word' id='word_1_783' title='bbox 508 2778 593 2808; x_wconf 76' lang='lat' dir='ltr'>vobis</span> <span class='ocrx_word' id='word_1_784' title='bbox 601 2776 727 2808; x_wconf 82' lang='lat' dir='ltr'>videatis</span> <span class='ocrx_word' id='word_1_785' title='bbox 736 2784 860 2817; x_wconf 89' lang='lat' dir='ltr'>paratos.</span> <span class='ocrx_word' id='word_1_786' title='bbox 883 2775 940 2806; x_wconf 88' lang='lat' dir='ltr'>Sed</span> <span class='ocrx_word' id='word_1_787' title='bbox 952 2784 1053 2806; x_wconf 88' lang='lat' dir='ltr'>tamen</span> <span class='ocrx_word' id='word_1_788' title='bbox 1064 2775 1142 2805; x_wconf 88' lang='lat' dir='ltr'>nihil</span> 
     </span>
     <span class='ocr_line' id='line_1_90' title="bbox 183 2817 1142 2859; baseline -0.005 -8"><span class='ocrx_word' id='word_1_789' title='bbox 183 2821 219 2851; x_wconf 78' lang='lat' dir='ltr'>dc</span> <span class='ocrx_word' id='word_1_790' title='bbox 230 2820 282 2850; x_wconf 86' lang='lat' dir='ltr'>dili</span> <span class='ocrx_word' id='word_1_791' title='bbox 304 2823 383 2851; x_wconf 87' lang='lat' dir='ltr'>entia</span> <span class='ocrx_word' id='word_1_792' title='bbox 393 2822 545 2851; x_wconf 87' lang='lat' dir='ltr'>remittere</span> <span class='ocrx_word' id='word_1_793' title='bbox 553 2819 667 2850; x_wconf 85' lang='lat' dir='ltr'>debetis</span> <span class='ocrx_word' id='word_1_794' title='bbox 679 2839 687 2853; x_wconf 88' lang='lat'>,</span> <span class='ocrx_word' id='word_1_795' title='bbox 708 2818 835 2859; x_wconf 87' lang='lat' dir='ltr'>dareque</span> <span class='ocrx_word' id='word_1_796' title='bbox 844 2827 966 2858; x_wconf 86' lang='lat' dir='ltr'>operam</span> <span class='ocrx_word' id='word_1_797' title='bbox 977 2837 986 2852; x_wconf 95' lang='lat'>,</span> <span class='ocrx_word' id='word_1_798' title='bbox 1007 2825 1040 2847; x_wconf 92' lang='lat' dir='ltr'>ut</span> <span class='ocrx_word' id='word_1_799' title='bbox 1051 2817 1142 2857; x_wconf 66' lang='lat' dir='ltr'>quam</span> 
     </span>
     <span class='ocr_line' id='line_1_91' title="bbox 182 2831 1143 2903; baseline -0.003 -11"><span class='ocrx_word' id='word_1_800' title='bbox 182 2831 351 2903; x_wconf 50' lang='lat' dir='ltr'>paiatisffmi</span> <span class='ocrx_word' id='word_1_801' title='bbox 364 2864 395 2893; x_wconf 73' lang='grc' dir='ltr'>ὃ(</span> <span class='ocrx_word' id='word_1_802' title='bbox 405 2863 440 2893; x_wconf 85' lang='lat' dir='ltr'>ab</span> <span class='ocrx_word' id='word_1_803' title='bbox 453 2862 586 2893; x_wconf 80' lang='lat' dir='ltr'>exercitu</span> <span class='ocrx_word' id='word_1_804' title='bbox 598 2882 607 2896; x_wconf 92' lang='lat'>,</span> <span class='ocrx_word' id='word_1_805' title='bbox 627 2860 808 2902; x_wconf 85' lang='lat' dir='ltr'>reliquisque</span> <span class='ocrx_word' id='word_1_806' title='bbox 820 2859 909 2890; x_wconf 85' lang='lat' dir='ltr'>rebus</span> <span class='ocrx_word' id='word_1_807' title='bbox 922 2869 976 2900; x_wconf 91' lang='lat' dir='ltr'>pro</span> <span class='ocrx_word' id='word_1_808' title='bbox 990 2857 1085 2890; x_wconf 87' lang='lat' dir='ltr'>vestra</span> <span class='ocrx_word' id='word_1_809' title='bbox 1099 2859 1143 2889; x_wconf 91' lang='lat' dir='ltr'>sa-</span> 
     </span>
     <span class='ocr_line' id='line_1_92' title="bbox 183 2900 1144 2943; baseline -0.003 -9"><span class='ocrx_word' id='word_1_810' title='bbox 183 2905 247 2934; x_wconf 86' lang='lat' dir='ltr'>lute</span> <span class='ocrx_word' id='word_1_811' title='bbox 264 2912 364 2934; x_wconf 84' lang='lat' dir='ltr'>contra</span> <span class='ocrx_word' id='word_1_812' title='bbox 382 2902 628 2934; x_wconf 75' lang='lat' dir='ltr'>sceleratissimam</span> <span class='ocrx_word' id='word_1_813' title='bbox 646 2902 901 2943; x_wconf 84' lang='lat' dir='ltr'>conspirationem</span> <span class='ocrx_word' id='word_1_814' title='bbox 917 2900 1052 2931; x_wconf 89' lang='lat' dir='ltr'>hostium</span> <span class='ocrx_word' id='word_1_815' title='bbox 1070 2910 1144 2931; x_wconf 90' lang='lat' dir='ltr'>con—</span> 
     </span>
     <span class='ocr_line' id='line_1_93' title="bbox 186 2943 1142 2987; baseline -0.005 -11"><span class='ocrx_word' id='word_1_816' title='bbox 186 2945 333 2987; x_wconf 85' lang='lat' dir='ltr'>fligamus.</span> <span class='ocrx_word' id='word_1_817' title='bbox 353 2948 405 2985; x_wconf 85' lang='lat' dir='ltr'>qui</span> <span class='ocrx_word' id='word_1_818' title='bbox 414 2945 539 2986; x_wconf 81' lang='lat' dir='ltr'>quidem</span> <span class='ocrx_word' id='word_1_819' title='bbox 549 2955 596 2976; x_wconf 82' lang='lat' dir='ltr'>eas</span> <span class='ocrx_word' id='word_1_820' title='bbox 606 2947 717 2985; x_wconf 70' lang='lat' dir='ltr'>copias,</span> <span class='ocrx_word' id='word_1_821' title='bbox 727 2954 798 2986; x_wconf 87' lang='lat' dir='ltr'>quas</span> <span class='ocrx_word' id='word_1_822' title='bbox 807 2944 860 2975; x_wconf 89' lang='lat' dir='ltr'>diu</span> <span class='ocrx_word' id='word_1_823' title='bbox 871 2943 1060 2974; x_wconf 87' lang='lat' dir='ltr'>simulatione</span> <span class='ocrx_word' id='word_1_824' title='bbox 1070 2944 1142 2983; x_wconf 85' lang='lat' dir='ltr'>reip.</span> 
     </span>
     <span class='ocr_line' id='line_1_94' title="bbox 182 2970 1160 3028; baseline -0.005 -8"><span class='ocrx_word' id='word_1_825' title='bbox 182 2986 411 3028; x_wconf 77' lang='lat' dir='ltr'>comparabant,</span> <span class='ocrx_word' id='word_1_826' title='bbox 423 2987 524 3018; x_wconf 73' lang='lat' dir='ltr'>subito</span> <span class='ocrx_word' id='word_1_827' title='bbox 536 2987 570 3018; x_wconf 92' lang='lat' dir='ltr'>ad</span> <span class='ocrx_word' id='word_1_828' title='bbox 580 2989 680 3028; x_wconf 79' lang='lat' dir='ltr'>patriae</span> <span class='ocrx_word' id='word_1_829' title='bbox 692 2987 861 3028; x_wconf 83' lang='lat' dir='ltr'>periculum</span> <span class='ocrx_word' id='word_1_830' title='bbox 871 2994 1094 3017; x_wconf 84' lang='lat' dir='ltr'>converterunt.</span> <span class='ocrx_word' id='word_1_831' title='bbox 1157 2970 1160 3023; x_wconf 77' lang='grc'>1</span> 
     </span>
    </p>
   </div>
   <div class='ocr_carea' id='block_1_14' title="bbox 1173 1211 2143 2017">
    <p class='ocr_par' dir='ltr' id='par_1_15' title="bbox 1173 1211 2135 1296">
     <span class='ocr_line' id='line_1_95' title="bbox 1173 1211 2135 1254; baseline 0.003 -12"><span class='ocrx_word' id='word_1_832' title='bbox 1173 1212 1229 1243; x_wconf 89' lang='lat' dir='ltr'>feci</span> <span class='ocrx_word' id='word_1_833' title='bbox 1241 1232 1248 1245; x_wconf 95' lang='lat'>,</span> <span class='ocrx_word' id='word_1_834' title='bbox 1270 1211 1365 1242; x_wconf 87' lang='lat' dir='ltr'>facere</span> <span class='ocrx_word' id='word_1_835' title='bbox 1384 1222 1448 1242; x_wconf 93' lang='lat' dir='ltr'>non</span> <span class='ocrx_word' id='word_1_836' title='bbox 1467 1211 1596 1252; x_wconf 77' lang='lat' dir='ltr'>poss’um.</span> <span class='ocrx_word' id='word_1_837' title='bbox 1621 1216 1668 1244; x_wconf 84' lang='lat' dir='ltr'>Te</span> <span class='ocrx_word' id='word_1_838' title='bbox 1685 1223 1785 1244; x_wconf 83' lang='lat' dir='ltr'>tamen</span> <span class='ocrx_word' id='word_1_839' title='bbox 1798 1234 1807 1248; x_wconf 94' lang='lat'>,</span> <span class='ocrx_word' id='word_1_840' title='bbox 1828 1214 1858 1244; x_wconf 90' lang='lat' dir='ltr'>id</span> <span class='ocrx_word' id='word_1_841' title='bbox 1877 1215 1959 1254; x_wconf 83' lang='lat' dir='ltr'>quod</span> <span class='ocrx_word' id='word_1_842' title='bbox 1976 1216 2059 1254; x_wconf 83' lang='lat' dir='ltr'>spero</span> <span class='ocrx_word' id='word_1_843' title='bbox 2071 1235 2080 1247; x_wconf 86' lang='lat'>,</span> <span class='ocrx_word' id='word_1_844' title='bbox 2100 1226 2135 1245; x_wconf 86' lang='lat' dir='ltr'>o-</span> 
     </span>
     <span class='ocr_line' id='line_1_96' title="bbox 1175 1254 1950 1296; baseline 0 -12"><span class='ocrx_word' id='word_1_845' title='bbox 1175 1256 1297 1284; x_wconf 89' lang='lat' dir='ltr'>mnium</span> <span class='ocrx_word' id='word_1_846' title='bbox 1310 1256 1482 1284; x_wconf 87' lang='lat' dir='ltr'>maximum</span> <span class='ocrx_word' id='word_1_847' title='bbox 1497 1255 1529 1284; x_wconf 90' lang='lat'>&amp;</span> <span class='ocrx_word' id='word_1_848' title='bbox 1538 1254 1731 1286; x_wconf 85' lang='lat' dir='ltr'>clariffimum</span> <span class='ocrx_word' id='word_1_849' title='bbox 1743 1256 1842 1286; x_wconf 86' lang='lat' dir='ltr'>videre</span> <span class='ocrx_word' id='word_1_850' title='bbox 1851 1265 1950 1296; x_wconf 88' lang='lat' dir='ltr'>cupio.</span> 
     </span>
    </p>

    <p class='ocr_par' dir='ltr' id='par_1_16' title="bbox 1238 1302 2137 1426">
     <span class='ocr_line' id='line_1_97' title="bbox 1238 1302 2071 1335; baseline 0 -6"><span class='ocrx_word' id='word_1_851' title='bbox 1238 1302 1283 1329; x_wconf 92' lang='lat' dir='ltr'>M.</span> <span class='ocrx_word' id='word_1_852' title='bbox 1293 1302 1332 1329; x_wconf 88' lang='lat' dir='ltr'>T.</span> <span class='ocrx_word' id='word_1_853' title='bbox 1344 1303 1378 1330; x_wconf 91' lang='lat' dir='ltr'>C.</span> <span class='ocrx_word' id='word_1_854' title='bbox 1403 1303 1443 1330; x_wconf 92' lang='lat' dir='ltr'>D.</span> <span class='ocrx_word' id='word_1_855' title='bbox 1458 1302 1599 1332; x_wconf 83' lang='lat' dir='ltr'>BRUTO</span> <span class='ocrx_word' id='word_1_856' title='bbox 1611 1321 1619 1335; x_wconf 74' lang='lat'>2</span> <span class='ocrx_word' id='word_1_857' title='bbox 1643 1303 1729 1332; x_wconf 84' lang='lat' dir='ltr'><strong>IMP.</strong></span> <span class='ocrx_word' id='word_1_858' title='bbox 1753 1304 1831 1332; x_wconf 85' lang='lat' dir='ltr'>COS.</span> <span class='ocrx_word' id='word_1_859' title='bbox 1856 1303 1942 1332; x_wconf 83' lang='lat' dir='ltr'>DES.</span> <span class='ocrx_word' id='word_1_860' title='bbox 1964 1304 2071 1333; x_wconf 83' lang='lat' dir='ltr'>S.1’.D.</span> 
     </span>
     <span class='ocr_line' id='line_1_98' title="bbox 1253 1342 2137 1385; baseline 0.003 -14"><span class='ocrx_word' id='word_1_861' title='bbox 1253 1344 1313 1372; x_wconf 87' lang='lat' dir='ltr'>Ts1</span> <span class='ocrx_word' id='word_1_862' title='bbox 1327 1342 1403 1372; x_wconf 84' lang='lat' dir='ltr'>mihi</span> <span class='ocrx_word' id='word_1_863' title='bbox 1413 1351 1470 1372; x_wconf 82' lang='lat' dir='ltr'>tuae</span> <span class='ocrx_word' id='word_1_864' title='bbox 1480 1342 1811 1383; x_wconf 83' lang='lat' dir='ltr'>litteraejucundiffimae</span> <span class='ocrx_word' id='word_1_865' title='bbox 1823 1344 1891 1374; x_wconf 89' lang='lat' dir='ltr'>sunt</span> <span class='ocrx_word' id='word_1_866' title='bbox 1903 1354 1907 1373; x_wconf 90' lang='lat'>:</span> <span class='ocrx_word' id='word_1_867' title='bbox 1917 1345 2137 1385; x_wconf 82' lang='lat' dir='ltr'>tamenjucun-</span> 
     </span>
     <span class='ocr_line' id='line_1_99' title="bbox 1254 1383 2136 1426; baseline 0.003 -13"><span class='ocrx_word' id='word_1_868' title='bbox 1254 1384 1321 1413; x_wconf 91' lang='lat' dir='ltr'>dius</span> <span class='ocrx_word' id='word_1_869' title='bbox 1331 1383 1390 1414; x_wconf 82' lang='lat' dir='ltr'>fuit</span> <span class='ocrx_word' id='word_1_870' title='bbox 1401 1404 1410 1417; x_wconf 85' lang='lat'>‚</span> <span class='ocrx_word' id='word_1_871' title='bbox 1421 1383 1502 1425; x_wconf 73' lang='lat' dir='ltr'>quod</span> <span class='ocrx_word' id='word_1_872' title='bbox 1514 1386 1545 1414; x_wconf 93' lang='lat' dir='ltr'>in</span> <span class='ocrx_word' id='word_1_873' title='bbox 1557 1385 1675 1415; x_wconf 84' lang='lat' dir='ltr'>summa</span> <span class='ocrx_word' id='word_1_874' title='bbox 1686 1387 1883 1426; x_wconf 75' lang='lat' dir='ltr'>occupatione</span> <span class='ocrx_word' id='word_1_875' title='bbox 1894 1395 1942 1415; x_wconf 92' lang='lat' dir='ltr'>tua</span> <span class='ocrx_word' id='word_1_876' title='bbox 1952 1386 2062 1416; x_wconf 87' lang='lat' dir='ltr'>Planco</span> <span class='ocrx_word' id='word_1_877' title='bbox 2071 1387 2136 1416; x_wconf 88' lang='lat' dir='ltr'>col-</span> 
     </span>
    </p>

    <p class='ocr_par' dir='ltr' id='par_1_17' title="bbox 1175 1425 2139 1802">
     <span class='ocr_line' id='line_1_100' title="bbox 1176 1425 2137 1468; baseline 0.003 -13"><span class='ocrx_word' id='word_1_878' title='bbox 1176 1427 1246 1466; x_wconf 79' lang='lat' dir='ltr'>legae</span> <span class='ocrx_word' id='word_1_879' title='bbox 1260 1425 1423 1460; x_wconf 87' lang='lat' dir='ltr'>mandasti,</span> <span class='ocrx_word' id='word_1_880' title='bbox 1438 1435 1470 1456; x_wconf 91' lang='lat' dir='ltr'>ut</span> <span class='ocrx_word' id='word_1_881' title='bbox 1481 1434 1509 1456; x_wconf 91' lang='lat' dir='ltr'>te</span> <span class='ocrx_word' id='word_1_882' title='bbox 1520 1427 1598 1456; x_wconf 89' lang='lat' dir='ltr'>mihi</span> <span class='ocrx_word' id='word_1_883' title='bbox 1607 1436 1659 1467; x_wconf 89' lang='lat' dir='ltr'>per</span> <span class='ocrx_word' id='word_1_884' title='bbox 1671 1427 1779 1458; x_wconf 87' lang='lat' dir='ltr'>litteras</span> <span class='ocrx_word' id='word_1_885' title='bbox 1789 1428 1939 1457; x_wconf 84' lang='lat' dir='ltr'>excusaret</span> <span class='ocrx_word' id='word_1_886' title='bbox 1952 1438 1957 1456; x_wconf 83' lang='lat' dir='ltr'><em>z</em></span> <span class='ocrx_word' id='word_1_887' title='bbox 1972 1428 2054 1468; x_wconf 88' lang='lat' dir='ltr'>quod</span> <span class='ocrx_word' id='word_1_888' title='bbox 2065 1427 2137 1458; x_wconf 85' lang='lat' dir='ltr'>fecit</span> 
     </span>
     <span class='ocr_line' id='line_1_101' title="bbox 1175 1467 2137 1508; baseline 0.003 -11"><span class='ocrx_word' id='word_1_889' title='bbox 1175 1468 1226 1497; x_wconf 89' lang='lat' dir='ltr'>ille</span> <span class='ocrx_word' id='word_1_890' title='bbox 1237 1468 1406 1508; x_wconf 88' lang='lat' dir='ltr'>diligenter.</span> <span class='ocrx_word' id='word_1_891' title='bbox 1429 1469 1509 1497; x_wconf 83' lang='lat' dir='ltr'>mihi</span> <span class='ocrx_word' id='word_1_892' title='bbox 1523 1477 1621 1499; x_wconf 87' lang='lat' dir='ltr'>autem</span> <span class='ocrx_word' id='word_1_893' title='bbox 1638 1469 1716 1498; x_wconf 88' lang='lat' dir='ltr'>nihil</span> <span class='ocrx_word' id='word_1_894' title='bbox 1729 1468 1889 1499; x_wconf 86' lang='lat' dir='ltr'>amabilius</span> <span class='ocrx_word' id='word_1_895' title='bbox 1900 1467 2005 1499; x_wconf 84' lang='lat' dir='ltr'>officio</span> <span class='ocrx_word' id='word_1_896' title='bbox 2015 1479 2067 1500; x_wconf 87' lang='lat' dir='ltr'>tuo</span> <span class='ocrx_word' id='word_1_897' title='bbox 2078 1489 2087 1502; x_wconf 82' lang='lat'>‚</span> <span class='ocrx_word' id='word_1_898' title='bbox 2102 1469 2137 1500; x_wconf 75' lang='grc' dir='ltr'>δε</span> 
     </span>
     <span class='ocr_line' id='line_1_102' title="bbox 1176 1508 2138 1552; baseline 0.001 -12"><span class='ocrx_word' id='word_1_899' title='bbox 1176 1509 1341 1550; x_wconf 86' lang='lat' dir='ltr'>diligentia.</span> <span class='ocrx_word' id='word_1_900' title='bbox 1373 1508 1559 1550; x_wconf 74' lang='lat' dir='ltr'>ConjunCtio</span> <span class='ocrx_word' id='word_1_901' title='bbox 1578 1519 1626 1540; x_wconf 87' lang='lat' dir='ltr'>tua</span> <span class='ocrx_word' id='word_1_902' title='bbox 1641 1530 1650 1544; x_wconf 91' lang='lat'>‚</span> <span class='ocrx_word' id='word_1_903' title='bbox 1672 1520 1742 1540; x_wconf 89' lang='lat' dir='ltr'>cum</span> <span class='ocrx_word' id='word_1_904' title='bbox 1762 1511 1896 1552; x_wconf 85' lang='lat' dir='ltr'>collega,</span> <span class='ocrx_word' id='word_1_905' title='bbox 1914 1511 2138 1552; x_wconf 81' lang='lat' dir='ltr'>concordiaque</span> 
     </span>
     <span class='ocr_line' id='line_1_103' title="bbox 1175 1550 2136 1592; baseline 0.003 -11"><span class='ocrx_word' id='word_1_906' title='bbox 1175 1550 1269 1581; x_wconf 86' lang='lat' dir='ltr'>vestra</span> <span class='ocrx_word' id='word_1_907' title='bbox 1280 1571 1287 1584; x_wconf 89' lang='lat'>‚</span> <span class='ocrx_word' id='word_1_908' title='bbox 1302 1561 1368 1592; x_wconf 83' lang='lat' dir='ltr'>quae</span> <span class='ocrx_word' id='word_1_909' title='bbox 1380 1552 1473 1582; x_wconf 86' lang='lat' dir='ltr'>literis</span> <span class='ocrx_word' id='word_1_910' title='bbox 1491 1553 1710 1582; x_wconf 89' lang='lat' dir='ltr'>communibus</span> <span class='ocrx_word' id='word_1_911' title='bbox 1723 1552 1865 1583; x_wconf 83' lang='lat' dir='ltr'>declarata</span> <span class='ocrx_word' id='word_1_912' title='bbox 1875 1552 1918 1583; x_wconf 87' lang='lat' dir='ltr'>est</span> <span class='ocrx_word' id='word_1_913' title='bbox 1928 1573 1936 1586; x_wconf 91' lang='lat'>,</span> <span class='ocrx_word' id='word_1_914' title='bbox 1960 1555 1988 1583; x_wconf 89' lang='lat' dir='ltr'>S.</span> <span class='ocrx_word' id='word_1_915' title='bbox 2002 1555 2031 1584; x_wconf 90' lang='lat' dir='ltr'>P.</span> <span class='ocrx_word' id='word_1_916' title='bbox 2043 1555 2136 1592; x_wconf 79' lang='lat' dir='ltr'>QR.</span> 
     </span>
     <span class='ocr_line' id='line_1_104' title="bbox 1176 1592 2138 1635; baseline 0.002 -12"><span class='ocrx_word' id='word_1_917' title='bbox 1176 1592 1334 1635; x_wconf 84' lang='lat' dir='ltr'>gratiffima</span> <span class='ocrx_word' id='word_1_918' title='bbox 1342 1593 1460 1624; x_wconf 88' lang='lat' dir='ltr'>accidit.</span> <span class='ocrx_word' id='word_1_919' title='bbox 1486 1594 1577 1635; x_wconf 85' lang='lat' dir='ltr'>Qod</span> <span class='ocrx_word' id='word_1_920' title='bbox 1586 1593 1725 1634; x_wconf 81' lang='lat' dir='ltr'>superest,</span> <span class='ocrx_word' id='word_1_921' title='bbox 1737 1604 1823 1635; x_wconf 80' lang='lat' dir='ltr'>perge</span> <span class='ocrx_word' id='word_1_922' title='bbox 1835 1615 1844 1628; x_wconf 95' lang='lat'>,</span> <span class='ocrx_word' id='word_1_923' title='bbox 1856 1597 1902 1624; x_wconf 90' lang='lat' dir='ltr'>mi</span> <span class='ocrx_word' id='word_1_924' title='bbox 1912 1595 2000 1625; x_wconf 84' lang='lat' dir='ltr'>Brute</span> <span class='ocrx_word' id='word_1_925' title='bbox 2012 1606 2017 1624; x_wconf 79' lang='lat' dir='ltr'>z</span> <span class='ocrx_word' id='word_1_926' title='bbox 2035 1595 2138 1635; x_wconf 83' lang='lat' dir='ltr'>&amp;jam</span> 
     </span>
     <span class='ocr_line' id='line_1_105' title="bbox 1177 1635 2139 1677; baseline 0.001 -11"><span class='ocrx_word' id='word_1_927' title='bbox 1177 1645 1240 1666; x_wconf 90' lang='lat' dir='ltr'>non</span> <span class='ocrx_word' id='word_1_928' title='bbox 1250 1645 1320 1666; x_wconf 86' lang='lat' dir='ltr'>curn</span> <span class='ocrx_word' id='word_1_929' title='bbox 1331 1636 1397 1666; x_wconf 86' lang='lat' dir='ltr'>aliis</span> <span class='ocrx_word' id='word_1_930' title='bbox 1406 1656 1414 1670; x_wconf 91' lang='lat'>,</span> <span class='ocrx_word' id='word_1_931' title='bbox 1429 1635 1478 1666; x_wconf 88' lang='lat' dir='ltr'>sed</span> <span class='ocrx_word' id='word_1_932' title='bbox 1490 1645 1588 1666; x_wconf 87' lang='lat' dir='ltr'>tecum</span> <span class='ocrx_word' id='word_1_933' title='bbox 1600 1636 1660 1677; x_wconf 86' lang='lat' dir='ltr'>ipse</span> <span class='ocrx_word' id='word_1_934' title='bbox 1669 1645 1756 1667; x_wconf 85' lang='lat' dir='ltr'>certa.</span> <span class='ocrx_word' id='word_1_935' title='bbox 1779 1637 1864 1667; x_wconf 84' lang='lat' dir='ltr'>Plura</span> <span class='ocrx_word' id='word_1_936' title='bbox 1875 1637 2000 1667; x_wconf 86' lang='lat' dir='ltr'>scribere</span> <span class='ocrx_word' id='word_1_937' title='bbox 2009 1646 2073 1667; x_wconf 90' lang='lat' dir='ltr'>non</span> <span class='ocrx_word' id='word_1_938' title='bbox 2083 1636 2139 1667; x_wconf 88' lang='lat' dir='ltr'>de-</span> 
     </span>
     <span class='ocr_line' id='line_1_106' title="bbox 1178 1677 2138 1720; baseline 0 -13"><span class='ocrx_word' id='word_1_939' title='bbox 1178 1677 1235 1708; x_wconf 93' lang='lat' dir='ltr'>beo</span> <span class='ocrx_word' id='word_1_940' title='bbox 1246 1698 1254 1712; x_wconf 85' lang='lat'>,</span> <span class='ocrx_word' id='word_1_941' title='bbox 1275 1678 1436 1718; x_wconf 82' lang='lat' dir='ltr'>praesertim</span> <span class='ocrx_word' id='word_1_942' title='bbox 1451 1678 1485 1708; x_wconf 90' lang='lat' dir='ltr'>ad</span> <span class='ocrx_word' id='word_1_943' title='bbox 1502 1687 1530 1708; x_wconf 86' lang='lat' dir='ltr'>te</span> <span class='ocrx_word' id='word_1_944' title='bbox 1545 1689 1550 1706; x_wconf 78' lang='lat' dir='ltr'><em>z</em></span> <span class='ocrx_word' id='word_1_945' title='bbox 1571 1689 1631 1719; x_wconf 90' lang='lat' dir='ltr'>quo</span> <span class='ocrx_word' id='word_1_946' title='bbox 1650 1677 1790 1720; x_wconf 73' lang='lat' dir='ltr'>magistro</span> <span class='ocrx_word' id='word_1_947' title='bbox 1803 1678 1956 1709; x_wconf 80' lang='lat' dir='ltr'>brevitatis</span> <span class='ocrx_word' id='word_1_948' title='bbox 1969 1681 2012 1709; x_wconf 90' lang='lat' dir='ltr'>uti</span> <span class='ocrx_word' id='word_1_949' title='bbox 2026 1680 2138 1720; x_wconf 87' lang='lat' dir='ltr'>cogito.</span> 
     </span>
     <span class='ocr_line' id='line_1_107' title="bbox 1178 1720 2138 1762; baseline 0.003 -13"><span class='ocrx_word' id='word_1_950' title='bbox 1178 1721 1301 1750; x_wconf 85' lang='lat' dir='ltr'>Litteras</span> <span class='ocrx_word' id='word_1_951' title='bbox 1314 1729 1375 1749; x_wconf 89' lang='lat' dir='ltr'>tuas</span> <span class='ocrx_word' id='word_1_952' title='bbox 1385 1721 1580 1751; x_wconf 85' lang='lat' dir='ltr'>vehementer</span> <span class='ocrx_word' id='word_1_953' title='bbox 1588 1720 1729 1761; x_wconf 70' lang='lat' dir='ltr'>exspeEto</span> <span class='ocrx_word' id='word_1_954' title='bbox 1744 1740 1752 1754; x_wconf 90' lang='lat'>,</span> <span class='ocrx_word' id='word_1_955' title='bbox 1767 1720 1801 1751; x_wconf 89' lang='lat'>&amp;</span> <span class='ocrx_word' id='word_1_956' title='bbox 1810 1720 1933 1761; x_wconf 82' lang='lat' dir='ltr'>quidem</span> <span class='ocrx_word' id='word_1_957' title='bbox 1945 1721 2028 1752; x_wconf 87' lang='lat' dir='ltr'>taleis</span> <span class='ocrx_word' id='word_1_958' title='bbox 2037 1740 2048 1756; x_wconf 86' lang='lat'>‚</span> <span class='ocrx_word' id='word_1_959' title='bbox 2066 1730 2138 1762; x_wconf 79' lang='lat' dir='ltr'>qua-</span> 
     </span>
     <span class='ocr_line' id='line_1_108' title="bbox 1178 1761 1478 1802; baseline 0 -11"><span class='ocrx_word' id='word_1_960' title='bbox 1178 1761 1232 1791; x_wconf 89' lang='lat' dir='ltr'>leis</span> <span class='ocrx_word' id='word_1_961' title='bbox 1247 1761 1383 1791; x_wconf 75' lang='lat' dir='ltr'>maxime</span> <span class='ocrx_word' id='word_1_962' title='bbox 1397 1771 1478 1802; x_wconf 91' lang='lat' dir='ltr'>opto.</span> 
     </span>
    </p>

    <p class='ocr_par' dir='ltr' id='par_1_18' title="bbox 1233 1810 2083 1843">
     <span class='ocr_line' id='line_1_109' title="bbox 1233 1810 2083 1843; baseline -0.001 -5"><span class='ocrx_word' id='word_1_963' title='bbox 1233 1810 1280 1838; x_wconf 87' lang='lat' dir='ltr'>M.</span> <span class='ocrx_word' id='word_1_964' title='bbox 1292 1810 1331 1839; x_wconf 90' lang='lat' dir='ltr'>T.</span> <span class='ocrx_word' id='word_1_965' title='bbox 1343 1810 1376 1839; x_wconf 89' lang='lat' dir='ltr'>C.</span> <span class='ocrx_word' id='word_1_966' title='bbox 1399 1810 1440 1838; x_wconf 85' lang='lat' dir='ltr'>D.</span> <span class='ocrx_word' id='word_1_967' title='bbox 1453 1810 1614 1843; x_wconf 86' lang='lat' dir='ltr'>BRUTO,</span> <span class='ocrx_word' id='word_1_968' title='bbox 1638 1810 1722 1840; x_wconf 82' lang='lat' dir='ltr'>IMP.</span> <span class='ocrx_word' id='word_1_969' title='bbox 1747 1811 1827 1840; x_wconf 88' lang='lat' dir='ltr'>COS.</span> <span class='ocrx_word' id='word_1_970' title='bbox 1852 1811 1937 1840; x_wconf 84' lang='lat' dir='ltr'>DES.</span> <span class='ocrx_word' id='word_1_971' title='bbox 1961 1812 1990 1840; x_wconf 86' lang='lat' dir='ltr'>S.</span> <span class='ocrx_word' id='word_1_972' title='bbox 2001 1812 2032 1840; x_wconf 94' lang='lat' dir='ltr'>P.</span> <span class='ocrx_word' id='word_1_973' title='bbox 2042 1811 2083 1839; x_wconf 88' lang='lat' dir='ltr'>D.</span> 
     </span>
    </p>

    <p class='ocr_par' dir='ltr' id='par_1_19' title="bbox 1185 1849 2140 1926">
     <span class='ocr_line' id='line_1_110' title="bbox 1185 1849 2140 1926; baseline 0.003 -47"><span class='ocrx_word' id='word_1_974' title='bbox 1185 1849 1244 1926; x_wconf 85' lang='lat' dir='ltr'>P</span> <span class='ocrx_word' id='word_1_975' title='bbox 1255 1852 1422 1880; x_wconf 75' lang='lat' dir='ltr'>ERMAGNI</span> <span class='ocrx_word' id='word_1_976' title='bbox 1437 1850 1569 1885; x_wconf 86' lang='lat' dir='ltr'>interest,</span> <span class='ocrx_word' id='word_1_977' title='bbox 1582 1861 1643 1891; x_wconf 91' lang='lat' dir='ltr'>quo</span> <span class='ocrx_word' id='word_1_978' title='bbox 1654 1851 1708 1881; x_wconf 79' lang='lat' dir='ltr'>tibi</span> <span class='ocrx_word' id='word_1_979' title='bbox 1718 1852 1781 1881; x_wconf 71' lang='grc' dir='ltr'>11κο</span> <span class='ocrx_word' id='word_1_980' title='bbox 1791 1860 1927 1891; x_wconf 89' lang='lat' dir='ltr'>tempore</span> <span class='ocrx_word' id='word_1_981' title='bbox 1938 1850 2063 1892; x_wconf 87' lang='lat' dir='ltr'>epistola</span> <span class='ocrx_word' id='word_1_982' title='bbox 2074 1850 2140 1882; x_wconf 84' lang='lat' dir='ltr'>red-</span> 
     </span>
    </p>

    <p class='ocr_par' dir='ltr' id='par_1_20' title="bbox 1179 1890 2143 2017">
     <span class='ocr_line' id='line_1_111' title="bbox 1255 1890 2140 1934; baseline 0.002 -12"><span class='ocrx_word' id='word_1_983' title='bbox 1255 1892 1317 1922; x_wconf 88' lang='lat' dir='ltr'>dita</span> <span class='ocrx_word' id='word_1_984' title='bbox 1327 1890 1378 1922; x_wconf 85' lang='lat' dir='ltr'>sit:</span> <span class='ocrx_word' id='word_1_985' title='bbox 1397 1901 1498 1923; x_wconf 87' lang='lat' dir='ltr'>utrum</span> <span class='ocrx_word' id='word_1_986' title='bbox 1509 1903 1578 1923; x_wconf 89' lang='lat' dir='ltr'>curn</span> <span class='ocrx_word' id='word_1_987' title='bbox 1589 1893 1805 1924; x_wconf 84' lang='lat' dir='ltr'>sollicitudinis</span> <span class='ocrx_word' id='word_1_988' title='bbox 1815 1893 1930 1934; x_wconf 83' lang='lat' dir='ltr'>aliquid</span> <span class='ocrx_word' id='word_1_989' title='bbox 1942 1893 2062 1924; x_wconf 86' lang='lat' dir='ltr'>haberes</span> <span class='ocrx_word' id='word_1_990' title='bbox 2075 1912 2083 1926; x_wconf 79' lang='lat'>,</span> <span class='ocrx_word' id='word_1_991' title='bbox 2101 1903 2140 1924; x_wconf 84' lang='lat' dir='ltr'>an</span> 
     </span>
     <span class='ocr_line' id='line_1_112' title="bbox 1179 1934 2143 1976; baseline 0.001 -12"><span class='ocrx_word' id='word_1_992' title='bbox 1179 1944 1251 1964; x_wconf 90' lang='lat' dir='ltr'>cum</span> <span class='ocrx_word' id='word_1_993' title='bbox 1271 1934 1308 1964; x_wconf 89' lang='lat' dir='ltr'>ab</span> <span class='ocrx_word' id='word_1_994' title='bbox 1328 1936 1416 1964; x_wconf 89' lang='lat' dir='ltr'>omni</span> <span class='ocrx_word' id='word_1_995' title='bbox 1435 1934 1572 1965; x_wconf 88' lang='lat' dir='ltr'>molestia</span> <span class='ocrx_word' id='word_1_996' title='bbox 1591 1944 1700 1965; x_wconf 86' lang='lat' dir='ltr'>vacuus</span> <span class='ocrx_word' id='word_1_997' title='bbox 1718 1934 1800 1965; x_wconf 71' lang='lat' dir='ltr'>efles.</span> <span class='ocrx_word' id='word_1_998' title='bbox 1834 1938 1935 1976; x_wconf 83' lang='lat' dir='ltr'>Itaque</span> <span class='ocrx_word' id='word_1_999' title='bbox 1954 1937 1981 1965; x_wconf 88' lang='lat' dir='ltr'>ei</span> <span class='ocrx_word' id='word_1_1000' title='bbox 2000 1936 2143 1975; x_wconf 78' lang='lat' dir='ltr'>praecepi,</span> 
     </span>
     <span class='ocr_line' id='line_1_113' title="bbox 1179 1975 2143 2017; baseline 0.001 -11"><span class='ocrx_word' id='word_1_1001' title='bbox 1179 1986 1272 2017; x_wconf 89' lang='lat' dir='ltr'>quem</span> <span class='ocrx_word' id='word_1_1002' title='bbox 1283 1976 1319 2007; x_wconf 86' lang='lat' dir='ltr'>ad</span> <span class='ocrx_word' id='word_1_1003' title='bbox 1330 1985 1358 2006; x_wconf 90' lang='lat' dir='ltr'>te</span> <span class='ocrx_word' id='word_1_1004' title='bbox 1369 1975 1435 2006; x_wconf 88' lang='lat' dir='ltr'>misi</span> <span class='ocrx_word' id='word_1_1005' title='bbox 1448 1996 1457 2010; x_wconf 85' lang='lat'>,</span> <span class='ocrx_word' id='word_1_1006' title='bbox 1479 1986 1512 2008; x_wconf 89' lang='lat' dir='ltr'>ut</span> <span class='ocrx_word' id='word_1_1007' title='bbox 1530 1985 1647 2017; x_wconf 89' lang='lat' dir='ltr'>tempus</span> <span class='ocrx_word' id='word_1_1008' title='bbox 1666 1977 1834 2007; x_wconf 87' lang='lat' dir='ltr'>observaret</span> <span class='ocrx_word' id='word_1_1009' title='bbox 1853 1976 1985 2017; x_wconf 85' lang='lat' dir='ltr'>epistolae</span> <span class='ocrx_word' id='word_1_1010' title='bbox 2004 1978 2058 2008; x_wconf 91' lang='lat' dir='ltr'>tibi</span> <span class='ocrx_word' id='word_1_1011' title='bbox 2075 1977 2143 2008; x_wconf 83' lang='lat' dir='ltr'>red·</span> 
     </span>
    </p>
   </div>
   <div class='ocr_carea' id='block_1_15' title="bbox 2142 199 2185 233">
    <p class='ocr_par' dir='ltr' id='par_1_21' title="bbox 2142 199 2185 233">
     <span class='ocr_line' id='line_1_114' title="bbox 2142 199 2185 233; baseline 0 0"><span class='ocrx_word' id='word_1_1012' title='bbox 2142 199 2185 233; x_wconf 83' lang='lat'>¹4</span> 
     </span>
    </p>
   </div>
   <div class='ocr_carea' id='block_1_16' title="bbox 2159 1307 2200 1341">
    <p class='ocr_par' dir='ltr' id='par_1_22' title="bbox 2159 1307 2200 1341">
     <span class='ocr_line' id='line_1_115' title="bbox 2159 1307 2200 1341; baseline 0 0"><span class='ocrx_word' id='word_1_1013' title='bbox 2159 1307 2200 1341; x_wconf 77' lang='lat'>¹5</span> 
     </span>
    </p>
   </div>
   <div class='ocr_carea' id='block_1_17' title="bbox 2162 1808 2215 1844">
    <p class='ocr_par' dir='ltr' id='par_1_23' title="bbox 2162 1808 2215 1844">
     <span class='ocr_line' id='line_1_116' title="bbox 2162 1808 2215 1844; baseline -0.075 0"><span class='ocrx_word' id='word_1_1014' title='bbox 2162 1808 2215 1844; x_wconf 78' lang='lat'>16.</span> 
     </span>
    </p>
   </div>
   <div class='ocr_carea' id='block_1_18' title="bbox 1180 2018 2168 2060">
    <p class='ocr_par' dir='ltr' id='par_1_24' title="bbox 1180 2018 2168 2060">
     <span class='ocr_line' id='line_1_117' title="bbox 1180 2018 2168 2060; baseline 0.001 -12"><span class='ocrx_word' id='word_1_1015' title='bbox 1180 2018 1295 2049; x_wconf 82' lang='lat' dir='ltr'>dendae.</span> <span class='ocrx_word' id='word_1_1016' title='bbox 1321 2020 1401 2048; x_wconf 81' lang='lat' dir='ltr'>Nam</span> <span class='ocrx_word' id='word_1_1017' title='bbox 1417 2019 1678 2060; x_wconf 84' lang='lat' dir='ltr'>quemadmodum</span> <span class='ocrx_word' id='word_1_1018' title='bbox 1692 2029 1793 2049; x_wconf 87' lang='lat' dir='ltr'>coram</span> <span class='ocrx_word' id='word_1_1019' title='bbox 1807 2020 1859 2060; x_wconf 90' lang='lat' dir='ltr'>qui</span> <span class='ocrx_word' id='word_1_1020' title='bbox 1872 2019 1908 2049; x_wconf 87' lang='lat' dir='ltr'>ad</span> <span class='ocrx_word' id='word_1_1021' title='bbox 1923 2029 1978 2050; x_wconf 90' lang='lat' dir='ltr'>nos</span> <span class='ocrx_word' id='word_1_1022' title='bbox 1992 2021 2143 2059; x_wconf 84' lang='lat' dir='ltr'>intempe-</span> <span class='ocrx_word' id='word_1_1023' title='bbox 2165 2036 2168 2037; x_wconf 32' lang='grc' dir='ltr'><em>ν</em></span> 
     </span>
    </p>
   </div>
   <div class='ocr_carea' id='block_1_19' title="bbox 1180 2059 2144 3025">
    <p class='ocr_par' dir='ltr' id='par_1_25' title="bbox 1180 2059 2144 3025">
     <span class='ocr_line' id='line_1_118' title="bbox 1181 2059 2142 2102; baseline 0 -11"><span class='ocrx_word' id='word_1_1024' title='bbox 1181 2060 1255 2091; x_wconf 77' lang='lat' dir='ltr'>stive</span> <span class='ocrx_word' id='word_1_1025' title='bbox 1267 2060 1396 2093; x_wconf 85' lang='lat' dir='ltr'>adeunt,</span> <span class='ocrx_word' id='word_1_1026' title='bbox 1420 2060 1541 2091; x_wconf 82' lang='lat' dir='ltr'>molesti</span> <span class='ocrx_word' id='word_1_1027' title='bbox 1561 2061 1634 2100; x_wconf 84' lang='lat' dir='ltr'>saepe</span> <span class='ocrx_word' id='word_1_1028' title='bbox 1653 2062 1738 2092; x_wconf 86' lang='lat' dir='ltr'>sunt:</span> <span class='ocrx_word' id='word_1_1029' title='bbox 1763 2059 1801 2092; x_wconf 89' lang='lat' dir='ltr'>fic</span> <span class='ocrx_word' id='word_1_1030' title='bbox 1819 2061 1952 2102; x_wconf 59' lang='lat' dir='ltr'>epistolar</span> <span class='ocrx_word' id='word_1_1031' title='bbox 1971 2060 2142 2095; x_wconf 80' lang='lat' dir='ltr'>offendunt,</span> 
     </span>
     <span class='ocr_line' id='line_1_119' title="bbox 1181 2102 2141 2143; baseline -0.001 -10"><span class='ocrx_word' id='word_1_1032' title='bbox 1181 2112 1245 2133; x_wconf 87' lang='lat' dir='ltr'>non</span> <span class='ocrx_word' id='word_1_1033' title='bbox 1258 2103 1326 2132; x_wconf 92' lang='lat' dir='ltr'>loco</span> <span class='ocrx_word' id='word_1_1034' title='bbox 1339 2102 1467 2136; x_wconf 79' lang='lat' dir='ltr'>redditae.</span> <span class='ocrx_word' id='word_1_1035' title='bbox 1491 2105 1522 2133; x_wconf 87' lang='lat' dir='ltr'>Si</span> <span class='ocrx_word' id='word_1_1036' title='bbox 1535 2112 1634 2133; x_wconf 88' lang='lat' dir='ltr'>autem</span> <span class='ocrx_word' id='word_1_1037' title='bbox 1646 2123 1655 2136; x_wconf 88' lang='lat'>,</span> <span class='ocrx_word' id='word_1_1038' title='bbox 1675 2112 1707 2133; x_wconf 89' lang='lat' dir='ltr'>ut</span> <span class='ocrx_word' id='word_1_1039' title='bbox 1721 2104 1805 2143; x_wconf 88' lang='lat' dir='ltr'>spero</span> <span class='ocrx_word' id='word_1_1040' title='bbox 1819 2123 1830 2136; x_wconf 65' lang='lat'>2</span> <span class='ocrx_word' id='word_1_1041' title='bbox 1847 2104 1923 2133; x_wconf 88' lang='lat' dir='ltr'>nihil</span> <span class='ocrx_word' id='word_1_1042' title='bbox 1938 2112 1966 2133; x_wconf 89' lang='lat' dir='ltr'>te</span> <span class='ocrx_word' id='word_1_1043' title='bbox 1978 2102 2141 2143; x_wconf 82' lang='lat' dir='ltr'>perturbat,</span> 
     </span>
     <span class='ocr_line' id='line_1_120' title="bbox 1182 2144 2141 2184; baseline 0 -10"><span class='ocrx_word' id='word_1_1044' title='bbox 1182 2145 1260 2175; x_wconf 89' lang='lat' dir='ltr'>nihil</span> <span class='ocrx_word' id='word_1_1045' title='bbox 1271 2144 1418 2184; x_wconf 88' lang='lat' dir='ltr'>impedit:</span> <span class='ocrx_word' id='word_1_1046' title='bbox 1441 2144 1535 2175; x_wconf 90' lang='lat' dir='ltr'>&amp;ille</span> <span class='ocrx_word' id='word_1_1047' title='bbox 1547 2165 1555 2179; x_wconf 86' lang='lat'>,</span> <span class='ocrx_word' id='word_1_1048' title='bbox 1575 2147 1623 2175; x_wconf 93' lang='lat' dir='ltr'>cui</span> <span class='ocrx_word' id='word_1_1049' title='bbox 1638 2145 1800 2179; x_wconf 87' lang='lat' dir='ltr'>mandavi,</span> <span class='ocrx_word' id='word_1_1050' title='bbox 1822 2145 1888 2175; x_wconf 87' lang='lat' dir='ltr'>satis</span> <span class='ocrx_word' id='word_1_1051' title='bbox 1901 2144 1993 2178; x_wconf 68' lang='lat' dir='ltr'>scite,</span> <span class='ocrx_word' id='word_1_1052' title='bbox 2013 2144 2141 2174; x_wconf 87' lang='lat' dir='ltr'>&amp;corn—</span> 
     </span>
     <span class='ocr_line' id='line_1_121' title="bbox 1182 2185 2142 2227; baseline 0 -11"><span class='ocrx_word' id='word_1_1053' title='bbox 1182 2186 1274 2217; x_wconf 74' lang='lat' dir='ltr'>mode</span> <span class='ocrx_word' id='word_1_1054' title='bbox 1285 2194 1403 2226; x_wconf 86' lang='lat' dir='ltr'>tempus</span> <span class='ocrx_word' id='word_1_1055' title='bbox 1413 2186 1448 2217; x_wconf 87' lang='lat' dir='ltr'>ad</span> <span class='ocrx_word' id='word_1_1056' title='bbox 1459 2196 1487 2217; x_wconf 85' lang='lat' dir='ltr'>te</span> <span class='ocrx_word' id='word_1_1057' title='bbox 1497 2190 1573 2227; x_wconf 88' lang='lat' dir='ltr'>cepit</span> <span class='ocrx_word' id='word_1_1058' title='bbox 1584 2187 1712 2217; x_wconf 88' lang='lat' dir='ltr'>adeundi</span> <span class='ocrx_word' id='word_1_1059' title='bbox 1726 2198 1731 2216; x_wconf 79' lang='lat'>2</span> <span class='ocrx_word' id='word_1_1060' title='bbox 1752 2185 1875 2217; x_wconf 82' lang='lat' dir='ltr'>confido</span> <span class='ocrx_word' id='word_1_1061' title='bbox 1886 2205 1894 2221; x_wconf 86' lang='grc'>,</span> <span class='ocrx_word' id='word_1_1062' title='bbox 1911 2196 1958 2216; x_wconf 86' lang='grc'><strong>1110</strong></span> <span class='ocrx_word' id='word_1_1063' title='bbox 1971 2206 1979 2219; x_wconf 94' lang='grc'><strong>,</strong></span> <span class='ocrx_word' id='word_1_1064' title='bbox 1994 2185 2076 2226; x_wconf 88' lang='lat' dir='ltr'>quod</span> <span class='ocrx_word' id='word_1_1065' title='bbox 2088 2195 2142 2216; x_wconf 89' lang='lat' dir='ltr'>ve-</span> 
     </span>
     <span class='ocr_line' id='line_1_122' title="bbox 1180 2227 2140 2269; baseline -0.001 -11"><span class='ocrx_word' id='word_1_1066' title='bbox 1180 2229 1236 2259; x_wconf 90' lang='lat' dir='ltr'>lim</span> <span class='ocrx_word' id='word_1_1067' title='bbox 1249 2227 1356 2262; x_wconf 69' lang='lat' dir='ltr'>,facile</span> <span class='ocrx_word' id='word_1_1068' title='bbox 1377 2228 1430 2259; x_wconf 79' lang='lat' dir='ltr'>ate</span> <span class='ocrx_word' id='word_1_1069' title='bbox 1443 2231 1684 2269; x_wconf 88' lang='lat' dir='ltr'>impetraturum.</span> <span class='ocrx_word' id='word_1_1070' title='bbox 1709 2230 1743 2259; x_wconf 94' lang='lat' dir='ltr'>L.</span> <span class='ocrx_word' id='word_1_1071' title='bbox 1754 2230 1860 2259; x_wconf 83' lang='lat' dir='ltr'>Lamia</span> <span class='ocrx_word' id='word_1_1072' title='bbox 1877 2236 2033 2268; x_wconf 85' lang='lat' dir='ltr'>praeturarn</span> <span class='ocrx_word' id='word_1_1073' title='bbox 2053 2230 2140 2268; x_wconf 84' lang='lat' dir='ltr'>petit.</span> 
     </span>
     <span class='ocr_line' id='line_1_123' title="bbox 1181 2268 2144 2312; baseline -0.002 -11"><span class='ocrx_word' id='word_1_1074' title='bbox 1181 2272 1240 2302; x_wconf 89' lang='lat' dir='ltr'>hoc</span> <span class='ocrx_word' id='word_1_1075' title='bbox 1259 2280 1314 2312; x_wconf 88' lang='lat' dir='ltr'>ego</span> <span class='ocrx_word' id='word_1_1076' title='bbox 1333 2278 1401 2301; x_wconf 88' lang='lat' dir='ltr'>utor</span> <span class='ocrx_word' id='word_1_1077' title='bbox 1419 2281 1483 2301; x_wconf 91' lang='lat' dir='ltr'>uno</span> <span class='ocrx_word' id='word_1_1078' title='bbox 1503 2273 1647 2301; x_wconf 87' lang='lat' dir='ltr'>omnium</span> <span class='ocrx_word' id='word_1_1079' title='bbox 1666 2271 1846 2310; x_wconf 85' lang='lat' dir='ltr'>plurimum.</span> <span class='ocrx_word' id='word_1_1080' title='bbox 1869 2272 1979 2311; x_wconf 83' lang='lat' dir='ltr'>Magna</span> <span class='ocrx_word' id='word_1_1081' title='bbox 1998 2268 2144 2303; x_wconf 75' lang='lat' dir='ltr'>vetustas,</span> 
     </span>
     <span class='ocr_line' id='line_1_124' title="bbox 1183 2310 2141 2354; baseline 0 -12"><span class='ocrx_word' id='word_1_1082' title='bbox 1183 2322 1289 2353; x_wconf 87' lang='lat' dir='ltr'>magna</span> <span class='ocrx_word' id='word_1_1083' title='bbox 1306 2313 1494 2343; x_wconf 88' lang='lat' dir='ltr'>consuetudo</span> <span class='ocrx_word' id='word_1_1084' title='bbox 1509 2312 1683 2342; x_wconf 87' lang='lat' dir='ltr'>intercedit:</span> <span class='ocrx_word' id='word_1_1085' title='bbox 1703 2312 1844 2354; x_wconf 79' lang='lat' dir='ltr'>quodque</span> <span class='ocrx_word' id='word_1_1086' title='bbox 1861 2310 2031 2352; x_wconf 79' lang='lat' dir='ltr'>plurimum</span> <span class='ocrx_word' id='word_1_1087' title='bbox 2051 2312 2141 2346; x_wconf 86' lang='lat' dir='ltr'>valet,</span> 
     </span>
     <span class='ocr_line' id='line_1_125' title="bbox 1181 2353 2143 2393; baseline 0 -9"><span class='ocrx_word' id='word_1_1088' title='bbox 1181 2354 1259 2384; x_wconf 88' lang='lat' dir='ltr'>nihil</span> <span class='ocrx_word' id='word_1_1089' title='bbox 1271 2354 1350 2384; x_wconf 88' lang='lat' dir='ltr'>mihi</span> <span class='ocrx_word' id='word_1_1090' title='bbox 1361 2355 1426 2393; x_wconf 83' lang='lat' dir='ltr'>ejus</span> <span class='ocrx_word' id='word_1_1091' title='bbox 1436 2353 1478 2384; x_wconf 87' lang='lat' dir='ltr'>est</span> <span class='ocrx_word' id='word_1_1092' title='bbox 1487 2353 1628 2383; x_wconf 88' lang='lat' dir='ltr'>familiari</span> <span class='ocrx_word' id='word_1_1093' title='bbox 1634 2354 1871 2393; x_wconf 83' lang='lat' dir='ltr'>tatejucundius.</span> <span class='ocrx_word' id='word_1_1094' title='bbox 1895 2355 2008 2393; x_wconf 90' lang='lat' dir='ltr'>Magno</span> <span class='ocrx_word' id='word_1_1095' title='bbox 2017 2362 2143 2393; x_wconf 81' lang='lat' dir='ltr'>praeter-</span> 
     </span>
     <span class='ocr_line' id='line_1_126' title="bbox 1181 2393 2139 2436; baseline 0.002 -12"><span class='ocrx_word' id='word_1_1096' title='bbox 1181 2395 1214 2425; x_wconf 74' lang='lat' dir='ltr'>ea</span> <span class='ocrx_word' id='word_1_1097' title='bbox 1227 2393 1377 2425; x_wconf 85' lang='lat' dir='ltr'>beneficio</span> <span class='ocrx_word' id='word_1_1098' title='bbox 1391 2395 1455 2434; x_wconf 83' lang='lat' dir='ltr'>ejus</span> <span class='ocrx_word' id='word_1_1099' title='bbox 1465 2415 1474 2428; x_wconf 92' lang='lat'>,</span> <span class='ocrx_word' id='word_1_1100' title='bbox 1496 2405 1665 2436; x_wconf 87' lang='lat' dir='ltr'>magnoque</span> <span class='ocrx_word' id='word_1_1101' title='bbox 1676 2397 1786 2425; x_wconf 78' lang='lat' dir='ltr'>merito</span> <span class='ocrx_word' id='word_1_1102' title='bbox 1797 2396 1862 2425; x_wconf 87' lang='lat' dir='ltr'>sum</span> <span class='ocrx_word' id='word_1_1103' title='bbox 1873 2395 2031 2436; x_wconf 86' lang='lat' dir='ltr'>obligatus.</span> <span class='ocrx_word' id='word_1_1104' title='bbox 2055 2397 2139 2426; x_wconf 85' lang='lat' dir='ltr'>Nam</span> 
     </span>
     <span class='ocr_line' id='line_1_127' title="bbox 1181 2436 2142 2478; baseline 0 -11"><span class='ocrx_word' id='word_1_1105' title='bbox 1181 2436 1335 2467; x_wconf 89' lang='lat' dir='ltr'>Clodianis</span> <span class='ocrx_word' id='word_1_1106' title='bbox 1345 2437 1533 2476; x_wconf 89' lang='lat' dir='ltr'>temporibus</span> <span class='ocrx_word' id='word_1_1107' title='bbox 1543 2456 1552 2471; x_wconf 92' lang='lat'>‚</span> <span class='ocrx_word' id='word_1_1108' title='bbox 1573 2436 1645 2467; x_wconf 80' lang='lat' dir='ltr'>cum</span> <span class='ocrx_word' id='word_1_1109' title='bbox 1658 2436 1801 2478; x_wconf 87' lang='lat' dir='ltr'>equestris</span> <span class='ocrx_word' id='word_1_1110' title='bbox 1814 2437 1931 2467; x_wconf 89' lang='lat' dir='ltr'>ordinis</span> <span class='ocrx_word' id='word_1_1111' title='bbox 1943 2439 2079 2477; x_wconf 86' lang='lat' dir='ltr'>princeps</span> <span class='ocrx_word' id='word_1_1112' title='bbox 2095 2437 2142 2468; x_wconf 89' lang='lat' dir='ltr'>es-</span> 
     </span>
     <span class='ocr_line' id='line_1_128' title="bbox 1180 2479 2141 2521; baseline 0 -12"><span class='ocrx_word' id='word_1_1113' title='bbox 1180 2479 1223 2510; x_wconf 80' lang='lat' dir='ltr'>set</span> <span class='ocrx_word' id='word_1_1114' title='bbox 1234 2498 1242 2512; x_wconf 86' lang='lat'><em>‚</em></span> <span class='ocrx_word' id='word_1_1115' title='bbox 1260 2488 1376 2521; x_wconf 85' lang='lat' dir='ltr'>proque</span> <span class='ocrx_word' id='word_1_1116' title='bbox 1389 2488 1457 2509; x_wconf 89' lang='lat' dir='ltr'>mea</span> <span class='ocrx_word' id='word_1_1117' title='bbox 1470 2479 1562 2509; x_wconf 87' lang='lat' dir='ltr'>salute</span> <span class='ocrx_word' id='word_1_1118' title='bbox 1572 2481 1731 2509; x_wconf 78' lang='lat' dir='ltr'>accerrime</span> <span class='ocrx_word' id='word_1_1119' title='bbox 1742 2488 1960 2520; x_wconf 85' lang='lat' dir='ltr'>propugnaret,</span> <span class='ocrx_word' id='word_1_1120' title='bbox 1982 2479 1997 2509; x_wconf 75' lang='lat' dir='ltr'>a</span> <span class='ocrx_word' id='word_1_1121' title='bbox 2008 2479 2141 2509; x_wconf 90' lang='lat' dir='ltr'>Gabinio</span> 
     </span>
     <span class='ocr_line' id='line_1_129' title="bbox 1181 2519 2140 2562; baseline 0 -11"><span class='ocrx_word' id='word_1_1122' title='bbox 1181 2521 1305 2552; x_wconf 83' lang='lat' dir='ltr'>consule</span> <span class='ocrx_word' id='word_1_1123' title='bbox 1322 2521 1468 2562; x_wconf 84' lang='lat' dir='ltr'>relegatus</span> <span class='ocrx_word' id='word_1_1124' title='bbox 1485 2519 1543 2551; x_wconf 88' lang='lat' dir='ltr'>est:</span> <span class='ocrx_word' id='word_1_1125' title='bbox 1563 2520 1647 2562; x_wconf 90' lang='lat' dir='ltr'>quod.</span> <span class='ocrx_word' id='word_1_1126' title='bbox 1663 2530 1730 2551; x_wconf 88' lang='lat' dir='ltr'>ante</span> <span class='ocrx_word' id='word_1_1127' title='bbox 1743 2521 1774 2551; x_wconf 91' lang='lat' dir='ltr'>id</span> <span class='ocrx_word' id='word_1_1128' title='bbox 1790 2530 1907 2562; x_wconf 87' lang='lat' dir='ltr'>tempus</span> <span class='ocrx_word' id='word_1_1129' title='bbox 1920 2522 1981 2552; x_wconf 87' lang='lat' dir='ltr'>civi</span> <span class='ocrx_word' id='word_1_1130' title='bbox 1994 2522 2140 2552; x_wconf 80' lang='lat' dir='ltr'>Romano</span> 
     </span>
     <span class='ocr_line' id='line_1_130' title="bbox 1180 2562 2139 2604; baseline -0.001 -11"><span class='ocrx_word' id='word_1_1131' title='bbox 1180 2563 1307 2604; x_wconf 86' lang='lat' dir='ltr'>contigit</span> <span class='ocrx_word' id='word_1_1132' title='bbox 1316 2565 1445 2593; x_wconf 85' lang='lat' dir='ltr'>nemini.</span> <span class='ocrx_word' id='word_1_1133' title='bbox 1469 2565 1537 2593; x_wconf 90' lang='lat' dir='ltr'>Hoc</span> <span class='ocrx_word' id='word_1_1134' title='bbox 1547 2562 1618 2593; x_wconf 82' lang='lat' dir='ltr'>cum</span> <span class='ocrx_word' id='word_1_1135' title='bbox 1628 2564 1803 2603; x_wconf 86' lang='lat' dir='ltr'>pop.Rom.</span> <span class='ocrx_word' id='word_1_1136' title='bbox 1815 2565 1975 2597; x_wconf 87' lang='lat' dir='ltr'>meminit,</span> <span class='ocrx_word' id='word_1_1137' title='bbox 1988 2563 2139 2602; x_wconf 85' lang='lat' dir='ltr'>meipsum</span> 
     </span>
     <span class='ocr_line' id='line_1_131' title="bbox 1181 2603 2136 2646; baseline -0.002 -11"><span class='ocrx_word' id='word_1_1138' title='bbox 1181 2615 1246 2635; x_wconf 92' lang='lat' dir='ltr'>non</span> <span class='ocrx_word' id='word_1_1139' title='bbox 1257 2603 1432 2635; x_wconf 74' lang='lat' dir='ltr'>meminisse</span> <span class='ocrx_word' id='word_1_1140' title='bbox 1443 2603 1643 2645; x_wconf 83' lang='lat' dir='ltr'>turpiffimum</span> <span class='ocrx_word' id='word_1_1141' title='bbox 1654 2603 1705 2635; x_wconf 90' lang='lat' dir='ltr'>est.</span> <span class='ocrx_word' id='word_1_1142' title='bbox 1728 2608 1914 2646; x_wconf 87' lang='lat' dir='ltr'>Qapropter</span> <span class='ocrx_word' id='word_1_1143' title='bbox 1922 2604 2059 2646; x_wconf 88' lang='lat' dir='ltr'>persuade</span> <span class='ocrx_word' id='word_1_1144' title='bbox 2069 2604 2136 2638; x_wconf 89' lang='lat' dir='ltr'>tibi,</span> 
     </span>
     <span class='ocr_line' id='line_1_132' title="bbox 1182 2647 2140 2689; baseline -0.001 -13"><span class='ocrx_word' id='word_1_1145' title='bbox 1182 2647 1226 2677; x_wconf 90' lang='lat' dir='ltr'>mi</span> <span class='ocrx_word' id='word_1_1146' title='bbox 1240 2648 1347 2680; x_wconf 88' lang='lat' dir='ltr'>Brute,</span> <span class='ocrx_word' id='word_1_1147' title='bbox 1366 2657 1417 2678; x_wconf 88' lang='lat' dir='ltr'>me</span> <span class='ocrx_word' id='word_1_1148' title='bbox 1435 2656 1534 2688; x_wconf 88' lang='lat' dir='ltr'>petere</span> <span class='ocrx_word' id='word_1_1149' title='bbox 1551 2656 1716 2687; x_wconf 87' lang='lat' dir='ltr'>praeturam.</span> <span class='ocrx_word' id='word_1_1150' title='bbox 1739 2650 1930 2689; x_wconf 85' lang='lat' dir='ltr'>Qamquam</span> <span class='ocrx_word' id='word_1_1151' title='bbox 1939 2647 2023 2676; x_wconf 89' lang='lat' dir='ltr'>enim</span> <span class='ocrx_word' id='word_1_1152' title='bbox 2032 2647 2140 2676; x_wconf 90' lang='lat' dir='ltr'>Lamia</span> 
     </span>
     <span class='ocr_line' id='line_1_133' title="bbox 1183 2685 2140 2730; baseline -0.002 -10"><span class='ocrx_word' id='word_1_1153' title='bbox 1183 2690 1304 2720; x_wconf 88' lang='lat' dir='ltr'>summo</span> <span class='ocrx_word' id='word_1_1154' title='bbox 1324 2689 1483 2729; x_wconf 86' lang='lat' dir='ltr'>splendore</span> <span class='ocrx_word' id='word_1_1155' title='bbox 1494 2708 1503 2723; x_wconf 88' lang='lat'>‚</span> <span class='ocrx_word' id='word_1_1156' title='bbox 1522 2690 1640 2720; x_wconf 88' lang='lat' dir='ltr'>summa</span> <span class='ocrx_word' id='word_1_1157' title='bbox 1656 2690 1747 2730; x_wconf 86' lang='lat' dir='ltr'>gratia</span> <span class='ocrx_word' id='word_1_1158' title='bbox 1762 2688 1806 2720; x_wconf 88' lang='lat' dir='ltr'>est</span> <span class='ocrx_word' id='word_1_1159' title='bbox 1817 2709 1825 2723; x_wconf 88' lang='lat'>‚</span> <span class='ocrx_word' id='word_1_1160' title='bbox 1844 2685 2140 2730; x_wconf 86' lang='lat' dir='ltr'>magnificentiffimo</span> 
     </span>
     <span class='ocr_line' id='line_1_134' title="bbox 1183 2727 2141 2772; baseline -0.004 -9"><span class='ocrx_word' id='word_1_1161' title='bbox 1183 2741 1309 2763; x_wconf 87' lang='lat' dir='ltr'>munere</span> <span class='ocrx_word' id='word_1_1162' title='bbox 1318 2731 1462 2763; x_wconf 85' lang='lat' dir='ltr'>aedilitio:</span> <span class='ocrx_word' id='word_1_1163' title='bbox 1484 2739 1584 2762; x_wconf 86' lang='lat' dir='ltr'>tamen</span> <span class='ocrx_word' id='word_1_1164' title='bbox 1595 2751 1604 2765; x_wconf 91' lang='lat'>,</span> <span class='ocrx_word' id='word_1_1165' title='bbox 1617 2729 1696 2772; x_wconf 81' lang='lat' dir='ltr'>quasi</span> <span class='ocrx_word' id='word_1_1166' title='bbox 1708 2742 1741 2762; x_wconf 89' lang='lat' dir='ltr'>ea</span> <span class='ocrx_word' id='word_1_1167' title='bbox 1754 2733 1795 2762; x_wconf 88' lang='lat' dir='ltr'>ita</span> <span class='ocrx_word' id='word_1_1168' title='bbox 1807 2740 1872 2761; x_wconf 80' lang='lat' dir='ltr'>non</span> <span class='ocrx_word' id='word_1_1169' title='bbox 1884 2727 1976 2760; x_wconf 66' lang='lat' dir='ltr'>effen:</span> <span class='ocrx_word' id='word_1_1170' title='bbox 1985 2748 1993 2763; x_wconf 84' lang='lat'>‚</span> <span class='ocrx_word' id='word_1_1171' title='bbox 2013 2739 2068 2770; x_wconf 87' lang='lat' dir='ltr'>ego</span> <span class='ocrx_word' id='word_1_1172' title='bbox 2077 2730 2141 2760; x_wconf 72' lang='lat' dir='ltr'>sus-</span> 
     </span>
     <span class='ocr_line' id='line_1_135' title="bbox 1183 2770 2140 2815; baseline -0.004 -10"><span class='ocrx_word' id='word_1_1173' title='bbox 1183 2777 1248 2815; x_wconf 86' lang='lat' dir='ltr'>cepi</span> <span class='ocrx_word' id='word_1_1174' title='bbox 1270 2783 1370 2805; x_wconf 90' lang='lat' dir='ltr'>totum</span> <span class='ocrx_word' id='word_1_1175' title='bbox 1389 2775 1559 2814; x_wconf 90' lang='lat' dir='ltr'>negotium.</span> <span class='ocrx_word' id='word_1_1176' title='bbox 1591 2776 1703 2807; x_wconf 89' lang='lat' dir='ltr'>Nunc,</span> <span class='ocrx_word' id='word_1_1177' title='bbox 1726 2772 1747 2803; x_wconf 91' lang='lat' dir='ltr'>fi</span> <span class='ocrx_word' id='word_1_1178' title='bbox 1765 2782 1814 2802; x_wconf 91' lang='lat' dir='ltr'>me</span> <span class='ocrx_word' id='word_1_1179' title='bbox 1832 2773 1906 2802; x_wconf 89' lang='lat' dir='ltr'>tanti</span> <span class='ocrx_word' id='word_1_1180' title='bbox 1923 2770 2014 2805; x_wconf 82' lang='lat' dir='ltr'>facis,</span> <span class='ocrx_word' id='word_1_1181' title='bbox 2032 2773 2140 2812; x_wconf 80' lang='lat' dir='ltr'>quanti</span> 
     </span>
     <span class='ocr_line' id='line_1_136' title="bbox 1181 2815 2137 2857; baseline -0.004 -10"><span class='ocrx_word' id='word_1_1182' title='bbox 1181 2817 1260 2847; x_wconf 69' lang='lat' dir='ltr'>certe</span> <span class='ocrx_word' id='word_1_1183' title='bbox 1270 2816 1342 2847; x_wconf 79' lang='lat' dir='ltr'>facis</span> <span class='ocrx_word' id='word_1_1184' title='bbox 1351 2836 1359 2850; x_wconf 93' lang='lat'>‚</span> <span class='ocrx_word' id='word_1_1185' title='bbox 1371 2825 1466 2857; x_wconf 87' lang='lat' dir='ltr'>quum</span> <span class='ocrx_word' id='word_1_1186' title='bbox 1475 2816 1612 2855; x_wconf 86' lang='lat' dir='ltr'>equitum</span> <span class='ocrx_word' id='word_1_1187' title='bbox 1621 2815 1768 2845; x_wconf 88' lang='lat' dir='ltr'>centurias</span> <span class='ocrx_word' id='word_1_1188' title='bbox 1776 2822 1871 2846; x_wconf 88' lang='lat' dir='ltr'>tenes,</span> <span class='ocrx_word' id='word_1_1189' title='bbox 1883 2815 1915 2843; x_wconf 92' lang='lat' dir='ltr'>in</span> <span class='ocrx_word' id='word_1_1190' title='bbox 1925 2815 2010 2854; x_wconf 89' lang='lat' dir='ltr'>queis</span> <span class='ocrx_word' id='word_1_1191' title='bbox 2020 2823 2137 2854; x_wconf 85' lang='lat' dir='ltr'>regnas,</span> 
     </span>
     <span class='ocr_line' id='line_1_137' title="bbox 1185 2854 2140 2898; baseline -0.004 -9"><span class='ocrx_word' id='word_1_1192' title='bbox 1185 2858 1272 2889; x_wconf 75' lang='lat' dir='ltr'>mitte</span> <span class='ocrx_word' id='word_1_1193' title='bbox 1288 2858 1324 2889; x_wconf 90' lang='lat' dir='ltr'>ad</span> <span class='ocrx_word' id='word_1_1194' title='bbox 1335 2860 1457 2898; x_wconf 88' lang='lat' dir='ltr'>Lupum</span> <span class='ocrx_word' id='word_1_1195' title='bbox 1472 2855 1610 2887; x_wconf 86' lang='lat' dir='ltr'>nostrum</span> <span class='ocrx_word' id='word_1_1196' title='bbox 1622 2875 1631 2889; x_wconf 91' lang='lat'>,</span> <span class='ocrx_word' id='word_1_1197' title='bbox 1653 2865 1685 2886; x_wconf 89' lang='lat' dir='ltr'>ut</span> <span class='ocrx_word' id='word_1_1198' title='bbox 1694 2857 1718 2885; x_wconf 86' lang='lat' dir='ltr'>is</span> <span class='ocrx_word' id='word_1_1199' title='bbox 1728 2855 1819 2885; x_wconf 86' lang='lat' dir='ltr'>nobis</span> <span class='ocrx_word' id='word_1_1200' title='bbox 1828 2864 1873 2885; x_wconf 88' lang='lat' dir='ltr'>eas</span> <span class='ocrx_word' id='word_1_1201' title='bbox 1883 2857 2032 2885; x_wconf 87' lang='lat' dir='ltr'>centurias</span> <span class='ocrx_word' id='word_1_1202' title='bbox 2041 2854 2140 2886; x_wconf 86' lang='lat' dir='ltr'>confi-</span> 
     </span>
     <span class='ocr_line' id='line_1_138' title="bbox 1182 2897 2140 2938; baseline -0.004 -6"><span class='ocrx_word' id='word_1_1203' title='bbox 1182 2902 1249 2932; x_wconf 88' lang='lat' dir='ltr'>ciat.</span> <span class='ocrx_word' id='word_1_1204' title='bbox 1272 2902 1348 2931; x_wconf 89' lang='lat' dir='ltr'>Non</span> <span class='ocrx_word' id='word_1_1205' title='bbox 1365 2898 1474 2929; x_wconf 88' lang='lat' dir='ltr'>tenebo</span> <span class='ocrx_word' id='word_1_1206' title='bbox 1494 2907 1521 2928; x_wconf 91' lang='lat' dir='ltr'>te</span> <span class='ocrx_word' id='word_1_1207' title='bbox 1537 2897 1685 2938; x_wconf 86' lang='lat' dir='ltr'>pluribus.</span> <span class='ocrx_word' id='word_1_1208' title='bbox 1714 2899 1830 2927; x_wconf 90' lang='lat' dir='ltr'>Ponam</span> <span class='ocrx_word' id='word_1_1209' title='bbox 1849 2898 1881 2926; x_wconf 92' lang='lat' dir='ltr'>in</span> <span class='ocrx_word' id='word_1_1210' title='bbox 1901 2905 2037 2927; x_wconf 87' lang='lat' dir='ltr'>extremo</span> <span class='ocrx_word' id='word_1_1211' title='bbox 2056 2897 2140 2938; x_wconf 87' lang='lat' dir='ltr'>quod</span> 
     </span>
     <span class='ocr_line' id='line_1_139' title="bbox 1184 2937 2142 2981; baseline -0.003 -8"><span class='ocrx_word' id='word_1_1212' title='bbox 1184 2943 1291 2974; x_wconf 89' lang='lat' dir='ltr'>sentio.</span> <span class='ocrx_word' id='word_1_1213' title='bbox 1315 2941 1404 2972; x_wconf 89' lang='lat' dir='ltr'>Nihil</span> <span class='ocrx_word' id='word_1_1214' title='bbox 1414 2939 1455 2970; x_wconf 88' lang='lat' dir='ltr'>est</span> <span class='ocrx_word' id='word_1_1215' title='bbox 1465 2960 1473 2974; x_wconf 96' lang='lat'>‚</span> <span class='ocrx_word' id='word_1_1216' title='bbox 1485 2942 1574 2969; x_wconf 84' lang='lat' dir='ltr'>Brute</span> <span class='ocrx_word' id='word_1_1217' title='bbox 1583 2959 1591 2973; x_wconf 95' lang='lat'>‚</span> <span class='ocrx_word' id='word_1_1218' title='bbox 1603 2948 1673 2970; x_wconf 89' lang='lat' dir='ltr'>cum</span> <span class='ocrx_word' id='word_1_1219' title='bbox 1684 2940 1790 2970; x_wconf 87' lang='lat' dir='ltr'>omnia</span> <span class='ocrx_word' id='word_1_1220' title='bbox 1799 2937 1814 2969; x_wconf 73' lang='lat' dir='ltr'>a</span> <span class='ocrx_word' id='word_1_1221' title='bbox 1824 2947 1852 2970; x_wconf 92' lang='lat' dir='ltr'>te</span> <span class='ocrx_word' id='word_1_1222' title='bbox 1861 2938 2047 2980; x_wconf 68' lang='lat' dir='ltr'>exspeEtem,</span> <span class='ocrx_word' id='word_1_1223' title='bbox 2057 2938 2142 2981; x_wconf 84' lang='lat' dir='ltr'>quod</span> 
     </span>
     <span class='ocr_line' id='line_1_140' title="bbox 1186 2979 1592 3025; baseline -0.012 -10"><span class='ocrx_word' id='word_1_1224' title='bbox 1186 2985 1264 3015; x_wconf 90' lang='lat' dir='ltr'>mihi</span> <span class='ocrx_word' id='word_1_1225' title='bbox 1272 2985 1380 3025; x_wconf 86' lang='lat' dir='ltr'>gratius</span> <span class='ocrx_word' id='word_1_1226' title='bbox 1389 2981 1484 3013; x_wconf 88' lang='lat' dir='ltr'>facere</span> <span class='ocrx_word' id='word_1_1227' title='bbox 1495 2979 1592 3022; x_wconf 82' lang='lat' dir='ltr'>poffis.</span> 
     </span>
    </p>
   </div>
   <div class='ocr_carea' id='block_1_20' title="bbox 1993 3025 2140 3065">
    <p class='ocr_par' dir='ltr' id='par_1_26' title="bbox 1993 3025 2140 3065">
     <span class='ocr_line' id='line_1_141' title="bbox 1993 3025 2140 3065; baseline 0 -11"><span class='ocrx_word' id='word_1_1228' title='bbox 1993 3025 2038 3054; x_wconf 89' lang='lat' dir='ltr'>M.</span> <span class='ocrx_word' id='word_1_1229' title='bbox 2051 3026 2089 3054; x_wconf 85' lang='lat' dir='ltr'>T.</span> <span class='ocrx_word' id='word_1_1230' title='bbox 2102 3026 2140 3065; x_wconf 65' lang='lat' dir='ltr'>c,</span> 
     </span>
    </p>
   </div>
   <div class='ocr_carea' id='block_1_21' title="bbox 222 3077 2143 3141">
    <p class='ocr_par' dir='ltr' id='par_1_27' title="bbox 222 3077 2143 3141">
     <span class='ocr_line' id='line_1_142' title="bbox 671 3077 2139 3088; baseline 0.002 -9"><span class='ocrx_word' id='word_1_1231' title='bbox 671 3077 2139 3088; x_wconf 55' lang='lat' dir='ltr'><em>W</em></span> 
     </span>
     <span class='ocr_line' id='line_1_143' title="bbox 222 3101 2143 3141; baseline -0.003 -9"><span class='ocrx_word' id='word_1_1232' title='bbox 222 3115 247 3133; x_wconf 82' lang='lat'>1.</span> <span class='ocrx_word' id='word_1_1233' title='bbox 267 3107 450 3134; x_wconf 73' lang='lat' dir='ltr'>Sedlacumbetu</span> <span class='ocrx_word' id='word_1_1234' title='bbox 464 3108 558 3140; x_wconf 49' lang='lat' dir='ltr'>gumesi</span> <span class='ocrx_word' id='word_1_1235' title='bbox 576 3108 697 3141; x_wconf 46' lang='grc' dir='ltr'>Μαρσὶ]</span> <span class='ocrx_word' id='word_1_1236' title='bbox 719 3107 852 3134; x_wconf 68' lang='lat' dir='ltr'>Gulielm,</span> <span class='ocrx_word' id='word_1_1237' title='bbox 871 3107 1008 3134; x_wconf 83' lang='lat' dir='ltr'>verisimil.</span> <span class='ocrx_word' id='word_1_1238' title='bbox 1029 3107 1076 3134; x_wconf 92' lang='lat' dir='ltr'>lib.</span> <span class='ocrx_word' id='word_1_1239' title='bbox 1090 3116 1139 3134; x_wconf 89' lang='grc'><strong>111.</strong></span> <span class='ocrx_word' id='word_1_1240' title='bbox 1176 3107 1244 3140; x_wconf 75' lang='lat' dir='ltr'>fiant.</span> <span class='ocrx_word' id='word_1_1241' title='bbox 1263 3104 1290 3131; x_wconf 90' lang='lat' dir='ltr'>in</span> <span class='ocrx_word' id='word_1_1242' title='bbox 1301 3102 1463 3130; x_wconf 85' lang='lat' dir='ltr'>editionibus</span> <span class='ocrx_word' id='word_1_1243' title='bbox 1474 3103 1596 3135; x_wconf 67' lang='lat' dir='ltr'>aliisi-afli</span> <span class='ocrx_word' id='word_1_1244' title='bbox 1606 3103 1676 3136; x_wconf 84' lang='lat' dir='ltr'>sunt.</span> <span class='ocrx_word' id='word_1_1245' title='bbox 1697 3104 1755 3128; x_wconf 85' lang='lat' dir='ltr'>Nos</span> <span class='ocrx_word' id='word_1_1246' title='bbox 1766 3102 1968 3130; x_wconf 79' lang='lat' dir='ltr'>iiostranifidem</span> <span class='ocrx_word' id='word_1_1247' title='bbox 1980 3101 2143 3128; x_wconf 66' lang='grc' dir='ltr'><strong>111111130οά1-</strong></span> 
     </span>
    </p>
   </div>
   <div class='ocr_carea' id='block_1_22' title="bbox 178 3142 1142 3217">
    <p class='ocr_par' dir='ltr' id='par_1_28' title="bbox 178 3142 1142 3217">
     <span class='ocr_line' id='line_1_144' title="bbox 179 3142 1139 3179; baseline -0.001 -10"><span class='ocrx_word' id='word_1_1248' title='bbox 179 3151 235 3179; x_wconf 62' lang='grc' dir='ltr'>ορ.</span> <span class='ocrx_word' id='word_1_1249' title='bbox 247 3151 284 3170; x_wconf 65' lang='grc'>1.-</span> <span class='ocrx_word' id='word_1_1250' title='bbox 296 3152 330 3169; x_wconf 75' lang='lat' dir='ltr'>ex</span> <span class='ocrx_word' id='word_1_1251' title='bbox 342 3143 476 3171; x_wconf 67' lang='lat' dir='ltr'>St&#39;ewecli.</span> <span class='ocrx_word' id='word_1_1252' title='bbox 487 3142 556 3169; x_wconf 88' lang='lat' dir='ltr'>libro</span> <span class='ocrx_word' id='word_1_1253' title='bbox 567 3143 633 3178; x_wconf 78' lang='lat' dir='ltr'>legit</span> <span class='ocrx_word' id='word_1_1254' title='bbox 646 3144 778 3176; x_wconf 64' lang='lat' dir='ltr'>‚Jkdfiilum</span> <span class='ocrx_word' id='word_1_1255' title='bbox 786 3144 935 3178; x_wconf 51' lang='lat' dir='ltr'>belligerandi·</span> <span class='ocrx_word' id='word_1_1256' title='bbox 944 3145 1050 3177; x_wconf 61' lang='lat' dir='ltr'>niutaff‘e.</span> <span class='ocrx_word' id='word_1_1257' title='bbox 1071 3150 1101 3170; x_wconf 88' lang='lat' dir='ltr'>ut</span> <span class='ocrx_word' id='word_1_1258' title='bbox 1110 3143 1139 3168; x_wconf 86' lang='lat'>&amp;</span> 
     </span>
     <span class='ocr_line' id='line_1_145' title="bbox 178 3178 1142 3217; baseline -0.002 -9"><span class='ocrx_word' id='word_1_1259' title='bbox 178 3178 268 3215; x_wconf 65' lang='lat' dir='ltr'>paulic&gt;</span> <span class='ocrx_word' id='word_1_1260' title='bbox 279 3179 353 3217; x_wconf 72' lang='lat' dir='ltr'>post:</span> <span class='ocrx_word' id='word_1_1261' title='bbox 375 3181 476 3208; x_wconf 74' lang='lat' dir='ltr'>hemines</span> <span class='ocrx_word' id='word_1_1262' title='bbox 486 3181 530 3207; x_wconf 59' lang='grc' dir='ltr'>αἰαὶ</span> <span class='ocrx_word' id='word_1_1263' title='bbox 541 3180 661 3216; x_wconf 74' lang='lat' dir='ltr'>fatiscunt</span> <span class='ocrx_word' id='word_1_1264' title='bbox 671 3190 678 3204; x_wconf 89' lang='lat'><em>:</em></span> <span class='ocrx_word' id='word_1_1265' title='bbox 695 3188 744 3216; x_wconf 84' lang='lat' dir='ltr'>pro</span> <span class='ocrx_word' id='word_1_1266' title='bbox 754 3180 845 3216; x_wconf 83' lang='lat' dir='ltr'>quoin</span> <span class='ocrx_word' id='word_1_1267' title='bbox 855 3179 931 3211; x_wconf 73' lang='lat' dir='ltr'>libris</span> <span class='ocrx_word' id='word_1_1268' title='bbox 941 3180 1000 3210; x_wconf 72' lang='grc' dir='ltr'><strong>111Πῖ</strong></span> <span class='ocrx_word' id='word_1_1269' title='bbox 1019 3182 1065 3208; x_wconf 75' lang='lat' dir='ltr'>alii</span> <span class='ocrx_word' id='word_1_1270' title='bbox 1075 3181 1142 3216; x_wconf 72' lang='lat' dir='ltr'>fat&#39;lc&#39;</span> 
     </span>
    </p>
   </div>
   <div class='ocr_carea' id='block_1_23' title="bbox 1183 3137 2144 3237">
    <p class='ocr_par' dir='ltr' id='par_1_29' title="bbox 1183 3137 2144 3237">
     <span class='ocr_line' id='line_1_146' title="bbox 1183 3137 2141 3174; baseline -0.003 -7"><span class='ocrx_word' id='word_1_1271' title='bbox 1183 3142 1219 3167; x_wconf 85' lang='lat' dir='ltr'>cis</span> <span class='ocrx_word' id='word_1_1272' title='bbox 1229 3140 1390 3167; x_wconf 68' lang='lat' dir='ltr'>au&amp;or·itate</span> <span class='ocrx_word' id='word_1_1273' title='bbox 1401 3138 1513 3166; x_wconf 77' lang='lat' dir='ltr'>fundare</span> <span class='ocrx_word' id='word_1_1274' title='bbox 1524 3139 1669 3165; x_wconf 83' lang='lat' dir='ltr'>noluimus.</span> <span class='ocrx_word' id='word_1_1275' title='bbox 1692 3139 1806 3174; x_wconf 73' lang='lat' dir='ltr'>Epistola</span> <span class='ocrx_word' id='word_1_1276' title='bbox 1816 3148 1880 3165; x_wconf 83' lang='lat' dir='ltr'>xiv.</span> <span class='ocrx_word' id='word_1_1277' title='bbox 1901 3147 1934 3165; x_wconf 85' lang='lat' dir='ltr'>ex</span> <span class='ocrx_word' id='word_1_1278' title='bbox 1951 3137 2066 3173; x_wconf 81' lang='lat' dir='ltr'>vestigiis</span> <span class='ocrx_word' id='word_1_1279' title='bbox 2080 3138 2141 3165; x_wconf 80' lang='lat' dir='ltr'>Ste—</span> 
     </span>
     <span class='ocr_line' id='line_1_147' title="bbox 1184 3175 2144 3236; baseline -0.008 -30"><span class='ocrx_word' id='word_1_1280' title='bbox 1184 3177 1271 3208; x_wconf 76' lang='lat' dir='ltr'>wech.</span> <span class='ocrx_word' id='word_1_1281' title='bbox 1291 3177 1415 3214; x_wconf 71' lang='lat' dir='ltr'>Hittorp.</span> <span class='ocrx_word' id='word_1_1282' title='bbox 1426 3176 1494 3213; x_wconf 75' lang='lat' dir='ltr'>legit</span> <span class='ocrx_word' id='word_1_1283' title='bbox 1503 3175 1635 3205; x_wconf 84' lang='lat' dir='ltr'>Gulielm.</span> <span class='ocrx_word' id='word_1_1284' title='bbox 1654 3175 2144 3236; x_wconf 35' lang='lat' dir='ltr'>Novitumoresmunusve-iarah&amp;</span> 
     </span>
     <span class='ocr_line' id='line_1_148' title="bbox 2052 3217 2076 3237; baseline 0 0"><span class='ocrx_word' id='word_1_1285' title='bbox 2052 3217 2076 3237; x_wconf 69' lang='lat'>1·</span> 
     </span>
    </p>
   </div>
   <div class='ocr_carea' id='block_1_24' title="bbox 2331 879 2337 1453">
    <p class='ocr_par' dir='ltr' id='par_1_30' title="bbox 2331 879 2337 1453">
     <span class='ocr_line' id='line_1_149' title="bbox 2331 879 2337 1453; baseline 0 0"><span class='ocrx_word' id='word_1_1286' title='bbox 2331 879 2337 1453; x_wconf 95' lang='lat' dir='ltr'> </span> 
     </span>
    </p>
   </div>
   <div class='ocr_carea' id='block_1_25' title="bbox 2296 1449 2337 3400">
    <p class='ocr_par' dir='ltr' id='par_1_31' title="bbox 2296 1449 2337 3400">
     <span class='ocr_line' id='line_1_150' title="bbox 2296 1449 2337 3400; baseline 0 0"><span class='ocrx_word' id='word_1_1287' title='bbox 2296 1449 2337 3400; x_wconf 95' lang='lat' dir='ltr'> </span> 
     </span>
    </p>
   </div>
  </div>
 </body>
</html>
