2337 3400
131 704 146 736 ke,

156 125 256 186 576
576 120 646 168 M.
727 119 776 166 T
815 135 846 165 u
883 135 911 166 L
948 134 977 166 L
1016 135 1034 166 1
1072 135 1089 166 1

153 204 223 246 fiffi.
248 208 321 234 Eece
333 204 414 233 enim
425 200 674 242 Kalendisjuniis
685 221 693 234 ‚
712 201 823 241 quibus
839 209 871 231 ut
879 198 1046 231 adessemus
1056 198 1121 231 edi·

158 255 258 279 >teram
277 254 387 275 murata
398 245 515 272 omnia:
537 243 614 272 nihil
624 253 675 282 per
686 243 831 275 senatum,
847 246 855 262 ¹
867 243 961 272 inulta
972 243 1004 272 <Sc
1016 251 1122 284 magna

161 298 213 328 per
223 288 368 326 populum
381 304 389 315 ,
401 285 432 314 Sc
443 285 560 314 absente
572 285 685 323 populo
699 303 708 317 ,
723 284 755 314 ὃς
767 286 876 314 invito.
901 284 1038 314 consules
1048 282 1123 314 desi-

162 340 201 370 gn
212 337 240 357 iti
257 329 282 357 se
302 327 406 356 iuvit-rc
419 326 605 367 negabantin
618 327 752 356 senatum
764 328 884 355 venire:
908 328 1006 365 patriae
1019 325 1124 356 libera-

165 379 242 399 tores
260 373 272 387 ²
284 369 354 397 urbe
371 368 507 397 careban:
527 378 577 399 ea,
601 367 685 407 cujus
697 367 712 396 {i
727 367 892 397 cervicibus
901 369 1008 408 jugum
1019 367 1124 398 servile

165 411 332 449 deiecerant
344 420 349 437 2
362 419 437 449 quos
449 418 549 439 tamen
561 407 613 448 ipsi
624 409 761 439 consules
773 409 804 439 Sc
816 411 848 439 in
859 409 1060 439 concionibus
1071 429 1078 442 ‚
1092 408 1124 439 &

165 453 197 481 in
216 454 302 481 omni
317 451 453 480 sermone
467 450 635 480 laudabant.
659 454 672 478 3
684 453 821 480 Veterani
836 471 844 484 ,
865 453 916 492 qui
928 451 1125 491 appellantur,

164 493 273 533 quibus
285 494 332 522 hic
344 492 418 522 ordo
429 491 657 534 diligentiilime
667 501 793 526 caverat,
805 502 868 522 non
879 492 913 522 ad
924 493 1126 523 conservatio-

165 545 238 565 nem
251 545 291 564 cai
300 544 350 563 um
363 544 461 563 rerum
473 554 480 567 ‚
504 543 576 574 quas
594 534 740 564 habebant
750 554 758 567 ‚
783 534 830 564 sed
842 534 875 564 ad
888 535 968 574 spem
979 544 1126 565 novarum

165 576 327 616 psai-:larum
341 576 552 606 incitabantur.
563 577 637 616 Qae
646 575 716 605 cum
727 576 825 605 audire
836 577 970 610 mallem,
981 576 1073 617 quam
1083 578 1127 606 vi—

165 618 246 650 dere,
261 618 458 658 haberemque
469 618 519 656 jus
531 617 686 659 legationis
696 618 838 651 liberum,
849 628 880 647 ea
892 628 993 647 mente
1004 616 1128 650 discesti,

166 668 199 688 ut
209 658 337 688 adt-ilem
350 659 746 700 KaleiidisJaniiariis‚quod
757 661 882 690 initium
893 661 1008 690 senatus
1019 669 1129 700 cogen-

166 701 197 731 di
209 700 272 730 fore
282 701 445 731 videbatur.
491 701 645 741 Exposui,
666 704 695 732 P.
707 703 738 731 C.
750 701 949 741 profe8nonis
958 699 1127 731 consilium:

166 753 248 772 nunc
264 741 437 772 reversionis
451 762 460 776 ‚
476 753 543 784 quae
561 744 627 782 plus
648 743 853 772 admirationis
873 742 978 775 habet,
1000 743 1129 772 breviter

164 794 331 824 exponam.
355 784 433 815 Cum
444 783 633 814 Brundifium
646 805 654 817 ,
667 786 779 824 iterque
790 783 874 817 illud,
886 784 968 824 quod
979 785 1082 813 tritum
1095 786 1127 813 in

167 828 313 856 Graeciam
326 825 368 856 est
378 846 386 859 ‚
407 835 473 856 non
483 824 542 856 sine
554 825 636 856 causa
649 824 816 856 vitaviss'em
829 845 836 859 ,
853 826 996 855 Kalendis
1005 826 1128 855 sextili-

165 867 222 898 bus
234 869 302 897 veni
315 868 465 907 Syracusas
476 887 486 902 ‚
503 866 587 909 quod
605 867 642 897 ab
663 867 735 897 urbe
753 877 786 897 ea
806 865 986 897 transmissio
1001 869 1031 896 in
1045 869 1128 897 Gra:-

167 911 244 939 ciam
267 910 445 939 laudabatur.
478 920 544 950 quae
562 918 662 938 tamen
684 908 752 938 uibs
772 909 850 938 milii
867 907 1124 948 conjun&iffima‚

162 952 235 991 plus
254 961 312 981 una
329 961 378 981 me
395 950 485 981 noete
497 953 621 990 cupiens
635 952 780 984 retinere,
803 960 867 981 non
878 954 989 990 potuit.
1013 953 1126 981 veritus

166 993 233 1023 sum
246 1013 254 1026 ‚
280 1003 317 1022 ne
331 1003 416 1022 meus
435 996 608 1031 repentinus
623 992 657 1022 ad
676 1001 761 1022 meos
781 991 955 1023 necessarios
966 992 1122 1025 adventus,

160 1035 320 1075 suspiciones
329 1034 440 1074 aliquid
454 1032 569 1064 afferret
578 1053 586 1067 ‚
610 1031 629 1063 si
640 1033 730 1063 estem
742 1044 957 1065 commoratus.
982 1033 1059 1065 Cum
1071 1044 1124 1064 au-

166 1086 227 1106 tem
240 1087 288 1105 rne
298 1087 335 1106 ex
349 1076 447 1106 Sicilia
456 1075 490 1104 ad
501 1077 728 1114 Leucopetram,
734 1076 814 1116 quod
823 1076 867 1107 est
875 1078 1120 1117 promontorium

165 1120 226 1159 agri
242 1119 372 1158 Rhegini
384 1137 392 1150 ,
410 1118 491 1146 venti
503 1116 691 1147 detuliss'ent:
711 1118 747 1148 ab
757 1128 794 1148 eo
807 1118 875 1148 loco
889 1118 1070 1151 conscendi,
1092 1127 1123 1147 ut

167 1159 414 1189 transmitterem:
432 1168 487 1187 nec
497 1161 536 1188 ita
550 1157 685 1188 multum
695 1159 855 1199 proveaus
866 1180 874 1193 ,
887 1160 1014 1199 rejetfftus
1024 1158 1121 1189 austro

164 1201 231 1231 sum
244 1203 274 1229 in
286 1210 354 1230 eum
377 1199 476 1239 ipsum
490 1201 589 1230 locum
602 1220 610 1233 ,
631 1201 711 1231 unde
721 1201 967 1232 conscenderam.
992 1210 1122 1240 cumque

163 1241 345 1281 intempesta
353 1251 417 1279 noir
431 1240 512 1279 estet,
526 1240 755 1283 mansissemque
765 1244 798 1272 in
811 1243 881 1273 villa
895 1246 924 1273 P.
937 1243 1058 1274 Valerii,
1071 1252 1124 1271 co-

165 1285 250 1313 mitis
262 1304 270 1316 ‚
284 1283 483 1314 &familiaris
493 1286 574 1316 mei,
585 1283 787 1325 postridieque
797 1284 873 1324 apud
883 1283 1016 1314 eundem
1027 1303 1034 1317 ,
1048 1293 1124 1313 ven-

165 1334 232 1355 tum
243 1325 429 1366 exspeCmns,
444 1333 616 1355 manerem:
633 1327 801 1366 municipes
812 1327 944 1367 Rhegini
953 1326 1125 1364 complures

161 1366 202 1398 ad
212 1377 262 1397 me
272 1377 421 1397 venerunt
433 1378 439 1396 2
452 1377 490 1397 ex
505 1368 551 1397 his
563 1367 686 1407 quidam
700 1369 801 1398 Roma
813 1377 944 1398 recentes
959 1377 965 1396 ε
985 1367 1002 1397 a
1012 1366 1123 1408 quibus

165 1407 302 1450 primum
312 1411 425 1449 aceipio
436 1411 480 1438 M.
493 1411 620 1439 Antonii
630 1411 812 1440 concionem
825 1420 831 1438 ε
847 1420 911 1451 quae
922 1411 963 1439 ita
974 1410 1050 1438 mihi
1062 1410 1125 1449 pla-

167 1453 243 1483 cuit,
258 1460 301 1485 ut,
317 1461 348 1480 ea
359 1450 434 1481 lecta
443 1471 452 1484 ‚
463 1451 499 1481 de
509 1450 677 1481 reversione
685 1451 820 1490 primum
831 1454 975 1491 coeperim
986 1460 1123 1492 cogitare.

165 1502 222 1522 nec
233 1492 332 1522 multo
343 1492 410 1532 post
421 1492 555 1522 edietum
566 1494 648 1522 Bruti
656 1491 775 1523 affertur
785 1513 793 1527 ‚
807 1493 839 1523 &
850 1492 944 1522 Caffii.
967 1494 1048 1533 quod
1056 1494 1123 1533 qui-

167 1533 239 1564 dem
254 1535 333 1564 mihi
345 1555 353 1567 ‚
371 1533 495 1564 fortasse
504 1533 587 1574 quod
598 1544 649 1564 eos
662 1536 751 1564 etiam
762 1535 829 1574 plus
849 1535 918 1574 reip.
932 1538 1023 1575 quam
1035 1534 1123 1564 fami-

165 1575 302 1606 liaritatis
315 1578 405 1615 gratia
417 1596 425 1608 ‚
437 1576 532 1616 diligo
544 1595 552 1608 ,
563 1575 678 1616 plenum
686 1576 825 1616 aquitatu
834 1576 999 1607 videbatur.
1023 1576 1124 1606 Adde-

168 1617 384 1656 bantpraeterea
395 1616 441 1655 (fit
450 1619 532 1646 enim
543 1619 732 1657 plerumque,
744 1619 805 1649 utii
818 1637 826 1651 >
835 1621 886 1658 qui
903 1618 975 1648 boni
986 1617 1059 1659 quid
1068 1626 1123 1647 vo·

167 1659 236 1689 lunt
244 1657 358 1692 afferre,
371 1658 509 1699 affingant
518 1658 705 1699 aliquid,quo
715 1658 824 1689 faciant
833 1659 960 1702 id‚quod
971 1661 1122 1693 nuntiant,

167 1700 279 1740 latius)
297 1703 314 1726 4
327 1709 390 1729 rem
402 1709 620 1730 conventuram
633 1711 639 1730 z
659 1700 803 1731 Kalendis
813 1701 978 1732 Sexnlibus
991 1701 1122 1731 senatum

167 1740 357 1781 frequentem
368 1741 433 1772 fore
446 1752 451 1771 t
472 1741 643 1773 Antonium
656 1763 663 1777 ,
675 1743 836 1783 repudiatis
847 1746 933 1774 malis
945 1743 1120 1781 suasoribus,

167 1782 294 1813 remiffis
305 1783 413 1814 Galliis
423 1786 586 1824 provinciis
597 1805 605 1819 ‚
621 1785 656 1815 ad
666 1784 872 1816 auctoritatem
883 1786 998 1815 senatus
1009 1782 1066 1814 ess'e
1079 1795 1125 1814 re—

130 1827 156 1860 4
170 1824 314 1855 diturum.
338 1828 421 1855 Tum
436 1824 506 1855 verb
518 1835 596 1856 tanta
604 1826 669 1856 sum
680 1827 839 1866 cupiditate
850 1827 987 1857 incensus
997 1826 1033 1856 ad
1047 1826 1125 1856 redi-

168 1875 235 1897 tum
245 1886 253 1900 ,
273 1876 305 1896 ut
316 1867 481 1896 mihimilli
491 1877 589 1908 neque
599 1870 674 1898 remi
686 1888 694 1901 ‚
706 1878 803 1908 neque
816 1871 899 1898 venti
911 1867 1123 1899 satisfacerent:

167 1918 234 1938 non
243 1918 303 1949 quo
321 1918 371 1938 me
387 1908 423 1938 ad
440 1917 560 1948 tempus
578 1910 769 1940 occursurum
786 1919 920 1950 putarem
933 1930 942 1943 ‚
958 1910 1007 1939 sed
1020 1919 1058 1939 ne
1069 1918 1125 1939 tar-

169 1948 239 1980 dius
251 1970 259 1983 ‚
270 1949 360 1990 quam
371 1960 510 1990 cuperem
522 1971 530 1984 ‚
544 1953 614 1991 reip.
626 1952 793 1993 gratularer.
818 1955 916 1992 Atque
927 1962 981 1993 ego
991 1951 1126 1982 celeriter

168 1991 288 2022 Veliam
300 1991 442 2022 devenus
452 2012 460 2025 ,
476 1995 601 2023 Brutum
614 1994 675 2023 vidi
687 2013 696 2027 ,
707 2002 819 2034 quanto
831 2004 902 2024 meo
911 1993 1033 2026 dolore,
1060 2002 1124 2023 non

169 2032 251 2063 dieo.
269 2041 349 2074 turpe
359 2035 437 2064 mini
455 2033 506 2074 ipsi
524 2034 697 2069 videbatur,
717 2039 749 2065 in
761 2046 826 2066 eam
838 2036 942 2066 urbem
961 2046 1010 2065 me
1019 2035 1126 2068 audere

169 2077 296 2109 reverti,
309 2080 321 2103 5
333 2086 369 2105 ex
379 2086 437 2117 qua
446 2077 554 2106 Brutus
564 2077 680 2108 cederet
692 2088 697 2106 :
719 2079 751 2107 δε
762 2078 804 2107 ibi
812 2078 890 2108 velle
902 2076 968 2108 tuto
979 2076 1037 2107 effe
1049 2097 1057 2111 ‚
1075 2077 1125 2107 ubi

170 2117 224 2146 ille
234 2127 298 2147 non
310 2116 523 2158 poffecNeque
533 2118 606 2148 vero
615 2119 706 2149 illum
718 2117 952 2161 similiter-,atque
962 2119 1022 2159 ipse
1032 2129 1126 2153 eram,

172 2167 366 2189 commotum
378 2158 434 2189 effe
450 2160 523 2190 vidi.
541 2160 655 2190 erastus
665 2164 747 2190 enim
760 2163 889 2192 maximi
901 2182 908 2195 ‚
920 2172 953 2191 ac
963 2162 1126 2202 pulcherri—

172 2202 218 2229 mi
227 2199 296 2230 fasti
307 2201 482 2240 conscientia,
496 2202 574 2231 nihil
582 2202 619 2232 de
629 2203 682 2232 suo
692 2203 757 2233 casu
770 2223 778 2236 ‚
791 2204 886 2233 multa
896 2203 932 2233 de
942 2202 1045 2233 nostro
1055 2212 1128 2243 que-

171 2241 299 2272 rebatur.
323 2245 368 2272 Ex
379 2253 438 2283 quo
451 2243 586 2282 primum
601 2247 731 2285 cognovi
743 2265 751 2278 ,
773 2255 837 2285 quae
848 2244 991 2275 Kalendis
1005 2246 1127 2275 SeXtili-

172 2281 272 2314 busin
283 2283 382 2314 senatu
392 2283 492 2314 fuifl'et
511 2287 548 2314 L.
560 2285 677 2315 Pisonis
687 2288 782 2316 oratio
795 2297 800 2314 1
821 2288 872 2327 qui
882 2296 1064 2327 quamquam
1077 2296 1127 2325 pa—

169 2335 241 2356 mm
252 2334 310 2355 erat
329 2325 372 2363 (id
391 2328 475 2355 enirn
495 2327 594 2366 ipsum
614 2328 628 2356 a
642 2328 732 2357 Bruto
750 2327 915 2366 audieram)
932 2327 1065 2367 aquibus
1075 2327 1127 2357 de-

172 2367 279 2397 buerat
288 2387 297 2400 ‚
307 2367 443 2406 adjutus:
464 2377 563 2398 tamen
578 2367 611 2398 &
621 2370 704 2398 Bruti
714 2367 890 2398 testimonio
906 2370 978 2409 (quo
989 2368 1061 2409 quid
1071 2378 1126 2408 po-

173 2407 229 2438 test
239 2407 297 2438 effe
305 2410 422 2450 gravius
433 2410 461 2449 ?)
481 2409 514 2440 &
524 2412 667 2440 omnium
686 2412 898 2449 praedicatione
910 2430 919 2443 ,
939 2420 1016 2450 quos
1026 2408 1127 2449 postea

172 2449 255 2484 vidi,
278 2460 416 2491 magnam
428 2451 808 2492 mihividebaturgloriam
825 2452 1012 2482 consecutus.
1037 2454 1127 2481 Hunc

173 2492 265 2532 igitur
277 2501 308 2522 ut
316 2493 450 2533 sequerer
459 2513 468 2525 ,
480 2495 646 2532 properavi,
657 2503 749 2534 quem
762 2494 917 2534 praesentes
932 2504 995 2524 non
1007 2494 1075 2523 sunt
1085 2492 1126 2522 se-

176 2535 254 2562 cuti:
274 2543 337 2563 non
349 2544 380 2564 ut
390 2532 568 2574 proficerem
579 2535 691 2575 aliquid
710 2534 819 2576 (neque
828 2537 912 2565 enim
923 2535 1072 2575 sperabam
1084 2534 1125 2567 id,

178 2583 275 2614 neque
294 2575 426 2614 praestare
446 2578 594 2616 poteram)
613 2577 660 2606 sed
671 2586 702 2606 ut
716 2597 725 2610 ‚
744 2575 763 2606 fi
774 2577 845 2618 quid
858 2578 935 2607 mihi
954 2574 1129 2607 humanitus

175 2615 324 2646 accidisset
340 2617 448 2655 (multa
456 2627 556 2648 autem
568 2619 741 2658 impendere
751 2618 927 2649 videbantur
941 2626 1035 2660 preter
1044 2626 1130 2647 natu—

174 2666 237 2686 ram
247 2659 348 2691 etiam,
358 2668 520 2700 praeterque
528 2658 638 2700 fatum)
649 2661 738 2700 hujus
747 2660 808 2691 diei
818 2670 928 2691 vocem
940 2659 1045 2691 testem
1055 2661 1128 2699 reip.

1171 118 1710 169 C1cERouis

1161 198 1361 239 relinquerem
1383 208 1457 229 meae
1471 208 1616 239 perpetuae
1635 209 1699 242 erga
1713 200 1741 240 se
1758 199 1932 232 voluntatis.
1959 200 2112 247 Qoniam

1164 241 1316 281 utriusque
1324 238 1440 270 consilii
1450 241 1566 271 causam
1577 261 1586 275 ,
1605 245 1636 273 Ρ.
1647 245 1678 272 C.
1690 243 1844 282 probatam
1857 243 1943 273 vobis
1952 242 2009 273 este
2017 242 2116 274 confi.-

1164 282 1204 313 do
1217 302 1225 315 ‚
1237 291 1316 321 prius
1326 282 1417 321 quam
1431 281 1467 311 de
1478 291 1537 322 rep.
1549 282 1644 314 dicere
1654 285 1768 324 incipio
1780 304 1788 317 ,
1800 294 1889 324 pauca
1901 294 2005 326 querar
2015 284 2051 315 de
2060 285 2116 314 he-

1167 323 1262 354 sterna
1273 326 1300 352 Μ
1309 325 1447 352 ..Antonii
1457 324 1629 362 injui·ia‚cui
1642 325 1707 355 sum
1718 327 1839 356 amicus.
1853 324 1867 347 ⁶
1876 327 1966 368 idque
1976 336 2025 356 me
2035 335 2115 356 non-

1167 366 1254 395 nullo
1265 366 1328 404 ejus
1347 362 1451 394 officio
1470 364 1576 395 debere
1589 364 1646 395 effe
1656 386 1664 400 ‚
1684 377 1742 406 psae
1754 377 1802 397 me
1813 369 1927 408 semper
1938 369 2002 398 tuli.
2031 366 2114 408 Qid
2133 372 2155 404 5

1168 407 1287 438 tandem
1298 415 1357 436 erat
1370 407 1460 436 causae
1470 426 1478 440 ‚
1493 409 1586 437 curin
1599 407 1731 438 senatum
1750 409 1889 440 hesterno
1899 409 1948 440 die
1961 419 2019 440 tam
2036 418 2117 440 acer·

1170 449 1206 479 be
1217 451 1357 488 cogerer?
1370 447 1488 478 solusne
1501 448 1617 479 aberam
1629 453 1640 478 2
1655 459 1692 479 an
1702 460 1766 480 non
1781 451 1854 492 saepe
1865 450 1968 482 minus
1977 451 2119 492 frequen-

1169 500 1212 521 tes
1229 489 1325 519 fuistis
1337 492 1346 518 ?
1363 499 1400 519 an
1420 499 1452 520 ea
1470 498 1515 519 res
1536 490 1671 532 agebatur
1683 511 1692 524 ,
1714 501 1746 521 ut
1765 494 1854 522 etiam
1877 503 2002 535 aegrotos
2019 492 2120 532 deferri

1168 534 1337 572 oporteret?
1353 531 1496 564 Annibal,
1508 531 1607 566 credo,
1618 541 1677 562 erat
1686 532 1721 562 ad
1730 542 1841 572 portas,
1850 544 1898 564 aut
1909 535 1945 565 de
1956 536 2058 575 Pyrrhi
2067 543 2120 574 pa-

1167 584 1200 604 ce
1212 574 1365 615 agebatur:
1390 573 1425 602 ad
1435 582 1525 613 quam
1540 574 1657 603 causam
1669 576 1759 603 etiam
1770 578 1903 614 Appium
1918 576 2009 606 illum
2021 577 2053 606 &
2063 586 2120 606 cae-

1169 626 1239 646 cum
1253 635 1261 649 ‚
1277 615 1309 645 ὃς
1320 615 1421 644 senem
1436 635 1444 649 ‚
1456 614 1589 644 delatum
1599 613 1657 644 effe
1668 618 1824 646 memoriae
1834 617 1985 656 proditum
1996 617 2047 648 est.
2071 620 2121 647 De

1170 657 1435 697 supplicationibus
1453 655 1646 686 referebatur:
1665 659 1770 696 quoin
1786 667 1894 698 genere
1911 660 2056 689 senatores
2066 659 2121 689 de-

1170 698 1227 729 ess'e
1239 708 1303 729 nou
1314 699 1419 728 solent.
1438 706 1586 739 coguntur
1604 699 1688 728 enim
1707 708 1770 728 non
1788 700 1968 740 pignoribus
1977 720 1986 734 ‚
2002 701 2049 730 sed
2066 711 2120 731 eo-

1169 751 1251 774 rum,
1263 750 1394 781 quorum
1405 740 1441 770 de
1449 741 1566 769 honore
1574 749 1679 781 agitur,
1690 742 1780 780 gratia
1791 753 1795 769 ;
1810 740 1890 780 quod
1899 740 1981 772 idem
1992 741 2034 775 fit,
2047 741 2120 772 curn

1169 782 1205 811 de
1215 783 1372 822 triumpho
1385 781 1519 811 refertur.
1542 784 1586 812 Ita
1597 781 1656 811 sine
1666 791 1736 812 cura
1744 783 1880 812 consules
1890 783 1958 813 sunt
1970 804 1979 816 ,
1994 792 2026 812 ut
2034 783 2119 822 paene

1169 823 1297 853 liberum
1317 822 1351 853 fit
1365 824 1491 854 senatori
1512 833 1577 853 non
1596 822 1700 853 adess'e.
1720 825 1850 864 quicum
1863 826 1940 854 mihi
1951 835 2019 855 mos
2030 833 2122 855 notus

1168 863 1250 899 effer,
1265 875 1394 906 cumque
1407 865 1444 896 de
1458 867 1507 895 via
1519 865 1691 907 languerem
1702 885 1710 899 ‚
1725 866 2120 907 &mihimetdispliceremz
2158 895 2162 899 ,

1167 905 1245 941 misi,
1255 917 1309 947 pro
1320 909 1462 940 amicitia,
1473 909 1526 947 qui
1536 908 1594 937 hoc
1603 906 1740 937 ediceret.
1763 911 1803 938 At
1813 909 1864 937 ille
1874 927 1883 942 ,
1897 909 1984 938 vobis
1994 908 2121 939 audien-

1167 948 1264 982 tibus,
1281 959 1350 979 cum
1361 948 1452 978 fabris
1468 949 1495 978 se
1516 948 1645 978 domum
1662 958 1762 979 meam
1782 958 1946 980 venturum
1962 948 2019 980 effe
2029 949 2119 980 dixit.

1167 992 1272 1020 Nimis
1281 990 1423 1020 iracunde
1434 991 1491 1021 hoc
1499 990 1671 1031 quidem&
1683 991 1770 1021 valde
1780 993 2022 1032 intemperanter.
2032 991 2121 1031 cuius

1164 1035 1247 1062 enim
1261 1031 1401 1062 maleficii
1412 1031 1462 1062 ista
1475 1041 1564 1072 poena
1572 1031 1615 1062 est
1625 1052 1633 1066 ‚
1648 1041 1680 1062 ut
1693 1032 1835 1063 dicerem
1845 1034 1903 1064 hoc
1912 1034 2018 1064 ordine
2029 1033 2120 1063 aude-

1163 1083 1207 1103 ret
1219 1094 1227 1107 ,
1249 1074 1277 1103 se
1296 1073 1424 1113 publicis
1442 1076 1540 1113 operis
1558 1073 1792 1104 disturbaturum
1811 1075 1931 1114 publice
1950 1085 1988 1105 ex
2001 1076 2119 1106 senatus

1166 1115 1310 1145 sententia
1329 1113 1504 1145 aedificatam
1517 1115 1668 1145 domum?
1687 1117 1754 1156 quis
1763 1126 1864 1146 autem
1875 1127 2018 1157 umquam
2037 1124 2119 1146 tanto

1162 1156 1262 1185 damno
1274 1156 1440 1186 senatorem
1450 1157 1565 1196 coegit?
1579 1165 1628 1186 aut
1637 1158 1710 1196 quid
1719 1156 1762 1186 est
1770 1159 1843 1186 ultra
1852 1160 2025 1198 pignus‚aut
2035 1159 2116 1188 mul-

1164 1207 1224 1228 tam
1236 1201 1246 1227 ?
1256 1199 1308 1238 qui
1318 1195 1338 1226 si
1347 1195 1452 1230 sciss'et,
1465 1207 1555 1237 quam
1567 1198 1745 1228 sententiam
1756 1197 1889 1228 dicturus
1900 1197 1991 1228 ess'em
2002 1219 2010 1233 ‚
2023 1201 2116 1229 remi-

1165 1238 1241 1270 sifl'ec
1253 1239 1367 1279 aliquid
1377 1238 1513 1279 profecto
1525 1238 1559 1268 de
1570 1239 1724 1269 severitate
1732 1242 1869 1280 cogendi.
1897 1242 1945 1270 An
1953 1250 2003 1271 me
2013 1241 2116 1272 cense-
2133 1237 2159 1273 6

1165 1283 1215 1314 tis,
1227 1284 1257 1312 P.
1269 1283 1301 1310 C.
1312 1281 1393 1321 quod
1405 1290 1458 1310 vos
1469 1281 1559 1310 inviti
1570 1280 1661 1311 secuti
1671 1280 1740 1311 estis
1750 1300 1760 1314 ‚
1771 1281 1958 1312 decreturum
1968 1280 2054 1312 fuiffe
2064 1302 2072 1317 ‚
2085 1292 2118 1314 ut

1163 1323 1321 1363 parentalia
1329 1332 1399 1352 cum
1416 1321 1682 1362 supplicationibus
1692 1323 1936 1354 miscerentur3ut
1947 1325 2119 1365 inexpiabi-

1165 1367 1206 1394 les
1216 1365 1377 1405 religiones
1387 1366 1421 1394 in
1432 1374 1523 1404 remp.
1538 1364 1762 1395 inducerentur?
1774 1374 1805 1395 ut
1814 1365 2042 1396 decernerentur
2048 1366 2120 1407 sup·-

1164 1407 1340 1447 plicationes
1359 1416 1550 1436 mortuorum
1563 1408 1574 1435 ?
1592 1411 1607 1434 7
1616 1407 1694 1436 nihil
1705 1407 1774 1437 dico
1788 1427 1797 1440 ‚
1816 1409 1875 1437 cui.
1908 1408 2067 1438 Fueritille
2077 1410 2114 1439 L.

1166 1450 1271 1478 Brutus
1283 1469 1291 1482 ‚
1305 1450 1356 1489 qui
1370 1448 1402 1478 &
1415 1448 1475 1488 ipse
1483 1450 1566 1488 regio
1577 1448 1735 1478 dominatu
1746 1458 1842 1489 remp.
1856 1449 1993 1480 liberavit
2006 1470 2015 1484 ,
2036 1449 2070 1480 &
2079 1451 2116 1481 ad

1165 1489 1293 1520 similem
1305 1499 1458 1523 Virtutem,
1475 1490 1507 1519 δε
1518 1488 1736 1520 similes-ustum
1747 1490 1869 1530 stirpem
1878 1493 1912 1521 in
1921 1492 2013 1531 prope
2025 1493 2119 1532 quin-

1164 1530 1363 1574 gentesimum
1373 1541 1486 1561 annum
1497 1534 1677 1572 propagavit:
1685 1532 1790 1563 adduci
1801 1541 1902 1562 tamen
1910 1543 1975 1563 non
1987 1533 2115 1573 poss'em,

1165 1583 1197 1603 ut
1214 1584 1398 1614 quemquam
1420 1583 1575 1603 moituum
1593 1575 1807 1611 conjungerem
1826 1583 1896 1604 cum
1916 1574 2043 1604 deorum
2055 1576 2116 1605 im-

1162 1617 1338 1648 mortalium
1359 1617 1520 1657 religione:
1542 1610 1556 1634 8
1571 1624 1619 1648 ut,
1646 1616 1731 1652 cujus
1744 1616 1912 1655 sepulcrum
1926 1616 2050 1656 usquam
2061 1625 2118 1647 ex-

1165 1657 1228 1691 stet,
1241 1660 1292 1687 u'oi
1304 1665 1472 1698 parentetur
1482 1677 1490 1690 ‚
1502 1657 1657 1696 eipublice
1667 1657 1856 1696 supplicetur.
1881 1660 1944 1698 Ego
1960 1656 2032 1687 verb
2046 1667 2113 1689 eam

1166 1700 1344 1730 sententiam
1355 1697 1507 1731 dixiss‘em,
1519 1708 1611 1738 patres
1621 1697 1794 1738 conscripti,
1811 1707 1843 1728 ut
1852 1708 1902 1728 me
1911 1698 2048 1729 adversus
2057 1709 2115 1739 po-

1165 1742 1271 1780 pulum
1281 1742 1318 1772 R.
1332 1739 1350 1769 si
1361 1743 1412 1781 qui
1423 1738 1567 1770 accidiss‘et
1578 1742 1695 1781 gravior
1703 1750 1774 1779 reip.
1790 1740 1872 1770 casus
1882 1759 1890 1773 ‚
1911 1739 1931 1769 si
1943 1740 2057 1770 bellum
2066 1761 2075 1775 ‚
2092 1738 2116 1772 fi

1167 1781 1327 1815 morbus,s1
1337 1782 1432 1811 fames
1444 1781 1544 1811 :facile
1556 1779 1671 1821 pofl'em
1681 1779 1850 1810 defendere:
1860 1790 1927 1821 quae
1936 1784 2116 1821 partim‘jam.

1169 1824 1235 1869 sunt
1248 1844 1256 1857 ,
1267 1826 1375 1863 partim
1389 1832 1483 1852 timeo
1492 1833 1530 1852 ne
1540 1824 1747 1862 impendeant.
1770 1821 1826 1853 Sed
1838 1823 1896 1852 hoc
1909 1824 2060 1864 ignoscant
2069 1823 2115 1855 dii

1165 1865 1364 1898 immortales,
1377 1869 1470 1894 velim
1482 1884 1490 1897 ‚
1504 1864 1537 1894 &
1547 1866 1662 1904 populo
1673 1865 1832 1905 Rom-qui
1840 1864 1871 1894 id
1882 1874 1945 1894 non
1953 1865 2069 1905 probat,
2080 1865 2116 1898 δε

1165 1908 1238 1937 huic
1247 1907 1349 1937 ordini
1360 1926 1369 1940 ‚
1389 1916 1441 1947 qui
1456 1905 1579 1935 decrevit
1587 1906 1706 1935 invitus.
1730 1906 1810 1948 Qid
1823 1909 1834 1935 ἓ
1854 1905 1890 1936 de
1904 1908 2026 1948 reliquis
2040 1909 2116 1947 reip.

1167 1949 1256 1979 malis
1271 1949 1379 1979 licetne
1393 1958 1492 1978 uicere
1503 1951 1513 1977 ?
1523 1949 1600 1978 mihi
1611 1946 1761 1982 verbilicet
1771 1968 1780 1982 ,
1792 1948 1948 1988 &semper
1958 1949 2117 1979 licebitdi-

1166 1993 1311 2033 gnitatem
1323 1992 1399 2020 tueri
1413 2010 1422 2024 ‚
1444 1998 1574 2020 mortem
1593 1998 1799 2021 contemnere.
1822 1988 2054 2030 potestasmodb
2064 2000 2117 2021 ve-

1166 2032 1270 2064 niendi
1287 2036 1320 2062 in
1339 2034 1420 2063 hunc
1435 2032 1540 2062 locum
1550 2029 1600 2062 sit:
1619 2031 1915 2072 dicendipericulum
1928 2043 1992 2063 non
2001 2033 2114 2063 recuso.

1167 2079 1264 2116 Atque
1276 2076 1392 2105 utinam
1402 2096 1411 2108 ,
1422 2077 1454 2105 P.
1467 2075 1502 2104 C.
1514 2073 1658 2104 Kalendis
1666 2074 1830 2104 Sextilibus
1839 2072 1932 2104 adeffe
1940 2073 2112 2115 potuissem:

1170 2128 1234 2147 non
1243 2127 1305 2158 quo
1322 2117 1426 2157 profici
1443 2118 1574 2156 potuerit
1589 2116 1702 2156 aliquid
1715 2126 1720 2144 z
1735 2115 1785 2146 sed
1794 2126 1833 2146 ne
1845 2126 1924 2146 unus
1934 2115 2028 2146 modo
2037 2125 2114 2146 con-

1168 2159 1271 2190 sularis
1281 2179 1290 2192 ‚
1301 2159 1382 2199 quod
1391 2169 1460 2188 tum
1469 2158 1575 2188 accidit
1586 2179 1594 2192 ,
1609 2157 1718 2199 dignus
1728 2158 1784 2188 illo
1793 2159 1919 2191 honore,
1931 2158 2039 2198 dignus
2051 2166 2114 2197 rep.

1169 2203 1365 2232 inveniretur.
1388 2203 1453 2242 Qa
1466 2201 1590 2242 quidem
1600 2209 1638 2229 ex
1647 2211 1678 2230 re
1688 2209 1831 2240 magnum
1839 2201 1953 2239 accipio
1964 2199 2115 2234 dolorem,

1168 2244 1309 2273 homines
1326 2241 1516 2282 amplilsimis
1532 2242 1638 2282 populi
1654 2244 1694 2272 R.
1712 2239 1866 2271 beneficiis
1882 2243 1960 2270 ulos.
1986 2242 2021 2270 L.
2032 2241 2116 2271 Piso-

1168 2294 1251 2318 nem,
1261 2284 1368 2314 ducem
1379 2286 1502 2324 optimae
1512 2283 1663 2313 sententia:
1672 2292 1735 2313 non
1744 2282 1868 2312 secutos.
1890 2281 2047 2312 idcircone
2058 2292 2116 2313 nos

1166 2327 1294 2366 populus
1304 2326 1525 2356 R.consuiareis
1535 2324 1618 2357 fecit,
1631 2325 1706 2354 utin
1715 2321 1864 2356 altimum,
1877 2323 2119 2365 amplissimoque

1165 2367 1256 2407 gradu
1266 2366 1420 2406 dignitatis
1429 2367 1517 2396 locati
1529 2384 1537 2398 ‚
1557 2374 1652 2406 remp.
1663 2374 1716 2405 pro
1726 2365 1825 2394 nihilo
1834 2365 2009 2395 haberemus
2021 2369 2032 2395 ?
2052 2375 2117 2397 non

1169 2407 1263 2438 modo
1283 2417 1359 2437 voce
1370 2417 1463 2437 nemo
1481 2408 1516 2436 L.
1528 2407 1630 2437 Pisoni
1646 2405 1809 2437 consularis
1819 2425 1827 2439 ‚
1846 2406 1895 2437 sed
1904 2417 1942 2437 ne
1953 2410 2039 2438 vultu
2049 2409 2120 2448 qui-

1168 2450 1238 2480 dem
1248 2448 1377 2479 assensus
1387 2447 1437 2478 est.
1461 2451 1606 2487 Qiaenam
1622 2446 1764 2487 (malum)
1774 2447 1817 2477 est
1828 2447 1881 2479 ista
1891 2449 2056 2478 voluntaria
2060 2449 2121 2489 firr-

1170 2491 1248 2520 vitus
1260 2495 1271 2520 ἓ
1290 2490 1379 2521 fuerit
1388 2490 1524 2531 quaedam
1535 2489 1698 2520 necessaria.
1722 2499 1777 2520 nec
1786 2500 1842 2531 ego
1852 2492 1910 2521 hoc
1922 2491 1958 2521 ab
1973 2493 2120 2522 omnibus

1170 2535 1205 2563 iis
1217 2531 1361 2566 desidero,
1373 2535 1424 2574 qui
1434 2533 1611 2562 sententiam
1621 2533 1689 2562 loco
1701 2531 1847 2562 consulari
1856 2533 1968 2563 dicunt.
1987 2534 2042 2564 alia
2051 2543 2121 2564 cau-

1173 2576 1199 2605 sa
1209 2574 1251 2604 est
1261 2584 1381 2608 eorum,
1394 2583 1524 2615 quorum
1535 2572 1651 2604 silentio
1662 2573 1793 2615 ignosco:
1803 2575 1859 2604 alia
1867 2584 2122 2616 eorum‚quorum

1172 2626 1278 2647 vocem
1290 2619 1418 2657 requiro.
1437 2626 1513 2656 quos
1531 2616 1655 2656 quidem
1674 2615 1765 2645 doleo
1781 2617 1814 2644 in
1829 2616 2028 2656 suspicionem
2039 2620 2068 2647 P.
2079 2619 2120 2648 R.

1173 2660 1286 2692 venire,
1298 2668 1362 2690 non
1371 2667 1455 2689 metu
1466 2674 1476 2692 5
1487 2661 1503 2686 9
1512 2657 1594 2700 quud
1605 2657 1701 2699 ipsum
1713 2655 1784 2688 effet
1797 2666 1891 2699 turpe,
1903 2658 1952 2689 sed
1962 2659 2056 2689 alium
2067 2659 2124 2730 aliia

1997 2700 2034 2730 de
2043 2709 2095 2730 cau
2111 2710 2128 2732 a

215 2769 239 2786 ι.
258 2746 395 2792 asthma}
403 2771 488 2796 magna
502 2770 545 2795 per
558 2765 667 2797 populum
679 2782 686 2795 ‚
697 2763 724 2794 ὼ
733 2764 825 2796 absente
833 2765 936 2799 populo]
957 2765 1001 2790 Sic
1011 2764 1068 2791 Pal.
1078 2764 1129 2792 sec.
1151 2771 1153 2778 ¹

175 2795 204 2821 S.
217 2796 343 2828 victoris,
354 2798 379 2823 &
393 2799 504 2824 Ferrarii
519 2798 574 2824 mss‘.
586 2809 687 2826 omnes.
701 2799 814 2834 vulgati,
824 2809 864 2832 per
874 2801 957 2833 ipfitm,
967 2801 997 2831 ὠ
1007 2801 1056 2834 ahs.

212 2840 240 2857 2.
261 2834 320 2857 Urbe
329 2835 442 2859 carebant
452 2843 490 2866 ea,
500 2835 566 2869 dm]
587 2836 766 2863 Mauricianus
776 2836 920 2863 omitte-im
930 2845 958 2862 ea
969 2855 977 2868 ,
988 2836 1058 2872 quod
1069 2846 1130 2874 per-

175 2866 262 2904 placet
273 2869 429 2895 §iniit-linio.

213 2911 226 2938 3
235 2923 240 2929 .
259 2907 366 2943 Veterani
376 2909 416 2938 qui
427 2906 596 2940 appellantur]
619 2907 659 2933 lta
670 2907 830 2934 Gulielmius
841 2910 855 2934 ‘e
870 2907 918 2934 suis
932 2908 1035 2943 legebat
1048 2928 1056 2940 ,
1081 2918 1131 2936 non

175 2939 256 2965 male.
277 2938 340 2965 editi
351 2947 438 2966 tamen
448 2941 512 2966 oliin
524 2942 550 2966 &t
564 2943 628 2968 Pali.
650 2943 730 2970 nosti-i
742 2944 808 2970 nihil
824 2943 979 2971 dissentiunt
991 2946 1006 2970 it
1023 2944 1131 2980 vulgata

175 2975 260 3010 prius,
272 2977 465 3008 appellabantur-,-
486 2977 589 3012 prorsus
601 2979 702 3018 inepte.

178 3042 181 3043 .
209 3017 236 3051 43.
257 3014 310 3036 Rem
320 3013 511 3046 con-ncnmmm]
534 3014 611 3039 Hand
622 3018 700 3040 aliter
714 3015 770 3042 1³21.
788 3015 838 3042 sec.
860 3025 911 3043 non
934 3024 963 3043 ut
983 3024 1059 3043 antea
1070 3016 1131 3043 vul-

173 3053 244 3082 gati,
262 3055 332 3078 remp.
344 3055 519 3074 comemumm.
533 3049 677 3086 Sic‘juivius
689 3050 735 3076 lib.
747 3061 816 3077 xxx.
836 3061 864 3076 a:
876 3054 940 3085 spem
952 3053 1034 3086 Jhcere
1049 3055 1131 3086 sapim·

172 3084 236 3107 uitro
245 3085 345 3116 citroque
355 3085 512 3115 agitantibus,
525 3093 571 3108 rem
580 3094 757 3112 conventuram.
777 3095 785 3110 x
796 3087 899 3113 'ide-atur
912 3089 1057 3115 [seim-auius.

195 3121 264 3151 5.Ex
271 3127 320 3151 qna
330 3121 421 3144 Brutm
430 3119 540 3151 cedere-173
546 3121 587 3145 Sic
599 3121 642 3145 Pal
650 3121 807 3157 dempsimus
819 3124 887 3149 enini
901 3125 1048 3155 esraite-emt
1059 3124 1132 3160 vulg.

1169 2764 1244 2791 binus
1255 2765 1282 2790 &
1293 2765 1431 2792 Manutius
1443 2783 1451 2796 ,
1481 2764 1507 2790 ui
1517 2764 1558 2798 ff
1567 2770 1705 2791 mutarunt
1713 2764 1740 2791 in
1749 2768 1836 2790 etiam.-
1852 2762 1960 2790 adduffi
1970 2762 2124 2797 conjeStura

1170 2802 1275 2827 Fau-ni.
1300 2800 1368 2837 quod
1378 2801 1448 2828 idern
1458 2773 1560 2826 dietum
1573 2799 1651 2826 velim
1662 2799 1737 2835 super
1748 2809 1811 2827 voce
1819 2800 1916 2827 ediceret
1925 2819 1934 2832 ‚
1945 2808 2022 2835 quam
2035 2805 2124 2826 muta-

1173 2844 1235 2864 runt
1245 2837 1271 2864 in
1282 2840 1302 2863 ei
1311 2838 1423 2869 dicerent,
1434 2843 1529 2872 praeter
1537 2844 1629 2862 omnes
1640 2836 1731 2862 libros.

1206 2882 1234 2907 7.
1254 2875 1326 2899 Nihil
1339 2873 1387 2899 dico
1396 2873 1458 2907 cui.]
1481 2872 1523 2898 Est
1534 2872 1549 2898 a
1559 2871 1712 2906 coujetffhira
1722 2870 1848 2902 Ferrarii,
1860 2870 2016 2897 confirmita
2026 2869 2123 2898 deiude

1170 2908 1366 2944 exemplaribus
1379 2907 1483 2935 vetustis
1495 2918 1501 2934 ι
1523 2908 1550 2933 &
1561 2906 1688 2933 accedunt
1700 2906 1765 2932 Pali.
1776 2907 1802 2932 in
1815 2906 1907 2942 quibus
1918 2910 1968 2941 qui.

1207 2945 1234 2971 8.
1246 2948 1275 2970 Ut
1285 2945 1488 2979 cty'mftpulcrum
1496 2943 1592 2977 nsquam
1602 2942 1750 2976 exstet‚&c.]
1763 2944 1804 2968 Ita
1814 2943 1881 2968 :ilius
1893 2943 1943 2979 legi
1950 2942 1995 2974 ,est
2005 2941 2036 2968 ad
2049 2950 2123 2970 oram

1172 2980 1340 3007 edLatnbini
1352 2989 1360 3009 3
1374 2980 1460 3016 licque
1469 2978 1580 3006 Mani-it.
1591 2987 1622 3004 ac
1631 2978 1778 3004 &Visun-is
1789 2978 1956 3005 membran-as.
1969 2978 2050 3004 recle.
2062 2986 2121 3005 tain-

1171 3017 1213 3052 git
1224 3025 1325 3043 morem
1337 3016 1500 3042 Romanum.
1520 3014 1578 3040 Diis
1590 3014 1660 3040 enim
1672 3013 1860 3050 liipplieabaut,
1872 3022 1901 3040 ut
1912 3014 2122 3048 Ronitiio‚ciijiis

1170 3052 1294 3088 nusquam
1307 3051 1464 3087 sepulcrum.
1475 3056 1502 3076 :it
1514 3050 1575 3076 viris
1586 3049 1730 3077 illustribus
1741 3049 1774 3075 :id
1784 3049 1930 3086 sepulcrum
1942 3049 2064 3086 cujusque
2074 3058 2121 3086 pa-

1171 3087 1310 3114 rentabant
1322 3106 1330 3118 ,
1342 3094 1370 3113 ut
1381 3086 1472 3116 Tatio,
1484 3085 1556 3116 aliis,
1566 3086 1621 3111 sce.

1205 3131 1233 3158 9,
1253 3123 1319 3156 Qod
1325 3122 1398 3156 'Mirm
1407 3123 1459 3154 effer
1467 3122 1560 3156 rursm]
1578 3121 1699 3148 HaBebat
1707 3121 1735 3147 ἕπε
1745 3121 1814 3150 istud
1825 3122 1882 3152 Pal.
1892 3122 1942 3151 sec.
1953 3122 1981 3149 &
1991 3122 2017 3149 S.
2029 3120 2124 3147 Victo·

207 3154 236 3181 ⁶·
255 3155 325 3190 Mlu‘
334 3165 369 3182 ΜΕ
377 3157 483 3182 nvnm‘uv
493 3173 501 3188 ›
516 3155 567 3186 (ἵπτ-
589 3156 667 3183 debere
676 3160 725 3191 effi.
739 3174 742 3183 v
766 3160 806 3186 lta
817 3160 844 3185 8<
857 3159 948 3187 nostri.
969 3160 1037 3188 male
1049 3161 1132 3187 Lam·
1168 3159 1217 3193 ris,
1227 3166 1292 3187 item
1303 3160 1392 3186 Maur.
1403 3158 1430 3184 ὃ(
1441 3159 1472 3185 i‘.
1483 3167 1536 3185 uon
1548 3165 1577 3186 ut
1589 3158 1711 3194 vulgatur
1721 3160 1765 3187 εῐῖ.

2036 3201 2046 3220 i
2053 3211 2060 3219 .
2074 3194 2128 3219 Nm
