2337 3400
567 132 1073 186 MTuLL11

409 221 541 252 etiamne
553 226 584 249 tu
596 218 647 248 has
657 216 794 256 ineptias,
807 215 904 244 homo
918 211 997 251 (mea
1007 210 1128 240 senten-

159 145 257 196 660

161 227 241 258 luit?
264 222 370 267 Qaeso
382 243 390 256 ‚
849 257 853 261 ¹
1008 253 1011 256 Ι

162 271 214 309 tin)
225 269 342 298 summa
351 264 508 304 prudentia
519 280 527 295 ‚
550 260 647 290 multa
657 260 747 289 etiam
758 255 896 287 dosii-ma
907 274 916 288 ,
936 253 1070 300 plurimo
1081 260 1126 298 re-

166 320 232 342 rum
246 309 309 341 usu,
321 310 330 326 ¹
346 305 424 336 addo
435 303 610 335 urbanitate,
620 310 686 342 quae
696 299 739 330 est
747 300 841 329 virtus
852 318 861 331 ,
878 306 911 327 ut
922 297 1014 327 Stoici
1024 292 1127 324 reens-

168 351 242 382 sxme
254 357 355 390 putant
367 358 372 376 :
395 346 489 377 ullam
499 346 686 385 Appietatem
697 362 705 376 ,
715 349 764 372 aut
774 339 990 371 Lentulitatem
1001 355 1011 370 ‚
1029 335 1126 366 valere

167 391 243 432 apud
254 401 303 421 me
312 390 379 430 plus
388 409 397 423 ‚
412 388 503 429 quam
514 393 691 417 ornamenta
700 383 819 414 virtutis
830 402 838 415 ‚
849 379 1023 411 existimas?
1045 380 1125 425 §um

167 443 201 464 ea
211 433 388 463 consecutus
399 429 541 461 nondum
552 437 632 458 eram
644 447 652 461 ‚
672 435 738 467 quae
750 425 816 455 sunt
825 424 991 453 hominum
1006 428 1129 460 opinio-

169 475 261 507 nibus
279 471 473 514 ampliffima:
510 479 612 501 tamen
631 467 685 498 ista
701 465 795 498 vestra
813 465 942 495 nomina
960 470 1128 504 numquam

170 517 241 548 sum
249 516 428 546 admiratus:
450 515 534 543 viros
542 509 599 541 effe
611 530 619 544 ,
631 511 684 551 qui
694 519 727 540 ea
736 508 825 539 vobis
841 503 1025 547 reliquissent
1035 524 1044 537 ‚
1064 512 1130 533 ma—

170 568 247 600 gnos
257 551 425 588 arbitrabar.
449 554 552 586 Postea
561 551 645 586 vero,
656 560 747 592 quarn
757 551 796 581 'tta
807 549 840 580 δε
850 551 914 589 cepi
925 568 934 582 ,
945 547 978 577 &
986 544 1056 588 geffi
1068 553 1131 575 ma-

170 602 258 631 xima
267 601 392 640 imperia
403 618 411 632 ,
431 606 464 627 ut
475 597 553 626 mihi
572 594 651 625 nihil
660 603 756 634 neque
766 591 801 623 ad
817 592 967 621 honorem
978 609 986 623 ‚
1007 592 1021 608 2
1033 596 1130 627 neque

171 642 207 673 ad
225 642 352 684 gloriam
373 638 588 681 acquirendum
609 644 744 676 putarem
764 645 769 664 ;
797 633 980 673 superiorem
1005 630 1130 672 quidem

173 693 343 725 numquam
355 702 363 716 ‚
384 682 433 713 sed
443 689 544 721 parem
557 678 646 710 vobis
656 687 705 708 me
714 677 826 717 speravi
835 673 894 705 ess’e
903 673 1028 704 fastum.
1054 673 1130 719 Nec,

174 725 348 756 mehercule
357 744 365 758 ,
384 724 470 754 aliter
491 721 556 752 vidi
577 719 747 751 existimare
761 738 769 752 ‚
789 717 839 747 vel
857 718 912 747 Cn.
937 718 1130 754 Pompejum‚

173 778 264 810 quem
276 766 423 797 omnibus
438 785 447 799 ‚
469 765 679 806 quiumquam
691 760 830 792 fuerunt,
853 759 941 788 vell‘⁴
953 755 1132 787 Lentulum,

173 820 265 851 quem
278 806 419 848 mihiipsi
428 815 591 846 antepono>
613 807 662 835 Tu
674 801 692 832 fi
710 803 794 833 aliter
804 798 958 830 existimas
969 818 983 832 ,
997 797 1077 827 nihil
1088 804 1133 825 ei·-

173 854 264 886 rabis,
276 852 296 882 fi
305 853 407 893 paullo
420 847 598 891 dilig-entius
609 848 653 887 (ut
662 846 734 888 quid
747 844 780 875 sit
796 842 922 882 sissima
934 863 943 876 ,
952 841 1026 884 quid
1036 838 1135 887 sitno-

174 896 275 926 bilitas
292 894 454 935 intelligas)
465 890 697 923 Athenodorus,
717 886 864 919 Sandonis
882 884 982 917 filius,
1002 881 1076 924 quid
1094 881 1135 929 'de

175 938 224 968 his
235 937 323 968 rebus
340 936 419 967 dicat
428 933 599 965 attenderis.
621 930 688 963 Sed,
700 939 732 960 ut
742 929 777 959 ad
786 938 849 959 rem
859 927 975 958 redeam
988 945 997 960 ‚
1019 934 1068 954 me
1079 922 1136 953 tibi

175 989 240 1010 non
251 980 385 1010 amicum
404 975 499 1007 modo
510 995 518 1009 ‚
540 973 738 1004 verumetiam
748 969 963 1001 amicissimum
981 965 1136 1010 existimes

175 1022 281 1052 velim.
305 1018 442 1060 profesio
453 1016 598 1048 omnihus
611 1015 687 1044 meis
697 1011 807 1043 officiis
817 1010 946 1042 efficiam
956 1030 965 1045 ,
984 1010 1065 1039 utita
1079 1005 1137 1038 efle

175 1062 246 1094 vere
260 1061 353 1103 postis
367 1061 509 1102 judicare.
541 1060 592 1087 Tu
609 1065 709 1086 autem
724 1053 745 1084 fi
765 1054 796 1084 id
813 1055 873 1095 agis
891 1062 925 1084 ut
948 1053 1051 1082 minus
1071 1057 1137 1078 mea

175 1105 270 1139 causa,
281 1105 355 1134 dum
366 1112 420 1144 ego
430 1099 521 1132 absim
534 1119 542 1133 ‚
558 1099 664 1129 debere
677 1097 816 1130 videaris,
828 1096 918 1137 quam
930 1102 1043 1143 egotua
1053 1090 1137 1121 labo—

176 1148 375 1179 rarimzlibero
390 1155 417 1175 te
428 1144 481 1175 ista
490 1153 567 1174 cura.
590 1141 659 1182 παρ’
671 1139 740 1180 {ml
752 1151 783 1179 ’μ
795 1139 819 1178 ι9
837 1137 934 1174 dmm,
945 1138 985 1169 oi
1001 1146 1032 1164 m
1044 1145 1082 1173 pa
1096 1144 1137 1164 71-

176 1193 290 1232 μήσεσι
303 1213 312 1227 ,
331 1187 465 1231 ‘eglaim
487 1185 525 1217 Δΐ
537 1187 668 1226 μητιέτα
678 1180 757 1217 Zeb'r-
782 1187 812 1215 Si
822 1193 922 1215 autem
932 1190 1034 1213 natura
1047 1188 1077 1209 es
1092 1186 1139 1215 φι-

177 1235 311 1270 λωίτιζῷ·
322 1256 335 1274 ,
352 1235 429 1266 illud
441 1244 504 1265 non
516 1232 651 1274 perficies
660 1251 669 1265 2
687 1240 749 1272 quo
761 1231 864 1258 minus
885 1236 932 1256 tua
942 1225 1025 1271 causa
1034 1223 1138 1272 velim.

177 1282 238 1312 hoc
251 1278 413 1320 assequere,
438 1286 471 1308 ut
481 1296 488 1310 ‚
506 1285 596 1317 quam
610 1283 642 1304 in
655 1282 767 1314 partem
784 1280 813 1301 tu
823 1270 946 1308 accipias
958 1287 965 1300 ‚
982 1274 1086 1312 minus
1099 1265 1141 1312 las

177 1323 295 1353 liorem.
321 1324 393 1351 Haec
407 1319 442 1349 ad
453 1328 481 1349 te
492 1315 589 1358 scripsi
600 1316 734 1346 liberius,
750 1313 842 1344 fretus
853 1309 1037 1355 conscientia
1045 1304 1141 1337 officii

177 1366 261 1398 mei,
280 1363 574 1401 benivolentiaeque:
603 1368 693 1397 quam
714 1356 729 1387 a
745 1365 795 1385 me
811 1361 897 1384 certo
912 1351 1027 1386 iudicio
1047 1348 1141 1379 susce-

179 1416 272 1448 ptam,
284 1405 383 1447 quoad
394 1413 424 1434 tu
435 1404 531 1436 voles,
545 1399 737 1433 conservabo.
760 1396 843 1427 Vale.

287 1464 424 1495 M.T.c.
456 1460 705 1493 PROCONS.
738 1453 1028 1488 s.D.3AP1‘10

532 1501 792 1533 PULCHRO.

214 1585 216 1587 ·
260 1565 320 1593 Τει
334 1581 342 1594 ,
364 1567 511 1601 quantum
524 1567 562 1587 ex
573 1557 631 1586 tuis
642 1556 749 1585 litteris
760 1551 927 1592 intelligere
937 1549 1024 1596 potui
1035 1568 1044 1581 ,
1061 1544 1148 1576 vide-

233 1604 344 1636 )bam,
357 1611 384 1632 te
395 1602 470 1631 lianc
480 1598 639 1639 epistolam
652 1618 660 1630 ,
671 1595 743 1626 cum
756 1595 791 1625 ad
803 1593 908 1624 urbem
920 1590 992 1621 esses
1004 1610 1012 1624 ,
1035 1587 1095 1620 effe
1104 1588 1148 1617 le-

184 1645 305 1676 &urum
317 1664 324 1678 ‚
337 1637 738 1684 refrigeratojam,leviss'imo
749 1638 890 1667 sermone
902 1634 1066 1662 hominum
1078 1639 1147 1670 pro-

183 1687 365 1718 vincialium
381 1696 387 1714 ·.
409 1693 510 1714 tamen
523 1703 530 1717 ‚
546 1692 616 1713 cum
626 1689 658 1711 tu
669 1689 729 1711 tam
740 1679 845 1709 multis
854 1675 954 1706 verbis
963 1674 1000 1705 ad
1010 1683 1060 1703 me
1078 1676 1096 1698 4
1107 1671 1143 1720 de

184 1729 398 1770 improborum
410 1727 545 1757 oratione
558 1721 710 1763 scripsiss‘es
722 1741 730 1756 ,
751 1718 925 1752 faciendum
943 1716 1144 1762 mihiputayn

185 1782 218 1802 ut
235 1772 292 1801 tuis
311 1770 418 1799 litteris
439 1767 523 1798 brevi
545 1765 767 1806 responderem.
796 1761 852 1794 Sed
871 1762 968 1802 prima
977 1758 1039 1789 duo
1053 1765 1148 1797 capita

185 1811 319 1853 epistola:
331 1820 387 1841 tuae
399 1831 407 1843 ,
427 1811 514 1840 tacita
528 1810 606 1839 mihi
616 1805 846 1849 quodammodo
863 1800 1060 1843 relinquenda
1070 1799 1147 1829 sunt.

190 1855 282 1886 Nihil
304 1855 386 1883 enim
398 1851 527 1883 habent,
545 1851 626 1891 quod
647 1847 867 1879 autdesinitum
878 1844 929 1877 sir,
948 1851 998 1874 aut
1014 1850 1147 1888 certum:

188 1895 244 1928 nisi
255 1906 305 1926 me
314 1895 421 1927 vultu,
444 1895 641 1924 taciturnitate
657 1887 827 1933 significass‘e
837 1908 845 1921 ,
867 1887 921 1917 tibi
933 1895 996 1915 nori
1005 1882 1064 1913 esse
1072 1893 1149 1913 ami-

187 1949 259 1970 cum
269 1958 279 1972 ,
301 1937 388 1977 idque
400 1945 455 1975 pro
466 1934 629 1968 tribunali,
647 1943 719 1963 cum
732 1930 846 1972 aliquid
855 1936 1007 1971 ageretur,
1027 1925 1059 1955 &
1070 1934 1149 1954 non-

188 1981 281 2012 nullis
293 1981 326 2010 in
339 1978 490 2009 conviviis
502 1977 631 2016 intelligi
641 1972 782 2015 potuisse.
802 1974 870 2003 Hoc
881 1979 979 2002 totum
991 1967 1069 1998 nihil
1079 1964 1149 2014 esse,

188 2021 308 2064 poss'um
320 2021 487 2061 intelligere
499 2030 505 2048 :
528 2017 577 2049 sed
588 2028 658 2048 cum
670 2015 703 2046 fit
713 2015 791 2046 nihil
806 2036 814 2048 ,
826 2023 864 2044 ne
874 2010 947 2054 quid
957 2011 1072 2042 dicatur
1081 2019 1150 2057 qui-

188 2067 271 2098 dem,
284 2063 432 2104 intelligo.
455 2061 534 2092 Illud
549 2060 674 2101 quidem
688 2059 749 2089 scio
761 2078 769 2091 ,
790 2065 876 2087 meos
887 2054 1018 2085 multos,
1033 2051 1066 2082 &
1078 2050 1151 2099 illu-

190 2107 273 2138 streis
283 2125 292 2139 2
314 2105 346 2135 ὃς
357 2105 554 2144 exsuperiore
566 2123 574 2136 ‚
593 2102 625 2132 δε
643 2111 680 2131 ex
689 2110 776 2142 aequo
785 2099 855 2129 loco
869 2097 1023 2128 sermones
1032 2093 1148 2139 habitos

189 2158 262 2179 cum
274 2157 324 2178 tua
333 2148 451 2177 summa
461 2145 559 2178 laude5
571 2145 603 2175 ὃ(
615 2147 628 2171 5
636 2153 707 2174 curn
719 2151 825 2183 magna
834 2137 1049 2172 sollicitudine,
1060 2134 1150 2181 signi.—

191 2190 332 2220 ficatione
347 2187 453 2218 nostra:
472 2186 684 2218 familiaritatis
695 2205 704 2219 ‚
723 2184 758 2215 ad
770 2193 797 2213 te
807 2181 877 2212 vere
891 2176 1019 2221 potuiffe
1030 2177 1150 2224 deferri.

190 2235 273 2263 Nam
284 2252 292 2264 -,
311 2230 393 2271 quod
404 2230 438 2260 ad
453 2230 563 2269 legatos
582 2229 688 2259 attinet
700 2247 708 2260 ,
729 2224 801 2267 quid
812 2225 829 2254 a
838 2234 887 2254 me
899 2221 963 2252 fieri
984 2228 1084 2261 potuit
1100 2226 1150 2248 aut

189 2275 374 2316 elegantius,
395 2281 444 2302 aut
458 2270 568 2311 justius
580 2269 693 2309 „quam
710 2278 741 2297 ut
760 2267 877 2298 sumtus
896 2260 1148 2308 egentiffimarum

189 2317 349 2349 civiratum
371 2315 541 2343 minuerem
563 2332 571 2344 ,
600 2311 660 2340 sine
681 2310 742 2339 ulla
760 2309 981 2338 imminutione
999 2304 1154 2349 dignitatis

192 2367 260 2391 tuae‚
271 2356 434 2397 praesertim
450 2352 518 2394 ipfis
526 2352 699 2384 civitatibus
715 2348 958 2390 postulantibus?
981 2348 1064 2375 Nam
1075 2345 1154 2373 mihi

193 2409 293 2430 totum
305 2408 398 2439 genus
409 2397 594 2438 legationum
606 2403 659 2424 tuo
670 2394 799 2422 nornine
808 2388 1063 2432 proficiscentium
1075 2405 1084 2419 ‚
1097 2394 1154 2414 no-

194 2451 260 2472 tum
278 2450 344 2471 non
357 2448 426 2469 erat.
450 2438 591 2478 Apamek
606 2445 677 2466 cum
688 2432 780 2464 css‘em
793 2452 802 2466 ‚
824 2431 987 2461 multarum
997 2435 1155 2472 ciVitatum

195 2484 347 2524 principes
357 2481 391 2512 ad
405 2490 456 2511 me
475 2479 649 2509 detulerunt
660 2497 668 2510 ‚
691 2476 804 2506 sumtus
814 2471 1046 2515 decermlegatis
1062 2470 1157 2498 nimis

199 2533 337 2565 magnos,
347 2533 418 2554 cum
428 2520 575 2553 solvendo
585 2521 719 2550 civitates
730 2527 795 2547 non
806 2513 907 2546 effent.
928 2515 987 2543 Hic
996 2520 1051 2551 ego
1062 2509 1157 2556 multa

200 2566 289 2597 simul
297 2566 436 2608 cogitavi.
453 2565 588 2604 primum
605 2569 633 2592 te
644 2561 804 2591 hominem
820 2578 828 2590 ‚
853 2564 917 2586 non
932 2554 1031 2585 solum
1041 2553 1158 2597 sapien-

200 2617 274 2642 tem,
289 2607 487 2638 verumetiam
498 2605 633 2644 (utnuric
647 2600 813 2642 loquimur)
827 2597 989 2630 urbanum,
1004 2604 1069 2625 non
1078 2591 1156 2641 arbi-

198 2649 294 2681 trabat
302 2658 409 2690 genere
427 2647 485 2678 isto
496 2647 683 2687 legationum
695 2641 855 2674 deiestaxi:
874 2639 962 2679 idque
973 2647 1023 2667 me
1032 2635 1159 2681 arbitror

201 2691 350 2732 Synnadis
366 2699 420 2731 pro
439 2689 602 2721 tribunali,
623 2686 728 2717 multis
745 2684 845 2715 verbis
861 2676 1068 2721 disputavisse:
1097 2686 1159 2717 pri-

201 2743 289 2765 mum
301 2753 309 2767 ‚
321 2734 453 2773 Appium
463 2730 623 2762 Claudium
636 2748 644 2763 ‚
660 2728 791 2759 senatui,
802 2724 974 2770 populoque
987 2723 1084 2766 Rom7
1095 2727 1159 2747 non

201 2773 418 2815 Myndensium
430 2772 609 2804 testimonio
621 2790 630 2804 ‚
650 2769 694 2808 (in
706 2779 737 2799 ea
747 2769 833 2798 enim
850 2768 970 2796 civitate
989 2770 1108 2809 mentio
1117 2758 1161 2807 fa-

203 2815 249 2847 &a
261 2815 316 2857 est)
335 2815 382 2846 sed
393 2816 442 2846 sua
455 2815 579 2856 sponte,
600 2810 657 2844 esse
666 2810 837 2842 laudatum:
858 2805 967 2838 deinde
978 2815 1031 2836 me
1050 2802 1106 2834 ista
1114 2811 1162 2832 vi-

1151 125 1704 172 CicaR0N1s

1172 201 1246 234 difl‘e
1257 202 1363 233 multis
1372 201 1520 249 accidere,
1539 214 1574 237 ut
1583 216 1692 237 eorum
1707 205 1788 237 causa
1806 203 1969 248 legationes
1986 201 2133 237 Romani

1170 247 1324 277 venirent:
1346 242 1395 274 sed
1406 245 1452 273 his
1463 246 1661 287 legationibus
1678 259 1742 279 non
1753 245 1923 279 meminisse
1937 247 2035 278 ullum
2044 255 2125 278 tem-

1170 297 1228 329 pus
1237 285 1378 317 laudandi
1390 305 1398 319 ‚
1417 295 1465 316 aut
1475 287 1578 319 locum
1588 289 1649 319 dari
1662 300 1667 319 z
1687 290 1782 321 studia
1792 291 1869 320 mihi
1884 299 1989 320 eorum
1999 290 2126 330 placere,

1172 328 1253 371 quod
1265 330 1297 359 in
1309 337 1336 358 te
1354 327 1431 357 bene
1446 330 1556 374 merito
1573 332 1646 370 grati
1664 331 1773 363 essent:
1791 330 1951 363 confilium
1971 340 2071 362 totum
2080 331 2130 362 vi-

1172 373 1235 402 deti
1245 372 1376 400 minime
1388 369 1593 402 necessariurn.
1619 374 1650 403 Si
1659 383 1758 404 autem
1768 375 1881 404 vellent
1894 373 2038 404 declarare
2049 374 2081 403 in
2092 382 2131 403 eo

1173 411 1310 444 officium
1326 412 1414 442 suum
1425 430 1435 445 ‚
1453 412 1642 443 laudaturum
1659 424 1708 445 me
1719 436 1726 449 ‚
1739 415 1759 445 si
1768 417 1821 456 qui
1831 416 1883 446 suo
1894 416 1994 447 sumtu
2004 413 2132 446 funditis

1174 454 1245 485 esl'et
1252 452 1375 499 officio:
1394 453 1602 485 concessurum
1614 475 1623 489 ,
1635 454 1655 485 si
1664 456 1801 497 legitimo
1813 467 1896 487 :anon
1906 455 2132 497 permissiirum,

1175 495 1195 526 fi
1210 497 1343 541 inunitq-
1367 495 1450 537 Qid
1462 498 1546 526 enim
1556 498 1836 539 reprehendipotest
1845 519 1854 533 ‚
1874 498 1927 529 nisi
1940 498 2022 540 quod
2032 498 2130 531 addis.

1176 539 1275 569 visum
1285 536 1342 567 esse
1359 537 1539 578 quibusdam
1550 538 1685 569 ediciam
1702 550 1807 570 meum
1819 561 1828 574 ,
1849 539 1928 580 quasi
1942 539 2082 571 consulto
2095 540 2133 571 ad

1175 580 1242 611 istas
1262 580 1424 620 legationes
1441 580 1651 620 impediendas
1670 580 1727 611 effe
1743 582 2009 613 accommodatum
2027 585 2039 612 ?
2062 583 2132 623 jam

1175 629 1313 652 nontam
1328 621 1406 651 mihi
1423 621 1562 652 videntur
1573 623 1716 662 injuriam
1724 622 1819 653 facere
1833 624 1884 657 ii.‚1
1895 626 1947 664 qui
1957 625 2019 654 haec
2031 624 2134 664 dispu-

1175 663 1343 704 tant‚quam
1352 661 1372 692 si
1381 664 1428 704 cuj
1432 673 1465 694 us
1475 673 1558 694 aures
1566 664 1602 694 ad
1617 665 1693 695 hanc
1702 664 1934 704 disputationem
1944 674 2056 705 patent.
2067 667 2134 696 Ro-

1176 716 1234 736 mae
1243 705 1402 746 composui
1419 705 1572 736 edietum:
1590 707 1669 736 nihil
1679 706 1782 737 addidi
1793 726 1802 740 ‚
1823 705 1877 736 nifi
1888 706 1969 747 quod
1983 707 2135 746 publicani

1178 758 1228 778 me
1239 756 1379 789 rogarunt
1391 767 1400 781 ‚
1411 758 1479 778 cum
1490 751 1614 778 Samum
1624 747 1660 779 ad
1672 759 1719 778 me
1729 746 1878 779 venissent
1889 768 1897 783 ‚
1919 747 1952 778 ut
1961 747 1997 778 de
2008 757 2060 778 tuo
2071 748 2138 778 edi-

1179 789 1229 820 6ὶο
1243 789 1372 820 totidem
1389 790 1488 820 verbis
1499 789 1688 821 transferrem
1699 792 1732 821 in
1754 800 1872 820 meum.
1899 788 2137 831 Diligentiffime

1179 832 1322 871 scriptum
1339 840 1425 871 caput
1444 831 1505 865 est,
1528 831 1610 873 quod
1622 834 1750 872 pertinet
1763 832 1806 863 ad
1817 831 2001 862 minuendos
2021 832 2136 861 sumtus

1178 875 1352 904 civitatum:
1369 883 1431 914 quo
1441 875 1474 904 in
1483 884 1577 914 capite
1587 874 1605 904 s
1602 883 1654 904 unt
1664 874 1801 915 quaedam
1812 884 1892 904 nova
1901 894 1909 907 ‚
1921 873 2054 904 salutaria
2062 875 2140 904 civi-

1179 915 1288 945 tatibus
1299 914 1423 956 :quibus
1434 926 1488 957 ego
1500 925 1680 957 magnopere
1692 915 1836 947 delebior.
1857 918 1925 946 Hoc
1935 914 2019 949 verb,
2029 924 2067 945 ex
2076 925 2139 956 quo

1180 957 1309 997 suspicio
1320 965 1388 987 nata
1399 956 1442 988 est
1451 978 1460 991 ‚
1474 967 1523 987 me
1533 956 1689 998 exquisisse
1697 958 1810 999 aliquid
1821 978 1831 992 ‚
1849 959 1884 987 in
1892 968 1953 999 quo
1965 966 1992 988 te
2001 955 2142 988 offende-

1179 1009 1257 1033 rem,
1268 998 1477 1029 transsatitium
1489 999 1541 1030 est.
1561 1002 1668 1040 Neque
1678 1001 1764 1030 enim
1775 1010 1855 1030 eram
1866 1009 1927 1030 tam
1937 997 2097 1040 defipiens,
2107 1007 2142 1030 ut

1179 1042 1300 1081 privatae
1315 1041 1359 1070 rei
1374 1042 1458 1072 causa
1468 1042 1556 1082 legari
1565 1050 1711 1081 putarem,
1723 1044 1777 1083 qui
1787 1042 1820 1072 &
1830 1041 1884 1072 tibi
1894 1051 1959 1071 non
1969 1044 2095 1081 privato,
2106 1041 2140 1072 δε

1181 1092 1235 1122 pro
1245 1091 1275 1111 re
1287 1091 1350 1112 non
1360 1084 1472 1121 privata
1481 1083 1548 1117 sua,
1559 1082 1607 1113 sed
1617 1084 1750 1123 publica:
1770 1085 1877 1114 nonin
1890 1085 2006 1124 privato
2018 1104 2033 1117 ,.
2047 1082 2095 1114 sed
2106 1085 2141 1113 in

1184 1123 1307 1164 publico
1318 1123 1400 1153 orbis
1411 1133 1492 1154 terrae
1501 1123 1639 1158 consilio,
1657 1125 1685 1155 id
1697 1124 1749 1158 est,
1762 1127 1795 1155 in
1805 1126 1906 1156 senatu
1918 1134 1952 1155 ut
1959 1127 2064 1167 gratias
2074 1135 2142 1167 age-

1159 1175 1161 1184 *
1182 1173 1260 1198 rent,
1273 1164 1485 1195 mittebantur:
1505 1175 1602 1206 neque
1614 1166 1685 1196 cum
1696 1167 1778 1196 edixi
1791 1187 1806 1200 ›
1820 1177 1857 1196 ne
1868 1169 1935 1207 quis
1948 1165 2059 1205 inJuffu
2070 1176 2142 1197 meo

1183 1205 1437 1247 proficisceretur,
1449 1206 1561 1237 exclusi
1575 1217 1626 1238 eos
1637 1227 1645 1241 ‚
1664 1210 1718 1248 qui
1729 1217 1778 1238 me
1788 1211 1821 1238 in
1830 1208 1919 1239 castra
1928 1229 1937 1242 ‚
1957 1207 1990 1238 δε
1999 1210 2052 1248 qui
2061 1218 2142 1239 trans

1185 1250 1321 1279 Taurum
1330 1248 1465 1289 persequi
1475 1259 1538 1279 non
1548 1247 1675 1289 poffent.
1700 1252 1782 1280 Nam
1792 1250 1825 1280 id
1833 1249 1875 1280 est
1894 1251 2031 1280 maxime
2042 1251 2074 1280 in
2083 1252 2145 1281 tuis

1185 1289 1500 1321 litterisirridendum.
1528 1291 1610 1333 Qid
1623 1295 1708 1322 enim
1720 1301 1798 1326 erar,
1821 1292 1902 1333 quod
1921 1302 1972 1322 me
1989 1292 2145 1332 perseque-

1186 1341 1289 1363 rentur
1298 1333 1331 1361 in
1339 1331 1428 1363 castra
1439 1353 1448 1366 ,
1468 1336 1643 1363 Taurumve
1653 1332 1807 1364 transirent
1818 1354 1826 1367 ‚
1846 1343 1917 1365 cum
1932 1344 1988 1376 ego
1998 1334 2148 1365 Laodicea

1187 1374 1277 1415 usque
1290 1373 1325 1404 ad
1335 1376 1475 1405 Iconium
1486 1377 1590 1406 iterita
1600 1374 1725 1408 fecerim
1735 1396 1744 1410 ‚
1763 1385 1796 1406 ut
1808 1386 1858 1405 me
1870 1379 2012 1406 omnium
2022 1375 2145 1405 illarum

1188 1414 1440 1457 dioecefium‚quae
1450 1419 1492 1447 cis
1502 1420 1635 1448 Taurum
1647 1418 1713 1448 sunt
1722 1437 1730 1452 ‚
1742 1420 1945 1458 omniumque
1954 1427 2056 1448 earum
2068 1419 2146 1447 civi-

1190 1467 1284 1488 tatum
1297 1459 1480 1499 magistratus
1491 1479 1499 1492 ‚
1521 1460 1740 1501 legationesque
1749 1462 1969 1490 convenirent?
1986 1457 2051 1489 Nisi
2061 1458 2142 1489 forte

1190 1499 1290 1541 postea
1306 1510 1466 1540 coeperunt-
1478 1502 1571 1541 legare
1581 1522 1590 1535 ‚
1619 1502 1709 1543 quam
1731 1512 1786 1543 ego
1805 1504 1941 1532 Taurum
1958 1499 2148 1543 transgressus

1190 1543 1257 1572 sum
1268 1561 1276 1575 ,
1297 1542 1379 1582 quod
1389 1543 1465 1574 certe
1476 1553 1540 1573 non
1560 1545 1599 1574 ita
1608 1543 1658 1574 est.
1679 1546 1758 1574 Cum
1777 1546 1860 1574 enirn
1879 1543 2032 1574 Laodiceae
2044 1552 2147 1581 ‚tcum

1192 1587 1347 1625 Apameae,
1366 1595 1435 1615 cum
1446 1585 1610 1625 Synnadi5‚
1622 1595 1692 1615 cum
1709 1586 1890 1619 Philomeli,
1911 1584 2149 1615 cum1coniies·

1191 1627 1253 1657 sem
1265 1636 1271 1655 :
1282 1626 1391 1667 quibus
1404 1637 1434 1656 in
1445 1627 1563 1667 oppidis
1574 1627 1719 1658 omnibus
1728 1636 1933 1657 commoratus
1942 1627 2008 1657 sum
2022 1635 2148 1656 :omnes

1188 1668 1252 1709 jam
1264 1667 1346 1700 istius
1360 1671 1476 1711 generis
1494 1669 1658 1710 legationes
1675 1678 1757 1699 erant
1769 1668 1952 1699 constitutae.
1972 1670 2069 1708 Atque
2088 1669 2149 1698 hoc

1193 1720 1292 1741 tamen
1303 1720 1330 1741 te
1341 1712 1411 1741 scire
1422 1711 1495 1741 volo
1506 1730 1514 1744 ‚
1533 1721 1581 1740 me
1592 1711 1628 1741 de
1638 1709 1697 1741 isto
1716 1711 1819 1742 sumtu
1830 1710 2016 1751 legationum
2027 1718 2077 1739 aut
2087 1711 2151 1739 mi-

1191 1752 1326 1786 nuendo,
1337 1761 1386 1782 aut
1398 1752 1580 1783 remittendo
1591 1751 1752 1783 decreviffe
1762 1752 1840 1782 nihil
1851 1772 1859 1785 ,
1880 1750 1935 1781 nifi
1945 1751 2026 1792 quod
2036 1752 2150 1791 princi-

1191 1804 1243 1835 pes
1251 1796 1409 1824 civitatum
1419 1794 1434 1824 a
1444 1805 1494 1825 me
1509 1792 1703 1834 postulassent
1715 1805 1721 1824 2
1740 1803 1778 1824 ne
1788 1795 1820 1823 in
1831 1792 2042 1823 venditionem
2055 1791 2151 1823 tribu-

1193 1845 1294 1867 torum
1305 1856 1314 1870 ‚
1335 1836 1368 1866 &
1386 1836 1470 1866 illam
1480 1835 1696 1866 acerbiffimam
1714 1834 1908 1865 exastionem
1919 1835 2021 1875 (quam
2041 1842 2074 1864 tu
2085 1843 2159 1865 non.

1192 1879 1323 1920 ignoras)
1331 1879 1475 1918 capitum,
1484 1887 1571 1918 atque
1584 1877 1733 1908 ostiorum
1743 1877 1955 1907 inducerentur
1965 1876 2080 1906 sumtus
2090 1877 2153 1906 mi-

1193 1919 1279 1950 nime
1290 1918 1453 1950 necessarii.
1484 1923 1547 1961 Ego
1557 1929 1656 1950 autem
1667 1929 1740 1950 curn
1749 1920 1807 1949 hoc
1816 1916 2016 1958 suscepiffem,
2028 1928 2092 1948 non
2103 1917 2154 1948 so-

1194 1963 1259 1993 lum
1266 1961 1397 2002 justitia,
1414 1961 1562 1993 sedetiam
1579 1961 1784 1992 misericordia
1793 1960 1956 1994 adduGtus,
1978 1960 2152 1991 utlevarem

1196 2004 1325 2034 miseriis
1343 2003 1471 2045 perditas
1482 2005 1618 2035 civitates
1628 2024 1636 2038 ‚
1656 2003 1826 2043 &perditas
1840 2001 1976 2033 maxime
1993 2012 2045 2042 per
2054 2002 2152 2042 magi-

1196 2046 1300 2077 stratus
1309 2046 1377 2076 suos
1388 2066 1397 2080 ‚
1410 2056 1473 2076 non
1489 2047 1575 2087 potui
1587 2047 1619 2076 in
1629 2045 1685 2076 illo
1696 2045 1796 2075 sumtu
1807 2054 1876 2074 non
1882 2042 2043 2075 necess'ario
2054 2045 2153 2086 negli-

1195 2098 1266 2130 gens
1280 2087 1351 2119 effe.
1372 2091 1432 2122 Tu,
1443 2098 1515 2119 cum
1524 2087 1698 2119 istiusmodi
1707 2087 1862 2118 sermones
1872 2086 1907 2117 ad
1917 2095 1944 2117 te
1953 2086 2044 2117 delati
2053 2085 2089 2116 de
2100 2095 2152 2115 me

1196 2131 1283 2165 sunt,
1303 2141 1368 2161 non
1378 2130 1509 2161 debuisti
1519 2130 1647 2161 credere.
1673 2131 1704 2161 Si
1722 2129 1891 2160 autemihoc
1907 2138 2014 2170 genere
2023 2126 2154 2158 deleffli·

1196 2174 1237 2203 ris
1249 2192 1257 2206 2
1269 2182 1301 2203 ut
1311 2194 1321 2208 ‚
1330 2183 1397 2214 quae
1405 2173 1459 2203 tibi
1470 2175 1503 2203 in
1513 2182 1650 2203 mentem
1661 2174 1796 2205 veniant,
1807 2171 1875 2201 aliis
1885 2170 2041 2201 attribuAs:
2057 2177 2153 2210 genus

1196 2216 1346 2246 sermonis
1356 2214 1474 2245 inducis
1484 2216 1517 2245 in
1534 2216 1702 2245 amicitiam
1713 2212 1846 2244 minime
1859 2212 1990 2242 liberale.
2015 2213 2078 2252 Ego
2088 2209 2152 2241 siin

1194 2258 1352 2297 provincia
1362 2257 1513 2287 detrahere
1523 2256 1561 2287 de
1571 2265 1622 2287 tua
1628 2256 1707 2287 fama
1716 2264 1863 2295 umquam
1876 2250 2046 2295 cogitassem
2059 2272 2067 2287 ‚
2086 2261 2152 2282 non

1197 2299 1232 2329 ad
1248 2308 1395 2340 generum
1414 2307 1498 2328 tuum
1516 2299 1702 2331 Lentulum,
1725 2306 1822 2337 neque
1849 2295 1884 2325 ad
1899 2295 2043 2325 libertum
2062 2303 2151 2324 tuum

1197 2339 1357 2374 Brundisii,
1368 2350 1465 2380 neque
1475 2339 1511 2370 ad
1521 2338 1697 2380 praefeaum
1710 2337 1828 2368 fabrum
1841 2339 1976 2377 Corcyrae
1985 2356 1995 2370 ‚
2013 2346 2103 2377 quem
2121 2337 2157 2366 in

1198 2382 1303 2412 locum
1313 2391 1364 2411 me
1373 2383 1475 2411 venire
1484 2381 1577 2411 velles
1589 2400 1598 2414 ‚
1609 2378 1786 2411 retulissem
1802 2381 1899 2419 Qare
1908 2387 1992 2418 potes
2003 2398 2012 2411 ‚
2022 2375 2157 2409 doetiffi-

1201 2425 1259 2453 mis
1277 2422 1455 2452 hominibus
1465 2421 1637 2452 auetoribus
1648 2443 1657 2455 ‚
1677 2430 1810 2462 quorum
1829 2421 1897 2451 sunt
1908 2421 1947 2450 de
1958 2421 2089 2450 amicitia
2105 2429 2159 2461 ge-

1199 2464 1289 2494 renda
1299 2462 1517 2503 praeclarissime
1527 2464 1625 2503 scripti
1636 2464 1717 2496 libri,
1728 2472 1820 2504 genus
1831 2463 1889 2492 hoc
1900 2470 1998 2492 totum
2010 2462 2157 2492 orationis

1200 2507 1316 2540 tollere,
1326 2506 1564 2536 DrsimrAizANr
1575 2526 1583 2539 ,
1596 2515 1658 2535 acro
1674 2513 1809 2535 CONTRA
1818 2513 2038 2534 nissmaEBAM.
2061 2512 2160 2533 οισι-

1201 2557 1291 2579 ΒΑΝτ
1303 2567 1313 2581 ‚
1336 2557 1400 2577 EGO
1411 2557 1589 2577 NEGARAM.
1614 2551 1662 2578 An
1676 2548 1754 2577 mihi
1772 2546 1808 2576 de
1826 2555 1854 2576 te
1866 2547 1944 2576 nihil
1963 2544 2022 2575 effe
2039 2543 2158 2575 di&um

1202 2600 1346 2630 umquam
1363 2598 1446 2630 putas
1462 2592 1473 2619 ?
1490 2599 1529 2619 ne
1538 2590 1597 2619 hoc
1613 2589 1757 2630 quidem,
1775 2587 1857 2628 quod
1869 2608 1877 2622 ‚
1898 2597 1972 2618 cum
1988 2597 2038 2618 me
2048 2585 2161 2617 Laodi-

1200 2642 1282 2663 ceam
1294 2634 1395 2662 venire
1405 2629 1560 2664 voluisses,
1572 2633 1711 2662 Taurum
1720 2631 1781 2670 ipse
1792 2628 1915 2660 transisti
1925 2634 1935 2660 ?
1947 2627 2040 2670 de
2050 2627 2159 2658 iisdem

1202 2674 1308 2704 diebus
1327 2683 1414 2704 meus
1432 2683 1600 2703 conventus
1619 2682 1678 2704 erat
1691 2676 1849 2713 Apameae,
1868 2672 2039 2712 Synnadis,
2055 2670 2163 2710 Philo-

1205 2716 1294 2746 meli:
1315 2724 1382 2746 tuus
1394 2713 1498 2745 Tharsi
1511 2716 1522 2741 ?
1551 2718 1625 2745 Non
1634 2714 1732 2745 dicam
1741 2715 1842 2754 plura,
1861 2723 1898 2743 ne
1910 2733 1919 2746 ,
1942 2714 1975 2742 in
1993 2720 2093 2752 quote
2104 2711 2162 2741 ob-

1199 2759 1319 2799 jun-gem
1333 2777 1342 2791 ‚
1360 2757 1389 2788 id
1401 2758 1500 2798 ipsum
1510 2757 1742 2787 videarimitari.
1761 2755 1841 2785 Illud
1851 2755 1960 2787 dicam,
1972 2754 2121 2784 utsentio.
2139 2750 2163 2783 fi

1204 2799 1268 2835 ista,
1280 2810 1346 2841 quae
1354 2800 1430 2831 alios
1439 2800 1524 2839 loqui
1535 2799 1620 2833 dicis,
1631 2799 1692 2839 ipse
1700 2799 1810 2829 sentis:
1828 2806 1877 2827 tua
1883 2796 2002 2827 summa
2011 2795 2060 2826 cul
2082 2804 2097 2825 a
2106 2792 2162 2825 est.

2080 2846 2100 2867 n
2110 2846 2166 2867 au-

209 2896 2156 2918 W

243 2944 254 2962 1
262 2955 268 2961 .
287 2935 366 2962 {Addo
374 2934 538 2968 urbanitate]
551 2935 716 2959 Urbanitatem
725 2939 816 2958 omnes
828 2929 896 2955 Pali.
905 2927 1010 2965 praetuli
1022 2934 1108 2953 tamen
1120 2926 1160 2952 lc*

204 2972 322 2998 &ionem
332 2969 492 2997 Vic'lorianae
501 2968 676 3005 impr-emonis
694 2970 721 2995 ὃ(
733 2967 820 2995 Varie.
831 2964 892 2992 cod.
911 2971 941 2991 ut
960 2963 1077 2991 maxime
1097 2972 1159 2989 con-

204 3008 322 3037 cinnam,
331 3013 413 3041 atque
423 3006 570 3040 elegantem
578 3025 584 3031 .

241 3052 271 3071 2.
290 3045 368 3077 Neque
378 3042 411 3067 ad
423 3044 521 3074 glorIam
542 3039 711 3074 acquirendum
726 3038 864 3073 punam]
886 3036 996 3063 Praetuli
1007 3035 1035 3061 &
1045 3035 1111 3062 hanc
1120 3034 1160 3060 le-

205 3079 324 3106 ctionem
344 3087 378 3104 ex
388 3078 475 3103 vatic.
489 3084 568 3111 atque
578 3076 694 3102 editione
705 3074 819 3102 visioni
833 3093 840 3107 ‚
859 3082 918 3100 euni
930 3073 957 3099 in
968 3078 1083 3107 quatuor
1093 3070 1162 3097 Pall.

205 3117 234 3143 δε
246 3114 379 3142 Stewecli.
390 3113 475 3140 exstet
485 3112 651 3147 acquirendum
661 3118 713 3144 put.
733 3111 815 3146 vulgo
827 3121 832 3137 :
856 3108 1025 3143 acquirendam
1036 3108 1164 3140 drqff'epttt.

243 3159 270 3186 3.
291 3151 389 3178 Aurio
399 3148 555 3181 l’uncno]
577 3147 666 3182 Vulgo
677 3146 778 3173 addunt
788 3148 990 3173 IMPERATORI
1004 3154 1011 3171 :
1033 3141 1104 3179 quod
1114 3152 1165 3180 ego

204 3188 233 3217 in
243 3187 299 3217 solo
309 3186 390 3216 tertio
399 3185 490 3217 inveni
501 3195 508 3213 ι
524 3183 605 3213 ceteri
615 3191 706 3212 onmes
716 3183 843 3219 ignorant
852 3182 921 3212 hunc
929 3180 1052 3210 titulum.

1242 2931 1270 2958 4.
1290 2927 1322 2950 De
1331 2923 1482 2956 improborum
1500 2924 1602 2946 oratione
1613 2919 1764 2953 ftripfisses]
1786 2919 1815 2944 In
1827 2917 1930 2954 optimo
1947 2915 2037 2942 codice
2048 2915 2106 2941 Pal.
2159 2935 2166 2942 .

1207 2961 1235 2987 δέ
1253 2962 1336 2987 Grut.
1355 2956 1580 2994 quemadmodum
1599 2955 1743 2982 Lambinus
1762 2954 1910 2988 conjecerat
1930 2964 1936 2980 :
1967 2954 2103 2978 moratione.
2133 2949 2168 2976 ed

1207 2996 1268 3024 ideo
1278 3006 1329 3032 ego
1339 3004 1390 3022 non
1401 2994 1531 3020 referrem
1542 2991 1572 3017 ad
1583 2992 1698 3023 triumphi
1707 2998 1833 3016 moratores
1845 3009 1852 3021 ,
1863 2999 1930 3025 quos
1942 2988 2054 3014 somniat
2067 2985 2165 3014 Lamb.

1245 3041 1271 3066 5.
1291 3035 1349 3058 Cum
1358 3028 1594 3063 magnaftlicitudine
1605 3047 1613 3060 ‚
1625 3029 1792 3061 significatione
1801 3028 1878 3060 nqstrae
1890 3025 1970 3059 fanu]
1992 3025 2029 3050 Ea
2038 3023 2073 3050 est
2085 3021 2168 3049 leetio

1209 3069 1353 3105 primarum
1365 3066 1526 3096 editionum,
1537 3063 1605 3090 Pall.
1617 3062 1910 3099 quatuor‚t0tidemquc
1922 3059 2167 3088 Gulielmianorum

1209 3114 1238 3132 :ic
1248 3102 1412 3130 Gruteriani.
1425 3101 1481 3127 Pal.
1491 3099 1889 3133 tei-t.fils’c1‘tudinefignificaiianis
1901 3116 1909 3129 ,
1920 3106 2000 3131 quam
2010 3095 2167 3131 scripturam

1211 3138 1297 3167 nescio
1307 3136 1376 3164 unde
1388 3157 1396 3170 ,
1414 3136 1511 3172 aliquis
1521 3144 1574 3162 orae
1584 3137 1692 3162 Venetae
1703 3135 1826 3165 editionis
1837 3133 1968 3170 adposuit.
1987 3132 2076 3168 Vulgo
2087 3141 2094 3158 :
2117 3137 2170 3157 caan

1210 3174 1296 3211 magati
1305 3175 1555 3210 nqftrafignificatiwe
1564 3172 1708 3208 nostrast-m,
2071 3210 2086 3231 ἲ
2107 3201 2176 3236 Qu
