2339 3379
556 150 1152 195 P111L1p121ca

186 238 257 265 rex,
280 240 337 262 nos
346 231 406 263 alio
415 230 498 262 bello
519 228 655 261 distineri
666 237 759 269 putat.
781 227 860 270 quasi
878 227 949 258 verb
966 239 1030 260 non
1041 239 1150 264 unum,

189 272 332 315 idemque
343 273 459 304 bellum
477 271 511 303 fit
520 281 623 303 contra
633 272 690 301 hoc
700 272 805 311 jugum
821 272 972 312 impiorum
986 270 1147 301 nefarium.

155 321 169 353 3
190 315 359 356 Imaginem
382 317 426 344 M.
438 314 567 344 Antonii
586 312 768 344 crudelitatis
782 315 814 343 in
835 312 994 343 Dolabella
1009 314 1131 342 cernitis
1143 324 1148 341 ε

193 367 231 388 ex
240 358 299 387 hoc
308 357 359 387 1113
368 354 472 386 effesta
480 355 538 386 est:
561 355 598 385 ab
610 356 666 385 hoc
684 355 734 385 illa
745 355 912 385 Dolabellae
921 354 1064 385 scelerum
1075 363 1149 394 prae-

189 407 272 439 cepta
282 398 349 428 sunt
363 397 477 428 tradita.
501 400 586 428 Num
596 397 758 430 leniorem,
771 398 861 437 quam
873 398 905 426 in
916 394 981 426 Afia
990 396 1149 426 Dolabella

187 440 248 472 fuit
257 461 266 475 ,
286 442 319 469 in
329 439 429 473 Italia,
443 437 464 468 fi
474 439 571 473 liceat,
580 438 644 469 fore
654 441 764 479 putatis
774 439 945 469 Antonium
957 440 969 467 ἓ
991 438 1069 467 1111111
1078 439 1146 478 qui-

189 483 260 513 dem
271 481 365 512 &ille
378 479 544 520 perveniffe
553 481 682 514 videtur,
694 481 792 522 quoad
805 480 941 521 progredi
951 480 1082 519 potuerit
1090 478 1145 508 feri

188 525 328 554 hominis
346 525 495 553 amentia:
519 533 615 563 neque
633 525 787 552 Antonius
800 522 891 552 ullius
906 521 1041 561 supplicii
1060 520 1145 551 adhi-

187 565 280 596 bendi
292 585 301 598 ,
317 562 338 593 fi
350 563 526 603 potestatem
538 565 643 595 habeat
653 584 662 598 ,
681 565 776 595 ullam
791 572 904 605 partem
916 562 957 593 est
974 561 1143 592 relisturus.

187 609 295 639 Ponite
306 607 396 647 igitur
407 616 475 636 ante
485 607 591 637 oculos
601 626 609 640 ,
622 609 652 637 P.
662 607 699 637 'C.
713 607 852 636 miseram
861 605 946 635 illam
956 604 1080 645 quidem
1088 623 1097 636 ,
1111 604 1145 634 &

189 648 324 678 flebilem
338 649 479 688 speciem,
497 649 546 679 sed
555 648 591 679 ad
602 648 770 679 incitandos
779 649 900 678 animos
910 646 1024 676 vestros
1041 646 1134 675 neces
1132 663 1145 668 -

185 691 291 721 sariam
303 701 309 719 :
333 690 519 720 noEturnum
530 692 681 730 impetum
699 693 731 720 in
742 689 849 720 urbem
861 686 933 718 Afiae
944 685 1143 734 clariffimam,

184 733 386 773 irruptionem
400 741 583 763 armatorum
602 734 635 762 in
645 730 932 762 Treboniidomum
944 747 952 762 2
972 737 1042 757 cum
1053 730 1145 774 miser

184 774 237 804 ille
248 776 330 813 prius
341 775 493 804 latronum
512 774 625 815 gladios
636 772 771 805 videret,
790 770 881 812 quam
894 789 903 803 ‚
921 779 986 816 quie
996 778 1041 798 res
1060 768 1141 803 estet,

184 814 325 846 audiss'et:
341 815 469 845 furentis
483 816 641 846 introitum
652 812 817 843 Dolabellae
829 831 838 844 ,
858 820 966 841 vocem
980 820 1142 850 impuram,

184 866 272 898 atque
283 867 317 887 os
327 857 404 887 illud
414 856 528 887 infame
539 876 548 889 ‚
562 855 684 885 vincula
694 873 702 887 ,
714 853 834 883 verbera
842 872 851 886 ,
863 851 1142 896 eculeumfficarnifi-

186 909 254 929 cem
265 919 273 932 ‚
294 897 695 938 tortoremqueSamiarium.
719 905 784 936 quae
801 892 901 924 tulifl'e
912 895 1001 923 illum
1011 896 1139 928 fortiter,

184 940 219 970 &
228 939 489 981 patienterferunt.
513 948 620 979 magna
633 938 695 967 laus
705 957 715 970 ‚
734 946 863 977 meoque
871 935 987 975 judicio
997 938 1140 966 omnium

184 984 328 1012 maxima.
352 985 412 1011 Esr
430 990 521 1010 Erum
541 981 682 1020 sapientis
692 998 700 1012 ,
720 977 866 1019 quidquid
876 979 998 1007 homini
1009 978 1140 1007 accidere

181 1023 272 1064 poffit
280 1043 288 1057 ‚
299 1023 330 1053 id
341 1022 540 1062 praemeditari
550 1020 710 1051 ferendum
720 1019 841 1050 modice
852 1018 910 1049 effe
921 1040 929 1053 ‚
945 1018 965 1049 fi
976 1019 1138 1050 advenerit.

182 1066 307 1105 majoris
316 1074 446 1094 omnino
459 1062 501 1094 est
508 1062 627 1093 confilii
638 1082 647 1096 ,
667 1062 828 1102 providere
837 1081 845 1095 ,
865 1071 902 1091 ne
913 1061 986 1102 quid
996 1061 1053 1091 tale
1063 1063 1139 1092 acci-

181 1107 246 1136 dat:
264 1105 313 1136 sed
325 1108 419 1135 animi
432 1115 494 1136 non
506 1106 636 1135 minoris
645 1124 653 1138 ,
666 1104 783 1134 fortiter
791 1103 866 1133 ferre
877 1123 885 1136 ,
898 1102 917 1132 fi
927 1105 1070 1133 evenerit.
1094 1107 1138 1134 Ac

181 1147 340 1178 Dolabella
349 1147 473 1177 Quidem
484 1156 543 1177 tam
555 1145 613 1176 fuit
622 1148 789 1176 immemor
799 1146 994 1175 humanitatis
1005 1165 1013 1179 ‚
1031 1154 1139 1186 quam-

179 1199 270 1230 quam
281 1189 345 1228 ejus
356 1183 522 1230 numquam
533 1190 678 1229 particeps
687 1186 789 1221 fuerit,
799 1196 833 1217 ut
847 1187 865 1216 s
862 1196 929 1216 uam
940 1187 1137 1217 insatiabilem

179 1231 386 1261 crudelitatem
405 1232 572 1260 exercuerit
582 1239 645 1259 non
659 1229 758 1259 solum
779 1231 811 1258 in
821 1230 894 1258 vivo
905 1248 914 1262 ‚
937 1228 986 1258 sed
996 1229 1086 1258 etiam
1105 1230 1138 1258 in

178 1281 303 1302 mortuo
315 1283 320 1301 :
337 1274 411 1302 acin
421 1273 485 1312 ejus
493 1281 616 1311 corpore
626 1271 790 1304 lacerando,
801 1279 888 1311 atque
898 1270 1036 1300 vexando
1046 1289 1055 1303 ,
1067 1280 1137 1300 curn

139 1321 166 1351 4
180 1315 319 1343 animum
331 1314 430 1344 satiare
442 1324 506 1344 non
515 1312 611 1354 poss'et
622 1333 631 1347 ‚
650 1314 755 1342 oculos
774 1314 889 1352 paverit
900 1312 978 1341 suos.
1001 1314 1027 1341 Ο
1038 1310 1137 1342 multo

179 1355 320 1385 miserior
329 1355 486 1385 Dolabella
496 1375 505 1388 ,
526 1356 615 1395 quam
626 1354 678 1383 ille
689 1374 697 1387 ,
716 1363 807 1394 quem
820 1362 851 1382 tu
862 1353 1067 1383 miserrimum
1079 1352 1137 1383 effe

176 1396 302 1427 voluisti
314 1399 320 1426 2
344 1397 476 1426 Dolores
488 1396 661 1426 Trebonius
670 1396 793 1435 pertulit
802 1405 942 1436 magnos:
968 1395 1057 1425 multi
1069 1415 1077 1429 ,
1099 1405 1137 1425 ex

177 1438 279 1468 morbi
291 1440 430 1479 gravitate
444 1438 572 1477 majores
588 1448 593 1466 :
616 1446 692 1478 quos
712 1446 813 1466 tamen
835 1447 899 1466 non
914 1437 1039 1467 miseros
1051 1458 1060 1471 ‚
1085 1437 1135 1467 sed

175 1478 324 1519 laboriosis
333 1479 430 1509 dicere
443 1480 585 1509 solemus.
609 1479 718 1519 longus
730 1478 789 1508 fuit
799 1478 888 1508 dolor
895 1478 981 1508 bidui
992 1489 997 1507 ε
1012 1487 1040 1509 at
1048 1488 1134 1509 com—

174 1521 312 1562 pluribus
323 1540 332 1555 ,
355 1526 505 1551 annorum
522 1521 594 1561 saepe
610 1522 791 1551 multorum.
816 1524 825 1539 ¹
839 1530 894 1550 nec
910 1519 983 1550 vero
1001 1523 1136 1562 graviora

174 1562 244 1593 sunt
261 1562 438 1593 carnificum
455 1571 604 1592 tormenta
616 1582 625 1596 ‚
646 1562 738 1603 quarn
757 1561 910 1592 interdum
932 1565 1134 1593 cruciamenta

173 1603 367 1634 morborum.
391 1605 459 1634 Alia
468 1605 535 1634 sunt
545 1624 554 1638 ,
564 1605 619 1634 alia
631 1625 640 1638 ,
651 1607 786 1645 inquam,
802 1602 1019 1644 &perditiffimi
1030 1605 1133 1634 homi-

175 1655 241 1679 nes,
252 1645 285 1676 &
293 1645 498 1680 amentiffimi,
510 1645 610 1676 multo
621 1646 784 1676 miseriora.
806 1655 876 1675 nam
889 1666 897 1679 ‚
907 1655 969 1687 quo
979 1647 1077 1686 major
1086 1649 1132 1676 vis

166 1686 216 1718 est
227 1689 335 1722 animi,
344 1688 434 1730 quam
445 1690 576 1728 corporis
591 1708 600 1722 ,
618 1689 677 1718 hoc
688 1688 756 1718 sunt
767 1689 901 1729 graviora
913 1698 946 1718 ea
957 1707 965 1720 ,
981 1698 1047 1729 quae
1055 1698 1130 1719 con-

170 1730 326 1769 cipiuntur
333 1733 456 1763 animo,
470 1731 561 1771 quarn
570 1730 624 1760 illa
634 1749 643 1764 ,
661 1740 726 1770 quae
736 1739 872 1771 corpore.
897 1739 1064 1760 MISERIOR
1074 1732 1131 1772 igi-

171 1778 221 1800 tur
231 1790 240 1804 ,
251 1773 303 1811 qui
315 1772 434 1812 suscipit
443 1774 476 1802 in
489 1772 516 1802 se
526 1772 620 1802 scelus
631 1792 639 1805 ,
651 1771 744 1813 quam
759 1773 783 1801 is
793 1791 802 1806 ,
814 1773 866 1812 qui
879 1772 998 1802 alterius
1008 1771 1126 1803 facinus

170 1811 271 1842 subire
287 1814 416 1853 cogitur.
439 1814 591 1844 Cruciatus
607 1812 650 1843 est
668 1815 684 1843 a
704 1813 863 1844 Dolabella
882 1813 1072 1843 Trebonius:
1094 1815 1127 1844 &

171 1853 298 1893 quidem
314 1853 330 1884 a
341 1853 634 1896 Karthaginiensibus
651 1855 795 1896 Regulus.
818 1857 854 1884 In
863 1864 921 1895 qua
931 1863 960 1883 re
977 1854 1049 1884 curn
1060 1865 1126 1885 cru-

172 1893 312 1924 deliffimi
323 1897 410 1925 Poeni
419 1897 545 1935 judicati
556 1895 613 1926 fint
630 1898 664 1926 in
679 1895 763 1927 hoste
779 1907 785 1925 2
808 1897 882 1937 quid
900 1898 933 1925 in
950 1897 1015 1926 cive
1033 1897 1127 1927 Dola-

173 1935 253 1966 bella
259 1936 440 1976 judicandus
456 1936 523 1968 est?
545 1942 594 1967 An
613 1936 685 1967 vero
702 1939 760 1968 hoc
775 1936 998 1968 conferendum
1010 1937 1073 1968 est?
1088 1948 1126 1969 an

170 1977 372 2009 dubitandum
387 1997 396 2012 ,
411 1987 476 2009 uter
484 1978 638 2009 miserior:
656 1979 737 2013 isne,
758 1980 843 2018 cujus
856 1987 988 2009 mortem
1001 1979 1126 2014 senatus,

168 2020 358 2060 populusque
369 2022 462 2051 Rom.
470 2021 632 2055 ulciscitur3
642 2024 658 2040 ²
666 2030 704 2050 an
714 2022 750 2054 is,
761 2023 813 2061 qui
821 2019 924 2050 011ηᾶ11
933 2021 1050 2051 senatus
1060 2022 1127 2052 sen-

168 2063 265 2091 tentia
273 2061 369 2092 hostis
378 2061 597 2102 estjudicatus?
618 2072 688 2092 nam
700 2065 805 2092 ceteris
821 2062 947 2103 quidem
956 2065 1025 2093 vitae
1036 2065 1125 2103 parti—

168 2101 236 2136 bus.
249 2105 318 2143 quis
328 2102 371 2133 est
381 2123 388 2137 ,
402 2106 453 2145 qui
465 2102 552 2144 poffit
566 2102 626 2134 fine
636 2104 784 2134 Trebonii
796 2107 929 2134 maxima
940 2106 1125 2136 contumelia

165 2143 302 2174 conferre
317 2147 410 2176 vitam
429 2146 579 2176 Trebonii
597 2155 668 2176 curn
687 2146 867 2176 Dolabella?
888 2147 1007 2176 alterius
1025 2146 1122 2177 confi·

163 2184 255 2219 lium,
266 2186 436 2227 ingenium,
452 2188 670 2218 humanitatem
680 2207 689 2221 ,
702 2189 911 2218 innocentiam
922 2208 930 2222 ,
942 2188 1124 2230 magnitudi-

162 2236 236 2257 nem
257 2230 354 2257 animi
372 2230 405 2259 in
423 2230 515 2269 patria
539 2229 691 2260 liberanda
702 2249 711 2262 ,
731 2232 799 2270 quis
819 2232 956 2272 ignorat?
978 2234 990 2257 3
1006 2231 1088 2260 alteri
1108 2231 1124 2261 a

160 2277 256 2308 puero
267 2278 322 2309 pro
331 2270 451 2300 deliciis
459 2269 614 2301 crudelitas
625 2269 685 2301 fuit
696 2281 701 2299 :
721 2271 830 2302 deinde
847 2281 879 2302 ea
887 2271 1052 2302 libidinum
1064 2281 1124 2303 tur-

161 2310 280 2350 pitudo,
292 2312 367 2342 utin
378 2313 436 2342 hoc
449 2310 483 2341 sit
492 2312 608 2352 semper
618 2312 828 2354 laetatus,quod
842 2323 874 2344 ea
885 2312 1002 2348 faceret,
1013 2324 1079 2354 quae
1089 2313 1124 2344 fi-

159 2352 192 2382 bi
206 2352 300 2392 objici
308 2363 347 2383 ne
362 2353 399 2384 ab
410 2354 538 2384 inimico
547 2353 671 2395 quidem
682 2353 800 2394 poffent
809 2354 993 2385 verecundo.
1017 2359 1055 2386 Et
1063 2357 1122 2390 hic,

164 2392 211 2423 dii
221 2395 420 2430 immortales,
431 2396 620 2436 4aliquando
628 2394 687 2426 fuit
697 2400 792 2426 meus.
815 2397 932 2427 occulta
944 2398 1030 2426 enim
1041 2407 1123 2429 erant

158 2436 232 2466 vitia
246 2445 309 2466 non
321 2438 496 2477 inquirenti.
520 2447 619 2478 neque
634 2447 717 2468 nunc
730 2436 848 2468 fortaffe
858 2439 973 2469 alienus
983 2439 1020 2469 ab
1030 2449 1066 2469 eo
1076 2441 1120 2470 es—

160 2476 224 2508 sem
236 2496 245 2511 ,
263 2477 319 2508 nisi
328 2479 380 2508 ille
389 2478 479 2509 vobis
487 2498 496 2513 .
519 2478 574 2509 nisi
585 2479 739 2510 moenibus
748 2481 847 2520 patriae
859 2500 868 2514 ,
888 2479 944 2510 nisi
954 2481 1025 2511 huic
1041 2482 1118 2516 urbi,

159 2516 215 2548 nisi
231 2518 289 2549 diis
301 2520 457 2559 penatibus
469 2540 478 2554 ,
497 2520 553 2551 nisi
561 2523 618 2552 aris
631 2542 640 2554 ‚
663 2521 696 2551 &
711 2520 788 2551 focis
805 2523 950 2552 omnium
958 2522 1096 2553 nostrum
1108 2536 1118 2559 3

157 2558 214 2590 nifi
223 2560 354 2602 denique
364 2570 486 2596 naturae,
497 2563 530 2593 &
540 2564 719 2593 humanitati
730 2564 872 2593 inventus
882 2562 954 2594 effet
962 2566 1116 2595 inimicus.

155 2600 171 2632 ὲ
185 2611 247 2642 quo
256 2602 418 2636 admoniti,
429 2603 616 2645 diligentius,
625 2604 658 2634 &
669 2604 843 2645 vigilantius
852 2614 1010 2635 caveamus
1019 2610 1117 2637 Anto·

105 2646 140 2679 ‘5
157 2644 255 2675 nium.
287 2647 411 2675 Etenim
431 2646 591 2677 Dolabella
609 2656 675 2677 non
694 2649 735 2677 ita
752 2647 869 2677 multos
891 2647 994 2678 secum
1012 2648 1117 2679 habuit

1234 149 1768 206 UND‘EctM‘A.
2049 163 2146 224 ὄις

1198 239 1301 265 notos,
1312 242 1345 262 ac
1355 232 1495 275 insigne-is
1504 236 1643 268 latrones.
1667 248 1694 269 at
1707 240 1826 275 videtis,
1837 250 1912 282 quos
1925 239 2056 283 &quam
2067 242 2149 272 mul-

1199 280 1243 318 tos
1253 273 1364 319 *habeat
1373 278 1539 308 Antonius.
1561 282 1695 319 primum
1717 284 1754 313 L.
1765 282 1886 313 fratrem
1899 294 1905 313 :
1927 293 2016 325 quam
2030 282 2125 314 facem
2135 304 2145 318 .

1196 312 1240 342 dii
1250 318 1456 350 immortales?
1475 321 1558 360 quod
1567 320 1682 353 facinus
1694 326 1705 353 ?
1717 324 1798 365 quod
1811 325 1924 355 scelus?
1938 335 2030 366 quem
2049 328 2151 367 gurgi-

1195 363 1256 384 tem
1267 358 1277 383 ?
1287 366 1377 404 qua-m
1388 364 1562 400 voraginem
1574 365 1584 391 ?
1595 364 1668 405 quid
1678 375 1748 395 eum
1760 376 1821 396 non
1832 366 1949 397 sorbere
1958 367 2150 408 animo,quid

1194 404 1258 442 non
1269 398 1382 444 haurire
1393 404 1574 446 cogitatione
1585 424 1594 437 ,
1614 407 1698 445 cujus
1712 407 1879 448 sangumem
1890 418 1953 439 non
1966 409 2067 439 bibere
2077 419 2151 438 cen-

1194 436 1284 484 setish?
1305 449 1337 468 in
1356 450 1442 480 cujus
1460 443 1648 482 poss'effiones
1660 467 1668 480 ,
1686 458 1772 490 atque
1786 449 1940 484 fortunas,
1962 460 2027 480 non
2046 451 2150 490 impu-

1193 476 1381 528 ‘len11ffim05
1391 484 1494 514 oculos
1505 505 1513 518 ‚
1534 487 1582 526 spe
1591 507 1600 520 ‚
1616 488 1647 519 &
1659 499 1761 520 mente
1775 490 1922 532 defigere?
1943 492 2024 533 Qid
2035 492 2149 522 Censo-

1189 528 1292 549 rinum
1304 523 1315 549 ?
1331 523 1426 571 quixse
1444 526 1536 571 verbo
1546 538 1703 567 praetorem
1722 530 1780 561 esse
1791 532 1937 563 urbanum
1949 543 2054 573 cupere
2065 533 2148 563 dice-

1191 559 1309 608 batsie
1319 572 1398 593 certe
1416 566 1526 597 noluit.
1551 570 1622 609 quid
1635 571 1784 603 Bestiam?
1806 576 1856 614 qui
1869 575 1897 604 se
1906 575 2093 605 consulatum
2111 576 2144 606 in

1191 603 1273 649 Bruti
1292 604 1396 634 locum
1411 616 1509 646 petere
1523 609 1687 648 profitetur.
1718 624 1802 655 atque
1820 616 1878 645 hoc
1888 616 2010 656 quidem
2022 615 2147 646 detesta-

1191 643 1251 673 bile
1269 654 1492 693 omenhavertat
1506 651 1633 691 Jupiter.
1657 655 1756 696 Qam
1774 656 1934 687 absurdum
1953 668 2070 691 autem,
2091 659 2144 698 qui

1190 693 1298 734 praetor
1314 688 1378 717 lieri
1398 698 1462 720 non
1480 695 1631 731 potuerit,
1655 704 1725 725 eum
1743 707 1839 736 petere
1860 699 2071 730 consulatum?
2088 698 2144 729 nisi

1189 728 1268 774 torte
1287 728 1513 762 damnationem
1525 743 1579 773 pro
1597 744 1721 774 praetura
1732 747 1821 777 putat.
1844 741 1924 769 Alter
1934 742 2144 781 CaesarVopis-

1188 777 1251 815 cus,
1261 769 1313 815 ille
1322 771 1419 801 1101110
1428 773 1552 804 summo
1562 777 1688 817 ingenio
1700 799 1707 811 ,
1721 780 1837 815 summa
1846 785 1979 820 potentia
1989 802 1997 816 ,
2018 786 2031 809 θ’
2040 786 2093 823 qui
2105 792 2143 813 cx

1187 809 1326 841 aedilitate
1336 812 1371 842 ad
1381 816 1579 847 consulatum.
1605 818 1736 849 solvatur
1745 821 2053 864 legibus.quamquam
2065 825 2144 865 leges

1187 860 1258 881 eum
1274 862 1338 900 non
1348 863 1462 886 tenent.
1487 856 1502 877 ⁶
1511 858 1600 889 credo
1609 859 1764 902 dignitate.
1789 866 1827 892 At
1840 864 1888 892 hic
1897 883 1904 896 ,
1920 875 1966 894 me
1977 865 2143 895 defenden-

1189 901 1216 922 te
1226 912 1234 926 ,
1246 898 1409 939 quinquies
1420 898 1572 930 absolutus
1581 900 1631 931 est.
1656 902 1736 933 seXta
1748 904 1847 943 palma
1864 905 1973 935 urbana
1982 926 1990 939 ,
2007 908 2096 937 eti-„im
2108 909 2142 937 111

1180 934 1343 974 gladiatore
1356 937 1499 984 difficilis.
1522 941 1578 972 Sed
1592 944 1800 982 haecjudicum
1812 946 1898 986 culpa
1907 966 1915 979 ,
1927 957 1990 977 non
2006 958 2071 978 mea
2084 947 2138 978 est.

1186 987 1242 1016 ego
1260 977 1382 1026 defendi
1404 981 1462 1011 lide
1482 986 1612 1023 optima:
1636 986 1680 1015 illi
1691 986 1859 1017 debuerunt
1871 987 2060 1018 clarissimum
2074 1009 2082 1022 ‚
2107 990 2140 1020 &

1184 1018 1455 1058 praestantiffimum
1468 1024 1631 1056 senatorem
1643 1029 1675 1058 in
1684 1030 1802 1059 civitate
1814 1031 1951 1060 retinere.
1975 1032 2026 1071 qui
2038 1040 2139 1061 tamen

1186 1069 1268 1092 nunc
1278 1063 1356 1092 nihil
1365 1065 1446 1110 aliud
1455 1075 1539 1106 agere
1549 1068 1666 1099 videtui·
1682 1069 1737 1100 nisi
1751 1080 1782 1100 ut
1792 1071 1997 1113 intelligamus
2008 1092 2016 1106 ‚
2033 1073 2139 1105 7111οΡ.

1184 1111 1314 1149 quorum
1325 1106 1522 1145 resjudicatas
1533 1110 1626 1140 irritas
1636 1111 1775 1146 fecimus,
1789 1112 1879 1147 bene,
1896 1114 1927 1143 δε
1938 1113 1951 1142 e'
1961 1122 2014 1156 rep.
2024 1114 2139 1153 judica-

1184 1142 1265 1174 vifle.
1290 1148 1399 1188 Neque
1409 1149 1509 1179 hocin
1520 1151 1578 1181 hoc
1588 1162 1650 1183 uno
1665 1153 1716 1184 est.
1731 1154 1798 1184 sunt
1807 1155 1858 1185 alii
1872 1157 1904 1184 in
1915 1156 2027 1186 eisdem
2038 1155 2137 1186 cfflris

1184 1185 1309 1234 honeste
1319 1189 1514 1222 condemnati
1525 1212 1532 1226 ,
1550 1194 1817 1233 turpiter—restituti.
1871 1197 1930 1226 uod
1941 1198 2051 1227 horum
2063 1207 2138 1227 con-

1184 1224 1294 1263 filium,
1304 1232 1358 1273 qui
1369 1233 1513 1264 omnibus
1524 1234 1613 1265 bonis
1624 1236 1722 1266 hostes
1733 1238 1809 1271 sunt,
1822 1238 1876 1268 nisi
1886 1237 2064 1269 crudeliffim
2071 1248 2136 1271 um.

1181 1273 1287 1308 putatis
1296 1272 1382 1302 iore?
1402 1275 1525 1306 Accedit
1537 1279 1621 1312 Saxa,
1636 1279 1737 1309 nescio
1745 1281 1825 1320 quis,
1836 1290 1928 1321 quem
1944 1281 2034 1310 nobis
2045 1281 2138 1310 Caesair

1181 1320 1220 1340 ex
1229 1312 1336 1344 ultima
1354 1315 1510 1347 Celtiberia
1523 1319 1679 1350 tribunum
1700 1321 1740 1360 pl.
1752 1321 1853 1356 dedit,
1873 1321 2035 1352 castrorum
2053 1331 2138 1351 antea

1183 1362 1320 1402 metator,
1332 1366 1424 1391 nunc,
1436 1367 1467 1388 ut
1477 1359 1579 1399 sperat,
1593 1362 1675 1391 urbis
1687 1372 1692 1390 :
1703 1363 1718 1392 a
1728 1373 1785 1403 qua
1794 1373 1862 1393 curn
1873 1362 1908 1393 fit
1920 1364 2047 1397 alienus,
2058 1358 2072 1382 ⁸
2083 1364 2136 1394 suo

1180 1404 1279 1434 capiti,
1290 1397 1374 1428 salvis
1384 1399 1473 1430 nobis
1485 1420 1492 1433 2
1504 1404 1667 1433 ominetur.
1690 1406 1770 1434 Cum
1780 1406 1838 1436 hoc
1847 1415 2003 1435 veteranus
2017 1406 2135 1445 Capho:

1179 1446 1241 1476 quo
1258 1442 1418 1470 neminem
1431 1446 1562 1474 veterani
1581 1446 1666 1484 pejus
1681 1446 1818 1476 oderunt.
1842 1449 1898 1476 His
1911 1467 1919 1480 ,
1942 1444 2020 1487 quali
2032 1456 2136 1486 praeter

1178 1479 1293 1514 dotem,
1303 1491 1393 1521 quam
1404 1485 1437 1513 iri
1448 1485 1588 1516 civilibus
1601 1487 1688 1517 malis
1699 1498 1885 1528 acceperant,
1899 1498 2002 1528 agrum
2013 1490 2138 1528 Campa-

1177 1529 1252 1551 num
1264 1521 1306 1552 est
1324 1524 1445 1565 largitus
1456 1528 1608 1558 Antonius
1619 1548 1627 1561 ,
1648 1538 1679 1559 ut
1692 1530 1832 1560 baberent
1842 1531 2029 1570 reliquorum
2039 1531 2138 1559 nutri-

1175 1563 1254 1593 culas
1273 1565 1456 1604 praediorum
1469 1578 1474 1596 :
1497 1569 1606 1608 quibus
1625 1572 1741 1601 utinam
1757 1573 1894 1601 contenti
1913 1570 2022 1601 efl'ent:
2044 1570 2136 1601 ferre·-

1176 1613 1261 1634 mus:
1281 1605 1332 1636 etfi
1343 1608 1499 1639 tolerabile
1509 1620 1574 1641 non
1585 1621 1658 1641 erat:
1680 1613 1730 1642 sed
1743 1613 1864 1653 quidvis
1873 1613 2049 1653 patiendum
2060 1612 2128 1647 fuit,

1175 1654 1208 1676 ut
1216 1647 1275 1678 hoc
1284 1651 1479 1680 taeterrimum
1491 1651 1606 1682 bellum
1617 1663 1681 1683 non
1692 1654 1878 1684 haberemus.
1901 1654 1983 1695 Qd
1995 1657 2005 1684 ?
2023 1654 2077 1685 illa
2086 1665 2134 1685 ca-
2154 1653 2178 1687 6

1174 1686 1304 1719 stroruin
1318 1692 1363 1720 M.
1375 1695 1503 1722 Antonii
1514 1694 1634 1725 lumina
1644 1715 1652 1728 ‚
1674 1706 1778 1726 nonne
1789 1705 1856 1726 anre
1866 1699 1972 1726 oculos
1988 1698 2136 1737 proponi<-

1174 1731 1211 1759 tis
1223 1734 1235 1760 3
1256 1732 1393 1772 primum
1412 1733 1487 1764 duos
1499 1736 1653 1779 9collegas
1664 1740 1870 1768 Antoniorum
1881 1758 1890 1772 ‚
1911 1738 2133 1774 &Dolabellae‚

1171 1773 1324 1804 Nuculam
1335 1795 1343 1809 ,
1364 1776 1397 1806 ὃς
1410 1778 1584 1808 Lentonem
1595 1799 1604 1812 ‚
1627 1780 1718 1810 Italiae
1727 1779 1872 1810 divisores
1892 1780 1956 1821 lege
1969 1789 2002 1809 ea
2013 1799 2022 1814 ,
2040 1790 2134 1821 quam

1173 1814 1288 1845 senatus
1298 1826 1350 1856 per
1361 1820 1425 1847 vim
1437 1819 1525 1849 latam
1539 1820 1694 1854 judicavit.
1714 1831 1845 1862 quorum
1862 1821 1936 1851 alter
1943 1831 2134 1852 commenta-

1173 1863 1219 1886 tus
1232 1856 1276 1886 est
1286 1859 1411 1893 mimos,
1422 1860 1494 1890 alter
1503 1863 1562 1902 egit
1570 1862 1752 1903 tragoediam.
1776 1862 1858 1901 Qid
1873 1863 1971 1892 dicam
1982 1863 2018 1893 de
2029 1865 2132 1904 Apulo

1171 1899 1314 1928 Domitio
1326 1902 1391 1938 ?cuj
1396 1911 1429 1931 us
1443 1901 1522 1932 bona
1531 1903 1626 1934 modo
1635 1904 1795 1944 proscripta
1806 1904 1955 1934 vidimus:
1970 1913 2049 1935 tanta
2061 1915 2132 1945 pro-

1169 1948 1337 1970 curatorum
1347 1942 1590 1983 estnegligentia.
1610 1947 1648 1975 At
1662 1946 1712 1974 hic
1724 1955 1821 1985 nuper
1837 1946 1945 1976 sororis
1963 1944 2030 1976 filio
2042 1946 2129 1977 infu-

1168 1979 1213 2010 dit
1221 1991 1366 2017 venmum,
1378 1994 1442 2014 non
1453 1984 1543 2015 dedit.
1562 1986 1618 2016 Sed
1630 1996 1697 2016 NON
1706 1986 1828 2027 poss'unt
1837 1997 1902 2017 non
1910 1987 2035 2029 prodige
2043 1990 2131 2018 vive-

1170 2032 1201 2052 re
1211 2043 1220 2056 ‚
1241 2026 1292 2064 qui
1313 2024 1412 2056 nostra
1426 2026 1504 2056 bona
1520 2027 1648 2067 sperant,
1667 2027 1738 2058 cum
1749 2027 1911 2060 effundunt
1931 2029 1988 2060 sua.
2017 2029 2127 2060 Videte

1169 2067 1260 2095 etiam
1277 2068 1307 2096 P.
1324 2069 1412 2097 Decii
1429 2067 1602 2099 auffionem
1615 2089 1623 2103 ‚
1643 2069 1796 2100 clarissimi
1810 2072 1886 2101 viri:
1905 2073 1959 2112 qui
1975 2071 2128 2110 majorum

1169 2107 1291 2138 suorum
1309 2109 1448 2149 exempla
1464 2110 1643 2151 persequens
1655 2132 1663 2145 ,
1685 2121 1739 2152 pro
1749 2113 1848 2143 alieno
1866 2112 1894 2143 se
1913 2123 1969 2143 aere
1988 2113 2122 2143 devovit.

1170 2157 1268 2178 emtor
1282 2158 1384 2180 tamen
1402 2153 1434 2181 in
1451 2161 1484 2182 ea
1502 2153 1642 2183 auetione
1661 2155 1804 2184 inventus
1822 2153 1864 2184 est
1882 2164 1989 2185 nemo.
2013 2156 2128 2185 Homi-

1168 2199 1241 2220 nem
1256 2191 1418 2222 ridiculum
1433 2213 1441 2226 ‚
1461 2195 1514 2234 qui
1531 2194 1559 2224 se
1573 2196 1654 2224 exire
1663 2205 1720 2225 aere
1731 2196 1829 2226 alieno
1837 2205 1920 2236 putet
1931 2194 2012 2236 poss'e
2023 2216 2031 2229 ,
2053 2195 2126 2227 cuin

1169 2232 1276 2262 vendat
1290 2234 1397 2264 aliena.
1426 2237 1507 2266 Nam
1518 2236 1590 2276 quid
1604 2246 1660 2278 ego
1673 2237 1709 2267 de
1719 2237 1876 2268 Trebellio
1893 2238 1989 2268 dicam
2004 2240 2014 2267 ?
2032 2248 2126 2278 quem

1168 2274 1237 2304 uleae
1247 2274 1387 2306 videntur
1395 2275 1479 2307 furiae
1491 2277 1681 2308 debitorum:
1698 2279 1851 2309 vindicem
1863 2281 1946 2310 enirn
1957 2279 2124 2310 tabularum

1168 2325 1316 2346 novarum
1338 2327 1451 2348 novam
1468 2318 1600 2349 tabulam
1620 2320 1763 2351 vidimus.
1788 2320 1871 2359 Quid
1887 2321 1923 2351 de
1941 2323 1976 2351 L.
1991 2322 2099 2351 Planco
2112 2325 2139 2350 ἓ,

1166 2367 1258 2398 quern
1269 2358 1524 2398 praestantiffimus
1533 2361 1610 2391 civis
1620 2382 1629 2395 ‚
1649 2363 1775 2403 Aquila,
1787 2363 1935 2393 Pollentia
1946 2364 2078 2403 expulit,
2090 2363 2124 2394 &

1164 2399 1288 2440 quidem
1301 2411 1384 2431 crure
1401 2402 1514 2432 fralito:
1533 2404 1614 2444 quod
1626 2406 1740 2434 utinam
1754 2404 1822 2435 ante
1844 2405 1890 2434 illi
1900 2402 2066 2438 accidisset,
2084 2414 2124 2435 ne

1164 2442 1223 2471 huc
1233 2441 1329 2472 redire
1338 2442 1491 2483 potuisset.
1511 2447 1633 2478 Lumen,
1645 2446 1678 2476 &
1691 2446 1780 2476 decus
1791 2447 1873 2476 illius
1882 2448 2029 2476 exercitus
2037 2446 2125 2485 paene‘:

1162 2485 1289 2522 praeterii'
1302 2505 1311 2517 ‚
1328 2487 1366 2514 T.
1379 2487 1516 2516 Annium
1527 2488 1703 2522 Cimbrum,
1725 2486 1854 2527 Lysidici
1870 2487 1986 2521 filium,
2005 2486 2124 2527 Lysidi-

1161 2534 1232 2555 cum
1244 2526 1343 2565 ipsum
1357 2529 1461 2558 Graeco
1472 2529 1564 2558 verbo
1576 2548 1585 2562 ,
1607 2532 1753 2569 quoniam
1765 2531 1868 2559 omnia
1884 2531 1950 2569 jura
1967 2527 2120 2560 diss'olvit:

1162 2565 1217 2596 nisi
1230 2567 1309 2598 forte
1319 2569 1387 2608 jure
1397 2571 1585 2600 Germanum
1597 2570 1718 2600 Cimber
1732 2569 1850 2600 occidit.
1880 2572 1959 2601 Cum
1970 2571 2046 2601 hanc
2056 2590 2065 2604 ‚
2085 2571 2121 2602 δε

1159 2609 1248 2649 hujus
1257 2613 1374 2651 generis
1383 2613 1501 2650 copiam
1513 2620 1622 2641 tantam
1634 2612 1737 2641 habeat
1746 2613 1913 2645 Antonius,
1933 2612 2015 2653 quod
2027 2613 2122 2643 scelus

1158 2653 1366 2685 omittet,cum
1377 2653 1537 2683 Dolabella
1547 2654 1634 2683 tantis
1644 2653 1673 2683 se
1683 2651 1878 2684 obstrinxerit
1885 2654 2121 2695 parricidiis‚ne—

2045 2706 2120 2737 qua-

559 2735 2105 2752 -Ἣ

193 2763 218 2782 ι.
237 2758 286 2782 Nec
295 2765 352 2782 vero
366 2756 510 2791 gran-imm]
532 2758 574 2783 Ita
584 2756 800 2792 Longobardicus
818 2758 958 2790 Ferrarii,
977 2760 1113 2788 ut&Pal.

153 2789 202 2831 sec..
212 2791 258 2853 aslii
270 2811 280 2824 ‚
295 2796 459 2826 nccgraviura
466 2794 531 2819 vert).
555 2793 626 2829 quod
636 2801 723 2821 mutat
732 2794 829 2821 Rivius
846 2813 855 2827 ,
874 2795 900 2821 in
913 2795 975 2828 feri.
995 2805 1049 2823 non
1069 2806 1113 2824 ao-

174 2835 215 2853 uie
228 2836 269 2854 co.

153 2835 172 2862 q
189 2870 217 2902 ²:
237 2867 290 2891 ιλιι
299 2864 318 2890 is
328 2867 369 2898 qus·
387 2864 465 2891 cunm*
475 2865 580 2897 senatus
591 2866 739 2901 sementia]
760 2866 804 2892 Sic
814 2866 882 2893 Pall.
901 2873 1027 2903 quatuor.
1047 2869 1110 2896 Ma—

153 2902 243 2924 nutius
253 2907 339 2926 tamen
351 2900 379 2925 ὃ(
388 2900 547 2933 Lambinus,
558 2903 645 2928 cunHi'a
652 2903 756 2936 senam
758 2903 890 2936 sententiis.

188 2940 215 2968 3.
234 2937 326 2962 eAlteri
333 2934 349 2961 ὸ
360 2944 431 2968 puero
435 2944 479 2970 pro
488 2937 573 2964 deliciis
585 2939 710 2963 crudelitas
716 2939 795 2973 flur]
817 2939 874 2965 Pal.
885 2938 932 2965 sec.
946 2946 1051 2967 tantum
1063 2940 1109 2967 ha-

150 2966 207 3008 bet,
221 2971 338 3003 alteripro
347 2971 433 2998 deliciis
442 2973 597 3008 crudel.f..&
609 2975 671 3003 vero
682 2974 750 3000 illud
761 2974 777 3000 :i
783 2983 866 3007 puero,
875 2982 950 3002 extat
963 2976 1070 3012 quidem
1080 2978 1107 3004 in

150 3003 277 3041 Hittorp.
288 3008 303 3031 :i
314 3015 390 3033 manu
402 3009 514 3040 recenti,
525 3019 586 3036 cum
596 3011 749 3046 priusaliud
761 3011 825 3046 quid
837 3011 934 3038 fuisset.

186 3048 214 3072 4.
234 3043 381 3074 aliquando
390 3045 443 3075 fuit
459 3046 555 3080 metm]
589 3045 668 3072 Haud
687 3046 766 3073 aliter
789 3057 894 3083 quoque
915 3048 972 3075 Pal.
992 3047 1041 3075 see.
1060 3057 1106 3076 aut

149 3076 275 3137 Hirgorp.
287 3085 345 3103 nam
355 3078 458 3114 vulgati
467 3087 528 3107 ante
537 3082 690 3109 Maiiutium
702 3102 710 3115 ,
723 3091 787 3110 voce
796 3084 908 3120 amplius
921 3103 930 3117 ,
941 3088 1043 3111 amicus.
1063 3084 1105 3112 su-

147 3120 194 3148 per
217 3121 260 3138 ue.

183 3156 208 3188 5.
230 3149 278 3181 Qi
286 3157 316 3174 ex
325 3149 433 3189 :distare
442 3151 477 3176 ad
483 3152 652 3188 ansidonia]
673 3155 786 3182 Necesse
796 3156 860 3182 inihi
874 3156 926 3183 fuit
937 3157 1008 3193 sequi
1020 3156 1102 3184 libros

140 3187 250 3227 scriptos
262 3185 390 3218 Ferrarii,
401 3195 459 3213 cum
470 3187 497 3214 8<
507 3187 702 3218 aliorumidem
712 3199 765 3227 prae
775 3191 801 3220 se
819 3192 934 3233 sequent,
945 3194 972 3221 δε
983 3193 1043 3222 Pal.
1054 3194 1104 3221 sec.

1158 2762 1276 2798 vulgata,
1286 2772 1315 2788 ex
1324 2763 1433 2789 adilitate
1443 2764 1658 2796 conficlatumperi15
1669 2762 1805 2798 quomodo
1814 2762 1899 2790 solum
1911 2763 1956 2791 Pal
1963 2784 1969 2790 .
1983 2772 2048 2791 tert.
2055 2773 2117 2792 nam.

1156 2807 1198 2834 pr.
1209 2800 1235 2823 ὃ(
1249 2807 1337 2833 quai-t.
1348 2799 1458 2825 aedilrtate
1468 2801 1624 2832 consulatum,
1630 2799 1912 2833 penkfhhaturlcgibm.

1193 2834 1221 2860 6.
1240 2835 1312 2860 Credo
1321 2835 1461 2869 dignitate]
1484 2834 1539 2861 l'al.
1550 2835 1600 2861 sec.
1611 2842 1672 2861 tert.
1685 2835 1833 2868 dtgnitatem,
1844 2835 1915 2871 quod
1925 2835 1951 2862 in
1963 2836 2118 2873 Hittorpi0‚

1154 2870 1260 2897 Mmiit.
1281 2871 1309 2897 δε
1329 2870 1424 2897 Lamb.
1444 2870 1551 2897 edidere
1562 2881 1568 2898 :
1588 2878 1682 2905 propter
1700 2873 1811 2897 eximiam
1829 2871 1892 2897 creda
1913 2871 2060 2906 dignitatem.
2083 2882 2116 2900 an

1156 2908 1171 2932 i:
1184 2905 1242 2932 mff.

1188 2949 1216 2975 7.
1237 2944 1398 2976 uloquuorum
1408 2951 1445 2968 res
1452 2942 1578 2976 judicatae
1586 2943 1699 2978 irritu]
1716 2942 1806 2979 Vulgo
1825 2942 1933 2971 additur
1950 2946 2000 2970 illos
2009 2946 2116 2979 judices.

1131 2995 1132 3011 3
1144 2978 1216 3011 sunt,
1228 2986 1318 3004 vocem
1329 2987 1387 3004 eam
1400 2978 1522 3014 respuunt
1534 2979 1589 3005 Pal.
1599 2978 1649 3005 sec.
1659 2980 1687 3005 &
1700 2979 1773 3005 Hitt.

1129 3012 1132 3066 l
1188 3012 1216 3040 8.
1234 3017 1278 3038 Suo
1287 3015 1440 3048 capiti-simis
1449 3015 1511 3040 nobi«
1520 3016 1660 3050 caminetum]
1672 3015 1725 3050 ,Est
1736 3016 1751 3042 ‘a
1762 3014 1914 3050 conjeflura
1923 3017 2039 3044 Ferrarii
2051 3029 2057 3045 ι
2071 3017 2115 3045 sed

1129 3073 1130 3077 ,
1150 3047 1184 3075 fic
1194 3056 1281 3075 tamen
1294 3049 1380 3076 fuerat
1390 3050 1468 3077 initio
1478 3051 1506 3077 111
1518 3051 1694 3087 Hittorpiano
1704 3071 1714 3085 ‚
1736 3050 1890 3088 factumque
1903 3051 1999 3080 deinde
2010 3053 2115 3081 damme-

1149 3092 1191 3111 iur
1201 3086 1350 3120 vulgatum.

1184 3129 1213 3156 9.
1233 3123 1331 3155 Collega(
1348 3123 1529 3158 Antoniorum]
1551 3123 1675 3160 Hittorp.
1695 3124 1723 3150 δε
1734 3123 1792 3150 Pal.
1809 3123 1861 3151 secr
1880 3125 1943 3152 item
1964 3126 2115 3152 Ferrariaui

1147 3160 1247 3183 Antonii
1258 3169 1264 3183 .·
1283 3157 1369 3186 forsan
1380 3159 1488 3188 melius.
1507 3169 1568 3188 nain
1578 3160 1620 3189 isti
1630 3162 1722 3189 Marco
1738 3168 1813 3189 eraut
1824 3170 1914 3189 omina
1931 3163 2020 3198 potius
2032 3164 2113 3197 quam

1121 3204 1125 3234 λ
1147 3193 1226 3221 fratri
1237 3194 1260 3229 ej
1266 3202 1307 3221 us.
2077 3213 2080 3221 .

1987 3240 1996 3259 i
2005 3252 2009 3257 .
2023 3232 2113 3259 ‘nibella
