2295 3400
151 140 245 192 340
561 123 1066 173 M.TULL11

145 211 374 243 dixisticausam
390 210 466 251 apud
483 210 691 240 centumviros
700 218 766 238 non
775 205 916 238 tenuisse:
957 215 1027 236 uem
1046 214 1101 245 ego

143 263 228 284 antea
245 253 485 283 commemoravi
494 271 502 285 ,
523 250 606 291 quod
623 251 705 280 idern
726 249 831 280 faceret
841 269 849 282 ,
870 258 932 290 quo
971 258 1001 278 tu
1019 257 1100 277 nuuc

144 294 271 333 (tametsi
284 295 332 324 ilic
344 305 375 324 ιιι
387 294 483 333 aliqua
493 293 576 323 causa
586 291 756 325 latich-antu
765 293 798 320 in
809 290 893 320 nulla
903 289 985 329 facis)
997 298 1098 319 tamen

143 335 278 376 probasse
296 336 414 365 nemini
435 333 515 375 quod
535 332 671 364 defendit
688 353 697 367 ,
725 334 795 373 quia
811 331 907 362 verbis
930 339 1098 372 oppugnare

144 380 314 419 aequitatem
325 376 488 406 videbatur.
511 374 590 405 Cum
600 375 631 404 id
643 376 747 408 miror,
759 384 787 404 te
800 375 902 403 hocin
911 374 964 403 hac
974 383 1014 406 re,
1025 373 1098 403 alie-

144 430 188 450 no
199 428 331 458 tempore
340 438 348 451 ,
361 418 393 448 ὃ(
403 417 505 447 contr).
515 437 522 450 ,
535 427 624 458 quam
636 415 689 446 ista
699 416 782 447 causa
791 412 962 455 postulasset
972 435 980 449 ‚
991 413 1097 444 defen-

144 459 237 490 disse:
257 470 322 490 tum
333 459 407 489 illud
419 457 510 499 vulgo
522 461 553 488 in
564 457 682 494 judiciis
693 478 701 491 ,
721 457 754 488 δε
764 466 996 497 nonnumquam
1004 456 1040 486 ab
1051 457 1099 485 in-

144 500 274 543 geniosis
284 501 461 531 hominibus
469 499 609 533 defendi,
620 501 699 529 mihi
710 502 823 529 mirum
835 498 930 528 videri
939 499 1026 531 solet,
1043 507 1097 527 nec

141 543 362 583 jurisconsultis
371 542 506 575 concedi,
518 552 573 572 nec
580 542 589 580 j
596 551 629 571 us
637 541 726 571 civile
735 543 768 570 in
777 539 866 570 causis
878 540 994 580 semper
1003 539 1099 569 valere

143 594 291 625 oportere.
316 587 394 614 Nam
406 586 458 625 qui
468 585 526 614 hoc
534 584 685 623 disputant
698 603 706 616 ,
726 580 748 612 si
759 582 789 612 id
800 582 903 612 dicunt
913 601 921 615 ‚
943 591 1007 611 non
1018 579 1097 610 roffi-e

141 626 256 666 aliquid
268 625 391 656 statuere
402 636 452 655 eos
464 647 472 659 ‚
491 627 544 666 qui
558 625 767 655 consulantur:
793 634 855 654 non
867 624 923 653 hoc
932 623 1042 653 debent
1053 621 1097 651 di-

143 668 289 706 cerc‚jteri
299 667 390 700 civili,
404 668 451 697 sed
461 665 926 705 hominibusstultts,obtemperari
938 674 999 694 non
1009 673 1097 702 opor-

142 717 214 739 tere.
237 707 280 738 fin
290 709 360 738 illos
369 708 449 739 recle
463 708 640 748 respondere
648 707 829 739 concedunt,
843 707 876 737 &
885 705 1100 745 aliterjudicari

141 751 249 781 dicunt
258 759 403 790 oportere:
414 751 493 780 male
502 750 626 789 judicari
637 759 770 789 oportere
780 749 892 779 dicunt.
910 757 1006 788 neque
1016 748 1099 776 enim

142 791 210 823 fieri
220 791 326 832 potest,
337 801 369 822 ut
378 792 460 822 aliud
468 792 594 832 judicari
604 791 640 821 de
651 793 724 828 iure,
737 790 817 820 aliud
827 790 999 829 responderi
1010 797 1099 827 opor-

142 842 220 864 teat:
242 844 298 864 nec
307 842 339 864 ut
347 834 588 875 quisquamjuris
599 841 773 863 numeretur
789 833 898 872 peritus
908 851 915 864 ,
939 832 991 871 qui
1001 830 1032 859 id
1044 828 1099 858 sta-

144 884 208 906 tuat
217 874 274 906 ess'e
284 876 330 913 jus
341 895 349 909 ‚
370 875 451 916 quod
462 885 525 905 non
536 884 669 914 oporteat
682 874 816 913 judicari.
840 876 879 902 At
890 872 932 902 est
941 870 1100 912 aliquando

143 916 249 948 contra
261 917 434 952 iudicatum.
461 916 598 947 Primum
614 914 714 946 utrum
726 915 805 945 reete
816 935 824 947 ‚
840 925 878 944 an
887 915 1061 954 perperam?
1081 910 1101 941 si

144 958 228 989 redte
241 969 246 988 2
266 958 297 989 id
305 957 362 988 fuit
373 959 435 996 jus,
447 958 528 999 quod
541 958 709 997 judicatum
719 956 769 986 est.
794 955 836 986 sin
847 957 946 986 aliter:
966 964 1031 985 non
1046 953 1102 983 du—

145 1000 238 1030 bium
249 999 292 1030 est
302 1021 310 1033 ,
323 999 425 1030 utrum
434 1000 610 1038 judiceffian
620 999 823 1039 jurisconsulti
834 996 1018 1037 vituperandi
1032 994 1098 1025 sint.

146 1041 258 1072 deinde
268 1040 288 1071 fi
298 1041 407 1078 dejure
417 1043 498 1071 vario
507 1043 660 1082 quippiam
674 1040 836 1077 judicatum
849 1038 907 1069 est:
926 1048 991 1068 non
1001 1035 1102 1077 potius

145 1084 485 1123 contrajurisconsultos
495 1083 635 1115 statuunt,
649 1081 669 1111 si
679 1082 762 1111 aliter
772 1082 999 1121 pronuntiatum
1008 1078 1059 1112 est,
1072 1089 1104 1108 ac

150 1127 256 1155 Mucio
265 1126 374 1164 placuit
384 1145 393 1158 ,
404 1124 541 1164 quamex
548 1134 654 1154 eorum
665 1122 839 1153 auCkoritate
850 1143 858 1156 ,
870 1121 901 1155 fi,
913 1131 945 1151 ut
955 1121 1099 1151 Manilius

147 1166 291 1197 statuebat
300 1187 308 1199 ‚
331 1165 366 1196 sic
381 1166 422 1196 est
430 1166 606 1205 judicatum.
631 1167 752 1195 Etenim
770 1165 831 1204 ipse
850 1162 962 1194 Crass'us
982 1173 1045 1192 non
1063 1164 1102 1191 ita

147 1218 200 1238 cau
206 1209 264 1238 sam
275 1207 351 1247 apud
360 1210 566 1238 centumviros
576 1208 646 1247 egit,
658 1217 690 1237 ut
701 1204 1101 1248 contrajac-rifiorzfmtosdice-

147 1258 193 1279 ret
203 1270 212 1282 ,
230 1249 278 1279 sed
290 1259 321 1279 ut
331 1250 388 1280 hoc
397 1249 516 1279 doceret
526 1269 534 1282 ,
554 1248 631 1278 illud
642 1268 651 1282 ‚
671 1248 753 1289 quod
763 1245 1077 1278 scaevoiadefendebat
1089 1265 1097 1277 ,

148 1301 214 1322 non
223 1289 282 1320 efl'e
294 1292 380 1328 juris:
402 1291 476 1321 &in
489 1301 552 1321 eam
563 1301 626 1320 rem
638 1300 700 1320 non
711 1288 811 1320 solum
821 1291 951 1319 rationes
969 1286 1083 1318 afferret
1091 1306 1101 1320 ,

148 1332 200 1362 sed
210 1334 299 1363 etiam
309 1335 475 1371 QMucio,
487 1333 589 1363 socero
599 1333 651 1362 suo
661 1353 669 1365 ,
681 1331 842 1372 multisque
852 1328 1034 1370 peritiffimis
1046 1329 1101 1358 ho-

85 1383 132 1414 35
151 1374 286 1404 minibus
296 1373 465 1404 aridioribus
476 1383 613 1404 uteretur.
632 1377 713 1404 Nam
724 1383 786 1412 QU
799 1383 854 1411 jus
863 1372 953 1402 civile
963 1379 1101 1401 contem-

147 1416 286 1446 nendum
297 1425 396 1456 putat,
417 1418 442 1446 is
452 1416 572 1446 vincula
581 1416 698 1446 revellit
713 1425 776 1445 non
788 1412 882 1444 modo
899 1412 1081 1452 judiciorum
1093 1432 1101 1445 ‚

147 1457 201 1489 sed
211 1459 300 1488 ctiam
316 1458 468 1491 utilitatis,
490 1468 615 1498 vitaeque
625 1458 810 1488 communis.
831 1457 991 1495 quiautem
1010 1456 1103 1483 inter·

147 1508 246 1541 pretes
259 1500 334 1538 juris
353 1501 512 1539 vituperat:
531 1498 551 1528 si
562 1501 719 1539 imperitos
727 1499 802 1538 juris
815 1496 873 1528 effe
882 1497 971 1527 dicit:
991 1495 1026 1525 de
1046 1496 1101 1524 ho-

146 1541 287 1572 minibus
296 1561 307 1574 2
324 1551 388 1571 non
398 1541 433 1570 de
442 1542 507 1580 jure
517 1541 601 1572 civili
611 1541 746 1571 detrahit.
771 1539 814 1569 fin
825 1540 926 1579 peritis
942 1547 1006 1567 non
1021 1545 1105 1577 putat

148 1581 209 1612 effe
219 1582 489 1622 obtemperandum
501 1593 506 1611 t
518 1593 582 1613 non
592 1584 733 1615 homines
744 1581 834 1614 laedit,
843 1580 891 1611 sed
902 1580 990 1620 legeS,
1001 1589 1032 1608 ac
1040 1580 1104 1617 jura

149 1623 319 1654 labefactat.
342 1624 432 1664 Qod
443 1625 531 1654 vobis
540 1626 642 1654 venire
654 1626 685 1653 in
697 1631 832 1653 mentem
843 1619 980 1662 profesto
991 1619 1104 1650 neceffe

147 1665 210 1696 est:
229 1667 308 1696 nihil
318 1664 374 1696 effe
385 1668 418 1695 in
427 1667 545 1696 civitate
555 1676 613 1696 tam
625 1665 783 1705 diligenter
793 1684 801 1698 ‚
821 1664 912 1705 quam
929 1663 977 1702 jus
994 1662 1083 1692 civile
1093 1681 1102 1695 ,

146 1707 352 1738 retinendum.
375 1709 489 1737 etenim
501 1728 509 1741 ,
530 1708 578 1736 hoc
582 1705 696 1746 sublato
704 1727 713 1740 ,
732 1706 811 1736 nihil
822 1705 880 1739 est,
900 1714 987 1746 quare
997 1703 1105 1743 explo-

147 1757 247 1779 ,ratum
264 1751 405 1790 cuiquam
418 1747 504 1788 poffit
521 1747 579 1778 effe
592 1769 599 1782 ,
615 1748 686 1789 quid
703 1749 790 1779 suum
801 1768 809 1781 ‚
829 1757 879 1778 aut
887 1746 960 1788 quid
970 1746 1104 1776 alienum

148 1789 203 1820 fit:
223 1791 301 1820 nihil
311 1790 353 1820 est
363 1810 370 1824 ,
391 1790 472 1831 quod
490 1791 635 1830 aequabile
650 1792 729 1820 inter
746 1791 868 1820 omneis
878 1808 885 1822 ,
904 1798 931 1818 at
954 1798 990 1817 ue
1008 1797 1104 1817 unum

149 1833 299 1862 omnibus
311 1831 369 1862 effe
382 1830 476 1871 poffit.
499 1835 602 1872 Itaque
612 1834 645 1861 in
656 1833 758 1861 ceteris
769 1840 927 1861 controver
941 1833 976 1858 iis
988 1849 997 1861 2
1018 1838 1103 1869 atque

145 1874 268 1914 judiciis
277 1894 285 1906 ,
297 1872 368 1903 cum
400 1875 519 1903 uaeritur
529 1893 537 1906 ,
549 1874 585 1902 ali
611 1873 662 1903 uid
671 1872 785 1902 factum
797 1893 804 1905 ‚
817 1882 911 1902 necne
923 1870 955 1900 sit
967 1881 970 1899 :
982 1869 1100 1904 verum,

147 1925 188 1945 an
200 1914 308 1946 falsum
321 1884 500 1954 progeratur:
520 1914 553 1944 δεῖ
563 1913 583 1944 fi
604 1925 651 1944 tus
670 1914 750 1944 testis
766 1914 920 1944 subornari
934 1913 1007 1942 solet
1017 1932 1026 1945 ‚
1047 1915 1055 1931 ¹
1070 1912 1101 1941 δε

145 1958 269 1997 :imponi
281 1955 358 1986 falsae
369 1956 475 1986 tabulae
487 1967 492 1985 2
510 1966 742 1996 nonnumquam
751 1975 759 1989 ,
779 1954 906 1985 honesto
916 1974 924 1988 ‚
946 1964 979 1983 ac
997 1954 1102 1993 proba-

145 1998 204 2028 bili
214 2000 344 2028 nomine
353 2019 362 2032 ,
374 1998 458 2028 bono
467 2000 533 2028 viro
544 2019 552 2030 ‚
563 1998 657 2036 judici
669 2018 677 2030 ‚
691 2008 771 2027 error
780 1997 829 2033 obi
834 1998 872 2026 ici
884 2007 888 2025 z
908 1995 1050 2035 improbo
1060 1994 1102 2025 fa-

145 2040 242 2070 cultas
252 2040 332 2071 dari,
353 2049 386 2070 ut
395 2060 403 2072 ‚
422 2040 494 2070 cum
506 2040 598 2070 sciens
608 2049 759 2078 perperam
768 2038 907 2078 judicarit
916 2057 925 2071 ,
944 2036 1104 2067 testamen-

148 2089 280 2115 tum,aut
291 2081 402 2111 tabulas
413 2081 525 2112 secutus
534 2080 591 2111 effe
600 2081 744 2111 videatur.
768 2082 876 2120 Injure
886 2079 963 2109 nihil
974 2077 1016 2108 est
1026 2079 1105 2118 ejus-

146 2123 237 2153 modi
249 2143 258 2156 ,
269 2132 483 2162 recuperatores
495 2133 500 2152 z
519 2133 583 2153 non
593 2122 698 2152 tabulae
707 2121 785 2152 falsae
797 2143 805 2155 ‚
826 2131 890 2151 non
900 2119 979 2150 testis
990 2122 1104 2159 impro-

147 2165 207 2195 bus
219 2175 224 2194 :
236 2164 365 2204 denique
378 2166 472 2194 nimia
482 2164 535 2195 ista
546 2185 554 2197 ,
566 2174 631 2204 quae
642 2163 817 2193 dominatur
827 2165 860 2192 in
870 2164 1001 2195 civitate,
1009 2169 1106 2202 poten-

146 2207 194 2235 tia
205 2225 214 2238 ‚
236 2207 270 2235 in
281 2206 336 2236 hoc
348 2206 412 2236 solo
420 2216 526 2245 genere
540 2205 679 2246 quiescit:
696 2204 770 2245 quid
780 2213 859 2245 agat,
880 2204 1037 2244 quomodo
1056 2214 1107 2245 ag-

169 2247 296 2277 rediatur
304 2247 437 2286 judicem
449 2268 457 2280 ‚
469 2247 526 2287 quii
537 2248 666 2286 denique
675 2245 803 2287 digitum
814 2244 943 2285 proferat
952 2265 960 2278 ,
971 2255 1036 2275 non
1052 2246 1106 2275 ha-

145 2257 211 2320 {et=
237 2291 250 2308 2
261 2288 340 2318 iilud
351 2290 433 2318 enim
445 2288 541 2328 potest
551 2288 608 2318 dici
620 2287 711 2323 judici
721 2287 757 2316 ab
767 2288 867 2327 aliquo
878 2296 940 2316 non
951 2296 1104 2316 tamvere-

146 2330 251 2361 cundo
261 2331 388 2360 homine
397 2350 404 2363 ,
417 2340 506 2370 quam
517 2329 661 2372 gratioso:
675 2331 801 2370 JuDICA
820 2330 879 2357 hoc
893 2326 1007 2357 fitium
1025 2327 1082 2357 effe
1095 2347 1109 2361 ‚v

147 2380 202 2402 :tut
212 2381 378 2412 numquam
391 2370 447 2401 effe
455 2371 570 2401 fii-stum
578 2391 589 2405 ,
602 2371 650 2400 vel
661 2372 822 2411 cogitatum
835 2380 839 2398 :
851 2368 936 2399 crede
947 2370 1017 2398 huic
1027 2368 1103 2398 testi:

146 2414 204 2444 has
212 2413 374 2453 comproba
382 2413 503 2442 tabulas.
527 2415 596 2443 Hoc
605 2422 669 2442 non
680 2411 776 2452 potest
788 2422 794 2440 :
814 2413 873 2441 Cur
893 2420 1004 2440 F1L1us
1019 2420 1106 2451 agna-

147 2464 198 2485 tus
207 2453 258 2489 sit,
277 2456 341 2494 ejus
352 2454 563 2484 testamentum
579 2464 643 2484 non
660 2453 718 2483 effe
730 2462 870 2493 ruptum,
885 2451 1002 2492 judica:
1022 2451 1110 2491 quod.

149 2497 262 2527 mulier
272 2495 331 2526 fine
341 2505 437 2526 tutore
447 2495 566 2526 auctore
574 2496 758 2535 promiserit,
782 2494 892 2524 deberi.
914 2503 978 2523 non
995 2492 1037 2523 est
1053 2492 1103 2522 ad-

145 2539 210 2568 itus
227 2538 263 2568 ad
279 2537 455 2576 hujusmodi
465 2547 510 2567 res
521 2547 617 2578 neque
630 2539 771 2576 potentia:
788 2535 962 2576 cujusquam
974 2554 982 2568 ,
1006 2544 1103 2575 neque

147 2580 256 2620 gratiae.
280 2579 409 2619 denique
418 2599 425 2613 ,
437 2589 498 2620 quo
509 2581 603 2619 majus
614 2579 687 2612 hoc,
701 2577 884 2618 sancliusque
895 2576 1044 2608 videatur,
1067 2586 1104 2605 ne

149 2621 247 2661 pretio
258 2620 380 2660 quidem
397 2623 550 2660 corrumpi
564 2621 659 2659 judex
680 2622 711 2650 in
730 2618 881 2657 ejusmodi
898 2618 981 2648 causa
998 2616 1102 2657 potest.

151 2660 210 2692 Iste
229 2661 323 2691 vester
343 2661 441 2696 testis,
461 2664 512 2703 qui
529 2662 612 2692 ausus
633 2661 807 2694 eii-dicere,
829 2663 965 2690 Fizmssz
980 2669 1103 2689 vmniu

151 2712 225 2734 :tuM
237 2723 245 2736 ‚
257 2702 293 2732 de
301 2713 362 2744 quo
372 2713 408 2733 ne
419 2725 426 2736 ‚
438 2705 522 2743 cujus
533 2705 574 2733 rei
585 2712 750 2744 argueretur
758 2701 880 2743 quidem
891 2722 899 2736 ‚
912 2702 983 2732 scire
991 2700 1106 2740 potuis-

152 2745 214 2778 set,
236 2744 297 2784 ipse
307 2754 472 2785 numquam
483 2745 602 2775 auderet
616 2745 760 2781 judicare,
781 2742 881 2774 deberi
897 2745 963 2773 viro
982 2743 1083 2772 dotem
1095 2761 1103 2775 ,

173 2796 242 2815 uam
253 2786 363 2816 mulier
374 2786 459 2816 nullo
468 2785 587 2817 auetore
597 2786 658 2816 dixi
664 2785 726 2816 ffet.
750 2788 775 2815 O
786 2795 848 2815 rem
858 2785 1036 2825 praeclaram,
1051 2794 1106 2813 vo-

90 2823 140 2858 26
180 2827 261 2869 isque
272 2827 313 2858 ob
322 2828 380 2858 hoc
389 2828 577 2859 retinendam
587 2848 596 2862 ,
614 2837 832 2868 recuperatores
845 2829 850 2856 ἱ
871 2826 961 2867 Qod
971 2828 1054 2856 enim
1067 2824 1109 2856 est

1144 123 1686 173 C1cnitours

1140 205 1188 244 jus
1207 204 1315 235 civile?
1334 206 1427 245 Q9D
1446 213 1557 243 NEQE
1574 203 1689 234 infleffi
1707 202 1797 245 gratia
1806 222 1814 237 ‚
1836 212 1933 245 neque
1950 203 2062 245 perfrin
2084 205 2094 215 '

1139 249 1383 287 potentia‚neque
1392 245 1546 276 adulterari
1558 247 1684 285 pecunia
1692 244 1787 285 poffit.
1800 246 1881 286 quod
1892 245 1913 276 sl
1923 256 1986 277 non
1997 248 2069 278 mod

1139 287 1309 328 oppressum
1321 308 1329 321 ,
1346 287 1394 318 sed
1405 289 1494 317 etiam
1506 287 1653 317 desertum
1665 307 1673 321 ,
1694 296 1743 316 aut
1753 288 1952 328 negligentius
1961 288 2100 321 adserva.

1140 332 1288 363 tumferit',
1310 330 1388 359 nihil
1398 328 1449 362 est,
1462 328 1544 370 quod
1553 329 1709 369 quisquam
1722 329 1781 358 sese
1791 329 1897 359 habere
1907 339 2033 363 certum,
2045 339 2096 360 aut

1138 374 1154 401 a
1167 381 1245 410 patre
1255 380 1456 411 accepturum,
1468 379 1518 400 aut
1527 369 1704 400 i-eliEturum
1718 369 1819 400 liberis
1829 370 1992 401 arbitretur.
2011 370 2095 413 Qid

1139 415 1222 442 enim
1233 412 1331 446 refert,
1344 412 1442 445 aedeis,
1453 421 1503 442 aut
1511 410 1645 453 fundum
1655 409 1796 441 relietum
1806 411 1821 442 a
1831 420 1922 451 parre,
1937 421 1987 442 aut
1997 413 2097 462 aliqua

1138 456 1252 484 ratione
1272 454 1377 484 habere
1396 453 1472 483 bene
1489 462 1606 492 partum
1617 473 1624 486 ,
1647 456 1659 479 3
1674 451 1853 483 siincertum
1864 452 1916 487 sit,
1935 464 2002 495 quae
2019 463 2095 484 curn

1139 498 1243 525 omnia
1253 505 1313 528 tua,
1322 497 1331 534 j
1337 505 1387 525 ure
1397 496 1540 534 mancipii
1551 492 1654 527 sint‚ea
1662 493 1789 534 poffisnc
1802 497 1928 524 retinere
1938 498 1948 524 ?
1958 494 1978 524 si
1987 505 2095 535 parunt

1141 535 1172 566 fit
1191 538 1475 576 communitumjus
1488 539 1498 564 ?
1517 534 1538 565 si
1553 535 1636 565 civili
1649 556 1657 569 ‚
1675 546 1708 565 ac
1721 535 1840 575 publica
1854 536 1916 577 lege
1926 546 2029 567 contra
2038 537 2097 567 ali-

1139 579 1223 617 cujus
1236 580 1359 618 gratiam
1370 580 1464 608 teneri
1472 587 1536 607 non
1546 577 1661 616 porest?
1679 576 1760 615 Qid
1771 597 1779 609 ‚
1800 579 1923 617 inquam
1934 597 1942 611 ,
1963 577 2093 618 prodest,

1140 619 1271 650 fundum
1287 620 1402 652 habere,
1419 617 1449 652 fi,
1464 629 1530 659 quae
1540 617 1742 649 decentissime:
1753 619 1895 658 descripta
1905 618 1920 649 a
1932 619 2098 657 majoribus

1138 662 1202 699 jura
1214 660 1334 694 finium,
1346 659 1571 701 poffeffionum,
1586 661 1946 700 aquai*um,itine1·umque
1955 662 2097 694 sunt,haec

1140 703 1301 742 perturbari
1317 703 1413 743 aliqua
1430 704 1544 732 ratione
1557 723 1564 734 ,
1588 704 1829 742 commutarique
1846 701 1988 741 possunt?
2017 703 2098 732 Mihi

1140 744 1268 774 credite:
1292 746 1386 783 major
1398 744 1541 773 hereditas
1549 745 1632 773 venit
1643 763 1652 776 ,
1674 745 1834 783 unicuique
1851 742 1984 773 vestrum
2003 746 2034 774 in
2044 744 2098 776 iis-

1141 785 1211 815 dem
1223 787 1311 816 bonis
1323 805 1330 819 ,
1355 781 1442 823 bime
1451 805 1459 818 ,
1475 786 1510 817 (9-
1522 783 1540 814 ἱι
1551 784 1656 825 tegibus
1670 805 1677 817 ‚
1692 784 1781 825 quam
1791 785 1873 814 abiis
1883 805 1891 818 ,
1902 785 1917 815 ’ἶι
1926 785 2097 826 quibusilla

1140 827 1200 866 ipsa
1218 827 1298 857 bona
1316 826 1419 856 reliEizt
1438 828 1456 857 s
1454 836 1515 856 unt.
1547 837 1618 856 nam
1630 846 1638 859 ,
1658 836 1689 855 ut
1708 828 1858 865 perveniat
1867 826 1902 856 ad
1912 837 1961 856 me
1970 825 2095 861 fundus,

1141 868 1320 898 testamento
1339 869 1464 901 alicuius
1483 867 1546 897 fieri
1563 867 1673 908 potest:
1695 877 1726 897 ut
1742 870 1885 898 retineam
1896 868 1976 908 quod
1987 879 2093 900 meum

1142 909 1257 940 fafitum
1276 909 1310 940 fit
1319 930 1327 943 ,
1348 909 1407 940 fine
1427 912 1491 949 jure
1500 911 1585 940 civili
1594 919 1658 939 non
1668 908 1773 949 potest.
1806 909 1927 939 Fundus
1935 909 1950 940 a
1958 919 2037 949 patre
2047 920 2094 940 re-

1143 952 1241 992 linqui
1251 951 1356 992 potest.
1380 961 1408 982 at
1419 952 1559 991 usucapio
1568 951 1656 981 fundi
1669 962 1674 980 ;
1691 952 1750 981 hoc
1759 950 1800 980 est
1812 972 1819 984 ,
1833 950 1903 981 finis
1914 951 2094 982 sollicitudi-

1145 995 1202 1027 nis,
1213 1004 1244 1023 ac
1257 994 1381 1033 periculi
1392 994 1493 1023 litium
1509 1014 1517 1027 ,
1539 1003 1602 1023 non
1611 992 1627 1022 a
1637 1001 1715 1033 patre
1725 993 1905 1033 relinquitur
1914 1014 1926 1026 ,
1939 993 1987 1023 sed
1997 993 2012 1023 a
2020 993 2096 1035 legi·-

1144 1035 1209 1064 bus.
1241 1038 1333 1076 Aquae
1343 1035 1451 1065 ductus
1461 1055 1469 1069 ,
1485 1034 1604 1065 haustus
1615 1055 1622 1067 ,
1637 1037 1709 1067 iter,
1721 1032 1802 1064 acius
1814 1055 1821 1067 ,
1832 1036 1847 1064 ἐι
1857 1044 1949 1074 patre:
1972 1035 2020 1065 sed
2039 1046 2099 1067 rata.

1143 1076 1301 1106 auctoritas
1320 1079 1427 1107 harum
1445 1087 1544 1106 rerum
1567 1077 1709 1105 omnium
1738 1071 1755 1104 ὲ
1772 1077 1838 1114 jure
1855 1077 1936 1104 civili
1959 1077 2102 1107 sumitur.>

1145 1121 1330 1159 Qapropter
1341 1129 1404 1148 non
1416 1117 1519 1147 minus
1528 1118 1686 1158 diligenter
1696 1127 1726 1146 ea
1736 1137 1744 1150 ‚
1766 1128 1830 1157 quae
1848 1128 1863 1146 a
1876 1118 2040 1156 majoribus
2052 1129 2100 1149 ac-

1142 1159 1260 1199 cepistis
1271 1180 1279 1193 ,
1288 1161 1408 1200 publica
1418 1162 1598 1199 patrimonia
1609 1160 1679 1195 juris
1690 1179 1697 1192 ‚
1714 1159 1803 1198 quam
1814 1161 1933 1198 privatae
1943 1161 1985 1189 rei
1995 1160 2097 1191 vestrae

1143 1204 1270 1230 retinere
1288 1202 1421 1231 debetis:
1451 1211 1515 1230 non
1539 1200 1639 1231 solum
1656 1199 1739 1240 quod
1759 1201 1823 1230 haec
1838 1201 1903 1238 jure
1916 1202 2000 1231 civili
2009 1202 2098 1241 sazpra

1144 1243 1227 1273 sunt:
1246 1244 1313 1273 sunt
1325 1245 1414 1273 etiam
1425 1242 1509 1283 quod
1524 1252 1775 1272 PArmMONmM
1794 1244 1883 1271 unius
1894 1244 2097 1274 incommodo

1145 1284 1325 1315 dimittitur:
1343 1286 1390 1324 jus
1408 1286 1510 1314 amitti
1522 1294 1585 1314 non
1595 1283 1692 1324 potest
1699 1281 1758 1313 fine
1770 1293 1880 1324 magno
1894 1285 2097 1315 incommodo

1144 1328 1285 1356 civitatis.
1320 1329 1357 1356 Iu
1364 1328 1418 1356 hac
1428 1327 1488 1366 ipsa
1498 1327 1580 1356 causa
1593 1346 1601 1359 ,
1619 1334 1837 1364 recuperatores
1848 1346 1857 1359 ‚
1868 1324 1888 1354 fi
1900 1326 1958 1356 hoc
1965 1336 2020 1356 nos
2031 1337 2096 1357 non
2117 1341 2135 1364 2
2141 1342 2162 1376 7

1147 1368 1365 1402 obtinebimus,
1377 1370 1419 1401 vi,
1431 1369 1550 1398 armatis
1561 1367 1738 1398 hominibus
1753 1387 1760 1399 ‚
1781 1366 1933 1407 dejefihim
1945 1366 2002 1398 effe
2012 1378 2096 1402 eum,

1145 1419 1236 1450 quem
1256 1411 1285 1439 vi
1297 1430 1306 1443 ‚
1326 1412 1444 1440 armatis
1458 1410 1654 1442 hominibus,
1674 1409 1794 1448 pulsum
1807 1429 1815 1442 ‚
1835 1408 2029 1451 fugatumque
2039 1408 2103 1440 effe.

1143 1450 1274 1481 constet:
1294 1454 1410 1482 Caecina
1418 1462 1482 1481 rem
1493 1461 1556 1481 non
1567 1453 1683 1481 amittet
1691 1471 1699 1485 ,
1718 1460 1808 1491 quam
1819 1451 1912 1490 ipsam
1921 1453 2026 1481 animo
2034 1450 2098 1482 for-

1144 1495 1186 1526 ti,
1199 1491 1218 1522 si
1228 1502 1346 1532 tempus
1356 1495 1394 1523 ita
1406 1492 1495 1523 ferret
1504 1513 1512 1526 ,
1531 1494 1682 1522 amitteret
1694 1503 1699 1522 :
1719 1494 1752 1522 in
1762 1490 1972 1532 poss‘effionem
1981 1495 2013 1523 in
2022 1503 2098 1533 prx-

1144 1535 1236 1565 sentia
1244 1545 1308 1564 non
1319 1534 1503 1565 restituetur:
1522 1535 1602 1563 nihil
1614 1535 1762 1574 amplius:
1783 1535 1887 1574 populi
1896 1538 1990 1565 Rom.
2001 1535 2095 1570 causa,

1142 1577 1273 1606 civitatis
1274 1576 1285 1615 j
1290 1586 1334 1610 us,
1346 1577 1433 1610 bona,
1444 1575 1583 1609 fortunae,
1593 1574 1842 1616 posi'effionesque
1851 1577 1885 1606 in
1895 1576 2035 1611 dubium,
2047 1579 2097 1607 in·

1143 1626 1315 1658 certumque
1327 1618 1546 1648 revocabuntur
1556 1628 1561 1646 :
1577 1617 1671 1647 vestra
1679 1616 1853 1647 auetoritate
1863 1619 1922 1648 hoc
1932 1617 2105 1650 constitue·

1144 1668 1209 1693 tur,
1231 1661 1289 1690 hoc
1305 1660 1525 1700 praescribetur:
1545 1661 1670 1700 quicum
1688 1667 1720 1688 tu
1735 1658 1856 1698 posthac
1872 1659 1909 1689 de
1918 1658 2102 1699 possess'ioue

1142 1701 1306 1732 contendes
1317 1722 1326 1736 ,
1338 1712 1423 1735 eum,
1433 1701 1453 1731 fi
1463 1699 1732 1736 inerress'um-modo
1742 1700 1893 1739 dejeceris,
1905 1703 1937 1732 in
1947 1701 2104 1741 praedium.

1145 1741 1278 1773 restituas
1297 1744 1448 1784 oportebit
1460 1755 1464 1772 z
1490 1728 1532 1773 ffn
1550 1753 1650 1774 autem
1668 1742 1867 1783 ingredienti,
1897 1742 1969 1772 cum
1990 1752 2101 1775 armata

1146 1785 1342 1815 multitudine
1351 1786 1459 1815 obvius
1469 1784 1560 1814 fueris
1571 1805 1578 1817 ,
1595 1786 1676 1814 &ita
1687 1786 1861 1814 venientem
1872 1785 2014 1824 repuleris
2024 1805 2033 1819 ‚
2043 1784 2103 1819 fur

1143 1828 1377 1867 garizaverteris
1390 1838 1395 1856 :
1414 1837 1478 1857 non
1488 1826 1631 1856 restitues.
1650 1831 1667 1852 4
1676 1835 1741 1855 tum
1751 1825 1911 1855 statueritis
1921 1827 1985 1856 vim
1995 1827 2029 1856 in
2039 1837 2098 1858 cae-

1144 1868 1180 1898 de
1191 1867 1301 1902 solum,
1314 1879 1378 1898 non
1388 1870 1478 1899 etiam
1490 1869 1517 1896 in
1527 1869 1621 1896 animo
1630 1879 1641 1894 .·
1651 1866 1708 1897 nisi
1717 1877 1804 1897 cruor
1811 1869 2021 1907 appa1·eat‚vim
2032 1879 2103 1900 nont

1142 1908 1200 1939 esse
1213 1909 1336 1940 faCtam:
1363 1910 1543 1949 injuriarum
1555 1909 1701 1939 defletum
1713 1907 1770 1938 ess'e
1782 1910 1862 1949 ,.qui
1872 1909 2040 1949 prohibitus
2051 1908 2103 1945 fit,

1142 1950 1197 1981 nisi
1208 1961 1245 1980 ex
1255 1962 1291 1981 eo
1300 1952 1369 1981 loco
1380 1972 1388 1985 ,
1399 1952 1451 1982 ubi
1461 1951 1620 1991 vestigium
1630 1949 1823 1990 impresserit,
1837 1951 1926 1990 dejici
1937 1952 2102 1982 nemiuem·

1142 1992 1233 2033 poffe.
1262 1995 1344 2034 Juris
1356 1994 1448 2034 igitur
1456 1994 1577 2023 retineri
1586 1994 1766 2023 sententiam
1778 2013 1786 2026 ,
1807 1992 1840 2022 ὃς
1849 1994 2019 2033 aequitatem
2029 1994 2099 2033 plu·-

1143 2034 1265 2065 rimum
1274 2036 1370 2065 valere
1380 2044 1516 2074 oportere
1528 2046 1533 2063 z
1552 2045 1590 2064 an
1606 2034 1698 2064 verbo
1709 2055 1717 2068 ,
1737 2044 1770 2064 ac
1784 2035 1866 2064 litera
1875 2036 1921 2073 jus
1933 2045 2026 2065 omne
2035 2044 2099 2065 tor-

1143 2078 1226 2117 queri
1239 2087 1245 2105 :
1264 2087 1319 2107 vos
1330 2076 1454 2107 vstatuite
1465 2098 1473 2110 ‚
1492 2085 1707 2116 recuperatores
1718 2096 1726 2109 ,
1746 2085 1847 2105 utrum
1858 2077 1963 2106 utilius
1980 2075 2038 2106 esse
2048 2078 2097 2106 vi-

1145 2119 1256 2148 deatur.
1289 2121 1358 2149 Hoc
1368 2119 1434 2149 loco
1444 2140 1452 2152 ,
1478 2118 1692 2157 percommode
1703 2117 1810 2147 accidit
1820 2137 1828 2150 ‚
1849 2116 1932 2157 quod
1943 2127 2006 2147 non
2016 2117 2098 2148 adest

1143 2161 1179 2193 is,
1195 2161 1245 2200 qui
1260 2161 1360 2199 paullo
1369 2161 1437 2190 ante
1453 2159 1540 2190 affuit
1550 2179 1559 2193 ,
1580 2160 1611 2189 ὃς
1622 2157 1716 2188 adeffe
1726 2159 1815 2188 nobis
1823 2158 2035 2199 frequenterin
2044 2160 2098 2189 hac

1143 2202 1226 2231 causa
1234 2202 1323 2234 solet,
1343 2203 1391 2231 vir
1399 2200 1601 2231 ornatiss'imus
1610 2221 1619 2233 ,
1638 2203 1670 2230 C.
1682 2201 1844 2240 Aquillius.
1867 2210 1937 2230 nam
1947 2201 2011 2240 ipso
2022 2211 2096 2241 prae-

1144 2244 1235 2275 sente,
1247 2243 1282 2272 de
1291 2244 1401 2273 virtute
1411 2244 1486 2281 ejus,
1499 2243 1531 2272 &
1541 2242 1697 2281 prudentia
1706 2241 1844 2272 timidius
1855 2241 1997 2275 dicerem,
2033 2241 2096 2272 uod

1144 2285 1177 2314 &
1186 2285 1246 2324 ipse
1253 2285 1354 2323 pudore
1364 2284 1494 2324 quodam
1506 2283 1670 2313 afficeretur
1680 2293 1716 2312 ex
1727 2284 1775 2313 sua
1786 2283 1870 2313 laude
1884 2303 1893 2317 ,
1911 2284 1944 2313 &
1953 2294 2002 2314 me
2036 2285 2098 2314 mi-

1144 2327 1180 2355 ]is
1199 2326 1274 2355 ratio
1289 2325 1413 2365 pudoris
1431 2325 1447 2354 a
1460 2326 1611 2364 praesentis
1623 2324 1708 2361 laude
1716 2325 1847 2355 tardaret.
1872 2326 1955 2365 cujus
1966 2325 2099 2355 austori-

1143 2368 1193 2396 tati
1204 2366 1322 2396 diffirum
1334 2366 1376 2396 cst
1387 2366 1423 2396 ab
1432 2367 1483 2396 illa
1496 2376 1547 2396 cau
1553 2367 1577 2396 sa
1585 2367 1712 2396 concedi
1721 2365 1857 2396 nimium
1867 2377 1931 2397 non
1947 2376 2096 2407 oportere.

1145 2412 1265 2441 Vereor,
1280 2407 1316 2437 de
1325 2408 1376 2437 tali
1387 2409 1453 2438 viro
1466 2418 1502 2437 ne
1514 2408 1579 2447 plus
1593 2408 1691 2438 dicam
1700 2428 1710 2442 ,
1723 2419 1814 2449 quam
1824 2418 1939 2439 vosaut
1949 2409 2103 2443 sentiatis,

1143 2458 1193 2479 aut
1203 2449 1279 2489 apud
1289 2459 1343 2478 vos
1352 2450 1585 2479 commemorari
1597 2450 1707 2480 velitis.
1721 2453 1906 2490 Qapropter
1916 2451 1974 2480 hoc
1983 2450 2096 2485 dicam,

1144 2500 1311 2531 numquam
1320 2492 1345 2529 ej
1351 2501 1384 2520 us
1393 2490 1601 2521 auetoritatem
1610 2489 1733 2520 nimiam
1742 2492 1851 2525 valeret,
1870 2492 1916 2531 cuj
1921 2502 1954 2521 us
1965 2491 2105 2531 pmden—·
2143 2519 2148 2524 .

1143 2534 1215 2563 tiam
1225 2533 1352 2572 populus
1363 2535 1496 2563 Roman.
1507 2535 1541 2562 in
1551 2533 1684 2563 cavendo
1697 2553 1706 2566 ,
1725 2534 1832 2563 nonin
1842 2533 2020 2573 decipiendo
2030 2543 2097 2574 per-

1145 2575 1286 2614 spexerit:
1307 2575 1358 2615 qui
1376 2574 1452 2612 juris
1463 2575 1563 2604 civilis
1573 2576 1720 2604 rationem
1736 2584 1904 2615 numquam
1914 2575 1949 2605 ab
1960 2577 2098 2615 aequitate

1145 2616 1307 2655 sejunxerit
1318 2626 1323 2644 τ
1334 2617 1386 2656 qui
1398 2625 1440 2645 rot
1451 2626 1546 2646 annos
1556 2617 1714 2656 ingenium
1725 2636 1733 2649 ,
1746 2616 1879 2646 laborem
1890 2636 1898 2650 ,
1910 2616 2002 2646 fidem
2012 2616 2099 2646 suam

1145 2658 1257 2698 populo
1269 2659 1361 2687 Rom.
1374 2666 1524 2697 promtam
1535 2678 1543 2691 ‚
1569 2657 1793 2698 expositamque
1802 2658 1978 2697 praebuerit:
1996 2659 2048 2699 qui
2059 2659 2100 2689 ita

1144 2699 1249 2739 justus,
1262 2699 1294 2728 δε
1306 2699 1404 2729 bonus
1418 2700 1466 2729 vir
1476 2698 1527 2732 est,
1539 2708 1570 2729 ut
1579 2708 1686 2728 natura
1695 2719 1703 2733 ,
1715 2709 1779 2729 non
1788 2700 2099 2741 difiipl'inaconsultus

1147 2739 1204 2771 esse
1216 2740 1364 2771 videatur:
1386 2741 1558 2780 imperitus,
1570 2751 1602 2770 ac
1610 2740 1751 2781 prudens,
1763 2750 1794 2770 ut
1804 2751 1842 2770 ex
1850 2743 1916 2780 jure
1925 2742 2022 2775 civili,
2033 2750 2101 2777 non*

1147 2784 1269 2813 scientia
1288 2781 1389 2812 solum
1406 2782 1542 2823 quaedam
1552 2803 1560 2816 ,
1576 2781 1685 2812 verum
1694 2783 1785 2812 etiam
1796 2782 1916 2812 bonitas
1924 2792 1990 2813 nata
1997 2782 2101 2814 videa-

1148 2834 1196 2855 tur
1206 2836 1211 2853 :
1231 2825 1276 2865 cuj
1282 2833 1315 2854 us
1326 2832 1443 2855 tantum
1452 2823 1494 2854 est
1504 2826 1674 2865 ingenium,
1685 2825 1725 2854 ita
1733 2832 1851 2864 promta
1861 2822 1944 2858 fides,
1956 2834 1997 2859 ut,
2009 2823 2102 2865 quid·

2030 2863 2109 2906 quid.

191 2969 218 2988 ι.
239 2965 271 2987 Et
279 2963 364 2993 imponi
372 2961 433 2993 false
443 2962 551 2995 tabula]
564 2961 707 2988 Lambinus
719 2963 835 2994 interponi
845 2980 852 2992 ‚
863 2961 942 2988 male.

188 3005 219 3022 2.
237 2998 298 3022 Illud
305 3000 364 3022 enim
373 2999 444 3028 peri-«¹2¹
452 2997 604 3031 Aicjjudici]
626 2997 737 3024 Erfurd.
748 2998 775 3024 Sc
786 2997 842 3024 Pal.
856 2997 906 3023 sec.
914 3005 957 3030 pro
967 3003 989 3022 te
998 2999 1033 3023 ef!
1041 2997 1107 3028 dici,

154 3032 244 3060 fuerat
254 3033 317 3058 olim
325 3040 376 3064 pote
386 3035 428 3058 eff.
448 3032 620 3059 Gulielmius.

190 3076 216 3103 3.
234 3071 261 3093 si
268 3071 382 3093 incertum
384 3069 415 3101 fit
427 3087 434 3099 ‚
445 3077 494 3101 qim
502 3078 553 3092 cum
561 3072 638 3093 onmia
648 3075 701 3100 tua,
712 3069 779 3102 elsa]
792 3067 926 3095 ium-dicus
939 3067 1035 3095 retinui
1047 3068 1107 3094 vul-

151 3111 241 3140 gatam
254 3123 262 3135 ‚
283 3103 407 3129 Palatinis
420 3103 510 3130 uostris
529 3103 705 3130 sustentatam.
735 3105 903 3130 Hotomanus
923 3103 1040 3131 tentabat
1052 3123 1059 3135 ‚
1074 3106 1106 3138 fit

150 3149 201 3176 ,α
208 3146 253 3167 tua
260 3142 372 3168 cormnuni
379 3140 438 3174 jur:
455 3142 557 3173 mamm
567 3142 627 3174 sim.
648 3141 675 3167 ὃ(
686 3147 788 3168 certum
797 3140 906 3176 quidem
915 3140 952 3169 est
963 3139 1105 3177 legendum

1153 2963 1266 2993 mancipi.
1277 2961 1319 2987 std
1331 2961 1388 2996 quis
1399 2960 1504 2988 intrufit
1514 2960 1561 2987 ilia
1569 2960 1621 2987 alia
1628 2960 1804 2987 ?Gulielmius
1813 2960 1924 2997 putabat
1933 2960 2035 2988 extrito
2044 2970 2106 2997 qux,

1151 2996 1267 3023 constare
1278 2996 1432 3023 leffionem.

1185 3040 1214 3064 4.
1232 3033 1427 3065 Tumstameriris
1433 3035 1486 3057 vim
1493 3034 1520 3058 in
1529 3031 1585 3057 cede
1595 3032 1670 3065 filiam
1679 3051 1687 3064 ‚
1707 3041 1752 3057 non
1761 3034 1831 3057 etiam
1840 3035 1866 3058 in
1875 3036 1952 3058 anImo
1962 3044 1969 3059 :
1984 3033 2030 3065 nlfi
2036 3041 2105 3058 emor

1150 3076 1278 3100 appareat,
1289 3071 1338 3094 vim
1347 3078 1402 3099 non,
1411 3068 1479 3102 &ej
1494 3068 1537 3093 Sic
1546 3067 1651 3102 quidem
1663 3075 1767 3103 patrum
1779 3076 1833 3094 :evo
1843 3068 1967 3104 impreffi.
1977 3075 2003 3094 at
2013 3068 2105 3104 primae

1149 3103 1210 3129 edd.
1221 3103 1348 3130 accedunt
1359 3103 1515 3130 membranis
1526 3102 1667 3139 scriptis,iu
1679 3103 1785 3139 quibus,
1797 3106 1861 3138 resfi
1867 3113 1933 3139 equos
1943 3105 2045 3137 vestesss
2051 3106 2103 3129 vim

1148 3149 1193 3166 non
1201 3143 1228 3167 m
1237 3139 1419 3175 caedefilumsed
1424 3142 1496 3167 etlam
1504 3142 1531 3166 in
1539 3142 1616 3166 animo
1622 3139 1741 3173 libidmis,
1749 3141 1795 3175 ⁷¹4⁴st
1801 3148 1869 3167 cruor
1877 3146 2003 3174 appareat.

2005 3173 2095 3207 πισὸν-
