2379 3400
272 125 395 191 1303
669 115 738 164 M.
822 106 1186 159 Tvnnri

271 207 300 239 se
311 205 449 236 homines
458 197 513 230 este
525 216 533 231 ‚
544 195 578 227 ὃς
592 215 600 229 ,
613 194 633 225 si
644 203 735 235 quem
747 193 836 224 etiam
848 188 1064 222 interfeciffent
1073 209 1081 223 ‚
1097 191 1225 230 impera-

274 249 332 278 tori
342 256 373 276 ac
383 241 521 274 disratori
530 235 654 278 paruisse
662 236 794 266 dicerent
808 254 817 267 ,
835 243 868 265 ac
878 242 982 275 negare
994 241 1114 274 quoque
1124 230 1204 273 poste
1220 241 1226 260 t

273 288 433 318 Catilinam
444 280 514 312 vero
529 277 651 309 infitiari
662 287 725 307 non
735 274 827 317 posse.

320 330 405 358 Hanc
416 334 446 354 tu
458 322 546 352 habes
555 320 730 361 dignitatem
741 338 750 352 ,
765 327 823 359 qua
831 316 922 347 fretus
934 326 983 345 me
996 316 1181 349 contemnis,
1194 314 1226 345 &

278 369 422 408 despicis?
445 374 483 394 an
501 372 565 393 cam
577 382 585 395 ‚
607 371 696 407 quam
708 360 820 400 reliqua
828 360 889 389 vita
899 368 929 388 es
940 358 1117 389 consecutus
1128 377 1136 390 ,
1154 357 1226 386 curn

278 414 318 441 ita
327 406 441 439 vixisti,
454 414 487 435 ut
500 414 561 434 non
577 402 646 433 cllet
656 404 739 432 locus
749 410 807 431 tam
820 399 938 430 sanstus
948 420 957 433 ,
970 399 1030 440 quo
1043 409 1106 428 non
1117 398 1228 428 adven-

279 461 325 482 tus
337 459 403 480 tuus
417 468 424 482 ,
437 445 608 477 etiamcum
620 445 703 485 culpa
714 443 795 473 nulla
809 440 932 472 subcss'ct
945 461 953 474 ,
966 443 1082 471 crimen
1092 439 1231 469 afferret?

321 492 400 521 Ciim
421 486 678 529 deprehendebure
698 488 727 514 in
746 484 898 514 adulteriis
913 503 921 515 ,
946 482 1017 512 cum
1028 481 1231 521 deprebende-

279 534 331 565 bas
346 533 496 566 adulteros
508 529 567 569 ipse
579 549 589 562 ,
607 527 680 558 cum
691 537 727 557 ex
737 526 846 557 eodem
858 524 958 565 stupro
966 525 1020 555 tibi
1032 544 1044 558 ,
1061 525 1094 555 &c
1104 533 1231 554 uxorem

280 576 314 606 &
326 574 419 605 filiam
432 570 584 603 invenisti.

322 616 339 630 *⁷
361 615 467 655 stupris
489 614 515 644 se
528 611 674 642 omnibus
685 630 692 644 ‚
712 620 745 640 ac
754 608 874 649 flagitiis
885 609 1120 640 contaminavit,
1142 605 1231 639 caede,

280 657 393 689 nefaria
416 656 582 687 cruentavit
607 674 615 687 ,
633 653 757 693 diripuit
785 652 902 684 socios,
923 651 1021 691 leges,
1041 648 1234 690 quaestiones,

275 701 392 742 judicia
401 699 537 728 violavit.

280 764 282 766 v
325 741 407 783 Qid
418 750 472 781 ego
486 761 494 773 ,
506 748 539 769 ut
548 738 707 768 violaveris
721 736 910 776 provinciam
922 754 930 767 ‚
941 730 1234 774 praedicem‚cuneto

276 786 396 825 populo
406 782 602 812 Rei-amante
614 799 623 812 ‚
635 789 665 809 ac
675 777 846 808 resistente?
865 786 935 806 nam
952 784 1017 806 utte
1031 776 1093 804 illic
1102 772 1233 815 gesseris,

281 835 348 857 non
366 824 463 855 audeo
481 823 595 855 dicere,
618 823 765 862 quoniam
787 818 938 848 absolutus
957 827 1000 846 es.
1023 825 1167 846 mentitos
1179 813 1236 844 ess'e

281 869 398 908 equites
416 868 454 896 R.
474 864 557 895 falsas
579 861 665 893 fuiffe
684 862 801 892 tabellas
814 858 1022 890 honestiffimae
1034 859 1162 888 civitatis
1173 859 1237 886 exi-

282 909 374 940 stimo
397 919 402 937 :
421 906 640 948 QMetellum
656 906 743 934 Pium
758 923 766 936 ,
788 905 946 931 mentitam
965 899 1096 930 Africam
1112 909 1117 928 ;
1134 896 1239 928 vidisse

281 960 358 992 puto
380 950 483 979 nescio
501 947 575 989 quid
585 945 798 985 illosjudices,
817 945 869 984 qui
882 940 1240 980 teinnocentemjpdica—

283 1001 364 1023 runt.
389 994 415 1021 O
432 991 523 1020 miser
534 1010 542 1023 ,
563 989 615 1030 qui
626 997 688 1018 non
701 987 806 1017 sentias
819 1006 827 1019 ,
846 984 1028 1024 illojudicio
1042 992 1068 1013 te
1080 992 1143 1012 non
1153 982 1240 1013 abso-

280 1035 382 1065 lutum
393 1053 402 1067 ‚
414 1032 519 1063 verum
529 1029 697 1071 adaliquod
706 1029 834 1059 severius
841 1026 1009 1067 judicium,
1017 1035 1050 1056 ac
1064 1025 1123 1065 maj
1129 1033 1161 1054 us
1172 1024 1202 1054 su
1205 1033 1238 1063 p-

282 1077 409 1118 plicium
420 1075 601 1104 reservatum
613 1075 619 1101 !

328 1120 472 1148 Praetereo
485 1115 573 1145 illum
585 1112 733 1144 nefarium
743 1119 885 1142 conatum
897 1119 982 1141 tuum
993 1130 1001 1143 ,
1023 1109 1056 1139 &
1066 1107 1152 1148 paene
1162 1117 1240 1137 acer-

287 1159 364 1190 bum
380 1178 389 1193 ‚
402 1156 618 1188 &luctuosum
631 1155 745 1195 populo
756 1156 849 1184 Rom.
863 1153 945 1183 diem
958 1173 966 1185 ,
982 1151 1052 1181 curn
1064 1153 1119 1180 Cn.
1134 1150 1240 1180 Pisone

283 1202 369 1233 focio
378 1220 387 1234 ,
407 1209 503 1241 neque
515 1199 575 1229 alio
584 1199 710 1228 nemine
721 1216 730 1231 ,
753 1195 866 1227 caedem
877 1195 1071 1235 optimatium
1082 1191 1177 1223 facere
1188 1201 1241 1221 vo-

286 1242 383 1274 luisti.

332 1289 380 1315 An
399 1282 513 1315 oblitus
531 1293 561 1314 es
573 1303 586 1317 2
605 1291 633 1314 te
651 1292 692 1313 ex
712 1291 782 1315 me,
801 1280 873 1311 cum
894 1286 1049 1320 praeturam
1062 1284 1241 1317 peteremuS‚

286 1326 411 1368 petiss'e,
433 1336 465 1356 ut
482 1326 539 1356 tibi
557 1328 691 1365 primum
710 1325 811 1354 locum
836 1320 1054 1352 concederem?
1077 1317 1241 1359 quodcum

288 1370 396 1409 saepius
413 1377 529 1409 ageres,
551 1364 824 1407 &impudentit‘isa
835 1374 886 1394 me
895 1361 1106 1394 contenderes,
1130 1361 1243 1389 memi-

288 1411 379 1445 nisti,
398 1420 448 1440 me
472 1409 526 1440 tibi
535 1408 712 1449 respondere
725 1428 734 1441 ,
750 1406 942 1447 impudenter
956 1413 983 1434 te
994 1403 1108 1436 facere,
1127 1403 1180 1442 qui
1190 1400 1244 1430 ida

287 1462 340 1483 me
348 1451 558 1492 peteres,quod
567 1450 731 1481 avunculus
742 1457 909 1489 numquam
922 1443 1114 1486 impetrasset?
1128 1443 1245 1476 Nescis,

289 1505 341 1525 me
350 1503 506 1535 praetorem
518 1494 652 1532 primum
664 1489 721 1522 esse
731 1490 844 1521 fatstum
858 1509 867 1523 ,
886 1499 912 1519 te
923 1485 1111 1519 COssCeffiDsse
1118 1494 1245 1524 conipe-

287 1538 416 1567 titornrn
428 1555 436 1568 ‚
458 1535 491 1565 &3
500 1535 663 1565 collatione
672 1535 875 1564 centuriarum
888 1551 897 1564 ‚
921 1530 954 1560 «Sc
964 1538 1034 1558 meo
1044 1528 1180 1557 maxime
1193 1528 1246 1556 be-

291 1576 425 1610 neficio,
449 1577 465 1606 ὲ
480 1574 633 1615 postremo
646 1577 679 1604 ‘in
690 1576 811 1604 tertium
823 1574 926 1603 locum
936 1570 993 1601 ess'e
1004 1568 1173 1599 subled‘fflm
1185 1570 1196 1596 ?

336 1620 397 1660 Qii
416 1616 607 1658 posteaquam
619 1616 693 1649 illo,
712 1616 855 1645 utconati
872 1621 954 1643 erant
966 1631 974 1645 ,
994 1607 1182 1649 Hispaniensi
1190 1618 1246 1648 pu-

291 1660 437 1703 giunculo
456 1668 565 1689 nervos
587 1657 719 1687 incidere
740 1658 856 1686 civium
874 1657 967 1685 Rom.
987 1662 1051 1682 non
1070 1659 1244 1690 potuerunt,

292 1703 365 1733 duas
375 1711 438 1732 uno
450 1709 586 1739 tempore
596 1708 742 1729 conantur
753 1699 788 1728 in
796 1706 892 1735 remp.
904 1694 972 1725 sicas
984 1693 1169 1732 distringere.

335 1746 428 1774 Hunc
452 1751 507 1771 vos
523 1741 628 1771 scitote
647 1741 803 1769 Licinium
821 1737 1015 1778 gladiatorem
1032 1734 1094 1771 jam
1105 1730 1244 1765 emisisse,

287 1785 437 1826 cupidum
444 1783 582 1814 Catilinae
591 1801 600 1817 ,
615 1781 733 1822 judices
745 1800 755 1814 ,
766 1781 976 1821 Qintumque
986 1776 1114 1806 Curium
1123 1793 1133 1808 ,
1144 1774 1247 1804 homi-

289 1837 363 1860 nem
373 1825 580 1868 quaestorium.

633 1868 804 1896 ‚Extremum
824 1861 910 1892 dees‘l.

661 1910 717 1938 Pro
727 1910 763 1945 Q.
775 1906 887 1936 Gallio.

628 1947 723 1980 ‘Deest'
740 1948 921 1990 principium.

337 1998 462 2034 AQu..
483 1993 518 2027 ὡ·
535 2001 655 2033 ogmr.
672 1989 758 2020 1'1b.8.
779 1989 890 2031 cap.3.]
913 1986 929 2001 ¹⁵
952 1994 986 2017 ut
1004 1986 1129 2019 clamor,
1140 1985 1246 2016 convi-

292 2038 375 2069 cium
392 2057 401 2071 ,
425 2046 456 2067 ut
473 2035 663 2077 symphonia:
685 2041 797 2063 cantus.
818 2030 939 2062 videbar
958 2030 1036 2059 mihi
1056 2028 1158 2058 videre
1176 2028 1251 2057 alios

293 2080 470 2112 intranteis,
494 2078 569 2108 alios
588 2085 687 2106 autem
708 2074 878 2106 exeuntcis,
897 2071 1004 2111 partim
1022 2079 1062 2100 ex
1070 2072 1145 2100 vino
1156 2069 1251 2100 vacil—

292 2122 401 2152 lanteis
413 2140 422 2155 ,
439 2121 546 2161 partim
567 2117 700 2148 hesterna
709 2118 863 2156 potatione
873 2114 1042 2144 oscitanteis
1055 2131 1064 2145 ‚
1084 2111 1251 2142 versabatur

295 2166 375 2194 inter
391 2164 446 2192 hos
467 2161 583 2192 Gallius
594 2180 602 2194 ,
624 2159 784 2199 unguentis
794 2157 908 2187 oblitus
927 2175 935 2189 ,
948 2154 1248 2184 redimituscoronis.

295 2207 408 2236 humus
421 2212 480 2234 erat
489 2201 659 2234 immunda,
671 2201 820 2230 lutulenta
827 2199 913 2233 vino,
923 2197 1045 2228 coronis
1054 2194 1249 2237 languidulis,

296 2248 331 2278 &
342 2247 433 2286 spinis
443 2253 582 2283 cooperta
597 2244 737 2283 piscium.

341 2291 371 2318 B.
386 2297 481 2319 uma.
496 2287 552 2315 vit.
562 2285 670 2326 cleria]
695 2286 819 2324 Loquor
829 2283 913 2312 enim
922 2291 989 2322 quae
1003 2281 1068 2311 sum
1084 2278 1145 2319 ipse
1155 2288 1249 2319 nuper

295 2339 434 2372 expertus
445 2338 534 2359 unus.
558 2327 688 2368 Qidam
700 2327 786 2365 poeta
796 2326 974 2355 nominatus
984 2342 992 2357 ,
1012 2324 1108 2352 homo
1118 2322 1251 2361 perlitte-

295 2381 378 2405 ratus
388 2391 397 2406 ‚
414 2372 499 2408 cujus
520 2370 587 2400 sunt
596 2369 647 2399 illa
656 2368 807 2407 colloquia
817 2368 972 2406 poetarum
982 2384 990 2398 ‚
1013 2374 1045 2394 ac
1054 2364 1249 2404 philosopho-

295 2424 366 2445 tum
378 2433 387 2447 ,
411 2414 484 2443 ciirn
503 2411 573 2442 facit
590 2409 767 2450 Euripidem
792 2409 824 2438 ὃς
843 2406 1047 2438 Menandrum
1058 2408 1137 2435 inter
1148 2405 1194 2438 se,
1216 2405 1249 2434 &

296 2458 332 2486 in
349 2457 410 2486 alio
428 2455 497 2484 loco
510 2456 659 2483 Socratem
670 2461 757 2491 atque
768 2452 930 2490 Epicurum
943 2447 1128 2478 diss'erenteis
1145 2467 1154 2480 ,
1172 2456 1248 2484 quo—

298 2508 366 2529 rum
386 2505 485 2527 aetates
506 2504 568 2525 non
579 2496 665 2524 annis
676 2513 683 2527 ,
703 2492 751 2522 sed
765 2492 875 2522 saeculis
884 2492 995 2521 ficimus
1006 2487 1062 2519 effe
1073 2487 1248 2527 disjuneias,

297 2548 426 2581 quantos
438 2540 462 2567 is
471 2537 588 2578 plausus
601 2556 609 2569 ,
621 2536 653 2566 &
663 2535 810 2566 clamores
824 2542 927 2563 movet
939 2539 947 2564 ἓ
959 2532 1072 2561 multos
1082 2533 1166 2560 enim
1178 2539 1252 2559 con-

302 2580 465 2621 discipulos
482 2580 569 2609 habet
587 2579 620 2608 in
638 2578 769 2610 theatro,
789 2578 842 2616 qui
867 2573 956 2605 simul
975 2575 1087 2603 litteras
1098 2581 1162 2602 non
1172 2571 1251 2602 didi-

302 2631 417 2654 cerunt.

345 2663 490 2704 Qumr]
501 2666 549 2693 An
565 2660 627 2694 ista,
639 2660 658 2691 fi
669 2670 736 2690 vcra
746 2658 860 2692 essent,
880 2657 917 2689 fic
927 2658 942 2688 a
952 2666 979 2687 te
990 2657 1180 2687 dicerentur?

346 2709 420 2736 Cic.
431 2704 547 2745 Bruto]
558 2706 606 2734 Tu
617 2703 692 2733 istuc
703 2722 711 2735 ‚
725 2705 767 2731 M.
781 2701 907 2733 Callicli,
920 2699 974 2729 nisi
986 2698 1120 2740 fingeres.
1139 2697 1176 2729 fic
1186 2707 1253 2739 age-

304 2750 369 2777 res?
389 2747 549 2786 praesertim
570 2744 641 2775 curn
661 2744 715 2774 ista
727 2744 898 2783 eloquentia
908 2743 1076 2772 alienorum
1088 2741 1252 2770 hominum

306 2789 435 2828 pericula
443 2788 603 2819 defendere
616 2785 758 2818 acerrime
770 2785 862 2815 soleas
874 2804 882 2817 ,
896 2792 982 2814 tuum
995 2783 1179 2822 negligeres?
1201 2781 1252 2811 ubi

308 2830 396 2860 dolor
420 2834 430 2855 ἕ
457 2830 508 2859 ubi
526 2829 611 2859 ardor
636 2829 732 2858 animi
750 2829 761 2856 ?
790 2828 843 2867 qui
860 2827 950 2857 etiam
970 2834 1007 2855 ex
1022 2825 1186 2854 infantium
1205 2825 1253 2852 in-

308 2872 405 2910 geniis
415 2870 521 2900 elicere
540 2879 629 2900 voces
642 2889 651 2903 ,
672 2870 705 2900 &
725 2868 858 2909 querelas
868 2868 961 2908 [solet.
982 2867 1065 2896 nulla
1075 2865 1255 2905 perturbatio

308 2913 423 2944 animi,
443 2912 523 2941 nulla
536 2913 668 2950 corporis
679 2930 687 2943 ,
714 2909 798 2940 frons
810 2919 872 2939 non
886 2906 1033 2949 perculsa,
1060 2917 1124 2937 non
1143 2906 1252 2940 femur,

308 2954 391 2994 pedis
404 2952 494 2992 (quod
506 2953 671 2982 minimum
683 2951 736 2989 est)
748 2951 832 2981 nulla
841 2949 1000 2991 supplosio.
1016 2952 1114 2989 itaque
1124 2949 1252 2987 (tautum

307 2995 402 3027 afuit,
424 3003 456 3023 ut
472 2992 673 3023 inflammares
682 2992 800 3023 nostros
810 2993 942 3031 animos)
961 2991 1106 3023 somnum
1119 2989 1177 3020 isto
1187 2991 1256 3021 loco

311 3039 362 3067 vix
372 3035 560 3066 tenebamus.

348 3080 434 3107 NoN.
445 3075 529 3116 lagu]
542 3078 605 3115 Ego
616 3075 696 3120 certo
705 3076 777 3111 scio,
790 3078 910 3108 omneis
921 3076 1018 3117 logos,
1029 3075 1081 3117 qui
1091 3073 1169 3106 ludis
1181 3072 1254 3105 dieti

301 3120 374 3151 funt
384 3138 394 3155 ,
402 3115 653 3151 animadvertisse.

1265 111 1814 162 Cicznonis

1311 192 1442 235 Caius]
1465 191 1483 208 ³
1503 193 1726 234 po'e'matorum.

1632 238 1726 265 Cetera
1743 235 1853 275 defhnt.

1500 278 1549 306 De
1557 277 1790 318 proscriptorum
1800 276 1915 308 liberis.
1928 280 1942 308 1
1954 279 1994 311 X.

1427 318 1538 358 Desunt
1549 326 1638 348 cetera
1648 338 1657 353 ,
1674 318 1966 360 praetcrftagmentum
1978 340 1987 354 ,
2008 321 2083 362 quod

1675 361 1817 402 sbquitur.

1314 404 1437 445 Qui-r.
1448 401 1497 432 lib.
1507 412 1518 432 1
1528 412 1552 432 r.
1566 409 1624 443 cap.
1634 412 1645 431 r
1654 402 1678 443 .]
1691 402 1773 443 Qid
1784 404 1866 432 enirn
1878 402 2027 433 crudelius
2038 423 2046 436 ‚
2065 403 2154 444 quam
2165 406 2228 435 ho-

1275 447 1373 475 mines
1382 443 1514 474 honestis
1523 444 1695 483 parentibus
1705 463 1714 476 ,
1724 454 1758 474 ac
1766 444 1932 483 majoribus
1942 454 2026 475 natos
2037 465 2045 478 ‚
2058 444 2073 474 a
2083 455 2144 484 rep.
2155 447 2226 477 sub·

1275 488 1415 516 moveri?
1436 485 1483 516 sed
1502 487 1542 515 ita
1558 485 1675 525 legibus
1693 486 1782 516 Sullae
1796 487 1967 516 continetur
1985 486 2075 517 status
2086 487 2228 522 civitatis,

1276 529 1366 559 uthis
1376 528 1491 561 solutis,
1504 526 1577 556 stare
1586 527 1646 566 ipsa
1660 537 1724 557 non
1733 527 1832 567 poffit.

1506 570 1618 598 Contra
1627 571 1809 599 concionem
1820 572 1857 608 Q'.
1869 569 1996 600 Metelli.

1606 609 1698 640 Deeft'
1713 611 1892 651 principium.

1320 652 1488 694 Foru-tm]
1502 654 1550 684 Sic
1568 654 1670 686 enim,
1693 662 1725 682 ut
1742 654 1870 692 opinor,
1894 653 2030 694 insequar
2047 651 2233 694 fugientem,

1277 698 1422 737 quoniam
1434 694 1576 736 congredi
1590 704 1653 724 non
1664 694 1809 724 licetcurn
1824 693 1981 724 refistente.
2231 703 2234 706 ·

1321 741 1412 768 Pius.
1424 735 1472 765 lib.
1489 736 1536 776 9.]
1560 734 1576 748 *
1599 736 1757 776 permulsa,
1770 744 1857 776 atque
1868 744 1993 766 recreata
2004 735 2058 766 est.

1320 781 1410 810 Pius.
1420 776 1469 806 lib.
1484 777 1548 818 18]
1572 776 1589 790 '¹‘
1611 776 1666 807 nisi
1675 786 1780 807 eorum
1788 778 1895 811 exitio,
1907 787 1970 807 non
1980 779 2191 818 requieturam*-

1322 822 1426 850 GELL.
1437 819 1486 848 lib.
1496 819 1541 848 18.
1552 819 1665 861 cap.7.]
1688 818 1836 849 Adscendi
1847 821 1879 849 in
1891 820 2075 849 concionem
2091 827 2237 851 :concute

1283 862 1329 892 sus
1340 861 1383 891 est
1392 861 1496 901 populi
1507 860 1617 891 fad-Itos.

1324 901 1616 944 Q1N⁷r.lib.9.cap.
1631 903 1676 944 3.]
1689 904 1749 944 Qi
1760 902 1965 941 judicabantur
1975 923 1984 937 ,
1998 912 2050 933 eos
2059 904 2171 937 vocari,
2182 912 2238 943 cti-3

1283 945 1400 979 stodiri,
1409 944 1444 976 ad
1455 945 1588 975 senatum
1603 944 1799 984 adducijuffi:
1814 946 1846 974 in
1859 946 1959 976 senatu
1970 945 2036 975 sunt
2045 943 2141 986 positi.

1634 987 1759 1028 Reliqua
1777 987 1884 1026 desunt.
2172 981 2178 989 ’

1622 1030 1671 1057 De
1680 1028 1894 1068 confitlatus’uo.

1504 1072 1643 1112 Qorurn
1655 1071 1788 1099 luxuries
1802 1089 1809 1103 ‚
1822 1070 1969 1100 fortunata
1977 1070 2063 1101 censa
2071 1070 2195 1112 peperit.

1551 1115 1586 1141 In
1596 1111 1721 1140 Clodium
1735 1131 1743 1145 ‚
1768 1112 1802 1143 ὼ·
1815 1112 1970 1140 Curionem.

1380 1153 1598 1194 Desuntmulta
1607 1174 1616 1187 ,
1626 1164 1673 1182 nec
1683 1174 1690 1186 ‚
1701 1164 1759 1194 que
1772 1151 1872 1188 restam
1882 1173 1890 1187 ,
1902 1152 2106 1195 digeripoffunt
2116 1155 2146 1183 in

1650 1198 1738 1224 udum
1748 1195 1878 1224 ordinem.

1328 1238 1432 1279 Nou]
1454 1240 1504 1268 Tu
1515 1237 1587 1268 verb
1598 1236 1721 1267 festivus
1734 1257 1742 1270 ,
1762 1246 1793 1266 tu
1805 1238 1923 1277 elegans
1938 1256 1945 1269 ,
1967 1244 1997 1266 tu
2011 1237 2090 1267 solus
2099 1236 2242 1272 urbanus.

1285 1290 1377 1320 quem
1388 1280 1473 1310 decet
1481 1279 1639 1310 muliebris
1651 1288 1792 1311 ornatus,
1803 1288 1894 1319 quem
1904 1277 2031 1309 inceffus
2039 1279 2175 1319 psaltriae,
2187 1280 2243 1319 qui

1288 1322 1392 1352 laevare
1405 1321 1536 1354 vultum,
1552 1322 1673 1350 mollire
1687 1330 1794 1350 vocem
1803 1329 1898 1360 potes.
2195 1353 2199 1355 Α

1332 1366 1417 1393 NON.
1429 1365 1551 1403 Longus.
1565 1362 1740 1403 Speculum]
1751 1364 1807 1392 Sed
1817 1382 1825 1396 ,
1837 1362 1938 1395 credo,
1946 1361 2102 1402 postquam
2113 1361 2168 1391 tibi
2178 1361 2244 1402 spe·

1287 1405 1391 1436 culum
1401 1405 1525 1435 allatum
1535 1404 1588 1438 est,
1604 1405 1693 1445 longe
1703 1413 1731 1434 te
1740 1405 1898 1444 apulchris
1910 1402 2004 1433 abeffe
2015 1402 2136 1434 sensisti.

1330 1446 1435 1487 Nori]
1447 1450 1490 1479 Ac
1500 1446 1569 1476 vide
1582 1467 1590 1479 ,
1603 1456 1640 1476 an
1650 1447 1737 1476 facile
1748 1455 1780 1476 tu
1790 1445 1854 1476 fieri
1864 1444 1996 1485 potueris
2007 1464 2015 1478 ‚
2027 1444 2097 1475 curn
2109 1443 2243 1476 isssfaaus

1290 1499 1353 1519 non
1364 1487 1466 1522 smcui
1479 1497 1510 1518 tu
1518 1486 1696 1518 concessisti.

1331 1533 1418 1560 NON.
1439 1528 1614 1569 Calantica]
1635 1531 1725 1558 Tunc
1743 1527 1814 1557 cum
1827 1529 2011 1558 vincirentur
2026 1527 2114 1567 pedes
2132 1526 2245 1561 fasciis,

1290 1569 1361 1619 cum
1372 1571 1544 1600 calanticam
1556 1572 1645 1610 capiti
1654 1569 1897 1601 accommodares
1908 1590 1916 1603 ‚
1933 1570 2003 1599 cuin
2015 1569 2148 1609 strophio
2158 1578 2246 1600 accu-

1288 1621 1349 1642 rate
1360 1610 1580 1652 praecingerere.

1329 1656 1450 1694 Qum:
1463 1652 1857 1692 lib.8.c.6]1ntegritastua
1867 1661 1893 1681 te
1904 1653 2132 1692 purgavit‚m-ihi
2142 1652 2243 1689 crede,

1289 1695 1386 1735 pudor
1400 1696 1518 1733 eripuit,
1529 1696 1590 1723 vita
1599 1693 1732 1723 anteacffii
1745 1694 1878 1723 servavit.

1332 1733 1548 1777 Q1Nr.l1'b.9.
1559 1734 1634 1775 c.2.]
1658 1734 1674 1747 ’⁵
1698 1735 1815 1775 Qiibus
1833 1734 1887 1765 iste
1900 1754 1908 1768 ,
1928 1737 1979 1775 qui
1992 1736 2096 1765 omnia
2106 1733 2251 1768 sacrificia.

1290 1776 1395 1810 noss'er,
1407 1775 1495 1806 facile
1508 1776 1523 1805 a
1535 1776 1563 1806 se
1573 1776 1646 1806 deos
1656 1776 1761 1815 placari
1772 1775 1854 1816 posse
1863 1777 2068 1807 arbitrabatur.

1311 1818 1479 1891 ffer]
1500 1820 1569 1859 Qo
1589 1827 1628 1848 ex
1642 1817 1759 1858 judicio
1769 1838 1778 1851 ‚
1801 1819 1885 1849 velut
1901 1828 1940 1848 ex
1958 1818 2103 1848 incendio
2113 1838 2122 1853 ,
2143 1818 2247 1850 nudus

1292 1871 1307 1891 e
1334 1869 1405 1902 ugit.
2241 1874 2245 1881 =

1334 1905 1473 1933 Ciceno.
1496 1901 1663 1943 admistio]
1678 1905 1763 1933 Erras
1777 1922 1786 1936 ,
1805 1902 1895 1933 Clodi
1908 1912 1913 1932 ε
1926 1912 1989 1932 non
2001 1910 2028 1932 te
2039 1901 2154 1941 judices
2165 1902 2247 1936 urbi,

1327 1070 1490 1111 Nomos]

1269 1978 1271 1984 Ι
1295 1945 1343 1976 sed
1363 1946 1471 1975 carceri
1488 1945 1688 1975 reservarunt:
1704 1954 1801 1985 neque
1822 1954 1849 1974 te
1858 1946 2026 1974 retinerein
2035 1945 2174 1977 civitate,
2195 1944 2246 1975 sed

1291 1986 1410 2018 exsulio
1418 1996 1533 2026 privare
1543 1986 1714 2016 voluerunt.
1737 1986 1956 2025 Quamobrem,
1968 1988 2062 2016 Patres
2070 1985 2248 2026 conscripti,

1292 2030 1396 2070 erigite
1413 2029 1553 2061 animos,
1574 2029 1700 2058 retinete
1718 2027 1844 2058 vestram
1863 2028 2059 2069 dignitatem:
2074 2036 2174 2057 manet
2195 2027 2248 2058 illa

1293 2073 1325 2101 in
1341 2079 1402 2109 rep.
1428 2070 1579 2100 bonorum
1598 2067 1756 2100 consensio
1772 2089 1780 2103 ‚
1805 2070 1899 2100 dolor<
1917 2067 2029 2099 acceffit
2049 2069 2140 2099 bonis
2157 2070 2242 2103 viris,

1293 2114 1388 2143 virtus
1410 2121 1473 2141 non
1491 2110 1534 2141 est
1557 2113 1738 2141 imminuta:
1755 2112 1834 2141 nihil
1852 2110 1895 2141 est
1905 2111 2009 2141 damni
2027 2109 2141 2141 salium
2154 2111 2244 2140 novi:

1292 2153 1376 2194 quod
1387 2162 1445 2183 erat
1456 2155 1636 2186 ,inventum
1648 2152 1699 2183 est.
1717 2154 1751 2183 in
1761 2154 1852 2183 unius
1860 2154 1998 2183 hominis
2010 2152 2119 2193 perditi
2125 2151 2246 2193 judicio

1292 2197 1391 2237 plures
1402 2193 1512 2225 similes
1521 2196 1628 2236 reperti
1641 2195 1718 2225 sunt.

1468 2240 1470 2242 '
1622 2239 1671 2266 De
1689 2246 1749 2277 rege
1766 2236 1919 2267 Ptolemaeo.

1356 2279 1425 2321 Na'fi
1439 2279 1555 2309 unicum
1575 2279 1624 2308 hoc
1640 2278 1829 2318 fragmentum
1847 2278 1927 2316 effit,
1950 2278 2006 2307 vix
2022 2278 2112 2319 ipsizm
2120 2287 2184 2308 ora-

1540 2322 1620 2350 tionis
1629 2321 1832 2361 inscriptionem
1843 2328 2002 2350 teneremus.
2045 2331 2047 2333 ·

1336 2367 1422 2403 AQL.
1434 2363 1466 2393 Sc
1477 2362 1638 2404 Foru-usn]
1651 2361 1880 2393 Difficilisratio
1891 2362 1964 2393 belli
1972 2361 2094 2403 gerendi
2105 2372 2110 2391 :
2123 2369 2150 2392 at
2158 2360 2248 2402 plena

1296 2404 1380 2440 fidei,
1391 2406 1481 2446 plena
1489 2407 1619 2445 pietatis.

1581 2449 1634 2476 Pro
1644 2447 1690 2476 M.
1701 2446 1834 2476 eAEmili'o
1847 2447 1961 2477 Scauro.

1339 2492 1486 2520 FoawN.
1505 2487 1635 2529 August.
1660 2489 1690 2517 in
1711 2489 1813 2530 Rhet]
1843 2487 1979 2519 Maxime
2006 2486 2065 2517 fuit
2082 2486 2248 2527 optandum

1298 2534 1342 2561 M.
1363 2534 1489 2564 Scauro,
1506 2531 1642 2570 judices,
1666 2540 1698 2560 ut
1719 2531 1806 2560 nullo
1825 2530 1958 2570 suscepto
1975 2529 2150 2570 cujusquam
2162 2529 2247 2564 odio,

1297 2572 1357 2603 sine
1367 2572 1535 2603 offensione
1543 2582 1576 2602 ac
1586 2571 1732 2602 molestia.

1340 2615 1432 2655 Asc]
1476 2615 1550 2643 circa
1559 2614 1669 2653 versiam
1679 2610 1697 2643 ὰ
1705 2614 1794 2654 primo
1804 2616 1872 2644 XL.

1339 2657 1533 2688 Subiitetiam
1543 2657 1648 2695 populi
1660 2657 1830 2693 judicium,
1842 2656 2010 2697 inquirente
2022 2657 2080 2685 Cn.
2093 2654 2247 2687 Domitio.

1299 2699 1423 2729 tribuno
1445 2698 1485 2738 pl.
1506 2700 1589 2728 Reus
1606 2696 1702 2728 sanstus
1724 2697 1768 2728 est
1783 2699 1798 2727 a
1812 2698 1990 2736 QServilio
2003 2699 2145 2737 Caepione
2159 2717 2173 2730 ,
2184 2697 2250 2735 lege

1298 2742 1423 2771 Servilia
1437 2759 1445 2772 ‚
1461 2739 1652 2778 cumjudicia
1666 2748 1756 2779 penes
1766 2738 2082 2779 equestremordmem
2093 2737 2185 2768 essent
2195 2756 2203 2771 ,
2216 2737 2251 2766 &

1297 2785 1328 2813 Ρ.
1351 2782 1472 2812 Rutilio
1490 2781 1651 2815 damnato,
1671 2790 1764 2810 nemo
1785 2789 1846 2810 tam
1865 2782 2015 2811 innocens
2024 2780 2194 2811 videretur,
2215 2787 2249 2808 ut

1299 2834 1361 2854 non
1373 2825 1491 2854 timeret
1499 2823 1612 2853 illa-Ab
1619 2822 1728 2852 eodem
1738 2823 1829 2852 etiam
1839 2822 1903 2863 lege
1912 2824 1998 2853 Varia
2005 2820 2104 2852 custos
2115 2820 2165 2849 ille
2177 2829 2250 2859 reip.

1299 2865 1484 2905 proditionis
1504 2863 1546 2895 est
1565 2866 1598 2894 in
1608 2866 1724 2894 crimen
1734 2872 1874 2894 vocatus:
1886 2872 2008 2894 vexatus
2023 2861 2039 2892 a
2048 2864 2085 2899 Q.
2097 2863 2189 2892 Vario
2198 2863 2253 2892 tri-

1303 2908 1385 2938 buno
1396 2907 1437 2946 pl.
1450 2905 1502 2940 est,
1513 2916 1577 2936 non
1590 2906 1689 2936 multo
1699 2905 1778 2936 anre.

1342 2948 1429 2989 Asc]
1452 2950 1527 2978 Non
1544 2949 1628 2978 enim
1648 2956 1763 2978 tantum
1784 2946 1946 2977 admiratus
1963 2944 2028 2974 sum
2040 2955 2095 2985 ego
2105 2944 2194 2975 illum
2205 2946 2255 2975 vi-

1299 2989 1462 3024 rum,„sicut
1472 2999 1591 3023 omnes,
1605 2989 1654 3019 sed
1663 2991 1754 3019 etiam
1763 2986 1909 3027 praecipue
1917 2986 2021 3016 dilexi.
2041 2989 2157 3026 primus
2169 2989 2253 3016 enim

1301 3043 1350 3062 me
1363 3031 1533 3073 flagrantem
1545 3030 1643 3061 studio
1653 3029 1748 3060 laudis
1757 3048 1766 3062 ,
1778 3031 1810 3058 in
1821 3028 1903 3067 spem
1915 3029 2054 3068 impulit,
2067 3026 2149 3067 poss‘e
2158 3029 2254 3057 virtu-

1303 3084 1364 3104 tem
1388 3073 1447 3103 sirie
1471 3071 1604 3113 praesidio
1623 3071 1771 3106 fortunae,
1791 3070 1853 3112 quo
1863 3069 2081 3104 contendisset,
2101 3069 2201 3099 labore
2219 3069 2254 3099 δε

1302 3114 1471 3149 constantia
1478 3115 1643 3156 pervenire,

2083 3151 2176 3192 Asc]
2186 3152 2257 3184 Sine
