2337 3400
133 124 229 184 780
571 116 1001 165 M.Ttrt.11

132 213 165 235 ac
183 204 259 234 mihi
280 199 472 242 persuaseram
483 197 547 229 fore
558 217 567 231 ‚
585 197 925 237 utomniaplacarentur
938 196 1019 225 inter
1030 203 1086 224 vos

134 255 199 275 non
218 243 312 273 modo
322 243 461 272 sermone
472 260 480 274 ‚
498 250 531 270 ac
540 239 743 279 disputatione
756 258 766 271 ἶ
792 238 841 269 sed
851 242 861 258 ¹
876 235 1014 277 conspeo'hc
1024 237 1087 277 ipso

133 284 345 326 congressuque
359 281 467 313 vestro.
490 291 560 312 nam
571 302 579 315 ‚
590 290 700 322 quanta
712 280 744 311 fit
754 282 786 311 in
795 282 912 321 Qnto
920 284 1006 309 tratre
1016 288 1087 308 meo

133 329 281 358 comitas,
300 323 614 366 quantajucunditah
634 333 727 363 quam
749 323 854 352 mollis
872 324 992 351 animus
1012 319 1089 351 &ad

130 367 347 407 accipiendam,
361 366 393 396 &
402 367 437 396 ad
448 365 659 405 deponendam
670 363 775 395 offensi
781 373 884 397 onem,
897 364 975 393 nihii
985 364 1089 393 attinet

135 420 186 439 me
196 408 231 439 ad
243 418 288 442 te,
307 410 359 449 qui
371 418 404 438 ea
414 407 492 438 nosti
505 427 514 440 ‚
527 407 663 437 scribere.
683 406 730 437 sed
745 405 851 436 accidit
861 407 1088 445 perincommo—

137 451 175 481 de
187 470 195 484 ,
216 451 300 491 quod
318 460 389 480 eum
415 449 563 490 nusquam
574 447 687 478 vidisti.
706 450 800 478 valiit
809 449 892 477 enim
903 448 968 487 plns
981 467 990 480 ‚
1008 446 1091 488 quod

135 494 251 523 eratilli
261 492 486 522 nonnullorum
506 489 639 521 artificiis
648 491 832 521 inculcatum
845 509 853 523 ‚
863 493 953 530 quam
963 498 1012 520 aut
1022 487 1089 518 offi-

134 536 218 565 cium
229 554 238 568 ‚
260 543 310 564 aut
322 532 504 564 neceffitudo
516 554 524 565 ,
548 541 599 563 aut
606 542 692 562 amor
701 531 856 562 vesteriile
866 530 1007 571 pristinus
1020 551 1028 564 ,
1039 532 1090 571 qui

134 575 307 617 plurimum
326 576 422 606 valere
440 575 551 605 debuit.
576 578 673 615 Atque
693 576 782 611 huius
800 573 992 604 incommodi
1010 581 1091 613 culpa

135 618 189 648 ubi
209 617 346 651 resideat,
366 616 486 647 facilius
509 615 627 655 poffum
642 615 834 649 existimare,
853 625 944 656 quam
956 615 1088 644 scribere.
1109 625 1111 630 ⁴

134 669 241 691 vercor
251 661 337 689 enim
347 679 355 693 ‚
376 669 414 688 ne
425 679 433 691 2
446 659 519 688 dem
531 657 640 688 defend
647 668 690 688 am
704 668 788 688 meos
801 677 809 690 ‚
821 667 883 687 non
894 667 1009 696 parcam
1021 658 1088 686 tuis.

135 712 207 732 nam
227 700 265 731 fic
288 701 447 741 intelligo>
465 710 497 731 ut
515 701 595 730 niliil
612 702 629 730 a
647 699 822 730 domesticis
832 700 964 729 vulneris
975 697 1088 728 fafiton]

134 743 179 777 sit,
190 742 266 773 illud
277 743 403 784 quidem
412 762 420 776 ,
445 741 528 783 quod
537 752 597 772 erat
608 763 616 774 2
628 752 679 771 em
689 742 766 771 certe
780 742 875 771 sanare
885 738 1022 780 potuisse.
1042 739 1088 769 sed

134 785 258 825 hujusce
275 787 419 815 reitotius
428 786 538 818 vitium
553 804 562 817 ‚
583 794 663 824 quoe
674 784 826 824 aliquantu
839 792 929 812 etiam
940 781 1029 812 latius
1040 791 1084 821 pa-

135 836 189 861 tet,
209 827 301 867 quam
323 826 443 857 videtur
455 847 464 861 2
482 827 617 866 praei‘enti
637 826 692 855 tibi
709 824 906 854 commodius
924 833 1076 864 exponam

136 872 184 900 De
195 871 233 899 iis
246 869 354 901 literis,
375 879 448 909 quas
458 869 492 898 ad
503 878 530 898 te
540 865 751 897 Thessalonica
762 865 841 896 misit
856 886 865 900 ,
886 867 918 897 Sc
928 866 964 897 de
974 866 1090 896 sermo-

135 911 228 942 nibus
240 931 251 944 ,
267 921 343 952 quos
353 911 390 941 ab
400 912 456 940 illo
466 913 575 940 Roruae
585 909 660 949 apud
670 911 785 938 amicos
794 917 861 938 tuos
874 928 883 942 ‚
894 909 926 939 δε
938 910 969 938 in
982 910 1088 938 itinere

135 953 254 983 habitos
265 963 348 993 putas
360 964 369 986 r,
379 952 486 993 ecquid
498 960 614 981 tantum
625 952 717 980 caus-2:
729 949 762 980 fit
771 970 778 984 ‚
791 952 914 992 ignoro:
928 950 976 980 sed
985 952 1088 980 omnis

135 996 170 1025 in
193 1004 241 1025 tua
261 993 352 1035 posita
370 994 413 1024 est
422 995 606 1027 humanitate
616 993 766 1032 mihispes
776 993 865 1032 hujus
876 991 1008 1022 levanda:
1019 1002 1086 1021 mo-

135 1036 237 1067 lestiae.
249 1047 319 1067 nam
332 1057 341 1070 ‚
356 1035 376 1065 si
388 1038 425 1066 ita
439 1035 571 1065 statueris
582 1055 590 1068 2
607 1035 640 1064 δε
652 1043 891 1064 IRRITABILEIS
901 1037 1020 1064 animos
1030 1032 1089 1064 effe

135 1081 349 1118 ²optimorum
367 1078 440 1117 saepe
461 1078 646 1110 hominurn,
667 1076 699 1106 ὃς
717 1076 838 1106 eosdem
850 1076 1041 1115 placabilei33
1056 1076 1090 1105 δε

133 1119 193 1152 effe
207 1122 282 1150 hanc
292 1120 454 1161 agilitatem
468 1140 476 1152 ‚
489 1128 521 1149 ut
531 1120 570 1149 ita
579 1119 677 1149 dicam
692 1138 700 1151 ‚
715 1121 729 1145 Ξ·
741 1118 966 1158 mollitiamque
980 1127 1089 1148 naturae

132 1163 311 1204 plerumque
321 1162 486 1195 bonitatis,
510 1161 542 1191 δε
557 1181 568 1194 ‚
586 1160 617 1190 id
627 1159 709 1201 quod
719 1170 749 1190 ca
773 1169 804 1190 ut
812 1159 855 1190 est
865 1180 872 1193 ‚
885 1158 956 1189 noi-'ns
965 1161 1037 1188 inter
1046 1170 1092 1189 nos

134 1203 237 1235 nostra
253 1202 538 1236 fiveincommoda‚
562 1201 620 1232 five
630 1204 720 1236 vitia,
738 1171 930 1241 &veinjurias
941 1199 998 1231 ‘effe
1014 1203 1090 1232 tole-

134 1247 238 1277 randas
254 1257 263 1280 3
273 1245 359 1276 facile
370 1247 431 1276 haec
442 1266 451 1280 ,
463 1244 726 1286 quemadmodum
738 1244 821 1284 spero
832 1264 841 1277 ,
862 1244 1088 1286 mitigabuntur.

133 1287 226 1330 quod,
238 1298 305 1329 ego,
317 1287 447 1318 utfaeias
459 1307 468 1322 ‚
478 1292 495 1314 4
505 1296 532 1317 te
542 1297 607 1317 oro.
628 1296 699 1316 nam
709 1286 744 1316 ad
756 1296 804 1316 me
815 1306 823 1320 ,
833 1288 887 1327 qui
903 1294 931 1315 te
943 1286 1031 1316 unice
1044 1287 1091 1317 di-

134 1331 197 1372 iigo
208 1351 216 1365 ‚
228 1330 363 1361 maxime
374 1331 502 1370 pertinet
512 1349 521 1364 ‚
532 1330 691 1359 neminem
702 1327 759 1358 effe
772 1338 911 1358 meorum
925 1348 932 1361 ,
944 1331 996 1368 qui
1004 1338 1054 1359 aut
1064 1338 1092 1359 te

134 1382 200 1403 non
218 1381 317 1406 amet,
337 1381 388 1402 aut
405 1372 456 1402 abs
478 1381 506 1402 te
527 1381 591 1401 non
605 1375 731 1401 ametur.
754 1371 809 1400 Illa
817 1380 881 1410 pars
892 1370 1093 1410 epistolaetuae

135 1415 268 1445 minime
278 1413 338 1445 fuit
350 1412 507 1444 necessaria
517 1434 525 1447 ‚
537 1415 570 1443 in
580 1423 636 1454 qua
646 1414 785 1453 exponis,
800 1421 872 1453 quas
882 1411 1032 1442 facultates
1042 1422 1091 1443 aut

132 1457 370 1497 provincialium
385 1475 393 1490 ‚
413 1464 463 1486 aut
481 1456 670 1486 urbanorum
689 1454 928 1485 commodorum
940 1474 949 1488 ,
968 1454 1002 1484 &
1023 1455 1091 1484 aliis

134 1498 335 1538 temporibus,
348 1498 380 1528 &
389 1507 440 1527 me
450 1498 515 1537 ipso
525 1496 901 1536 Consule‚praetermifei·is,
920 1497 997 1526 mihi
1006 1499 1089 1526 enirn

135 1539 288 1581 perspec‘ta
299 1539 341 1569 est
350 1543 363 1567 5
372 1541 540 1580 ingenuitas
551 1559 559 1573 ,
581 1539 614 1569 δε
625 1538 800 1579 magnitudo
813 1539 909 1568 animi
920 1540 964 1568 tui
977 1548 982 1567 :
994 1548 1092 1579 neque

135 1592 192 1624 ego
217 1583 296 1612 inter
317 1591 367 1611 me
377 1600 387 1614 ‚
406 1590 491 1621 atque
513 1589 541 1611 te
548 1581 710 1621 quicquam
721 1579 842 1617 intereffit
852 1589 996 1620 umquam
1005 1580 1091 1614 duxi,

133 1632 241 1665 practer
257 1623 446 1654 voluntatem
462 1622 603 1652 institutae
623 1625 692 1652 vitae
704 1633 710 1651 2
720 1622 803 1662 quod
813 1631 864 1651 me
873 1622 1001 1652 ambitio
1010 1632 1087 1663 quae-

136 1666 207 1696 dam
226 1665 261 1695 ad
287 1667 440 1695 honorum
460 1664 594 1694 studium
607 1685 616 1698 ,
637 1673 668 1706 te
675 1674 774 1694 autem
784 1663 840 1693 alia
851 1663 983 1694 minime
993 1674 1090 1704 repre-

136 1707 297 1738 hendenda
311 1708 391 1736 satio
411 1706 446 1736 ad
465 1705 628 1736 honestum
647 1707 745 1736 otium
764 1705 861 1735 duxit.
882 1715 950 1736 vera
965 1706 1090 1746 quidem

138 1748 223 1780 {aude
245 1747 405 1788 probitatis
416 1767 424 1781 ‚
444 1747 608 1789 diligentia:
622 1767 630 1781 ,
649 1748 804 1789 religionis
816 1768 825 1780 ,
848 1757 946 1788 neque
959 1758 1008 1777 me
1021 1748 1089 1781 tibi,

136 1801 234 1832 :neque
243 1799 429 1831 quemquam
437 1798 599 1830 antepono.
618 1793 730 1819 amoris
739 1788 812 1818 vero
823 1799 888 1829 erga
899 1799 948 1818 me
959 1809 967 1823 ,
991 1788 1062 1819 cum
1076 1790 1093 1819 a

135 1834 265 1864 fraterno
276 1842 378 1862 amore
390 1852 398 1864 ,
411 1831 639 1871 domesticoque
649 1830 761 1861 disceffi
772 1850 781 1863 ‚
792 1830 847 1860 tibi
856 1832 967 1870 primas
977 1830 1089 1861 defero.

135 1874 201 1905 vidi
212 1876 296 1904 enim
307 1894 316 1907 ‚
336 1873 419 1906 vidi,
432 1873 609 1913 penitusque
618 1873 754 1913 perspexi
765 1874 797 1902 in
810 1876 885 1902 meis
895 1873 979 1901 varii„-
989 1880 1093 1914 tempo-

138 1916 214 1945 ribus
234 1917 267 1946 &-
286 1915 506 1946 sollicitudines
516 1935 524 1949 ,
547 1916 580 1945 &
591 1916 709 1945 laetitias
719 1924 792 1945 tuas.
815 1912 874 1944 suit
885 1915 963 1944 mihi
973 1915 1047 1955 saepe
1058 1916 1090 1946 &

136 1958 232 1989 {audis
242 1957 350 1989 nostrae
361 1958 516 1998 gratulatio
526 1956 714 1997 tuajucunda
725 1976 733 1991 ,
750 1957 784 1987 δ(
793 1958 913 1986 timoris
924 1958 1091 1987 consolatio

136 2010 225 2043 grata.
241 2002 317 2042 quin
329 2001 408 2030 mihi
417 2009 500 2030 nunc
511 2019 519 2032 ‚
539 2009 566 2030 te
577 1999 697 2030 absente
707 2019 720 2032 ,
734 2008 799 2029 non
809 1997 908 2028 solum
918 1998 1092 2032 consilium,

136 2053 199 2083 quo
222 2051 252 2072 tu
264 2043 388 2073 excellis
398 2061 407 2077 ,
429 2041 477 2072 sed
489 2043 577 2072 etiam
591 2042 739 2076 sermonis
749 2042 988 2071 communicatio
998 2061 1007 2075 ,
1028 2051 1094 2082 quae

138 2087 218 2114 mihi
229 2083 395 2115 suavissima
405 2093 504 2114 tecum
516 2084 589 2114 solet
602 2081 659 2113 effe
673 2103 682 2118 ‚
703 2083 839 2115 maxime
850 2082 943 2113 deest.
960 2083 1032 2124 quid
1046 2083 1092 2113 di-

138 2129 229 2156 cam?
247 2125 302 2157 ⁶in
321 2126 480 2166 publicane
500 2129 552 2156 re?
570 2135 631 2166 quo
648 2127 682 2155 in
703 2135 810 2167 genere
830 2126 908 2155 mihi
929 2126 1093 2168 negligenti

138 2167 197 2201 effe
216 2178 279 2199 non
302 2169 371 2198 licet
381 2180 391 2202 3
407 2178 444 2198 an
462 2166 616 2198 jnforensr
629 2167 746 2198 labore?
776 2177 868 2208 quem
879 2177 964 2198 antea
974 2177 1093 2208 propter

136 2210 340 2241 ambitionem
350 2209 530 2240 sustinebam
542 2222 551 2245 3
563 2219 646 2240 nunc
662 2230 670 2243 ‚
685 2218 719 2240 ut
727 2209 906 2251 dignitatem
919 2211 995 2240 tueri
1004 2212 1094 2252 gratia

137 2250 245 2294 poffim
262 2264 271 2287 3
293 2262 330 2282 an
349 2254 381 2281 in
400 2251 468 2291 ipsis
485 2251 660 2282 domesticis
679 2253 808 2291 negotiis
826 2254 837 2280 ?
855 2255 889 2282 in
905 2252 1015 2293 quibus
1037 2263 1092 2295 ego

131 2293 210 2324 cum
219 2303 314 2328 antea,
324 2303 390 2324 turn
400 2294 471 2324 vero
480 2292 546 2333 post
553 2292 710 2324 discefl‘um
720 2293 831 2327 fratris,
839 2294 1094 2335 te‚sermonesque

138 2335 258 2366 nostros
272 2334 414 2366 desidero.
435 2333 588 2375 postremo
599 2345 663 2364 non
674 2335 756 2365 labor
767 2345 852 2365 meus
862 2355 870 2369 ‚
891 2345 954 2365 non
966 2339 1095 2377 requies;

138 2388 203 2409 non
214 2380 381 2419 negotium,
394 2387 457 2407 non
467 2379 580 2411 otium3
591 2386 654 2406 non
664 2375 798 2406 forenses
806 2386 862 2410 res,
871 2387 940 2407 non·
949 2377 1094 2408 domesti-

132 2429 183 2459 *eae
196 2441 204 2453 ‚
227 2430 290 2450 non
299 2419 428 2460 publicae
437 2439 445 2452 ,
466 2429 530 2449 non
540 2421 659 2459 privata:
669 2428 763 2448 carere
774 2418 889 2448 diutius
902 2428 953 2448 tuo
965 2417 1093 2449 suaviffi—

138 2472 193 2492 ino
203 2483 212 2496 ,
223 2471 312 2503 atque
327 2459 530 2492 amantiffimo
541 2459 667 2491 consilio
677 2480 686 2494 ,
697 2470 730 2490 ac
738 2460 877 2490 sermone
889 2459 1019 2500 poss'unt.
1040 2464 1095 2491 At-

138 2514 194 2545 que
225 2505 330 2534 harum
351 2513 451 2533 rerum
469 2504 799 2534 commemorationem
823 2501 1002 2533 verecundia
1021 2503 1092 2542 saepe

138 2545 300 2585 impedivit
318 2545 470 2586 utriusque
480 2544 629 2575 nostrum.
654 2554 735 2574 nunc
745 2553 846 2575 autem
860 2554 892 2574 ea
902 2543 1094 2575 fuitnecessa—

139 2590 180 2617 ria
189 2597 306 2627 propter
316 2598 380 2618 earn
391 2596 503 2627 partem
515 2585 647 2627 epistolae
661 2595 717 2616 tuae
730 2606 738 2620 ‚
762 2596 912 2626 perquam
925 2597 951 2617 te
962 2606 971 2620 ‚
982 2597 1014 2616 ac
1025 2597 1094 2616 rno-

140 2639 183 2658 :es
195 2639 262 2660 tuos
271 2631 347 2659 mihi
357 2637 494 2674 purgatos
505 2648 514 2662 ‚
534 2639 566 2658 ac
575 2627 712 2668 probatos
723 2626 780 2657 effe
793 2628 929 2658 voluisti.
954 2632 1051 2669 Atque
1062 2631 1094 2658 in

138 2669 190 2704 ista
202 2671 451 2702 incommoditate
461 2671 583 2702 alienati
593 2670 675 2700 illius
685 2671 781 2700 animi
795 2689 803 2704 ‚
826 2670 860 2700 &
869 2669 973 2700 offensi
984 2690 993 2704 ,
1017 2670 1094 2701 illud

1074 117 1616 164 Crenaours

1127 194 1202 227 inest
1212 204 1313 240 tamen
1323 196 1493 231 commodi,
1504 198 1586 238 quod
1597 198 1631 228 &
1640 197 1730 233 mihi,
1746 196 1780 229 &
1788 197 1893 229 ceteris
1901 194 2007 230 amicis
2016 197 2090 231 tuis*

1128 247 1198 269 nota
1207 239 1266 267 tuit
1275 257 1284 271 ,
1305 237 1338 268 &
1347 237 1398 267 abs
1408 247 1437 267 te
1450 239 1611 279 aliquando
1621 239 1771 271 testificata
1781 250 1831 273 tua
1840 242 1978 272 voluntas
1987 243 2085 272 omit-

1127 279 1222 311 tendae
1239 280 1422 319 provinciae;
1444 288 1478 310 ut
1498 276 1645 321 quodum}
1659 281 1792 318 nonestis,
1813 293 1876 314 non
1887 281 2082 316 diffenfione,

1128 332 1160 353 ac
1179 321 1307 351 discidio
1324 319 1442 354 vestro,
1463 321 1513 352 sed
1531 322 1705 358 voluntate,
1726 334 1759 354 ac
1773 324 1953 364 judiciotuo
1965 323 2087 355 faustum»

1127 362 1185 393 esse
1197 363 1341 393 videatur.
1362 372 1452 403 quare
1461 363 1555 393 &illa
1566 383 1574 396 ,
1591 373 1658 404 quae
1669 366 1776 396 violata
1787 386 1796 400 ,
1813 367 2014 407 expiabuntur
2025 378 2033 400 ;
2049 365 2085 396 δε

1130 407 1191 436 haec
1199 403 1309 438 nostra,
1319 414 1386 444 quae
1396 405 1462 434 sunt
1472 403 1652 435 sanffiffime
1661 407 1830 439 conservata
1841 429 1850 441 ‚
1870 409 1952 439 suam
1962 409 2087 450 religio-

1128 457 1200 477 nem
1211 446 1406 476 obtinebunt.
1428 449 1496 476 Nos
1507 444 1555 476 hic
1564 448 1683 487 inRep.
1696 446 1815 480 infirma
1825 469 1834 483 ‚
1855 451 1960 480 misera
1976 471 1985 484 ‚
1996 459 2086 480 com-

1130 488 1328 528 mutabilique
1351 488 1511 518 versamur.
1536 488 1626 518 credo
1645 491 1730 518 enim
1749 499 1776 520 te
1792 490 1903 521 audiss‘e
1926 511 1935 524 ‚
1967 490 2087 522 nostros

1130 532 1250 572 Equites
1272 540 1356 570 paene
1374 530 1390 560 a
1409 533 1514 560 Senatu
1535 528 1592 559 effe
1602 529 1776 569 digjtmffom
1797 534 1849 572 qui
1861 531 1995 572 primum
2007 532 2086 563 illud

1129 572 1213 603 valde
1224 574 1352 613 graviter
1362 572 1496 602 tulerunt
1508 592 1516 605 ,
1526 574 1753 613 promulgatum
1763 583 1801 603 ex
1814 577 1831 603 S
1842 577 1874 603 C.
1884 573 1970 604 fuisse
1982 594 1991 608 ‚
2006 583 2039 605 ut
2048 574 2087 604 de

1129 617 1163 644 iis
1176 634 1184 648 ‚
1203 619 1217 643 7
1236 616 1287 653 qui
1299 613 1546 652 objudicandum
1557 617 1715 653 pecuniam
1725 614 1918 654 accepissent,
1938 625 2087 655 quaerere-

1129 666 1184 686 tur.
1208 666 1264 695 qua
1284 658 1317 685 in
1339 665 1369 685 re
1392 655 1579 685 decernenda
1594 656 1666 685 cum
1687 666 1742 696 ego
1759 657 1825 686 casu
1845 667 1910 687 non
1923 656 2087 692 affuiffem,

1130 696 1337 738 sensissemque
1356 697 1386 727 id
1397 697 1573 738 Equestrem
1584 695 1723 727 ordinem
1733 696 1810 728 ferre
1819 697 1947 728 moleste
1958 718 1967 732 ‚
1986 708 2088 739 neque

1129 739 1225 780 aperte
1242 739 1341 770 dicere
1368 751 1376 773 3
1399 740 1556 781 objurgavi
1573 742 1715 769 Senatum
1727 759 1737 772 ‚
1757 749 1790 770 ut
1810 741 1888 769 mihi
1905 741 1987 770 visus
2005 740 2087 774 sum,

1129 783 1248 812 summa
1264 791 1336 811 cum
1359 780 1554 815 auStoritate3
1574 781 1649 811 &in
1658 782 1742 812 causa
1752 791 1815 811 non
1824 782 2008 815 verecunda,
2034 781 2090 812 ad-

1131 823 1261 854 modum
1278 825 1397 864 gravis‚
1416 823 1450 853 &
1467 823 1606 863 copiosus
1624 822 1681 853 fui.
1705 826 1781 854 Ecce
1790 824 1855 853 aliae
1865 823 1981 854 deliciae
1991 825 2088 864 Equi-

1128 875 1192 896 tum
1206 885 1214 900 ‚
1237 868 1291 896 vix
1310 864 1458 898 ferendae,
1477 875 1549 906 quas
1567 875 1623 906 ego
1640 875 1705 895 non
1728 866 1825 895 solum
1836 866 1914 899 tuli,
1935 866 1984 895 sed
1993 868 2089 896 etiam.

1129 909 1245 938 ornavi.
1270 905 1371 937 Afiani
1382 928 1390 941 ‚
1410 908 1462 948 qui
1477 908 1513 937 de
1527 907 1711 937 Censoribus
1721 904 1953 937 8conduxerant
1963 927 1978 941 ,.
1991 906 2090 948 questi

1128 950 1234 980 suntin
1246 950 1356 982 senatu,
1367 950 1405 983 se,
1417 949 1574 990 cupiditate
1586 949 1736 991 prolapfhs,
1748 949 1883 979 nimium
1895 959 2005 990 magno
2012 958 2093 979 con-

1129 990 1260 1022 duxisse:
1274 1000 1307 1021 ut
1327 991 1660 1025 inducereturlocatio,
1684 990 1918 1031 postulaverunt.
1943 992 2092 1033 egoprin—

1131 1043 1199 1073 ceps
1220 1035 1254 1062 in
1272 1032 1478 1072 adjutoribus,
1500 1042 1586 1072 atque
1601 1033 1678 1062 adeo
1696 1033 1852 1063 secundus.
1877 1043 1967 1067 nam,
1995 1033 2089 1063 uciil'i

1128 1075 1270 1104 auderent
1279 1075 1336 1103 hoc
1347 1073 1507 1113 postulare,
1520 1073 1635 1104 Crassus
1645 1084 1696 1105 eos
1710 1076 1842 1114 impulit.
1864 1075 2015 1105 invidiosa
2024 1084 2084 1108 res,

1128 1118 1220 1156 turpis
1237 1115 1418 1155 postulatio,
1437 1115 1469 1145 &
1490 1114 1634 1146 conr'effio
1649 1118 1832 1146 temeritatis.
1855 1116 2010 1146 summum
2025 1125 2088 1148 erat

1133 1159 1301 1198 periculum
1313 1177 1322 1190 ‚
1334 1167 1372 1187 ne
1384 1177 1392 1190 ,
1405 1156 1426 1186 si
1440 1158 1517 1187 nihil
1530 1156 1732 1196 impetrassent
1746 1177 1754 1190 ‚
1770 1157 1858 1197 plane
1866 1158 2064 1188 alienarentur
2073 1158 2092 1190 ὲ

1132 1203 1246 1231 Senatu.
1269 1200 1340 1229 huic
1357 1209 1479 1240 quoque
1499 1199 1541 1229 rei
1563 1198 1745 1229 subventum
1758 1198 1801 1229 est
1812 1200 1947 1229 maxime
1959 1200 1975 1229 a
1986 1200 2091 1234 nobis;

1131 1240 1379 1282 pert'eClmmque,
1400 1250 1433 1271 ut
1454 1239 1828 1281 frequentiffimosenatm
1849 1240 2092 1272 &libentissimo

1133 1293 1287 1314 uterentur
1300 1303 1313 1316 ,
1331 1282 1486 1324 multaque
1495 1283 1512 1313 a
1522 1292 1572 1312 me
1583 1282 1618 1312 de
1632 1283 1929 1324 ordinum-dignitate
1940 1303 1949 1317 ‚
1972 1283 2005 1313 ὃς
2014 1292 2092 1314 con-

1131 1325 1233 1356 cordia
1251 1324 1495 1355 dfiasuntitiu„
1507 1325 1655 1355 Decemb·
1673 1324 1868 1365 &postridie.
1887 1336 1984 1366 neque
1994 1326 2093 1356 adbuc

1133 1377 1178 1398 res
1188 1366 1327 1398 confeEta
1336 1366 1388 1400 est,
1399 1366 1447 1397 sed
1456 1367 1593 1397 voluntas
1604 1369 1725 1397 Senatus
1734 1366 1895 1408 perspekh.
1915 1377 1993 1397 unus
2004 1369 2091 1398 enim

1132 1409 1355 1440 contradixerat
1386 1409 1529 1439 Metellus
1559 1409 1673 1439 Consul
1699 1407 1874 1449 designatus.
1901 1413 1917 1436 9
1936 1411 2011 1450 quin
2031 1417 2093 1440 erat

1133 1451 1266 1482 dinatus
1292 1450 1302 1489 (
1321 1451 1357 1481 ad
1375 1460 1467 1491 quem
1487 1459 1608 1490 propter
1628 1450 1690 1480 diei
1709 1451 1885 1481 brevitatem
1906 1459 2090 1490 perventum.

1133 1503 1197 1523 non
1214 1492 1277 1532 est)
1302 1493 1389 1523 heros
1411 1492 1464 1522 ille
1480 1492 1581 1522 noster
1592 1494 1674 1522 Cato.
1694 1490 1732 1522 sic
1742 1502 1798 1532 ego
1809 1493 1988 1522 conservans
1998 1494 2093 1522 ratio-

1133 1545 1203 1565 nem
1219 1555 1227 1568 ,
1239 1534 1525 1575 institutionemque
1537 1532 1669 1564 nostram
1683 1553 1691 1567 ‚
1704 1543 1788 1563 tueor
1798 1554 1806 1567 ‚
1822 1533 1993 1574 inp-assum,
2006 1534 2094 1564 illam

1132 1577 1149 1608 a
1166 1587 1215 1607 me
1233 1576 1472 1617 conglutinatam
1493 1575 1697 1606 concordiam.
1736 1576 1786 1606 sed
1810 1584 1932 1609 tamen„
1943 1577 2093 1617 quoniam

1133 1618 1187 1649 ista
1205 1619 1272 1649 sunt
1291 1616 1429 1652 infirma,
1449 1618 1579 1647 munitur
1602 1617 1739 1658 quaedam
1758 1617 1848 1648 nobis
1867 1618 1904 1647 ad
1921 1617 2095 1648 retinendas

1134 1671 1206 1701 opes
1218 1659 1331 1690 nostras
1342 1669 1403 1690 tuta
1414 1680 1422 1694 ,
1434 1669 1466 1690 ut
1475 1661 1560 1700 spero
1573 1680 1581 1692 ‚
1592 1662 1640 1689 via
1653 1679 1661 1693 ‚
1675 1669 1764 1699 quam
1777 1659 1831 1689 tibi
1845 1660 1950 1689 litteris
1958 1659 2027 1690 satis
2038 1668 2097 1689 ex-

1131 1704 1239 1743 plicare
1249 1712 1311 1732 non
1322 1700 1441 1741 pofl'um
1456 1713 1466 1736 3
1486 1700 1702 1742 significatione
1712 1710 1802 1741 parva
1811 1700 1967 1731 ostendam
1976 1710 2091 1730 tamen.

1133 1754 1201 1774 utor
1218 1747 1369 1783 Pompejo
1382 1741 1612 1773 familiariffime
1644 1742 1733 1772 video
1744 1762 1753 1776 ,
1773 1742 1847 1783 quid
1857 1742 2091 1777 dicas-cavebo,

1132 1796 1198 1826 qua:
1226 1785 1294 1815 sunt
1315 1784 1447 1815 cavenda
1459 1796 1464 1813 :
1488 1795 1520 1814 ac
1531 1784 1655 1814 scribam
1666 1785 1735 1814 alias
1743 1784 1779 1814 ad
1788 1794 1816 1814 te
1826 1784 1862 1814 de
1873 1786 1951 1813 meis
1960 1782 2096 1814 consiliis

1132 1825 1314 1867 capess'endae
1333 1828 1412 1866 Reip
1434 1826 1527 1866 plura.
1548 1826 1717 1866 Luccejum
1737 1826 1810 1856 scito
1829 1826 2026 1856 Consulatum
2041 1826 2096 1856 ha-

1135 1869 1203 1900 bere
1220 1871 1254 1898 in
1273 1871 1379 1899 animo
1399 1867 1497 1898 statim
1516 1877 1624 1908 petere.
1650 1868 1712 1898 duo
1731 1877 1814 1897 enim
1826 1868 1881 1897 soli
1892 1867 2034 1898 dicuntur
2043 1876 2097 1907 pe-

1135 1912 1226 1942 tituri.
1251 1912 1344 1941 Caesar
1362 1920 1432 1941 cum
1453 1920 1489 1940 co
1501 1911 1583 1940 coire
1592 1919 1642 1949 per
1652 1912 1774 1940 Arrium
1785 1912 1894 1950 cogitat
1907 1920 1912 1938 z
1925 1910 1957 1940 &
1968 1910 2095 1941 Bibulus

1134 1964 1203 1984 cum
1225 1954 1283 1983 hoc
1303 1954 1332 1983 se
1350 1954 1543 1993 putat-perc.
1559 1952 1698 1982 Pisonem
1710 1950 1792 1991 poss'e
1805 1953 1960 1992 conjungi.
1983 1951 2094 1982 Rides?

1135 2005 1203 2026 non.
1217 1995 1285 2025 sunt
1308 1996 1372 2025 haec
1392 1994 1543 2027 ridicula,
1557 1995 1636 2023 mihi
1656 1993 1752 2023 crede.
1777 1993 1859 2032 Quid
1876 1993 1958 2024 aliud
1969 1994 2099 2024 scribam.

1133 2038 1167 2068 ad
1182 2039 1230 2067 te?
1242 2036 1314 2078 quid
1326 2042 1336 2068 ?
1353 2037 1448 2067 multa
1465 2037 1531 2066 sum
1543 2046 1548 2065 :
1561 2035 1653 2066 sedin
1665 2035 1746 2066 aliud
1757 2044 1886 2075 tempus.
1908 2038 1939 2055 ¹-0
1953 2038 2001 2066 Te
2011 2034 2097 2065 fiex-

1135 2078 1257 2119 spectari
1275 2079 1352 2108 velis
1368 2099 1377 2111 ‚
1396 2088 1479 2108 cures
1490 2098 1498 2111 ‚
1519 2087 1555 2107 ut
1575 2078 1677 2108 sciam.
1694 2078 1757 2116 jam
1777 2077 1852 2107 illud
1863 2076 2000 2108 modeste
2011 2087 2095 2114 rogo,

1135 2120 1218 2162 quod
1238 2118 1374 2151 maxime
1393 2122 1483 2161 cupio
1506 2140 1515 2155 ‚
1538 2128 1571 2150 ut
1592 2121 1821 2161 quamprimum
1842 2122 1953 2151 venias.
1995 2121 2100 2150 Nonis

1135 2162 1284 2194 Decemb.

1383 2235 1577 2265 CICERO
1607 2234 1802 2265 ATTICO
1822 2235 1852 2264 S.

1143 2287 1318 2364 Nlmr..
1337 2292 1417 2321 mihi
1441 2302 1522 2322 nunc
1532 2292 1606 2321 scito
1624 2299 1683 2321 tam
1695 2289 1792 2321 deeffe
1806 2309 1815 2324 ‚
1830 2289 1919 2331 quam
1930 2290 2095 2321 hominem

1239 2342 1323 2366 eum,
1336 2337 1497 2374 1¹quocum
1507 2334 1621 2366 omnia,
1633 2342 1699 2373 quae
1707 2342 1755 2362 me
1765 2342 1833 2362 cura
1842 2333 1938 2373 aliqua
1947 2331 2096 2367 afficiunt,

1139 2382 1198 2402 una
1208 2375 1426 2402 communicem.-
1449 2376 1501 2415 qui
1523 2384 1573 2403 me
1590 2384 1687 2407 amet,
1707 2374 1758 2413 qui
1774 2374 1861 2413 sapiat
1872 2394 1880 2407 ‚
1901 2376 2026 2413 quicum
2040 2383 2098 2416 ego

1138 2414 1307 2455 colloquar,
1320 2416 1397 2445 nihil
1409 2415 1519 2455 fingam
1530 2436 1538 2449 ,
1550 2416 1629 2445 nibil
1639 2414 1823 2446 diffimulem
1833 2436 1840 2449 ‚
1855 2417 1932 2445 nihil
1943 2416 2096 2457 obtegam.

1136 2463 1216 2494 abest
1225 2466 1309 2494 enim
1321 2464 1409 2495 frater
1422 2458 1654 2499 x’s‘PiM'WV&‚
1672 2465 1961 2496 ¹²&amantiffimus
1973 2476 1978 2495 z
1989 2466 2100 2496 Metel-

1138 2506 1183 2535 lus
1194 2516 1257 2536 non
1268 2508 1364 2539 homo
1376 2527 1384 2541 ‚
1401 2507 1447 2537 sed
1459 2507 1562 2539 littus,
1581 2516 1667 2547 atque
1677 2508 1745 2541 a‘e'r,
1761 2508 1793 2537 δε
1804 2508 1935 2538 solitudo
1947 2517 2043 2538 mera:
2063 2516 2098 2537 tu

1137 2556 1237 2577 autem
1248 2568 1256 2581 ‚
1277 2551 1328 2588 qui
1348 2547 1503 2588 saepiffime
1523 2558 1623 2578 curam
1635 2568 1645 2581 ,
1668 2549 1849 2589 &angorem
1861 2552 1957 2579 animi
1968 2551 2029 2579 mei
2040 2549 2100 2579 ser.-

1139 2599 1232 2619 mone
1243 2610 1251 2623 ‚
1265 2590 1298 2620 &
1308 2589 1434 2620 consilio
1445 2589 1547 2620 levasti
1560 2599 1613 2620 tuo
1625 2593 1697 2630 3qui
1709 2592 1786 2621 mihi
1798 2592 1830 2621 &
1839 2602 1870 2621 in
1879 2592 2040 2631 publicare
2051 2590 2101 2620 so-

1137 2634 1214 2663 cius,
1227 2632 1259 2661 &
1268 2634 1301 2662 iri
1312 2633 1436 2672 privatis
1446 2631 1592 2661 omnibus
1600 2633 1749 2664 conscius,
1761 2633 1944 2663 &omnium
1956 2641 2099 2662 meorum

1138 2673 1314 2704 sermonum
1330 2694 1338 2708 2
1358 2675 1390 2704 ὅς
1405 2672 1602 2704 consiliorum
1620 2676 1764 2715 particeps
1782 2673 1840 2705 effe
1858 2675 1953 2708 soles,
1971 2673 2100 2703 ubinam

2045 2724 2076 2744 es
2089 2717 2101 2744 ?

181 2785 204 2802 ι..
223 2779 425 2812 Conspci‘hsspfh]
448 2777 527 2814 ang.
540 2779 661 2811 adlspcHu.

178 2820 205 2836 2.
225 2817 364 2845 optimorum
382 2815 508 2839 hominum.

144 2856 205 2875 nere
218 2848 306 2874 iriftor
316 2850 351 2875 est
363 2850 520 2876 Lambinus.

178 2891 204 2918 3*
226 2885 417 2917 stlollitiainqraee.]
440 2886 528 2921 Vulgo
538 2888 713 2921 Alolliricmqut.

177 2927 204 2951 4.
225 2920 251 2944 're
261 2920 323 2953 orm]
345 2922 434 2956 Vuigo
447 2928 466 2946 te
478 2932 535 2954 rogo.

174 2964 203 2997 ¹5.
223 2956 384 2989 Ingenuam]
407 2958 446 2983 lta
463 2958 498 2984 est
518 2958 543 2984 in
555 2957 674 2984 Tornaes.
690 2958 754 2984 teste
764 2958 907 2985 Lambino.
930 2958 1012 2994 vulgo
1031 2961 1095 2984 inte-

137 2998 226 3024 ganas.

176 3026 203 3051 6,
224 3029 252 3052 In
267 3028 360 3058 publica
373 3036 402 3052 m
413 3027 462 3061 re]
486 3029 545 3054 Hoc
556 3029 635 3056 motio
646 3029 735 3056 Bofius
756 3039 789 3057 ex
802 3031 914 3058 Decurt.
933 3032 961 3057 δε
972 3030 1093 3059 Tor-ures.

140 3062 260 3098 vulgata,
269 3072 294 3087 m
302 3064 396 3095 publica
405 3072 439 3087 re.

173 3106 200 3131 7.
220 3101 269 3133 (θη-Ι
276 3099 463 3131 abjudicandum
477 3102 603 3131 pecuniam
613 3102 773 3136 accepifflnt]
795 3103 832 3128 Tb
841 3106 964 3134 pecuniam
980 3102 1091 3138 Malasp.

135 3134 166 3161 ab
176 3119 298 3160 omaus
311 3133 367 3160 mss.
386 3133 436 3159 iuis
448 3135 477 3159 &⁷
489 3135 630 3160 Lambinus
642 3146 656 3161 a
670 3139 781 3164 Mctnm.
801 3138 912 3166 Hui-alt.
931 3140 959 3165 &
971 3138 1090 3167 Turn-aes.

135 3169 217 3202 abeffc
229 3171 365 3199 testantur.
384 3169 485 3206 quidni
496 3178 560 3208 ergo
571 3169 690 3201 deleatur
702 3173 713 3199 Ξ
1084 3180 1086 3183 ·

519 2814 533 2848 ]
554 2815 660 2840 Vis-omem
678 2823 726 2850 pro
744 2816 860 2840 hominum
878 2812 1002 2850 quosdam
1021 2823 1098 2851 repo·
1121 2830 1123 2834 ν

1179 2779 1206 2805 8.
1228 2780 1421 2813 affluxerant]
1445 2779 1525 2815 Vulg,
1537 2781 1706 2806 conduxerunt.

1176 2823 1205 2848 9.
1225 2817 1290 2847 Qa
1298 2823 1351 2841 crat
1360 2816 1494 2849 difflatu]
1517 2815 1607 2842 Belius
1618 2825 1652 2841 ex
1663 2817 1775 2841 Decurt.
1786 2814 1814 2840 δε
1825 2811 1941 2840 Crufell.
1952 2822 2012 2840 narn
2024 2813 2099 2850 vulg.

1142 2854 1183 2885 qui
1192 2858 1244 2876 erat
1255 2852 1374 2878 Amaras.

1180 2895 1222 2912 10.
1241 2888 1295 2920 Tcfi
1304 2889 1423 2919 expellar}
1431 2886 1517 2921 varen]
1544 2887 1574 2911 ‘liz
1582 2887 1660 2920 quoad
1666 2887 1786 2917 expet‘lari
1795 2885 1865 2915 velis,
1876 2884 2003 2920 publicati
2012 2885 2070 2912 alii.
2085 2903 2089 2907 ·

1179 2931 1188 2948 ι
1199 2932 1221 2949 1.
1241 2923 1373 2958 Qucum]
1395 2923 1429 2948 Et
1440 2921 1532 2953 hita&
1544 2921 1613 2947 infr-a
1625 2922 1652 2948 iii
1664 2921 1737 2955 vulg.
1750 2921 1848 2956 legitur
1858 2924 1962 2955 cynicum.

1180 2967 1222 2984 υ..
1242 2962 1274 2985 Ει
1284 2961 1454 2991 amannffimm
1466 2968 1472 2982 ;
1492 2958 1627 2991 Metellus]
1650 2958 1691 2983 Ita
1701 2957 1780 2983 etiam
1792 2957 1931 2992 distinguit
1948 2957 2100 2985 Manutius.

1142 2994 1222 3029 vulgo
1231 2995 1260 3024 (ἶς’
1270 2996 1440 3028 atnantiffimm
1449 2995 1559 3019 ,Metellus
1571 3012 1579 3024 ,
1597 2994 1648 3023 &a
1668 2992 1710 3019 sed
1723 3002 1807 3029 neque
1819 2993 1884 3019 hanc
1896 3012 1904 3024 ,
1925 3003 2008 3029 neque
2024 2993 2098 3020 illam

1135 3027 1332 3057 distinstiouem
1342 3028 1567 3063 admittitJunius
1581 3039 1586 3054 z
1603 3029 1725 3055 Lambini
1738 3037 1824 3055 tamen
1837 3030 2092 3064 iuter-pretationem

1138 3065 1241 3102 probat.
1261 3064 1313 3100 ipse
1324 3066 1386 3091 vero
1398 3073 1431 3090 ex
1442 3064 1631 3100 depravatione
1644 3065 1700 3091 niss'.
1711 3065 1776 3091 haue
1787 3065 1930 3091 leetionem
1943 3065 2040 3091 elicere
2050 3075 2097 3091 co-

1139 3108 1217 3128 natui·
1229 3119 1238 3131 ‚
1255 3102 1425 3134 amanrrsffimm
1434 3103 1478 3125 mei
1488 3119 1496 3130 ‚
1515 3102 1586 3126 bellur
1596 3111 1640 3126 mn
1649 3103 1709 3126 homo
1719 3113 1728 3133 ,-
1746 3101 1896 3136 Malaspinae
1906 3102 1950 3137 qui
1962 3101 1998 3127 ita
2008 3110 2100 3128 emcn-

1135 3137 1225 3168 dabat,
1236 3139 1406 3172 amamtffimm
1415 3139 1471 3169 mei,
1479 3146 1524 3164 non
1534 3138 1606 3169 hemo,
1611 3137 1655 3172 scd
1661 3140 1720 3164 litus
1729 3145 1798 3173 arque
1808 3137 2002 3171 et'cr‚affeiititur
2012 3138 2098 3165 Lam-

1135 3173 1222 3200 binus.

2029 3216 2053 3235 1.
2062 3210 2108 3234 Ital

2121 2237 2163 2275 ιθ
