2302 3353
534 132 606 163 nn
655 117 1071 164 Iuvssssurtouiz
1116 118 1507 173 RHET0R10A
1553 121 1681 168 Lm.
1717 123 1752 169 i.

179 196 344 230 firmiffima
354 197 466 228 ratione
478 196 586 227 nostrae
596 195 742 227 dictionis
754 206 760 225 t
783 200 792 217 ¹
804 195 847 226 sin
858 198 901 226 uti
911 197 1062 236 principio
1071 198 1134 237 pla-

177 240 274 274 cebit,
286 239 496 270 benivolentiae
506 238 637 278 partibus
649 237 796 268 utendum
808 237 851 268 est
861 258 869 271 ,
882 237 954 267 utici
964 256 973 270 ‚
986 239 1067 278 quod
1076 239 1129 271 est.

117 278 159 312 16
177 290 323 322 augeatur.
342 283 378 310 In
388 279 514 310 obscuro
524 281 615 310 causae
624 290 741 320 genere,
753 289 804 320 pei·
813 281 997 319 principium
1009 278 1134 309 dociieis

175 323 322 353 auditores
332 319 449 351 efficere
461 322 619 361 oportebit.
644 324 675 351 N
677 332 736 352 unc
746 341 755 355 ,
767 323 911 361 quoniam
922 340 930 354 ,
943 329 1015 361 quas
1024 330 1068 350 res
1080 331 1134 350 ex—

174 363 262 394 ordio
280 361 428 392 conficere
446 372 580 402 oporteat
591 383 599 397 ‚
623 362 740 393 dietum
759 362 801 392 est
813 374 819 392 2
848 363 1000 403 reliquum
1019 361 1062 391 est
1071 381 1080 394 ‚
1102 370 1135 391 ut

172 403 351 437 ostendatur,
363 404 471 445 quibus
482 415 607 446 quaeque
616 415 661 435 res
671 404 837 435 iationibus
847 404 957 434 confici
967 402 1062 443 poffit.
1083 405 1133 432 Bc-

171 446 202 475 ni
205 445 325 474 volentia
334 454 461 486 quatuor
469 457 507 476 ex
518 448 591 477 locis
602 455 789 487 comparatur
801 457 806 475 :
817 446 853 476 ab
863 445 972 477 nOstsass
983 444 1018 475 ab
1027 444 1133 475 adver·-

170 487 315 519 sariorum
327 507 335 520 ‚
347 487 383 517 ab
389 487 528 527 judicum
539 490 662 528 persona
671 509 679 522 ,
700 492 714 508 ²
725 488 760 518 ab
770 488 830 528 ipsa
839 488 929 518 causa.
963 486 1012 516 Ab
1021 485 1109 522 nostra
1121 507 1129 519 ,

171 527 193 558 fi
204 528 240 559 de
250 527 358 559 nostris
368 528 502 563 sabim&
513 529 622 561 officiis
633 529 692 560 sine
704 532 867 571 arrogantia
878 529 1014 559 dicemus
1026 539 1032 557 ;
1043 527 1063 558 si
1074 530 1132 558 cri-

172 572 257 600 mina
269 571 350 600 illata
359 591 368 605 ,
391 571 423 601 &
433 572 542 613 aliquas
554 574 655 602 minus
666 571 804 603 honestas
814 572 995 611 suspiciones
1005 569 1130 609 injefitas

170 611 324 642 diluemus
337 623 342 641 z
362 611 381 642 si
393 633 401 646 ‚
414 624 479 654 quae
488 614 687 644 incommoda
696 613 876 646 acciderint,
887 622 934 642 aut
943 622 1009 652 quae
1018 610 1131 641 instent

169 651 358 684 difficultates
370 675 378 688 ‚
389 655 576 694 proferemus
588 667 593 685 ;
605 654 625 685 si
637 666 734 695 prece,
749 655 782 685 &
792 654 994 684 obsecratione
1005 653 1127 686 humili,

167 704 200 725 ac
212 696 336 735 supplici
346 705 475 727 utemur.
508 698 555 727 Ab
565 697 786 736 adversariorum
804 705 903 725 autem
917 715 924 728 ‚
946 693 966 724 si
978 705 1028 724 eos
1038 697 1130 724 autin

167 736 287 771 odium,
300 747 349 767 aut
358 740 392 767 in
401 738 548 769 invidiam
561 759 568 773 ‚
580 748 630 768 aut
639 741 672 768 in
682 739 922 768 contemtionem
935 736 1128 767 adducemus.

166 781 204 809 In
215 779 323 809 odium
334 779 525 813 adducentur,
543 779 563 809 si
572 780 653 820 quod
663 789 770 810 eorum
782 778 884 819 spurce
894 799 902 812 ,
916 777 1050 818 superbe,
1063 788 1129 808 cru-

167 820 290 854 deliter,
315 824 328 848 3
341 821 490 851 malitiose
499 821 614 851 fa8tum
624 821 799 862 proferetur.
823 823 860 851 In
870 821 1018 850 invidiam
1031 840 1039 853 2
1052 818 1072 849 fi
1083 821 1128 850 vis

166 872 274 893 eorum
285 883 294 896 ‚
305 864 437 902 potentia
446 882 455 897 ‚
469 863 583 894 divitiae
593 883 601 897 ,
615 865 752 904 cognatio
764 883 772 896 ‚
784 865 918 903 pecuniae
928 861 1126 902 proferentur,

164 913 253 945 atque
264 914 369 934 eorum
388 905 454 935 usus
465 914 599 947 arrogans
611 925 619 939 ‚
642 906 674 935 ὃς
685 905 882 935 intolerabilis
896 917 904 938 3
924 913 956 934 ut
973 905 1019 933 his
1039 904 1126 933 rebus

164 947 259 986 magis
278 945 450 980 videantur,
474 947 564 987 quam
576 948 667 978 causa:
679 947 736 977 suae
748 945 909 977 confidere.
941 948 978 976 In
988 954 1127 976 contem-

165 989 280 1018 tionem
291 986 473 1018 adducentur
482 1008 490 1021 ‚
502 987 521 1018 fi
533 999 639 1025 eorum
651 990 757 1019 inertia
768 1008 776 1022 ,
787 989 968 1029 negligentia
979 1007 986 1021 ,
999 989 1124 1029 ignavia,

163 1026 343 1058 desidiosum
354 1027 488 1059 studium
499 1051 507 1063 ‚
523 1031 754 1062 &luxuriosum
766 1032 865 1060 otium
875 1028 1052 1069 proferetur.
1077 1028 1124 1058 Ab

163 1069 325 1099 auditorum
329 1071 445 1112 perfinia
455 1072 661 1103 benivolentia
670 1072 833 1112 captabitur
843 1091 852 1105 ,
875 1070 896 1100 fi
906 1081 950 1101 res
960 1070 996 1101 ab
1006 1071 1052 1100 his
1062 1069 1124 1100 foi·-

162 1113 230 1142 titer
239 1130 248 1144 ,
261 1111 422 1151 sapienter,
434 1114 588 1144 mansuete
599 1114 686 1156 gestae
695 1113 901 1154 proferentur,
923 1121 955 1142 ut
965 1122 1002 1142 ne
1013 1122 1069 1153 qua
1079 1113 1123 1142 as-

160 1153 287 1184 sentatio
296 1154 392 1184 nimia
401 1153 581 1195 significetur
592 1166 597 1185 :
619 1157 651 1186 &
663 1155 683 1186 si
694 1156 730 1186 de
740 1157 787 1185 his
798 1175 806 1189 ‚
823 1154 913 1195 quiitn
925 1153 1049 1184 honesta
1058 1156 1124 1183 exi-

122 1234 124 1236 Υ
161 1194 293 1225 stimatio
303 1214 311 1229 ,
333 1205 499 1237 quantaque
509 1207 615 1228 eorum
623 1198 731 1237 judicii
743 1217 752 1231 ‚
773 1198 805 1227 δε
815 1196 998 1227 auctoritatis
1018 1196 1121 1235 exspe-

162 1237 252 1268 &atio
262 1235 305 1271 sit,
317 1236 501 1268 ostendetur.
526 1239 573 1269 Ab
586 1239 647 1280 ipfis
657 1239 746 1272 rebus,
758 1238 778 1268 fi
789 1238 922 1269 nostram
933 1238 1049 1268 caulam
1060 1238 1122 1268 lau-

160 1278 264 1309 dando.
277 1280 460 1310 extollemus
472 1300 480 1314 ‚
503 1281 739 1312 adversariorum
751 1280 868 1312 causam
879 1290 930 1320 per
937 1281 1122 1310 contemtio-

159 1331 233 1351 nem
243 1320 455 1360 deprimemus.
474 1325 618 1352 Arreeitos
627 1332 725 1353 autem
735 1322 892 1355 faciemus,
903 1320 924 1351 si
935 1320 1122 1351 demonstra—

160 1362 262 1393 bimus
271 1381 280 1396 ,
294 1372 326 1392 ea
336 1382 345 1397 ,
356 1373 421 1403 quae
431 1363 539 1394 diffuri
551 1366 663 1395 erimus
674 1384 683 1398 ,
694 1375 800 1406 magna
811 1384 819 1398 ,
833 1373 922 1397 nova,
934 1363 1122 1393 incredibilia

159 1402 218 1435 effe
227 1423 236 1437 ,
248 1412 297 1433 aut
305 1403 340 1433 ad
350 1407 469 1435 omneis
480 1426 490 1439 ‚
503 1406 595 1437 autad
606 1417 657 1436 eos
668 1427 676 1440 ,
688 1409 740 1447 qui
751 1406 885 1439 audiunt,
897 1414 945 1436 aut
955 1404 989 1435 ad
1002 1406 1116 1445 aliquos

157 1445 298 1476 illustreis
315 1446 456 1477 homines
468 1467 476 1481 ‚
498 1457 548 1478 aut
561 1448 595 1478 ad
607 1448 679 1478 deos
690 1449 889 1478 immortaleis
900 1467 908 1481 ,
930 1455 980 1477 aut
990 1447 1025 1476 ad
1037 1447 1119 1476 sum-

159 1498 242 1518 mam
251 1487 378 1527 reipubl.
387 1490 535 1528 pertinere
547 1501 552 1519 :
574 1490 606 1521 &
617 1489 637 1519 si
646 1490 878 1530 pollicebimur,
898 1499 954 1519 nos
966 1488 1050 1519 brevi
1060 1499 1117 1518 no-

158 1529 247 1561 stram
257 1530 373 1559 causam
385 1531 652 1566 demonstraturos,
663 1541 749 1573 atque
759 1541 948 1572 exponemus
956 1531 966 1570 j
971 1531 1118 1561 udicatio-

158 1581 230 1602 nem
241 1591 250 1605 ,
270 1580 319 1601 aut
333 1571 533 1610 judicationes
544 1594 553 1607 ,
574 1573 594 1603 si
603 1575 702 1614 plures
711 1583 809 1604 erunt.
834 1572 953 1603 Docileu
971 1572 1118 1603 auditores

156 1613 312 1646 faciemus,
329 1611 349 1642 fi
358 1615 454 1654 aperte
468 1616 501 1645 ὃς
512 1616 640 1647 breviter
652 1617 804 1647 summam
815 1615 906 1646 causae
917 1624 1116 1654 exponemus.

156 1656 216 1685 hoc
226 1654 278 1688 est,
289 1656 322 1685 in
332 1665 392 1696 quo
403 1655 539 1688 confistat
548 1657 755 1688 controversia.
777 1667 848 1688 nam
862 1657 894 1687 &
904 1667 974 1687 cum
985 1656 1118 1687 docilem

156 1698 233 1728 velis
242 1696 346 1731 facere>
359 1696 447 1729 simul
456 1708 603 1730 attentum
612 1700 701 1730 facias
713 1707 838 1740 oportet.
862 1700 970 1729 narnis
982 1697 1117 1729 maxime

97 1739 110 1764 ¹
120 1741 139 1775 7
157 1739 263 1770 docilis
272 1738 314 1769 est
324 1759 333 1773 ‚
354 1742 405 1780 qui
415 1740 605 1772 attentiffime
617 1742 659 1773 est
667 1751 781 1782 paratus
790 1740 900 1772 audire.
933 1743 1026 1771 Nunc
1044 1738 1114 1770 insi-

155 1783 312 1812 nuationes
322 1783 581 1822 quemadmodum
593 1784 708 1815 tractari
718 1785 879 1814 conveniat
887 1802 895 1816 ‚
917 1781 1058 1822 deinceps
1070 1781 1116 1811 di-

154 1823 288 1854 cendum
297 1823 423 1853 videtur.
447 1826 656 1866 Infinuationei
679 1828 738 1856 itur
747 1825 895 1856 utendum
906 1823 949 1854 est
958 1845 967 1858 ,
982 1823 1054 1854 cum
1064 1823 1116 1853 ad-

155 1865 293 1895 mirabile
302 1875 396 1906 genus
406 1868 498 1898 causae
509 1867 622 1901 est,hoc
631 1870 661 1898 ei
677 1876 721 1901 ‚ut
729 1867 796 1898 ante
809 1867 954 1900 diximus,
967 1865 1040 1896 cum
1049 1868 1114 1895 ani—

157 1916 227 1936 mus
237 1906 378 1937 auditoris
389 1907 513 1939 infestus
524 1909 575 1939 est.
596 1910 630 1940 Id
642 1919 742 1939 autern
754 1909 846 1939 tribus
858 1918 896 1938 ex
906 1907 995 1938 causis
1007 1907 1039 1937 fit
1049 1917 1114 1937 ma-

156 1947 244 1978 xime
256 1958 262 1976 ;
281 1946 303 1976 fi
313 1957 362 1978 aut
371 1948 448 1979 inest
457 1951 490 1980 in
500 1951 560 1990 ipsa
570 1952 654 1981 causa
662 1951 799 1991 quaedam
817 1949 972 1990 turpitudo
984 1970 991 1983 ‚
1011 1958 1061 1979 aut
1076 1949 1112 1979 ab

156 1991 193 2020 iis
204 2009 212 2023 ‚
224 1991 275 2031 qui
286 1989 354 2019 ante
363 1989 513 2024 dixerunt,
526 1992 584 2029 jam
596 1992 740 2032 quiddam
750 1991 877 2022 auditori
885 1991 1056 2030 persuasum
1066 1992 1114 2020 vi-

157 2030 244 2061 detur
252 2051 260 2064 ‚
280 2039 374 2060 anteo
385 2039 519 2071 tempore
530 2033 613 2062 locus
623 2033 743 2063 dicendi
752 2033 837 2063 datur
846 2053 855 2066 ‚
874 2032 946 2062 curn
961 2033 1024 2071 jam
1044 2032 1091 2061 illi
1103 2051 1111 2065 ,

155 2082 231 2114 quos
251 2072 351 2102 audire
369 2082 487 2112 oportet
495 2094 503 2107 ‚
524 2072 626 2104 deseffi
646 2075 715 2105 sunt
732 2073 893 2104 audiendo.
914 2084 985 2106 nam
1004 2083 1042 2103 ex
1060 2074 1114 2103 hac

154 2124 275 2155 quoque
284 2124 315 2143 re
325 2123 389 2144 non
400 2114 503 2144 minus
515 2134 523 2148 ,
535 2115 625 2156 quam
636 2126 673 2146 ex
683 2117 788 2155 primis
799 2115 923 2148 duabus,
934 2117 967 2145 in
977 2117 1112 2144 oratione

152 2165 374 2196 nonnunquam
383 2158 502 2187 animus
512 2156 654 2187 auditoris
664 2156 838 2187 offenditur.
875 2158 906 2187 Si
917 2156 1009 2186 causae
1020 2156 1113 2197 turpi-

155 2197 222 2228 rudo
233 2198 386 2228 contrahet
395 2197 592 2228 offensionem
605 2209 611 2227 τ
623 2207 673 2229 aut
681 2209 735 2239 pro
745 2209 781 2228 eo
790 2199 918 2229 homine
930 2218 939 2231 ‚
950 2199 984 2227 in
993 2207 1055 2238 quo
1065 2196 1113 2227 of-

154 2239 290 2270 fenditur
298 2259 306 2273 ‚
319 2239 413 2270 alium
420 2241 595 2274 hominem,
609 2243 661 2282 qui
672 2241 808 2281 diligitur
817 2241 968 2280 interponi
978 2247 1110 2279 oportet:

154 2289 205 2312 aut
213 2291 266 2321 pro
276 2291 306 2311 re
317 2301 325 2315 ‚
338 2283 371 2311 in
380 2292 437 2322 qua
446 2280 611 2312 offenditur
619 2303 627 2316 ‚
639 2284 728 2313 aliam
738 2292 812 2316 rem,
824 2292 889 2323 quae
898 2281 1052 2321 probatur:
1065 2290 1114 2311 aut

154 2333 210 2364 pro
219 2333 249 2353 re
258 2323 418 2353 hominem
430 2343 438 2357 ,
450 2332 499 2354 aut
508 2333 563 2364 pro
572 2325 701 2355 homine
711 2334 787 2358 rem,
799 2333 833 2354 ut
841 2324 877 2354 ab
886 2333 933 2357 eo,
944 2322 1026 2364 quod
1036 2322 1111 2356 odit,

154 2365 191 2396 ad
200 2365 231 2395 id
241 2385 250 2398 ‚
273 2364 354 2405 quod
365 2365 464 2407 diligit
473 2386 482 2399 ‚
502 2365 645 2396 auditoris
655 2368 775 2397 animus
784 2366 949 2396 traducatur
958 2385 967 2399 ‚
988 2365 1020 2395 δι’.
1030 2363 1110 2394 diffi-

156 2407 270 2437 mulare
287 2406 318 2437 id
338 2415 366 2437 te
384 2407 577 2438 defensurum
587 2427 596 2442 ‚
618 2408 698 2449 quod
718 2407 898 2438 existimeris
917 2406 1108 2437 defensurus:

155 2448 264 2479 deinde
275 2468 284 2482 ,
303 2450 375 2478 cum
382 2450 445 2488 jam
457 2451 562 2480 mitior
571 2449 667 2480 faetus
678 2452 733 2480 erit
742 2449 860 2480 auditor
870 2470 878 2483 ‚
894 2448 1009 2490 ingredi
1020 2448 1112 2489 pede-

153 2492 262 2521 tentim
272 2492 305 2520 in
313 2489 520 2521 defensionem
531 2511 540 2525 ‚
554 2491 586 2521 &
597 2491 694 2521 dicere
706 2512 715 2526 ,
726 2502 768 2526 ea,
781 2502 847 2533 quae
856 2490 1051 2533 indignantur
1059 2489 1111 2520 ad-

152 2532 289 2566 versarii,
302 2531 358 2562 tibi
369 2542 488 2573 quoque
499 2533 622 2573 indigna
631 2533 727 2564 videri
739 2545 744 2563 :
764 2533 875 2564 deinde
884 2553 893 2567 ‚
906 2536 978 2563 curn
990 2533 1110 2562 lenieris

152 2584 223 2605 eum
234 2594 242 2608 ‚
254 2575 306 2614 qui
317 2574 415 2604 audiet
425 2594 432 2608 ‚
445 2574 647 2605 demonstrare
657 2596 665 2609 ‚
687 2576 767 2605 nihil
779 2585 885 2605 eorum
897 2575 931 2605 ad
942 2584 969 2604 te
979 2575 1111 2613 pertine-

150 2625 182 2647 re
192 2636 201 2650 ,
214 2615 246 2646 &
257 2626 361 2657 negare
371 2625 399 2646 te
408 2617 572 2657 quidquam
583 2616 620 2647 de
629 2617 799 2648 adversariis
808 2615 865 2647 effe
875 2616 1040 2649 didiurum,
1052 2626 1107 2645 ne-

149 2667 206 2699 que
216 2658 274 2688 hoc
284 2678 292 2691 ‚
314 2667 410 2698 neque
420 2658 514 2688 illud:
533 2668 566 2688 ut
575 2668 671 2699 neque
681 2658 778 2699 aperte
789 2658 876 2690 laedas
886 2669 937 2688 cos
949 2679 958 2692 ‚
977 2660 1028 2698 qui
1038 2658 1109 2687 dili-

149 2708 257 2740 guntur
267 2718 275 2733 ‚
288 2699 321 2728 &
331 2708 432 2730 tamen
441 2700 471 2730 id
482 2700 607 2730 obscure
616 2703 728 2731 taciens
739 2721 747 2734 ‚
759 2700 857 2741 quoad
866 2698 954 2740 poffis
964 2719 974 2734 ,
991 2701 1106 2733 alienes

148 2741 185 2770 ab
194 2743 236 2770 eis
245 2740 416 2771 auditorum
426 2742 627 2772 voluntatem:
642 2743 675 2773 δε
685 2743 856 2783 aliquorum
864 2742 1013 2783 judicium
1024 2739 1107 2771 fimi—

147 2782 217 2813 lide
226 2791 320 2816 re‚aut
327 2782 534 2815 auctoritatem
543 2783 674 2825 proferre
685 2786 853 2815 imitatione
865 2784 986 2825 dignam
1000 2794 1005 2813 2
1017 2783 1104 2814 dein-

188 2935 198 2954 ι
206 2946 212 2953 .
231 2929 273 2954 Sin
282 2932 318 2954 uti
322 2930 438 2963 principio
442 2931 569 2965 placebit]
581 2931 696 2967 Vulgata
707 2951 715 2963 ,
725 2932 789 2965 welfi
797 2934 833 2957 uti
838 2934 953 2964 principio
965 2950 973 2962 ‚
984 2929 1028 2957 sed
1038 2930 1106 2956 alte-

149 2971 207 2989 rum
227 2964 335 2991 restabat
345 2966 371 2991 in
383 2966 439 2992 Pal.
452 2966 560 2992 habebat
570 2966 696 3003 praeter-'ea
706 2969 789 2993 (ji-ev.
803 2969 842 3001 fin
861 2974 939 2993 aurem
958 2971 1003 2992 mi.
1025 2968 1108 3002 Supra

148 2999 227 3025 etiam
239 3000 388 3027 ausim-ibus
399 3001 490 3028 iisdem
503 3003 559 3029 mss.
571 3003 687 3030 substitui
702 3023 710 3036 ,
729 3006 771 3029 'ch
778 3005 802 3038 fi
811 3004 946 3030 commodum
957 3022 966 3036 ‚
976 3004 1026 3034 &a
1047 3011 1106 3029 cuin

147 3035 219 3070 prius
230 3034 318 3063 fuisset
331 3047 335 3062 :
348 3038 378 3067 (ἔγ
389 3057 395 3068 ,
401 3040 425 3072 fi
432 3040 576 3065 commodum.

149 3104 155 3110 .
184 3079 212 3095 2.
231 3074 282 3098 eAb
291 3073 340 3112 ipsa
351 3074 448 3108 causa]
461 3075 611 3110 Legebitur
621 3082 707 3108 autea,
720 3077 750 3102 ab
761 3076 811 3110 ipsa
820 3085 845 3102 re
857 3095 864 3109 ‚
876 3075 917 3102 sed
929 3082 1024 3111 praeter
1035 3074 1103 3101 Pan.

148 3114 174 3144 in
187 3115 298 3141 quorum
308 3108 419 3135 secundo
437 3110 552 3137 alterum
571 3111 687 3138 exstabat
699 3123 705 3139 :
727 3121 786 3138 iiam
805 3121 846 3148 pr.
857 3113 884 3138 ἃ
897 3119 961 3142 tert·
971 3114 1002 3140 ab
1012 3111 1084 3147 ‘ausa
1095 3130 1104 3143 ⁷

147 3141 200 3168 §iiie
209 3144 363 3178 pronomine
375 3164 383 3180 ,
394 3145 465 3181 quod
477 3153 563 3177 tamen
573 3148 602 3178 iii
612 3147 729 3178 editione
739 3147 865 3180 Victum.

2085 139 2144 190 39

1190 199 1226 229 de
1237 200 1363 231 eandem
1375 221 1383 235 ‚
1403 210 1453 232 aut
1462 200 1652 233 consimilem
1663 224 1670 236 ,
1689 211 1738 233 aut
1749 202 1893 243 majorem
1905 222 1913 237 ,
1932 210 1982 234 aut
1991 203 2145 236 minorem

1186 242 1230 281 agi
1242 252 1305 271 rem
1317 245 1348 273 in
1358 244 1511 283 praesentia
1519 244 1730 275 demonstrare.
1742 247 1794 275 Sin
1805 247 1900 275 oratio
1909 245 2145 278 adversariorum

1187 281 1278 327 fidem
1291 284 1442 314 videbitur
1451 286 1635 316 auditoribus
1644 285 1746 317 fecisse
1757 307 1764 320 ‚
1777 287 1859 327 quod
1871 289 1897 316 ei
1909 308 1916 319 ‚
1929 289 1980 327 qui
1992 287 2143 329 intelligit,

1184 323 1292 361 quibus
1301 326 1387 355 rebus
1401 325 1472 356 fides
1486 326 1534 358 fiat
1544 348 1551 361 ‚
1573 327 1659 358 facile
1670 330 1725 358 erit
1743 330 1865 368 cognitu
1877 340 1885 362 3
1906 338 2023 368 oportet
2042 337 2089 358 aut
2108 329 2144 359 de

1185 373 1222 409 eo
1231 383 1239 396 ,
1260 365 1341 410 quod
1353 367 1506 398 adversarii
1518 368 1570 399 sibi
1581 368 1783 400 firmissimum
1793 372 1941 410 putarint,
1963 370 1995 400 &
2006 370 2143 401 maxime

1183 414 1205 432 ii
1215 414 1266 444 qui
1277 406 1441 442 audierint,
1453 411 1605 448 probarint
1616 432 1623 445 ‚
1636 414 1712 451 prim
1718 410 1770 441 um
1783 420 1811 442 te
1822 411 1974 441 difinitum
1985 412 2120 451 polliceri
2133 432 2142 446 ,

1183 455 1231 492 aut
1241 446 1276 475 ab
1286 447 1441 494 adversarii
1453 451 1534 481 disto
1546 454 1676 483 exordiri
1687 454 1745 488 „&
1755 453 1790 484 ab
1799 463 1836 483 eo
1846 451 2045 494 potissimum,
2059 453 2141 494 quod

1181 487 1234 534 ille
1244 497 1418 527 nuperrime
1429 491 1535 522 dixerit
1548 505 1552 521 τ
1575 504 1623 524 aut
1634 496 1819 526 dubitatione
1831 497 1892 529 uti,
1913 495 1986 536 quid
2005 494 2141 535 primum

1183 528 1260 575 dicas
1273 549 1281 563 ‚
1305 539 1354 559 aut
1371 533 1418 560 cui
1432 532 1618 570 potissimum
1630 537 1698 566 loco
1708 537 1883 577 respondeas
1894 557 1902 571 ‚
1924 547 1995 566 cum
2014 536 2143 566 admira-

1181 579 1273 600 tione.
1286 573 1318 601 N
1320 573 1496 618 amauditor
1504 574 1575 605 cum
1586 587 1666 610 eum,
1678 589 1769 617 quem
1780 578 1935 611 adversarii
1944 577 2142 619 perturbatum

1181 620 1286 651 putant
1303 622 1439 644 oratione
1450 633 1458 648 ,
1479 616 1560 646 videt
1570 627 1673 648 animo
1687 619 1856 650 firmiffimo
1866 620 2076 650 contradicere
2091 629 2142 659 pav

1181 662 1278 684 ratum
1290 674 1298 687 ‚
1311 655 1488 699 plerumque
1499 657 1526 686 se
1536 657 1637 696 potius
1649 662 1762 690 temere
1773 660 1916 692 afi‘cnsisse
1927 683 1934 695 ‚
1946 662 2036 701 quam
2048 662 2138 691 illum

1180 693 1240 724 sine
1250 706 1302 725 cau
1308 697 1334 726 fi
1343 698 1494 728 coni-idere
1505 700 1669 729 arbitratur.
1700 707 1716 727 4
1727 705 1777 732 sin
1788 703 1929 733 auditoris
1941 703 2075 733 studium
2089 702 2142 732 de-

1180 736 1313 783 fatigatio
1323 738 1503 769 abalienavit
1513 739 1526 770 ὲ
1537 741 1620 771 causa
1630 761 1638 775 ,
1659 750 1687 771 te
1699 742 1814 773 brevius
1827 765 1834 777 ,
1848 744 1938 785 quam
1950 754 2063 784 paratus
2072 744 2140 774 fue-

1181 780 1233 811 ris,
1246 778 1302 808 (sie
1313 779 1478 814 diuinum,
1490 783 1690 814 commodum
1702 783 1744 815 est
1754 786 1889 824 polliceri
1902 799 1910 820 j.
1934 797 1996 816 non
2006 789 2138 817 imitatu<

1178 830 1245 850 rum
1255 820 1464 852 adversarium.
1495 825 1548 854 Sin
1569 835 1613 854 res
1633 825 1714 855 dabit
1724 846 1732 858 2
1755 836 1818 856 non
1830 829 1935 857 inutile
1945 827 1987 857 est
1997 828 2031 858 ab
2042 828 2140 858 alicua

1179 872 1208 891 re
1220 872 1308 897 nova,
1320 872 1369 893 aut
1379 864 1503 894 ridicula
1513 867 1644 906 incipere
1656 878 1661 896 ;
1682 876 1730 897 aut
1740 877 1778 897 ex
1790 877 1922 908 tempore
1932 880 1996 909 qua:
2007 879 2072 899 nara
2094 878 2116 898 it
2130 881 2137 901 ς,

1178 904 1260 945 quod
1272 915 1376 946 genus,
1388 904 1543 946 strepitum
1558 928 1565 940 ,
1587 912 1600 934 ἲ
1612 909 1876 939 acclamationem:
1898 920 1945 940 :iut
1953 912 1962 949 j
1968 921 2014 940 ain
2024 920 2138 950 pirate:

1177 956 1243 1016 {quae
1253 947 1300 976 vel
1311 948 1485 992 apologum,
1498 950 1546 978 vel
1555 949 1700 983 fabulam,
1712 951 1760 981 Vel
1770 952 1900 991 aliquam
1911 954 2061 981 contines:
2070 954 2138 981 itri·

1188 998 1292 1018 ionem
1305 999 1310 1017 :
1329 997 1387 1023 aut,
1400 991 1420 1018 ii
1431 1000 1471 1019 rei
1485 990 1613 1032 dignitas
1623 992 1863 1032 adirnetjocatidi
1873 993 2042 1022 facultatem
2055 1014 2062 1026 ‚
2083 994 2137 1023 ali-

1176 1030 1248 1069 quid
1261 1029 1361 1064 triste,
1383 1041 1499 1061 novum
1510 1052 1518 1065 ,
1539 1034 1683 1064 horribile
1695 1054 1703 1068 ,
1717 1034 1814 1064 statim
1827 1045 1890 1064 non
1902 1035 2136 1065 incommodum

1176 1070 1219 1101 est
1228 1071 1364 1110 injicere.
1375 1082 1446 1102 nam
1458 1083 1490 1103 ut
1502 1084 1573 1104 erar
1586 1076 1710 1109 sitiens,
1723 1077 1755 1105 &
1765 1075 1919 1110 fastidium
1929 1086 1977 1106 aut
1987 1076 2138 1106 subamara

1174 1113 1272 1154 aliqua
1282 1124 1312 1143 re
1322 1114 1477 1148 relevatur,
1490 1125 1538 1145 aut
1548 1116 1629 1147 dulci
1641 1120 1809 1158 mitigatur:
1832 1116 1869 1148 sic
1878 1121 1998 1148 animus
2009 1116 2135 1147 defessus

1173 1155 1324 1185 audiendo
1335 1176 1344 1189 ,
1374 1165 1423 1186 aut
1430 1156 1628 1188 admiratione
1638 1157 1800 1200 integratur
1812 1180 1820 1194 ,
1840 1168 1888 1189 aut
1899 1160 1957 1189 risu
1968 1168 2135 1189 renovatur.

1175 1200 1218 1229 Ac
1228 1197 1380 1237 separatim
1392 1198 1515 1238 quidem
1528 1220 1536 1233 ‚
1557 1210 1622 1241 quae
1641 1201 1676 1230 de
1696 1203 1845 1241 principio
1855 1221 1863 1233 ‚
1885 1202 1918 1231 ὃς
1937 1200 2135 1230 insinuatione

1173 1238 1300 1269 dicenda
1309 1239 1487 1270 videbantur
1497 1261 1504 1274 ‚
1527 1242 1589 1272 liaec
1598 1242 1659 1272 sere
1671 1243 1688 1272 s
1687 1252 1748 1273 unt.
1779 1245 1871 1272 Nunc
1880 1242 2025 1284 quiddam
2036 1242 2135 1272 brevi—

1172 1281 1262 1314 tei·‚&
1272 1283 1478 1312 communiter
1488 1282 1524 1312 de
1536 1292 1663 1325 utroque
1676 1285 1912 1325 praecipiendum
1921 1284 2049 1314 videtur.
2073 1287 2135 1314 Ex-

1171 1323 1305 1356 ordium,
1317 1323 1531 1354 sententiarum
1545 1346 1552 1358 ,
1566 1326 1599 1356 &
1609 1328 1755 1367 gravitatis
1765 1325 1934 1366 plurimum
1945 1326 2033 1356 :lebet
2044 1326 2133 1356 habeo

1170 1375 1200 1394 re
1220 1365 1252 1394 &
1270 1367 1403 1394 omnino
1413 1367 1517 1396 omnia
1526 1386 1534 1400 ‚
1558 1377 1624 1408 quae
1635 1370 1784 1407 pertinent
1793 1368 1826 1398 ad
1839 1368 2017 1409 dignitatem
2029 1388 2037 1401 ‚
2059 1369 2092 1397 in
2104 1369 2134 1398 se

1168 1408 1322 1437 continere
1334 1427 1342 1439 ,
1365 1416 1518 1447 propterea
1527 1409 1608 1449 quod
1621 1410 1651 1439 id
1663 1409 1778 1450 optime
1788 1409 1960 1439 faciendum
1972 1409 2014 1439 est
2025 1429 2033 1443 ‚
2046 1408 2128 1449 quod

1168 1453 1318 1478 oratorem
1328 1448 1456 1479 auditori
1468 1450 1602 1480 maxime
1612 1451 1806 1481 commendat
1818 1462 1822 1479 :
1843 1451 2008 1491 splendoris
2025 1471 2033 1484 ,
2046 1452 2079 1481 Ex.
2089 1450 2133 1480 fe-

1170 1489 1317 1524 stivitati&
1330 1490 1364 1520 &
1374 1492 1635 1522 concinnitudinis
1646 1492 1827 1527 minimum,
1838 1502 1990 1533 propterea
1999 1492 2079 1533 quod
2092 1502 2129 1521 ex

1169 1533 1216 1562 his
1238 1532 1366 1571 suspicio
1386 1542 1522 1573 quaenam
1536 1536 1723 1576 apparationis
1733 1544 1818 1576 atque
1828 1535 1992 1565 ai-tiiiciosae
2003 1535 2134 1573 diligen—

1169 1576 1216 1604 tiae
1234 1574 1379 1604 nascitur:
1409 1585 1474 1615 quae
1485 1577 1618 1606 maxime
1630 1579 1761 1607 orationi
1772 1576 1864 1606 fidem
1877 1597 1885 1610 ,
1906 1578 2015 1607 oratori
2025 1576 2134 1606 adimit

1169 1615 1387 1646 auam-itatem.
1417 1619 1497 1647 Vitia
1514 1616 1587 1648 verb
1606 1619 1669 1649 haec
1678 1620 1746 1649 sunt
1757 1617 1912 1649 certissima
1922 1618 2131 1651 exordiorum,

1169 1668 1234 1699 quae
1244 1657 1437 1698 summopere
1445 1660 1537 1689 vitare
1547 1660 1696 1700 oportebit
1708 1672 1713 1690 ;
1724 1661 1854 1702 vulgare,
1865 1669 2133 1693 commune‚com-

1170 1699 1324 1734 mutabile,
1338 1700 1475 1741 longum,
1488 1701 1662 1741 separatum,
1675 1702 1857 1736 transsatum,
1869 1711 1970 1732 contra
1979 1710 2130 1742 praecepta.

1169 1742 1288 1782 Vulgare
1298 1740 1340 1772 est
1349 1762 1358 1776 ‚
1370 1743 1450 1783 quod
1461 1745 1493 1773 in
1504 1744 1615 1783 plureis
1625 1744 1722 1774 causas
1732 1743 1829 1784 potest
1837 1743 2058 1774 accommodari
2069 1763 2078 1777 ‚
2098 1751 2133 1773 ut

1167 1785 1332 1814 convenire
1350 1784 1495 1815 videatur.
1530 1787 1677 1815 Commune
1694 1786 1735 1817 est
1746 1806 1754 1821 ,
1783 1786 1863 1827 quod
1875 1786 1974 1815 nihilo
1984 1787 2086 1815 minus
2097 1786 2131 1814 in

1167 1827 1243 1856 hanc
1255 1846 1262 1858 ‚
1275 1826 1365 1866 quam
1376 1828 1409 1856 in
1422 1829 1600 1858 contrariam
1609 1837 1723 1867 partem
1733 1829 1836 1861 causat,
1849 1826 1945 1867 potest
1954 1828 2130 1857 convenire,

1167 1866 1370 1897 Commmabile
1379 1867 1421 1898 est
1432 1889 1440 1901 ,
1462 1869 1542 1910 quod
1554 1870 1590 1899 ab
1600 1870 1766 1900 adversario
1775 1869 1871 1909 potest
1880 1889 1888 1903 ,
1909 1869 2014 1899 leviter
2033 1876 2133 1898 muta-

1166 1919 1230 1940 tum
1242 1930 1250 1943 ,
1271 1919 1309 1939 ex
1320 1912 1465 1940 contraria
1476 1920 1555 1950 parte
1565 1911 1637 1941 dici.
1670 1913 1801 1951 Longu-m
1820 1910 1880 1945 est,
1902 1910 1982 1951 quod
1992 1909 2130 1950 pluribus

1164 1951 1261 1982 verbis
1272 1971 1280 1984 ‚
1297 1960 1346 1981 aut
1357 1952 1511 1982 sententiis
1522 1972 1530 1986 ‚
1552 1953 1627 1982 ultra
1636 1952 1726 1993 quam
1738 1953 1803 1983 satis
1812 1952 1855 1982 est
1866 1952 2048 1992 producitur.
2078 1952 2130 1981 Se-

1162 2001 1296 2032 paratum
1306 1992 1357 2026 est,
1369 1993 1450 2033 quod
1463 2003 1526 2023 non
1536 2003 1575 2023 ex
1585 1995 1645 2033 ipsa
1655 1995 1738 2024 causa
1748 1993 1874 2024 duel-um
1886 1993 1928 2023 est
1939 2014 1947 2027 ‚
1971 2003 2026 2023 nec
2036 2013 2044 2026 ‚
2058 1991 2136 2022 sicut>

1163 2034 1284 2074 aliquod
1304 2034 1477 2064 membrum
1488 2054 1496 2068 ‚
1517 2044 1671 2065 annexum
1692 2038 1841 2065 orationi.-
1875 2034 2054 2070 Translatum
2073 2033 2126 2067 est,

1163 2075 1245 2117 quod
1255 2075 1336 2104 aliud
1347 2074 1469 2105 conficit
1480 2096 1488 2109 ,
1511 2076 1601 2117 quam
1612 2077 1704 2107 causae
1713 2087 1806 2118 genus
1817 2075 1945 2116 postulat
1957 2086 1962 2104 z
1985 2085 2018 2105 ut
2027 2074 2047 2105 si
2058 2077 2126 2116 quis

1164 2117 1295 2147 docilem
1305 2116 1391 2146 faciat
1399 2116 1657 2151 auditoreimcum
1667 2119 1906 2148 benivolentiam
1918 2118 2001 2148 causa
2013 2116 2128 2147 deside-

1165 2167 1206 2188 rat
1217 2169 1222 2186 z
1237 2167 1286 2188 aut
1297 2157 1317 2187 si
1327 2160 1476 2198 principio
1487 2167 1592 2193 utatur,
1605 2159 1677 2190 cum
1688 2159 1920 2190 insinuationem
1932 2169 1976 2189 res
1986 2158 2125 2199 postulat.

1166 2202 1404 2240 Contrapraecepta
1415 2200 1457 2230 est
1467 2221 1475 2234 ‚
1489 2201 1569 2242 quod
1580 2202 1658 2231 nihil
1668 2212 1774 2232 eorum
1784 2200 1877 2232 efficit
1887 2221 1895 2235 ‚
1906 2211 2035 2242 quorum
2046 2210 2097 2230 cau
2104 2201 2129 2230 sa

1162 2241 1198 2271 de
1209 2241 1341 2271 exordiis
1350 2251 1493 2283 praecepta
1504 2243 1657 2273 traduntur
1670 2254 1676 2273 :
1697 2245 1756 2274 hoc
1766 2242 1818 2277 est,
1830 2243 1910 2284 quod
1921 2253 2003 2276 eum,
2014 2244 2064 2283 qui
2075 2252 2127 2272 au—

1162 2283 1215 2317 dit,
1228 2293 1325 2324 neque
1337 2283 1527 2318 benivolum,
1542 2295 1638 2325 neque
1649 2294 1796 2316 attentum
1809 2306 1817 2318 ,
1829 2295 1927 2326 neque
1937 2284 2070 2314 docilem
2082 2283 2125 2313 es·-

1162 2324 1224 2355 ficit
1236 2336 1242 2354 :
1263 2333 1312 2355 aut
1321 2345 1339 2359 ‚⁴
1350 2335 1410 2366 quo
1419 2326 1556 2366 profesto
1568 2328 1646 2357 nihil
1656 2328 1739 2367 pejus
1750 2326 1792 2356 est
1804 2347 1812 2360 ,
1826 2335 1858 2356 ut
1869 2326 1971 2357 contra
1980 2325 2014 2355 sit
2023 2345 2032 2359 ,
2043 2324 2122 2358 facit..

1162 2371 1206 2397 Ac
1216 2367 1252 2397 de
1263 2367 1390 2397 exordio
1399 2368 1524 2409 quidem
1536 2369 1603 2399 satis
1624 2368 1740 2399 dietum
1759 2368 1810 2399 est.
1856 2370 2044 2398 NARRATIO
2054 2388 2062 2402 ,
2083 2366 2125 2396 est

1161 2419 1260 2439 rerum
1271 2408 1429 2449 gestarum,
1442 2419 1491 2440 aut
1502 2418 1533 2440 ut
1541 2410 1688 2451 gestarum
1698 2432 1705 2444 ,
1726 2408 1882 2450 expositio.
1908 2412 1940 2439 N
1941 2411 2123 2439 arrationuin

1161 2453 1214 2481 tria
1226 2451 1293 2480 sunt
1301 2461 1416 2492 genera.
1441 2462 1536 2482 unum
1547 2463 1640 2494 genus
1651 2452 1693 2482 est
1703 2472 1711 2486 2
1724 2454 1755 2482 in
1766 2462 1826 2492 quo
1837 2451 1896 2491 ipsa
1906 2451 1999 2484 causa,
2012 2450 2044 2480 &
2054 2460 2124 2479 om-

1161 2495 1208 2523 nis
1218 2494 1291 2523 ratio
1301 2492 1507 2524 controversiae
1517 2496 1699 2524 continetur.
1721 2494 1906 2526 Altei·um,in
1915 2502 1976 2533 quo
1986 2490 2124 2533 digreffio

1159 2535 1256 2575 aliqua
1266 2544 1345 2565 extra
1354 2536 1470 2566 causam
1482 2544 1531 2566 aut
1541 2537 1773 2568 criminationis,
1784 2543 1832 2564 aut
1843 2533 2060 2567 similitudinis,
2073 2542 2122 2564 aut

1159 2576 1364 2607 dele&ationis
1375 2587 1438 2607 non
1448 2578 1550 2607 alienae
1562 2577 1598 2606 ab
1610 2587 1646 2606 eo
1658 2579 1781 2617 negotio
1793 2596 1801 2610 ‚
1821 2586 1882 2616 quo
1893 2575 1928 2605 de
1938 2578 2032 2616 agitur
2042 2595 2049 2608 ,
2074 2583 2125 2606 aut

1159 2617 1402 2658 amplificationis
1412 2619 1503 2651 causa,
1519 2620 1729 2657 interponitur.
1755 2621 1894 2649 Tertium
1905 2627 2011 2659 genus,
2024 2616 2066 2647 est
2076 2627 2122 2646 re-

1160 2668 1279 2690 motum
1290 2660 1306 2690 a
1315 2661 1454 2690 civilibus
1464 2659 1563 2694 causis,
1577 2660 1658 2701 quod
1669 2659 1877 2690 deleEbitionis
1887 2660 1989 2692 causa,.
1999 2669 2062 2689 non
2073 2660 2122 2688 in-

1157 2702 1223 2731 utili
1241 2712 1312 2732 cum
1323 2704 1533 2732 exercitatione
1545 2722 1553 2735 ‚
1575 2703 1685 2732 dicitur
1694 2723 1703 2736 ‚
1725 2702 1758 2732 &
1768 2702 1913 2732 scribitur.
1942 2702 2014 2734 Eius
2024 2709 2120 2740 partes

1157 2745 1226 2773 sunt
1235 2743 1300 2774 duae
1311 2764 1319 2777 ‚
1331 2754 1457 2784 quarum
1467 2744 1554 2774 altera
1564 2745 1596 2773 in
1609 2745 1753 2785 negociis,
1767 2745 1856 2774 alter-1
1867 2745 1899 2772 in
1909 2743 2044 2782 personis
2055 2752 2119 2772 ma-

1154 2785 1240 2816 xime
1260 2786 1398 2816 versatur.
1431 2788 1472 2817 Ea
1482 2805 1491 2820 ‚
1512 2795 1577 2826 quae
1587 2787 1620 2816 in
1629 2788 1822 2827 negotiorum
1831 2783 2016 2825 expositione
2026 2782 2118 2855 posis?

2061 2836 2076 2855 e
2105 2845 2114 2860 2

1994 2886 2117 2894 v*—

1190 2939 1203 2966 3
1212 2951 1218 2956 .
1238 2932 1619 2965 Alaliriqscfnffiimproferetur-T]
1641 2931 1724 2957 Grex».
1735 2930 1868 2964 ostendatur
1880 2949 1887 2959 ,
1899 2929 2048 2966 placuitque
2058 2928 2127 2954 Cu·-

1153 2967 1266 2993 lielmio.
1288 2966 1329 2992 {ed
1342 2967 1408 2993 stant
1421 2976 1468 3002 pro
1480 2967 1586 3002 vulgata
1597 2967 1664 2993 Pali.
1677 2974 1740 2994 tres.

1187 3011 1216 3035 4.
1235 3005 1276 3028 Sin
1288 3003 1508 3035 auditorisstudimn
1519 3004 1680 3037 dffarigarios]
1694 3002 1803 3029 Suffritli
1815 3001 1891 3028 codd.
1903 3002 2005 3036 aliquot
2019 3020 2026 3031 ,
2038 2999 2115 3025 audit.

1154 3041 1259 3064 animum
1269 3041 1339 3070 specie
1350 3041 1415 3065 retii.
1435 3038 1478 3065 sed
1490 3048 1541 3065 non
1553 3039 1729 3075 relinquimus
1741 3039 1897 3075 publicit.uii
1905 3058 1910 3063 .

1194 3083 1218 3107 5.
1240 3076 1458 3101 vesistclamarionem
1473 3086 1479 3100 .·
1502 3082 1546 3102 aut
1561 3078 1611 3108 jam
1629 3076 1749 3109 paratas]
1779 3074 1941 3101 Gulielmius
1961 3069 2117 3108 praeferebat

1156 3108 1310 3146 scripturam
1321 3109 1382 3140 libri
1393 3111 1527 3142 Grerenb.
1538 3113 1744 3147 exclamniivnfim
1761 3118 1861 3146 aiirJam
1866 3111 1975 3144 peram.
1996 3106 2116 3135 adhaereo

1157 3145 1210 3183 ipse
1223 3145 1344 3183 vulgatae.

2018 3186 2042 3207 1.
2056 3176 2108 3205 <Ab

2164 1205 2201 1236 18

2151 2381 2194 2414 ¹9
