2339 3379
607 151 1196 203 Par-empna

175 247 246 270 etim
257 258 268 273 ‚
284 235 367 268 nulla
374 234 492 267 libertas
504 244 511 265 t
530 233 633 266 dandae
644 235 773 265 cervices
784 243 865 264 erant
873 234 1038 264 crudelitati
1049 232 1134 265 nefa-

174 283 244 312 riae:
264 279 366 321 fugam
385 277 592 319 quaerebamus
612 286 740 310 omnes,
760 286 826 318 qua:
840 277 898 318 ipsi
911 278 1048 308 exitum,
1069 284 1132 304 non

179 322 314 353 habebat.

177 364 312 393 divinum
321 361 551 393 adolescentem,
561 359 635 389 deus
644 370 695 400 qui
706 379 714 393 ‚
725 370 797 389 cum
808 360 913 389 omnia
922 358 955 388 ad
968 359 1131 397 perniciem

181 404 313 435 nostram
330 400 470 443 pestifero
487 402 535 431 illi
553 403 614 431 civi
631 410 761 441 paterent
775 421 782 434 ‚
806 399 905 431 subito
926 407 1029 442 praeter
1050 398 1132 437 spem

180 447 324 476 omnium
334 449 455 474 exortus
466 462 475 477 ,
495 444 576 483 prius
586 442 894 472 confecit‘exercitum
907 451 914 470 :
934 450 1025 482 quem
1035 438 1131 468 furori

179 489 224 518 M.
234 487 362 517 Antonii
376 493 555 525 opponeret,
578 484 669 525 quam
683 484 839 525 quisquam
853 485 910 513 hoc
921 492 994 512 eum
1006 482 1135 521 cogitare

181 529 378 568 suspicaretur.
402 528 505 567 Magni
516 527 648 556 honores
659 526 752 555 habiti
762 528 816 556 Cn.
828 525 973 564 Pompejo
985 543 994 556 ‚
1008 522 1079 552 cum
1091 521 1135 551 cs-

177 571 221 601 set
238 568 423 599 adolescens:
443 568 476 597 δε
493 567 618 608 quidem
632 567 710 606 jure.
731 567 871 597 subvenit
885 567 968 595 enirn
981 566 1053 603 reip.
1075 562 1132 593 Sed

177 620 260 641 aetate
269 610 368 640 multo
376 608 526 639 robustior
534 629 543 643 ,
555 609 588 639 ὃς
598 609 732 639 militum
745 608 854 638 ducem
864 607 1063 648 quaerentium
1074 604 1133 634 stu-

177 652 230 682 dio
244 652 392 692 paratior,
412 651 446 681 δε
460 652 492 681 in
510 651 571 681 3110
585 661 693 693 genere
711 650 793 680 belli.
817 659 880 678 non
891 650 974 677 enim
984 646 1133 676 omnibus

176 694 267 725 Sullae
286 694 370 732 causis
387 701 474 733 grata.
497 692 622 722 declarat
635 691 798 721 multitudo
811 690 1046 730 proscriptorum
1058 707 1067 719 ‚
1088 695 1132 732 tot

177 736 418 774 municipiorum
437 736 580 764 maximae
596 734 786 764 calamitates.
818 731 910 760 Caesar
927 737 1025 758 autem
1043 737 1131 758 annis

177 777 285 807 multis
295 777 398 805 minor
406 795 415 809 ,
426 785 582 805 veteranos
590 776 743 814 cupientes
749 773 811 811 jam
821 771 1002 816 requiescere
1010 789 1018 802 ‚
1033 778 1130 799 arma-

175 820 220 849 vit
231 828 236 847 :
247 827 313 848 eam
323 817 499 857 complexus
509 816 551 846 cst
561 817 675 846 causam
685 834 693 848 ,
705 823 771 854 quae
781 812 852 841 eflet
860 812 989 844 senatui,
1001 821 1066 851 quae
1074 820 1131 850 po-

172 860 251 903 pulo
262 879 269 893 ,
285 869 350 900 quae
361 857 474 888 cunerae
485 858 576 887 Italiae
587 876 595 890 ,
607 865 671 896 quae
681 855 739 885 diis
749 852 1071 892 omnibusgratiffima.
1095 855 1133 883 Et
1152 888 1153 893 1

179 903 340 941 Pompejus
349 899 383 930 ad
394 902 428 929 L.
440 898 528 928 Sullae
537 900 706 927 maximum
718 897 882 935 imperium
892 913 901 927 ,
921 893 1132 934 vietoremque

176 943 344 973 exercitum
355 938 482 971 acceffit:
507 939 600 968 Caesar
617 939 646 968 se
662 937 697 967 ad
716 938 875 969 neminem
895 935 1051 975 adjunxit:
1072 934 1133 975 ipse

176 986 315 1024 princeps
335 983 482 1012 exercitus
500 979 649 1012 faciendi,
669 978 702 1009 δε
715 977 841 1019 praesidii
857 976 1049 1016 comparandi
1066 975 1132 1006 fuit.

175 1026 232 1055 Ille
242 1026 275 1055 in
289 1022 519 1054 adversariorum
534 1021 666 1061 partibus
680 1030 781 1062 agrurn
793 1021 938 1050 Picenum
955 1018 1058 1048 habuit
1073 1020 1134 1048 ini-

178 1069 295 1096 micum
309 1075 314 1094 :
332 1065 380 1093 hic
390 1073 428 1093 ex
438 1065 567 1093 Antonii
576 1064 681 1092 amicis
689 1082 697 1096 ‚
710 1061 759 1093 sed
768 1060 965 1091 amicioribus
976 1060 1132 1093 libertatis,

169 1102 277 1139 ¹contra
287 1107 459 1137 Antonium
479 1103 611 1134 confecit
629 1106 806 1134 exercitum.
828 1103 915 1133 Illius
934 1101 1042 1142 opibus
1055 1101 1134 1132 Sulla

171 1146 326 1189 regnavit:
346 1147 434 1185 hujus
444 1144 577 1186 praesidio
587 1147 715 1175 Antonii
729 1145 902 1176 dominatus
915 1142 1065 1183 oppressus
1080 1142 1132 1173 est.

175 1188 696 1230 DemusigiturimperiumCaesari:
716 1185 776 1216 fine
794 1196 855 1227 quo
871 1195 915 1216 res
930 1185 1068 1215 militaris
1081 1184 1133 1215 ad-

176 1229 359 1262 ministrari,
380 1231 472 1259 teneri
490 1230 636 1259 exercitus
649 1250 657 1261 ,
680 1228 794 1258 beilum
808 1229 869 1269 geri
886 1237 951 1257 non
967 1225 1075 1266 potest.
1100 1224 1132 1256 sit

173 1282 229 1313 pro
247 1281 370 1312 praetore
388 1281 424 1300 eo
440 1271 505 1310 jure
518 1290 525 1303 ‚
544 1280 605 1310 quo
614 1272 666 1310 qui
677 1271 805 1309 optimo.
827 1270 879 1311 qui
889 1270 1007 1301 honos,
1024 1277 1132 1310 quam-

176 1324 267 1355 quam
287 1312 330 1343 est
348 1322 475 1353 magnus
493 1312 535 1340 illi
553 1314 648 1345 atati,
668 1311 768 1341 tamen
776 1309 811 1340 ad
822 1308 1020 1340 neceffitatem
1032 1319 1130 1339 rerum

119 1368 160 1402 ¹7
176 1354 371 1397 gerendarum
383 1373 392 1387 ‚
412 1363 475 1383 non
491 1352 590 1382 solum
608 1352 643 1383 ad
661 1353 838 1392 dignitatem
856 1351 942 1381 valet.
966 1353 1067 1391 Itaque
1081 1350 1132 1380 1113

176 1405 343 1438 quaeramus
352 1415 361 1429 ,
381 1404 446 1435 quae
455 1396 508 1424 vix
519 1394 667 1423 hodierno
680 1394 729 1423 die
738 1393 968 1434 consequemur.
990 1392 1045 1422 Sed
1057 1392 1131 1432 saepe

172 1432 262 1478 ‘spero
271 1436 353 1470 fore,
375 1437 463 1475 hujus
481 1435 676 1465 adolescentis
689 1434 818 1465 ornandi
831 1454 839 1468 ,
860 1433 1089 1475 honor-audique
1099 1434 1132 1463 δε

170 1474 286 1512 nobis,
306 1478 339 1507 δε
356 1477 469 1517 populo
479 1479 571 1506 Rom.
588 1476 775 1517 potestatem.
798 1477 858 1506 hoc
875 1485 975 1507 autem
994 1484 1130 1514 tempore

170 1516 220 1551 ‘ita
236 1520 342 1550 censeo
361 1518 584 1549 decernendum
602 1529 607 1547 :
630 1521 726 1558 Qron
746 1520 778 1548 C.
791 1520 931 1551 CAEsAn,
952 1520 985 1548 C.
1000 1519 1031 1547 F.
1045 1525 1130 1558 pont.

168 1571 230 1602 ‚pro
242 1571 284 1601 pr.
296 1561 418 1590 summo
431 1561 503 1600 reip.
515 1569 650 1602 tempore
663 1560 776 1590 milites
788 1569 942 1590 veteranos
959 1559 995 1589 ad
1011 1558 1132 1588 liberta*

177 1612 238 1633 tem
257 1602 364 1642 populi
384 1603 478 1632 Rom.
495 1603 667 1633 cohortatus
688 1600 722 1632 fit
738 1621 747 1635 ,
777 1601 886 1641 eosque
907 1600 1130 1640 conscripserit:

167 1638 316 1686 'quodque
325 1644 406 1685 legio
415 1645 521 1674 Martia
530 1663 538 1677 ,
554 1646 723 1685 Qartaque
733 1643 855 1673 summo
865 1641 963 1673 studio
972 1662 981 1676 ‚
997 1643 1131 1682 optimo-

171 1685 234 1727 'que
246 1688 279 1716 in
290 1695 382 1725 remp.
393 1686 538 1716 consensu
552 1705 560 1718 ,
572 1688 606 1715 C.
617 1686 724 1715 Caesare
734 1684 826 1719 duce,
840 1685 872 1714 &
882 1683 1019 1718 arnstore,
1033 1693 1128 1723 remp.

173 1727 344 1758 libertatem
354 1727 460 1767 populi
469 1729 563 1757 Rom.
574 1726 755 1760 defendant,
774 1726 965 1757 defenderint
978 1736 984 1755 ι
1005 1726 1037 1756 &
1047 1724 1129 1766 quod

170 1771 213 1807 C·
224 1769 317 1802 Caesar
327 1788 335 1802 ,
352 1778 408 1808 pro
416 1778 461 1808 pr.
474 1769 578 1799 Galliae
591 1769 755 1809 provinciae
767 1779 838 1798 cum
853 1769 985 1798 exercitu
999 1765 1130 1797 subsidio

173 1809 328 1851 ,profetstus
339 1809 387 1840 sit:
402 1812 534 1850 equites,
546 1811 707 1852 sagittarios
716 1830 725 1845 ,
737 1811 910 1849 elephantos
920 1811 952 1839 in
963 1809 1043 1838 suam
1053 1828 1061 1842 ,
1074 1818 1130 1848 po·

171 1851 298 1893 pulique
308 1853 402 1881 Rorn.
420 1851 595 1891 ROtestatem
612 1852 776 1892 redegerit,
795 1849 1039 1890 difficillimoque
1056 1851 1128 1889 reip.

176 1902 312 1932 tempore
321 1912 330 1926 ,
342 1893 444 1926 saluti,
455 1892 652 1934 dignitatique
660 1894 764 1932 populi
775 1895 868 1922 Rom.
880 1892 1051 1921 subvenerit
1063 1901 1068 1920 :
1089 1891 1129 1920 ob

176 1944 224 1965 eas
239 1934 336 1964 causas
351 1934 582 1973 senatuiplacere
594 1954 604 1968 ‚
618 1936 650 1964 C„
662 1934 805 1965 Caesarem
817 1953 827 1967 ,
846 1936 878 1963 C.
888 1936 919 1963 F.
936 1931 1130 1973 pontificem,

175 1984 393 2016 propraetorem
404 1994 412 2008 ,
433 1976 600 2005 senatorem
618 1974 696 2009 effe,
714 1976 952 2016 sententiamque
968 1974 1038 2004 loco
1055 1984 1131 2014 prae-

173 2020 254 2048 torio
263 2017 375 2047 dicere:
387 2017 506 2057 ejusque
515 2018 663 2046 rationem
673 2037 681 2051 ,
691 2026 914 2058 quemcumque
925 2015 1129 2059 magistratum

174 2067 292 2098 appetet
302 2078 310 2091 ‚
325 2060 366 2088 ita
375 2058 494 2091 haberi,
510 2067 599 2098 prout
609 2058 707 2088 haberi
718 2059 909 2101 legeliceret,
924 2055 944 2087 fi
954 2067 1034 2087 anno
1045 2058 1131 2097 supe-

175 2102 254 2129 riore
271 2098 398 2140 quaestor
414 2097 523 2129 fuisset.
547 2099 629 2138 Quid
645 2099 688 2131 est
700 2102 782 2131 enim
794 2119 803 2133 ‚
824 2102 856 2131 P.
868 2102 900 2130 C.
910 2109 962 2129 cur
975 2109 1046 2130 eum
1064 2108 1129 2128 non

175 2140 266 2182 quam
277 2140 411 2181 primum
421 2139 617 2181 ampliffimos
628 2142 758 2172 honores
767 2151 867 2182 capere
875 2143 1051 2181 cupiamus?
1066 2142 1129 2170 LE-

175 2192 276 2212 ouws
294 2184 378 2212 enim
390 2182 547 2213 annalibus
557 2182 627 2213 cum
638 2183 827 2225 grandiorem
838 2192 955 2214 aetatem
968 2183 1003 2213 ad
1020 2182 1129 2213 consu-

173 2224 269 2254 latum
280 2223 509 2258 constituebant,
520 2225 723 2256 adolescentia:
733 2227 932 2256 temeritatem
941 2224 1127 2255 verebantur.

174 2266 305 2296 C-Caesar
312 2267 437 2296 ineunte
446 2275 528 2296 aetate
540 2266 654 2300 docuit,
666 2267 701 2297 ab
710 2267 882 2301 excellenti,
891 2268 1061 2306 eximiaque
1069 2268 1131 2296 vir-

170 2306 235 2338 'tute
245 2306 429 2348 progressum
439 2309 530 2338 aetatis
540 2307 702 2347 exspe&ari
711 2318 775 2339 non
785 2317 933 2348 oportere.
951 2311 1053 2348 Itaque
1064 2317 1129 2337 ma-

169 2350 253 2394 νῑοῐεε
262 2348 373 2383 nostri,
388 2357 502 2379 veteres
512 2349 556 2378 illi
567 2369 575 2383 ,
590 2349 756 2380 admodum
768 2352 903 2390 antiqui,
921 2350 998 2390 leges
1009 2350 1129 2379 annales

175 2400 239 2420 non
258 2390 423 2421 habebant:
443 2400 515 2431 quas
528 2391 634 2421 multis
646 2390 713 2431 post
727 2393 814 2421 annis
828 2391 927 2420 attulit
937 2388 1075 2424 ambitio,
1097 2399 1130 2420 ut

173 2431 279 2472 gradus
290 2430 383 2462 effent
391 2434 545 2472 petitionis
554 2434 632 2462 inter
640 2433 791 2474 aequaleis.
815 2434 855 2462 ita
872 2432 946 2472 saepe
963 2441 1069 2473 magna
1084 2433 1131 2461 in-

174 2473 260 2503 doles
269 2474 386 2504 virtutis
397 2493 405 2507 ‚
423 2473 507 2514 prius
515 2483 605 2515 quam
615 2476 686 2515 reip.
698 2472 833 2515 prodeffe
841 2472 983 2515 potuisset
992 2493 1000 2507 ,
1016 2472 1129 2503 exstin-

175 2514 222 2545 eta
235 2514 304 2549 fuit.
327 2518 367 2545 At
378 2515 451 2545 vero
464 2515 541 2556 apud
554 2517 693 2557 antiquos
704 2535 712 2549 ,
731 2516 839 2549 Rulli,
859 2517 948 2546 Decii
962 2535 971 2549 ‚
991 2517 1129 2548 Corvini,

173 2557 324 2597 multique
333 2556 385 2586 alii
396 2567 402 2585 ;
413 2559 575 2587 recentiore
585 2566 685 2588 autem
697 2559 844 2587 memoria
854 2577 863 2590 ,
876 2557 1007 2597 superior
1016 2556 1131 2586 Africa-

174 2607 232 2628 nus
243 2617 252 2632 ,
274 2600 312 2628 T.
323 2598 513 2629 Flamininus
521 2619 530 2633 ‚
550 2599 715 2629 admodum
728 2598 928 2628 adolescentes
938 2599 1076 2628 consules
1086 2597 1130 2628 fa-

175 2638 236 2673 611,
257 2640 347 2669 tantas
357 2649 400 2669 res
409 2638 557 2681 gess'erunt
567 2660 575 2674 ,
595 2649 628 2670 ut
636 2641 740 2680 populi
752 2642 846 2670 Rom.
857 2641 1021 2679 imperium
1036 2649 1129 2669 auxe-

171 2683 234 2711 rint
244 2701 254 2714 ,
273 2690 389 2711 nomen
405 2683 548 2712 ornarint.
571 2683 652 2723 Qid
662 2681 790 2711 Macedo
800 2681 988 2711 Alexander?
1006 2680 1078 2711 cum
1093 2681 1130 2711 ab

171 2723 297 2753 ineunte
305 2731 388 2753 aetate
397 2732 442 2752 res
453 2725 600 2753 maximas
609 2733 708 2764 gerere
717 2721 849 2762 coepiffet
859 2742 868 2756 ,
883 2732 986 2752 nonne
996 2724 1084 2752 tertio
1095 2722 1128 2752 ὃς

171 2763 321 2795 tricefimo
334 2774 415 2794 anno
429 2773 560 2794 mortem
575 2765 671 2794 obiit?
690 2774 756 2805 quae
767 2763 809 2794 est
819 2773 886 2795 zetas
896 2763 1004 2793 nostris
1013 2763 1129 2804 legibus

175 2805 279 2836 decem
289 2808 375 2836 annis
387 2807 491 2835 minor
501 2826 509 2839 ,
523 2806 612 2847 quam
622 2806 797 2836 consularis.
819 2816 857 2836 cx
868 2805 1061 2846 quojudicari
1073 2815 1129 2845 po-

173 2846 231 2877 test
252 2867 262 2881 ,
291 2857 454 2878 vra-ruris
477 2846 534 2877 cfl'e
548 2867 557 2881 ,
579 2847 670 2888 quam
689 2849 782 2878 aetatis
800 2848 921 2879 cursum
940 2847 1127 2876 celeriorem.

117 2894 157 2926 18
177 2890 257 2918 Nam
271 2888 353 2929 quod
368 2890 404 2918 iis
416 2909 424 2923 ,
443 2891 494 2930 qui
505 2889 607 2919 Caesari
618 2889 775 2923 invident,
795 2888 952 2920 simulant,
973 2888 1001 2918 se
1012 2889 1128 2918 timere:

178 2938 217 2959 ne
225 2930 388 2960 verendum
399 2931 522 2971 quidem
534 2931 576 2961 est
588 2951 596 2964 ‚
612 2940 645 2961 ut
655 2940 753 2961 tenere
763 2932 792 2960 se
802 2929 891 2970 possit
901 2951 909 2964 ,
924 2939 957 2960 ut
969 2929 1127 2963 moderari,

174 2980 214 3000 ne
235 2971 400 3001 honoribus
421 2971 530 3002 nostris
552 2973 645 3003 elatus
667 2974 917 3012 intemperantius
940 2972 956 3001 s
954 2973 998 3000 uis
1020 2971 1129 3010 opibus

175 3020 282 3041 utatur.
305 3014 354 3041 EA
371 3022 512 3043 NATURA
529 3023 628 3043 rerum
639 3013 699 3047 est,
711 3016 740 3044 Ρ.
751 3017 786 3044 C.
797 3023 847 3047 ut,
862 3016 913 3055 qui
924 3013 1042 3043 sensum
1054 3022 1129 3042 verae

176 3053 279 3094 gloriae
288 3055 397 3092 ceperit
406 3072 415 3087 ,
430 3056 541 3095 quique
551 3056 578 3084 se
589 3055 625 3085 ab
635 3055 734 3086 senatu
746 3075 754 3089 ,
768 3055 802 3085 ab
812 3055 962 3097 equitibus
974 3074 981 3087 ‚
999 3054 1130 3095 populo—

175 3104 233 3137 que
243 3095 324 3125 Rom
330 3114 338 3124 .
348 3095 486 3127 universo
495 3095 618 3129 senserit
625 3099 726 3130 civem
734 3107 835 3130 carum
843 3096 1130 3133 naheinsalutaxem-

1153 229 1156 239 ι

1151 244 1156 320 1

1153 349 1156 390 1

1156 547 1160 596 1

1151 815 1154 832 1

1279 153 1668 217 (ζυιητΑ.
2041 159 2135 207 631

1178 235 1317 273 quei-eip.
1332 235 1408 264 nihil
1422 245 1493 265 cum
1512 236 1566 266 hac
1583 235 1676 276 gloria
1696 240 1766 266 com
1790 234 1932 267 arandum
1952 243 2044 276 putet.
2067 238 2139 267 Uti-2

1180 285 1249 305 nam
1262 278 1293 304 C.
1306 277 1409 307 Cir-sari
1420 297 1428 310 ‚
1442 279 1515 317 patri
1527 277 1613 310 dico,
1631 276 1802 321 cont'igiflet
1810 278 1989 308 adolescenti
2002 297 2011 310 ,
2025 287 2055 307 ut
2066 276 2137 308 effer

338 323 413 359 Qis
424 328 487 349 tum
499 318 605 352 nobis,
626 320 693 359 quis
703 319 815 358 populo
825 320 917 348 Rom.
932 315 1132 347 o'btulitliunc
1152 323 1155 344 1
1180 316 1290 345 senatui
1304 338 1312 350 ,
1332 328 1419 358 atque
1432 328 1550 358 optimo
1564 322 1671 360 cuique
1686 317 1862 352 carissimus.
1884 319 2047 360 quodcum
2065 329 2138 349 cnti-

1178 357 1262 396 sequi
1274 357 1431 397 neglexisti
1439 370 1449 389 t
1459 370 1464 387 z
1476 370 1603 390 omnem
1615 371 1676 390 vim
1689 363 1823 402 ingenii,
1834 371 1899 401 quae
1910 361 2026 391 summa
2035 360 2094 391 fui.-
2105 361 2136 391 in

1180 398 1235 427 illo
1247 417 1257 433 ,¹
1268 401 1297 427 in
1307 400 1438 439 populari
1447 400 1566 430 levitate
1579 402 1750 432 consumsit.
1774 405 1876 443 Iraque
1886 402 1955 432 cum
1967 402 2135 444 respe8mm

1179 438 1214 468 ad
1227 439 1361 469 senatum
1372 461 1381 473 ‚
1403 442 1435 471 ὅ(
1448 442 1484 471 31)
1499 443 1596 472 bonos
1611 453 1674 473 non
1686 444 1803 474 haberet
1814 464 1823 478 ‚
1841 454 1906 474 eam
1918 443 1970 473 sibi
1981 446 2061 474 viam
2073 444 2136 484 ipsc

1178 479 1316 519 patefecit
1323 481 1360 511 ad
1370 491 1442 520 opes
1453 483 1516 512 suas
1525 483 1749 522 amplificandas
1758 505 1767 518 ‚
1778 495 1867 526 quam
1878 488 1972 515 virtus
1983 485 2137 525 111161190-

1179 521 1243 560 puli
1260 520 1337 550 ferre
1354 532 1418 551 non
1439 522 1545 561 poffct.
1570 526 1640 561 Ejus
1650 536 1751 556 autem
1768 526 1824 556 filii
1839 526 2010 568 longanime
2024 527 2139 558 diversi:

1181 564 1254 591 ratio
1265 563 1330 602 :qui
1341 572 1411 592 curn
1422 565 1568 594 omnibus
1578 565 1701 598 est‚tum
1712 570 1830 607 optimo
1839 570 1947 609 cuique
1957 567 2138 598 cai-issimus.

1178 605 1211 632 in
1230 604 1288 632 hoc
1304 603 1368 642 spes
1385 604 1528 634 libertatis
1544 605 1636 644 posita
1649 607 1708 637 est:
1729 609 1763 638 ab
1778 609 1836 639 hoc
1850 619 1962 649 accepta
1978 611 2034 647 jam
2051 611 2138 640 salue:

1179 646 1250 673 huic
1262 645 1373 674 summi
1384 646 1515 676 honores
1525 647 1557 675 &
1567 650 1765 687 exquiruntur
1774 670 1782 683 ,
1794 651 1826 680 δε
1836 660 1927 690 parati
1939 647 2018 681 sunt.
2041 652 2136 690 Cujus

1176 687 1267 725 igitur
1277 684 1453 727 singularem
1464 687 1650 726 prudentiam
1662 689 1853 725 admiramur,
1860 693 1921 731 ejus
1933 692 2087 723 stultitiam
2099 694 2138 723 ti-

1177 728 1316 757 memus?
1326 728 1398 768 quid
1409 727 1626 763 enimstultim,
1637 732 1728 770 quam
1740 734 1880 762 inutilem
1893 736 2072 773 potentiam,
2084 736 2136 764 in·

1176 768 1305 798 vidiosas
1319 778 1390 808 opes
1404 789 1413 802 ,
1432 770 1627 809 cupiditatem
1646 771 1824 802 dominandi
1842 777 2022 814 praecipitem
2039 776 2071 805 δε
2087 776 2136 805 lu-

1178 809 1289 840 bricam
1300 809 1443 840 anteferre
1455 821 1531 840 verae
1543 831 1550 844 ‚
1564 813 1664 851 gravi,
1680 813 1781 843 solidae
1791 815 1912 853 gloriae?
1936 820 1982 846 An
1994 817 2050 846 hoc
2061 817 2138 848 vidit

1176 860 1267 891 puer:
1288 849 1308 881 sl
1320 860 1403 881 aetate
1413 851 1583 891 procesierit
1593 873 1600 886 ,
1621 863 1685 883 non
1700 854 1833 884 videbit?
1855 857 1946 886 Atest
1955 858 2128 897 quibusdam

1178 894 1321 923 inimicus
1330 892 1498 924 clarissimis
1509 914 1516 927 ,
1530 903 1616 934 atque
1626 897 1750 934 optimis
1760 896 1887 926 civibus.
1911 899 2023 928 Nullus
2032 899 2085 929 iste
2097 901 2135 929 ti·-

1180 944 1248 964 mor
1258 933 1318 964 effe
1330 934 1428 964 debet.
1453 945 1560 965 omnes
1572 936 1663 967 Caesar
1674 938 1852 968 inimicitias
1861 940 1933 977 reip.
1944 940 2138 971 condonavit,-

1182 976 1257 1006 hanc
1268 974 1320 1005 fibi
1331 976 1462 1014 judicem
1473 977 1631 1007 constituit
1642 998 1650 1012 ,
1665 980 1741 1008 hanc
1750 979 1979 1010 moderatricem
1991 984 2136 1013 omnium

1178 1016 1337 1048 saelorum.
1353 1021 1404 1048 ·Ita
1414 1020 1498 1048 enim
1510 1018 1545 1049 ad
1555 1029 1648 1059 remp.
1659 1019 1770 1051 acceffit
1783 1041 1792 1054 ‚
1814 1030 1846 1051 ut
1856 1031 1920 1051 earn
1932 1021 2136 1057 confirmaret,

1180 1069 1244 1089 non
1255 1069 1286 1089 ut
1297 1069 1449 1089 everteret.
1469 1062 1589 1090 omneis
1600 1061 1695 1091 habeo
1705 1065 1843 1103 cognitos
1855 1063 1955 1093 sensus
1963 1064 2139 1094 adolescen*

1179 1101 1226 1131 tis.
1239 1101 1317 1130 nihil
1329 1101 1371 1131 est
1382 1102 1427 1131 illi
1437 1111 1500 1141 rep.
1511 1103 1618 1136 carius,
1632 1104 1709 1133 1111111
1720 1104 1813 1134 vestra
1822 1104 1995 1134 auetoritate
2004 1108 2135 1148 gravius.

1180 1142 1257 1172 nihil
1269 1143 1419 1173 bonorum
1430 1145 1567 1173 virorum
1575 1144 1692 1184 judicio
1703 1148 1831 1185 OPtatius
1844 1167 1852 1179 ,
1876 1147 1953 1175 nihil
1966 1147 2137 1188 veragloriiz

1179 1183 1309 1214 dulcius·
1332 1185 1537 1225 Qamobrem
1553 1186 1588 1215 ab
1601 1196 1637 1216 eo
1651 1197 1715 1217 non
1731 1188 1825 1218 modo
1838 1188 1916 1217 1111111
1933 1189 2037 1218 timere
2051 1209 2060 1222 ‚
2087 1189 2137 1220 sed

1178 1226 1291 1261 majora
1301 1246 1308 1259 ‚
1324 1226 1356 1257 &
1367 1227 1492 1257 meliora
1502 1227 1670 1268 exspetstare
1680 1228 1815 1259 debetis:
1832 1239 1929 1270 neque
1940 1249 1948 1262 ‚
1965 1231 1996 1260 in
2008 1240 2044 1260 eo
2054 1250 2062 1265 ‚
2081 1232 2138 1271 qui

1177 1266 1213 1296 ad
1226 1270 1264 1297 D.
1275 1270 1402 1300 Brutum
1412 1266 1568 1299 obsidione
1577 1269 1766 1301 liberandum
1777 1270 1928 1311 profestus
1939 1271 1972 1300 sit
1981 1291 1991 1305 ,
2014 1273 2134 1305 timere.

1177 1318 1215 1337 ne
1225 1310 1358 1338 memoria
1368 1319 1485 1341 maneat
1494 1309 1653 1341 domestici
1662 1311 1776 1343 doloris
1789 1332 1798 1346 ‚
1818 1323 1882 1355 quae
1896 1313 1962 1353 plus
1973 1313 2050 1353 apud
2061 1323 2133 1344 eum

1176 1349 1265 1390 poffit
1275 1370 1283 1384 ‚
1304 1351 1393 1391 quam
1405 1351 1479 1381 salus
1492 1353 1632 1382 civitatis.
1654 1353 1783 1384 Audebo
1794 1357 1883 1385 etiam
1895 1354 1957 1384 obli
1979 1365 2024 1386 are
2038 1353 2133 1386 fidem

1178 1401 1276 1421 meam
1290 1412 1298 1425 ,
1311 1395 1382 1423 P.C.
1394 1393 1481 1425 vobis
1493 1413 1501 1427 ‚
1512 1395 1687 1435 populoque
1695 1397 1791 1426 Rom.
1801 1395 1882 1436 quod
1893 1405 1947 1436 pro
1962 1396 2029 1426 ecto
2042 1416 2049 1430 ‚
2059 1395 2135 1427 cum.

1177 1442 1226 1464 me
1238 1434 1320 1464 nulla
1330 1437 1376 1464 vis
1385 1445 1512 1475 cogeret,
1523 1435 1617 1466 facere
1626 1446 1691 1467 non
1701 1437 1840 1467 auderem
1854 1458 1861 1471 ,
1875 1438 2116 1477 pertimescerem
2122 1455 2135 1458 >-

1175 1484 1233 1515 que
1243 1477 1274 1505 in
1283 1486 1312 1507 re
1321 1477 1455 1507 maxima
1464 1478 1660 1516 periculosam
1670 1480 1851 1519 opinionem
1863 1480 2036 1510 temeritatis
2047 1489 2138 1519 :pro-⁴·

1178 1517 1268 1546 mitto
1279 1537 1288 1552 ,
1304 1519 1435 1558 recipio,
1456 1518 1608 1558 spondeo,
1627 1529 1722 1559 patres
1731 1521 1892 1561 conscripti
1903 1540 1912 1554 ‚
1931 1523 1963 1551 C.
1977 1521 2136 1553 caesarem,

1177 1557 1266 1587 talem
1278 1559 1394 1599 semper
1403 1558 1467 1589 fore
1477 1561 1576 1589 civem
1588 1580 1596 1593 ‚
1608 1561 1704 1602 qualis
1712 1562 1804 1592 hodie
1814 1561 1859 1595 fit,
1872 1562 2052 1603 qualemque
2062 1572 2137 1593 eum
2185 1566 2196 1577 “

1176 1600 1312 1630 maxime
1323 1599 1380 1630 effe
1388 1601 1466 1630 velle
1477 1621 1486 1634 ,
1506 1601 1538 1632 ὃ(
1549 1612 1648 1642 optare
1658 1602 1813 1634 debemus.
1837 1606 1911 1645 Qae
1927 1602 1999 1634 ct‘im
2014 1614 2053 1634 ita
2066 1602 2134 1637 sint,

1176 1640 1212 1670 de
1223 1642 1333 1671 Caesare
1343 1642 1410 1672 satis
1424 1643 1481 1672 hoc
1492 1652 1626 1683 tempore
1636 1643 1753 1674 dislum
1765 1645 1889 1675 habebo.
1934 1648 2001 1676 Nec
2011 1645 2082 1676 verb
2093 1645 2130 1676 de

1173 1684 1403 1725 L-Egnatuleio,
1413 1682 1575 1714 fortiffimo
1587 1705 1596 1718 ,
1609 1685 1641 1716 &
1650 1685 1886 1716 constantissimo
1897 1688 1963 1717 cive
1973 1707 1980 1721 ‚
1993 1686 2137 1718 amiciffi-

1175 1734 1229 1755 mo
1244 1726 1318 1765 reip.
1329 1724 1477 1756 silendum
1491 1725 1617 1756 arbitror
1629 1737 1634 1756 z
1654 1727 1702 1760 sed
1714 1727 1908 1759 tribuendum
1919 1728 2136 1761 testimonium

1173 1768 1292 1797 virtutis
1301 1769 1434 1810 egregiae‚
1446 1766 1527 1808 quod
1538 1769 1563 1797 is
1576 1769 1725 1810 legionem
1736 1779 1870 1810 quartam
1882 1769 1915 1801 ad
1927 1771 2069 1802 Caesarem
2081 1771 2138 1802 ad-

1175 1807 1305 1849 duxerit,
1314 1819 1380 1849 quae
1388 1809 1521 1849 praesidio
1529 1811 1713 1845 consulibus,
1724 1812 1849 1844 senatui,
1857 1812 2030 1854 populoque
2038 1815 2137 1843 Rom.

1175 1852 1279 1890 reique
1288 1851 1358 1889 pub.
1369 1850 1441 1881 ess'et
1452 1861 1457 1879 :
1470 1851 1510 1881 ob
1521 1861 1585 1882 eam
1596 1849 1709 1882 causam
1722 1853 1847 1892 placere,
1860 1862 1903 1883 uti
1913 1855 2137 1895 L.Egnatuleio

1174 1893 1340 1921 triennium
1349 1901 1417 1922 ante
1426 1892 1588 1932 legitimum
1598 1901 1703 1935 tempus
1713 1893 1896 1935 magistratus
1907 1904 2136 1936 petere,capere,

1173 1942 1272 1972 gerere
1285 1933 1378 1963 liceat.
1402 1936 1438 1963 In
1447 1944 1508 1974 quo
1519 1955 1527 1967 ‚
1549 1937 1581 1964 P.
1592 1938 1624 1965 C.
1636 1945 1699 1965 non
1710 1945 1770 1965 tam
1779 1936 1981 1966 commodum
1993 1937 2137 1968 tribuitur:

1174 1976 1210 2003 L.
1224 1975 1400 2015 Egnatuleio
1411 1995 1419 2007 ‚
1433 1975 1523 2015 quam
1538 1977 1649 2007 honos.
1664 1978 1696 2005 in
1707 1977 1757 2006 tali
1768 1978 1848 2007 enim
1862 1987 1892 2007 re
1902 1978 1966 2008 satis
1976 1978 2018 2008 est
2027 1981 2136 2009 nomi-

1173 2017 1245 2045 nari.
1269 2018 1316 2045 De
1335 2017 1467 2046 exercitu
1485 2020 1584 2047 autem
1600 2020 1632 2048 C.
1645 2018 1763 2049 Caesaris
1781 2020 1820 2048 ita
1838 2019 1944 2049 censeo
1963 2019 2135 2051 decernun-

1174 2056 1248 2086 dum
1261 2067 1267 2086 2
1289 2059 1410 2087 Senatui
1429 2058 1541 2097 placere
1550 2061 1567 2092 ,'
1582 2059 1730 2089 militibus
1748 2062 1896 2091 veteranis
1906 2080 1914 2094 ‚
1935 2063 1987 2103 qui
1998 2062 2134 2095 Caesaris,

1172 2097 1326 2138 pontificis
1336 2118 1345 2132 ,
1363 2098 1629 2141 auzstoritatemque
1641 2101 1691 2141 huj
1697 2111 1730 2130 us
1739 2101 1853 2132 ordinis
1863 2101 2053 2133 defenderint
2061 2122 2069 2136 ,
2087 2111 2136 2134 at-

1172 2150 1229 2180 que
1241 2139 1403 2172 defendant
1413 2161 1422 2176 ‚
1434 2142 1480 2170 his
1490 2161 1498 2175 ‚
1514 2141 1675 2183 liberisque
1684 2152 1791 2174 eorum
1802 2164 1810 2177 ,
1824 2144 1941 2175 militiae
1952 2145 2134 2174 vacationem

1173 2180 1247 2212 esse:
1264 2184 1368 2224 utique
1378 2183 1504 2213 C-Pansa
1513 2203 1522 2217 ,
1534 2186 1709 2218 A.Hirtiu5,
1720 2185 1857 2216 consules
1866 2205 1875 2220 ,
1885 2186 1957 2216 alter
1966 2207 1974 2219 ,
1988 2185 2131 2219 ambove,

1172 2225 1385 2266 cognoscerent
1395 2244 1403 2258 ‚
1414 2226 1466 2270 qui
1477 2235 1543 2265 ager
1553 2226 1599 2254 his
1607 2226 1737 2256 coloniis
1747 2225 1818 2257 esset
1828 2248 1836 2260 ,
1848 2227 1910 2268 quo
1920 2229 2033 2257 milites
2044 2237 2130 2258 vete-

1172 2268 1237 2296 rani
1250 2265 1371 2296 deduffl
1385 2265 1479 2296 essent
1489 2286 1497 2300 ,
1516 2268 1569 2307 qui
1578 2276 1681 2298 contra
1692 2269 1789 2308 legem
1798 2270 1913 2310 Juliam
1924 2268 2131 2308 poffideretur,

1174 2316 1207 2337 ut
1218 2309 1244 2337 is
1257 2308 1408 2337 militibus
1422 2310 1564 2338 veteranis
1578 2309 1776 2340 divideretur:
1795 2312 1831 2340 de
1841 2321 1909 2351 agro
1921 2314 2072 2349 Campano
2084 2311 2132 2341 se-

1173 2358 1298 2390 paratim
1309 2349 1541 2390 cognoscerent,
1561 2351 1729 2392 inirentque
1743 2353 1890 2382 rationem
1907 2353 1942 2382 de
1956 2352 2134 2383 commodis

1176 2392 1312 2420 militum
1329 2400 1538 2421 veteranorum
1558 2392 1700 2433 augendis
1716 2404 1720 2421 :
1745 2393 1918 2435 legionique
1936 2396 2050 2424 Martiae
2064 2413 2072 2427 ,
2097 2393 2133 2423 δε

1174 2432 1290 2473 legioni
1299 2441 1408 2473 quartae
1420 2452 1429 2466 ,
1448 2433 1481 2463 ὅ(
1499 2434 1537 2462 iis
1555 2434 1719 2467 militibus,
1741 2438 1793 2476 qui
1806 2435 1842 2465 de
1855 2436 1974 2477 legione
1990 2434 2128 2468 secunda,

1174 2472 1425 2514 tricesi'maquinta
1435 2494 1444 2508 ,
1454 2474 1490 2504 ad
1502 2477 1532 2504 C.
1544 2475 1663 2505 Pansam
1675 2496 1683 2509 ,
1697 2480 1732 2506 A.
1744 2478 1879 2508 Hirtium
1892 2497 1900 2510 ,
1911 2476 2048 2506 consules
2059 2495 2069 2510 ,
2079 2486 2134 2506 ve-

1174 2514 1287 2546 nifl'ent
1300 2516 1424 2556 ,suaque
1434 2517 1561 2546 nomina
1573 2515 1733 2547 dediss'ent:
1748 2516 1879 2558 quod-iis
1890 2518 2002 2548 senatus
2012 2538 2020 2551 ,
2032 2527 2134 2558 popu-

1174 2558 1256 2598 lique
1275 2559 1370 2587 Rom.
1388 2557 1508 2587 libertas
1525 2556 1669 2588 carissima
1689 2557 1722 2588 sit
1732 2579 1741 2592 ,
1762 2559 1794 2588 ἕξ
1812 2558 1901 2589 fuerit
1910 2579 1918 2593 ,
1940 2561 2132 2591 vacationem

1175 2600 1294 2629 militiae
1305 2598 1373 2638 ipsis
1387 2619 1396 2631 ,
1419 2597 1568 2639 liberisque
1580 2609 1684 2628 eorum
1699 2599 1755 2629 efl'e
1768 2600 1902 2639 placere3
1921 2610 2002 2631 extra
2015 2600 2134 2631 tumul-

1174 2649 1241 2670 tum
1250 2641 1402 2670 Gallicum
1414 2640 1630 2680 Italicumque:
1649 2641 1751 2681 easque
1761 2643 1895 2682 legiones
1905 2661 1914 2676 ,
1935 2642 2015 2672 bello
2025 2641 2134 2673 confe-

1174 2681 1224 2712 610
1235 2701 1243 2715 ,
1268 2680 1368 2711 missas
1378 2679 1441 2710 fieri
1453 2681 1580 2720 placere:
1603 2691 1804 2723 quantamque
1813 2685 1970 2722 pecuniam
1981 2684 2134 2714 militibus

1173 2733 1272 2753 earum
1284 2723 1437 2763 legionum
1450 2725 1482 2752 in
1492 2721 1622 2764 singulos
1633 2724 1780 2758 C.Caesar‚
1802 2725 1941 2764 pontifex
1951 2745 1958 2759 ‚
1969 2734 2134 2766 propraetor

1172 2764 1325 2804 pollicitus
1336 2762 1369 2793 sit
1379 2773 1488 2794 tantam
1500 2764 1561 2794 dari
1571 2765 1700 2804 placere:
1721 2767 1822 2808 utique
1840 2768 1872 2796 C.
1884 2767 1974 2797 Pansa
1983 2787 1992 2800 ,
2011 2771 2046 2797 A.
2057 2769 2132 2798 Hir-

1175 2807 1234 2835 tius
1246 2826 1254 2839 ‚
1267 2805 1404 2835 consules
1415 2825 1424 2840 ‚
1435 2806 1522 2839 alter,
1533 2806 1663 2837 ambove
1672 2826 1681 2840 ,
1692 2809 1840 2837 rationem
1849 2810 1908 2850 agri
1919 2809 2046 2839 habeant
2056 2829 2064 2843 ,
2075 2809 2131 2850 qui

1178 2846 1237 2876 fine
1250 2848 1356 2885 injuria
1365 2849 1546 2886 privatorum
1557 2847 1653 2878 dividi
1664 2847 1767 2888 possit:
1781 2849 1864 2890 isque
1875 2850 2025 2880 militibus
2035 2852 2134 2892 legio·

1177 2890 1225 2918 nis
1235 2891 1347 2918 Martiae
1359 2909 1367 2922 ,
1383 2888 1553 2929 &legionis
1562 2891 1718 2929 quartaevita
1727 2890 1843 2921 daretur
1852 2911 1860 2924 ‚
1875 2890 2064 2933 affignaretur
2074 2912 2082 2926 ‚
2099 2899 2135 2922 ut

1176 2930 1284 2970 quibus
1293 2930 1444 2959 militibus
1454 2930 1632 2970 amplissnne
1644 2931 1723 2965 dati,
1744 2931 1875 2974 affignati
1885 2932 1986 2964 ess‘ent.
2009 2936 2086 2964 Dixi
2096 2933 2135 2963 ad

1175 2981 1208 3001 ea
1220 2973 1323 3001 omnia
1335 2991 1344 3004 ,
1365 2972 1502 3001 consules
1513 2992 1522 3005 ‚
1543 2972 1580 3002 de
1593 2973 1702 3013 quibus
1713 2974 1872 3004 retulistis:
1893 2985 1958 3016 quae
1970 2974 1991 3004 sl
2005 2974 2061 3006 sint
2075 2973 2136 3004 fine

1179 3022 1263 3042 mora
1271 3032 1280 3046 ,
1292 3022 1466 3053 matureque
1479 3013 1591 3044 decreta
1601 3034 1610 3047 ,
1621 3013 1738 3044 facilius
1747 3016 1920 3056 apparabitis
1928 3027 1972 3050 ea,
1980 3027 2045 3057 quae
2056 3026 2135 3046 tem-

1178 3064 1232 3093 pus
1242 3074 1251 3087 ‚
1273 3054 1306 3083 &
1316 3053 1467 3084 necessitas
1478 3053 1597 3096 flagitat.
1620 3056 1760 3087 celeritate
1768 3067 1866 3088 autem
1880 3068 1956 3098 opus
1969 3058 2010 3088 est
2022 3069 2026 3087 :
2047 3067 2103 3098 qua
2114 3055 2136 3089 fi

1179 3094 1309 3127 ess'cmus
1319 3094 1360 3127 ufi
1371 3113 1380 3131 ,
1394 3095 1509 3128 bellum
1522 3117 1532 3131 ,
1548 3107 1581 3128 ut
1591 3098 1662 3138 ssepe
1671 3098 1758 3135 dixi,
1771 3100 1893 3132 nullum
1905 3100 2093 3131 haberemus.

1547 3177 1664 3218 Gggg
1950 3179 1998 3208 M.
2027 3179 2138 3208 Tui.-

2157 1654 2201 1687 ¹9
