2337 3400
108 1104 151 1141 ¹7

161 122 258 176 818
567 116 641 166 Μ.
719 110 1084 164 Turni

158 206 367 250 ἔπτκεφοέλιοι
382 209 497 242 solvere
505 218 569 241 non
579 205 678 249 posse:
693 210 706 228 ¹
721 197 804 236 ω’νὲς
817 206 961 237 omnium
970 203 1119 235 venditas:

158 259 314 290 civitatum
336 254 487 298 gemitus,
507 252 637 292 ploratus
649 270 658 284 ,
678 247 812 281 monstra
831 247 967 289 quaedam
983 256 1046 277 non
1059 247 1117 277 ho·

161 300 268 331 minis,
282 295 331 327 sed
340 298 410 325 ierae
419 294 519 324 nescio
528 294 575 333 cuj
580 303 614 323 us
623 292 778 322 immanis.
789 290 862 331 quid
872 290 993 331 quaeris?
1000 292 1016 309 2
1026 287 1116 320 taedet

161 343 365 372 omninumos
379 338 459 367 vitae.
481 336 616 365 levantur
629 342 721 364 tamen
734 332 835 373 misera
859 331 1013 365 civitates,
1033 328 1117 372 quod

162 382 264 413 nullus
279 379 312 411 fit
323 380 460 419 sumptus
470 379 502 408 in
513 387 582 411 1105,
592 386 690 418 neque
699 377 732 406 in
742 375 866 417 legatos,
878 383 974 415 neque
984 375 1018 404 in
1028 375 1119 414 Qae-

162 424 274 454 storem
288 442 297 457 ,
317 430 414 461 neque
434 421 467 450 in
485 428 681 461 quemquam.
706 418 779 448 scito
790 435 798 450 ‚
819 426 883 446 non
893 415 988 446 modo
997 425 1053 445 nos
1062 418 1120 444 ioe-

160 507 243 550 ligna
265 506 388 548 quidem
401 516 408 538 ;
432 513 506 537 nec,
530 512 635 544 praeter
657 510 799 543 quattuor
822 499 917 531 lei-Ikos
938 499 972 530 δε
995 498 1121 531 testum,

164 557 351 591 quemquam
368 547 498 586 accipere
517 546 701 587 quidquam:
725 543 831 574 multis
849 543 927 573 locis
945 551 983 572 ne
1005 540 1123 572 tedium

163 591 309 632 quidem,
333 589 365 619 8<
380 589 411 618 in
425 587 614 618 tabernaculo
625 595 745 617 manere
755 585 942 626 plerumque.
965 586 1064 624 itaque
1076 584 1124 612 in-

162 632 342 664 credibilem
360 632 392 660 in
415 629 543 660 modum
561 629 723 660 concursus
734 626 859 658 fiuntex
868 627 962 669 agris,
988 635 1026 655 ex
1037 626 1122 657 vicis,

166 679 182 702 3
192 685 231 705 ex
245 674 389 705 domibus
398 671 553 702 omnibus.
577 670 749 701 mehercule
757 671 860 703 etiam,
871 670 999 699 adventu
1010 666 1125 699 nostro,

163 717 363 756 reviviscunts
380 712 510 753 justitia,
531 713 708 744 abstinentia
720 732 727 745 2
738 712 899 742 clementia
907 712 950 740 tui
961 710 1124 755 Ciceronis.

162 760 262 799 itaque
281 759 442 798 opiniones
461 757 604 786 omnium
622 755 777 795 superavit.
801 754 915 793 Appius
930 770 939 785 ‚
960 760 993 781 ut
1011 750 1127 782 audivit

166 810 223 831 nos
234 803 339 831 venire
347 819 356 834 ,
370 800 401 828 in
411 797 550 828 ultimam
560 798 747 838 provinciam
760 795 787 825 se
797 794 928 834 conjecit
937 793 1066 824 Tarsum
1078 793 1125 823 us-

165 852 241 883 que:
262 842 305 872 ibi
324 840 428 872 foi-um
447 842 515 880 agit.
539 842 587 870 De
598 839 704 870 Partho
719 837 870 866 silentium
883 835 942 866 est:
963 835 1012 866 sed
1022 844 1124 867 tamen
1147 841 1149 848 ¹

164 884 305 915 concisos
313 884 428 925 equites
440 881 558 913 nostros
569 882 584 911 a
594 880 722 911 barbaris
730 878 908 908 nuntiabant
917 880 950 911 ii,
959 878 1012 919 qui
1022 879 1125 908 venie·

165 926 247 958 bant.
272 926 397 956 Bibulus
417 934 454 954 ne
464 923 609 965 cogitabat
627 920 751 962 quidem
766 921 856 950 etiam
867 929 948 950 nunc
959 921 990 949 in
999 921 1127 959 provin-

164 968 243 999 ciam
266 968 347 999 suam
367 966 516 998 accedere.
540 964 570 995 id
593 973 693 994 autem
713 962 809 993 facere
828 962 868 992 ob
878 972 941 992 eam
952 961 1068 992 causam
1080 961 1127 992 di-

165 1010 289 1044 cebant,
308 1008 390 1050 quod
407 1007 521 1039 tardius
530 1005 623 1037 vellet
630 1004 780 1036 decedere.
803 1006 872 1035 Nos
882 1006 914 1035 in
924 1003 1013 1036 castra
1021 1013 1128 1045 prope-

164 1051 305 1083 rabamus
314 1071 323 1085 ,
336 1061 400 1093 quae
411 1049 530 1081 aberant
540 1047 635 1078 bidui.

414 1094 438 1123 C
452 1094 466 1121 1
485 1092 614 1122 CERO
635 1091 845 1123 ATTICO,
869 1090 897 1119 S.

259 1137 361 1166 ecam
381 1137 482 1165 Roma
501 1131 562 1162 fine
570 1131 695 1173 epistola
703 1140 752 1161 tua
765 1130 941 1162 fasciculum
951 1131 1128 1161 litterarum:

262 1179 294 1207 in
305 1187 366 1217 quo
378 1197 387 1210 ,
406 1176 426 1206 si
437 1174 533 1206 modo
544 1173 663 1205 valuisti
672 1193 681 1207 ‚
694 1173 726 1203 δε
738 1175 846 1203 Romae
857 1171 938 1203 fuisti
951 1194 958 1206 ‚
970 1173 1129 1203 Philotimi

168 1217 250 1249 duco
272 1218 329 1249 effe
348 1219 468 1259 culpam
480 1237 488 1251 ‚
510 1227 574 1247 non
593 1225 683 1246 tuam.
709 1216 785 1245 hanc
795 1214 953 1255 epistolam
963 1214 1074 1244 dststavi
1086 1215 1130 1244 se*

167 1256 242 1291 dens
251 1261 284 1291 in
293 1259 384 1291 rheda
395 1280 402 1294 ‚
413 1260 485 1290 cum
497 1260 528 1289 in
539 1257 628 1290 castra
637 1256 839 1298 proficiscerer
851 1278 860 1290 ,
871 1256 1002 1298 aquibus
1011 1256 1129 1287 aberam

167 1302 266 1333 bidui.
289 1304 390 1343 paucis
401 1301 506 1332 diebus
519 1300 662 1331 habebam
672 1308 768 1330 certos
779 1299 921 1330 homines
932 1321 942 1333 ,
960 1298 1069 1339 quibus
1079 1299 1130 1328 da-

168 1352 233 1375 rem
245 1345 366 1375 litteras.
390 1346 489 1385 itaque
499 1342 536 1373 eb
551 1352 600 1373 me
611 1343 731 1372 servavi.
756 1343 823 1371 Nos
835 1362 843 1374 ,
865 1350 967 1372 tamen
975 1339 1025 1371 etsi
1036 1341 1093 1371 hoc
1103 1349 1131 1370 te

169 1395 208 1416 ex
227 1386 294 1416 aliis
312 1385 414 1416 audire
426 1386 506 1416 malo
517 1405 526 1418 ,
546 1383 627 1414 sicin
638 1385 794 1424 provincia
803 1393 860 1413 nos
869 1384 1002 1425 gerimus
1018 1402 1026 1417 ,
1047 1381 1131 1423 quod

167 1428 207 1459 ad
229 1427 441 1458 abstinentiam
462 1429 567 1458 attinet
580 1447 589 1460 ,
609 1435 641 1456 ut
658 1425 760 1456 nullus
771 1425 1132 1455 teruntiusinsumaturin

168 1479 363 1511 quemquam.
388 1469 417 1499 id
431 1468 463 1499 fit
474 1470 565 1500 etiam
578 1468 786 1509 &legatorum
798 1486 805 1500 ,
831 1467 864 1498 &
873 1467 1067 1497 tribunorum
1077 1486 1086 1501 ,
1099 1466 1132 1497 δε

167 1510 376 1549 praet'wflorum
401 1511 569 1552 diligentia.
593 1519 664 1540 nam
684 1518 794 1539 omnes
812 1507 941 1539 mirifice
956 1514 1112 1552 συμφιλο

171 1547 202 1586 ai}-
210 1553 296 1594 ξὲσυ
310 1559 411 1600 gloriae
431 1569 517 1591 meae.
541 1561 633 1599 Lepta
643 1558 743 1589 noster
753 1557 900 1588 mirificus
910 1556 961 1588 est.
984 1556 1040 1589 Sed
1051 1567 1134 1587 nunc

168 1611 307 1642 propero.
330 1601 508 1640 perscribam
528 1601 563 1632 ad
575 1610 601 1634 te
611 1602 710 1640 paucis
720 1599 826 1630 diebus
835 1601 949 1630 omnia.
973 1600 1134 1630 Cicerones

175 1643 295 1674 nostros
308 1643 469 1682 Deiotarus
485 1641 566 1674 filius
579 1661 587 1676 ‚
607 1644 662 1683 qui
682 1651 734 1672 rex
753 1641 788 1672 ab
801 1645 910 1672 Senatu
919 1641 1080 1681 appellatus
1091 1640 1134 1672 est

171 1688 268 1716 recum
283 1686 315 1715 in
326 1694 469 1726 regnum,
488 1685 562 1716 dum
574 1686 606 1714 in
617 1683 728 1714 aestivis
738 1693 794 1714 nos
804 1682 932 1714 cfl'emus
941 1703 949 1716 ‚
961 1683 1049 1713 illurn
1059 1693 1134 1724 pue-

170 1738 209 1759 με
227 1728 331 1758 locum
349 1724 407 1756 ell'e
427 1725 624 1757 belliffimum
636 1726 792 1756 duximus.
815 1729 831 1752 4
841 1724 950 1756 Sestius
961 1725 996 1755 ad
1006 1735 1056 1755 me
1064 1725 1135 1755 scri-

169 1768 243 1812 plit,
265 1779 331 1810 qux
351 1777 449 1798 tecum
469 1766 541 1799 esset
558 1768 593 1797 de
612 1777 680 1797 mea
699 1766 863 1797 domestica
882 1766 1058 1797 &maxima
1067 1776 1136 1797 cura

172 1815 307 1843 locutus,
328 1810 360 1841 &
377 1810 450 1852 quid
470 1810 525 1840 tibi
540 1808 610 1839 essct
625 1809 736 1840 visum.
758 1808 865 1839 amabo
877 1817 904 1838 te
916 1827 924 1842 ‚
947 1807 1091 1838 incumbe
1101 1810 1134 1838 in

174 1863 240 1886 cam
260 1862 323 1882 rem
338 1872 349 1884 ‚
369 1854 401 1884 &
422 1851 522 1891 adine
534 1851 626 1881 scribe
638 1871 646 1885 ,
666 1850 738 1891 quid
751 1850 784 1881 δε
796 1848 883 1889 poffit
894 1869 901 1882 ‚
923 1849 996 1880 &tu
1006 1850 1133 1880 censeas.

171 1895 257 1926 idem
278 1894 384 1935 scripsit
395 1892 592 1925 Hortensium
610 1892 646 1922 de
664 1891 848 1934 proroganda
866 1890 966 1922 nostra
981 1892 1136 1930 provincia

173 1935 281 1968 dixisse
292 1937 394 1967 nescio
403 1935 487 1978 quid.
511 1936 589 1965 mihi
601 1936 632 1965 in
644 1937 784 1965 Cumano
798 1954 806 1969 ‚
824 1932 1050 2005 dilipentiffime
1064 1953 1072 1968 ‚
1092 1933 1132 1968 se,

172 1988 205 2009 u:
221 1979 314 2009 annui
325 1977 453 2009 effemus
465 1997 473 2011 ‚
492 1976 687 2007 defensurum
700 1984 856 2017 receperat.
892 1977 1135 2017 iquicquamane

173 2030 254 2051 amas
265 2041 274 2055 ,
296 2024 308 2048 5
321 2021 402 2051 hunc
420 2021 511 2050 locum
525 2019 616 2048 mimi.
640 2018 701 2049 dici
711 2029 775 2049 non
784 2017 899 2059 potest,
919 2019 1135 2058 quaminvitus

174 2064 187 2092 a
200 2063 288 2093 vobis
297 2061 438 2092 absim&
450 2061 503 2091 sim
510 2062 540 2090 ul
552 2062 626 2091 hanc
636 2060 763 2100 gloriam
773 2059 896 2100 justitiae
907 2060 939 2090 &
948 2059 1135 2090 abstinentiae

173 2104 239 2135 sore
256 2103 453 2135 illustriorem
467 2104 561 2144 spero,
574 2101 594 2132 sl
604 2100 658 2132 citi>
668 2102 861 2140 decesserimus.
886 2101 915 2132 id
926 2101 1008 2142 quod
1019 2105 1137 2132 Scaevo-

173 2148 209 2176 1ae
230 2148 375 2188 contigit,
398 2148 450 2187 qui
468 2146 545 2176 solos
565 2154 679 2174 novem
698 2145 817 2174 menses
835 2142 909 2174 Afiae
925 2143 1050 2184 praefuit.
1075 2147 1137 2184 Ap—

172 2191 240 2228 pius
250 2187 352 2219 noster
360 2208 368 2223 ,
389 2189 459 2219 cum
473 2198 522 2218 me
532 2186 688 2217 adventare
700 2186 834 2220 videret,
845 2185 998 2226 profe&us
1009 2185 1052 2216 est
1062 2188 1136 2216 Tar-

175 2230 242 2260 sum
260 2231 349 2271 usque
363 2229 523 2261 Laodicea.
547 2229 589 2259 ibi
600 2227 702 2259 forum
714 2229 772 2269 agit
782 2248 791 2261 ,
809 2227 881 2258 cum
892 2238 948 2269 ego
958 2226 1010 2258 fim
1023 2229 1055 2258 in
1067 2237 1137 2268 pro-

173 2273 274 2302 vincia
285 2284 294 2306 3
304 2282 393 2312 quam
404 2272 469 2312 ejus
479 2271 620 2310 injuriam
631 2280 697 2300 non
708 2269 850 2300 insthor.
873 2270 940 2300 satis
949 2272 1033 2300 enirn
1044 2269 1137 2300 habeo

175 2314 289 2355 negotii
305 2316 336 2343 in
349 2313 483 2344 sanandis
493 2312 669 2342 vulneribus
679 2332 688 2345 ,
703 2322 768 2353 quae
779 2310 993 2352 suntimposita
1011 2314 1137 2352 provin-

173 2357 238 2386 οἰκ.
262 2355 343 2396 quod
362 2375 370 2389 ‚
390 2355 429 2385 do
451 2364 572 2395 operam
586 2373 595 2387 ,
613 2362 646 2383 ut
664 2353 772 2383 faciam
791 2363 882 2394 quam
903 2355 1036 2383 minima
1054 2354 1138 2383 illius

174 2397 352 2427 tontumelia.
375 2397 425 2427 sed
440 2397 497 2426 hoc
507 2398 600 2426 Bruto
613 2394 715 2425 nostro
725 2395 820 2425 velim
831 2395 922 2428 dicas,
934 2396 1023 2425 illum
1036 2394 1138 2425 fecisse

176 2449 239 2513 gosn
257 2439 336 2511 ἕως
352 2460 359 2473 ,
377 2442 429 2481 qui
445 2438 576 2470 adventu
594 2447 665 2468 meo
680 2457 695 2472 2
710 2446 802 2479 quam
812 2436 983 2478 longissime
994 2438 1137 2478 potuerit,

199 2492 206 2510 ι
221 2492 253 2513 ce
278 2490 344 2512 erit.

1165 114 1711 164 Cxcnnours

1396 197 1590 227 CICERO
1610 199 1832 232 ATTICO,
1856 200 1876 230 S

1249 238 1334 267 nau
1346 237 1457 267 vellem
1466 238 1575 268 Romae
1585 237 1656 268 ess'es
1666 259 1674 273 ‚
1689 239 1706 269 si
1718 240 1794 270 forte
1805 251 1868 271 non
1878 249 1920 270 es.
1944 237 2021 270 nihil
2031 239 2117 272 enim

1250 280 1321 308 certi
1331 278 1514 309 habebamus
1524 297 1533 310 ‚
1549 278 1603 309 nifi
1611 280 1753 321 accepisse
1764 293 1819 312 nos
1831 293 1892 313 tuas
1904 284 2014 312 litteras
2025 285 2060 312 A.
2073 284 2118 312 D.

1161 330 1260 350 xtlii.
1275 322 1361 350 KAL.
1373 323 1454 352 Sext.
1479 319 1574 351 datas:
1597 323 1630 350 in
1647 324 1756 363 quibus
1779 325 1921 364 scriptum
1933 322 2002 354 elii-t
2014 344 2023 357 ,
2046 333 2072 354 te
2083 325 2125 355 in.

1159 364 1286 402 Epirum
1299 364 1410 393 iturum
1421 363 1538 393 circiter
1548 365 1632 393 ΚΜΔ.
1643 366 1779 394 Sextiles.
1804 367 1851 397 sed
1867 387 1875 401 ‚
1890 366 1947 396 sive
1958 369 2066 396 Rom-a:
2077 375 2122 400 cs,

1161 402 1219 433 five
1239 406 1271 434 in
1282 407 1374 444 Epiro
1389 424 1398 439 ‚
1419 405 1517 435 Parthi
1528 405 1709 444 Euphratem
1726 406 1899 438 transierunt
1912 409 1986 438 duce
1997 411 2121 442 Pacoro,

162 475 237 497 num
251 485 260 499 ‚
280 462 420 503 autquod
431 462 495 503 lege
503 461 582 503 Julia
590 461 650 492 dari
664 460 755 492 solet,
776 468 840 489 non
849 459 980 499 accipere
993 477 1002 492 ‚
1021 456 1072 488 sed
1084 465 1121 486 ne
1143 496 1144 507 ἵ
1161 445 1318 518 Ξὲἶζέἰζέ
1334 445 2124 532 ἑξὶῑέυὲὶῑὲῗέᾞὲιᾞώιῆἐὲῖἱζέᾅὲἑὶῑδςζῗὲζδῗὲῗξ,

1144 558 1146 564 ,
1163 530 1235 570 pido
1253 531 1426 561 Antiochiae
1436 540 1507 561 cum
1517 532 1606 560 omni
1616 540 1759 561 exercitu.
1783 541 1839 561 nos
1854 534 1885 563 in
1895 534 2078 573 Cappadocia
2087 532 2124 564 ad

1165 575 1302 603 Taurum
1320 582 1391 603 cuin
1410 574 1543 603 exercitu
1560 573 1596 603 ad
1608 572 1754 612 Cybistra.
1779 573 1872 603 hostis
1887 576 1918 604 in
1930 575 2125 615 Cyrrhestica;

1165 624 1230 655 quat:
1251 616 1340 654 Syriae
1357 624 1421 655 pars
1437 617 1578 655 proxima
1596 613 1638 644 est
1648 617 1812 654 provincia:
1824 626 1908 646 meae.
1929 617 1974 646 his
1987 617 2023 647 de
2035 618 2125 647 rebus

1166 655 1262 697 scripfi
1279 656 1314 687 ad
1335 660 1496 687 Senatum:
1515 667 1587 698 quas
1607 657 1738 690 litteras,
1759 656 1778 686 si
1798 660 1907 688 Romae
1928 668 1978 692 es,
1996 658 2126 692 videbis,

1167 699 1289 738 putesne
1309 698 1474 729 reddendas
1496 709 1502 728 :
1527 699 1561 729 ὃς
1581 699 1695 732 multa,
1719 701 1820 729 immo
1838 702 1944 730 omnia
1964 711 1969 729 :
1994 709 2126 740 quorum

1165 740 1356 784 κεφώλκιον
1371 766 1378 780 ,
1394 757 1433 779 ne
1443 746 1516 789 quid
1530 748 1666 788 interrasa
1676 767 1684 782 ,
1705 747 1876 790 &porresta
1887 768 1896 782 ,
1915 749 2128 789 utajuntone-

1167 791 1206 819 ris
1222 788 1430 820 mihiaddatur
1443 810 1452 823 ,
1471 799 1521 820 aut
1530 792 1685 830 temporis.
1708 794 1798 820 nobis
1807 793 1889 820 enim
1905 811 1912 824 ‚
1935 792 1988 821 hac
1997 790 2129 821 infirmi..

1167 840 1224 861 tate
1235 833 1381 862 exercitus
1393 851 1401 865 ‚
1421 834 1522 872 inopia
1536 831 1687 862 sociorum
1701 852 1709 865 ‚
1721 833 1884 872 praeseitim
1898 831 2035 863 fidelium
2046 853 2055 867 ,
2065 843 2129 863 cer-

1169 871 1314 904 tissimum
1339 873 1503 904 subsidium
1522 873 1565 904 est
1578 875 1687 904 hiems.
1711 885 1743 904 ea
1756 873 1921 908 sivenerit,
1943 875 2051 905 necilli
2061 883 2128 905 ante

1170 917 1202 945 in
1215 925 1314 946 meam
1325 917 1513 956 provinciam
1525 914 1709 950 transierint,
1725 926 1823 946 unum
1833 926 1948 950 vereor,
1960 927 1996 947 ne
2006 920 2130 947 Senatus

1169 966 1290 997 propter
1306 958 1484 988 urbanarum
1503 967 1603 988 rerum
1615 967 1730 989 metum
1743 960 1924 998 Pompejum
1936 959 2014 989 nolit
2024 959 2132 989 dimit-

1170 1007 1240 1029 tcre.
1264 998 1345 1040 quod
1355 998 1375 1029 sl
1384 1000 1478 1030 alium
1487 999 1523 1030 ad
1535 1009 1586 1030 ver
1596 1001 1690 1030 mittit
1704 1021 1712 1033 ,
1725 1010 1788 1030 non
1798 1001 1910 1030 laboro.
1934 1001 2024 1031 nobis
2036 999 2131 1031 modo

1171 1044 1318 1082 temporis
1328 1051 1365 1071 ne
1375 1041 1447 1082 quid
1458 1050 1644 1082 prorogetur.
1668 1044 1743 1072 Haec
1756 1043 1762 1070 i
1786 1043 1846 1072 itur
1856 1062 1864 1076 ,
1876 1041 1895 1071 s1
1906 1045 2015 1073 Romae
2027 1053 2057 1073 es
2071 1053 2075 1071 1
2087 1041 2131 1072 sin

1170 1083 1239 1113 abes
1250 1103 1260 1116 ‚
1270 1092 1320 1113 aut
1328 1085 1418 1113 etiarn
1428 1081 1449 1112 fi
1458 1083 1526 1113 ades
1541 1084 1621 1116 Jbaec
1630 1086 1749 1124 negotia
1759 1052 1797 1114 iic
1807 1084 1836 1115 se
1845 1083 1965 1114 habent.
1989 1089 2005 1112 9
2014 1088 2134 1116 Stamus

1170 1126 1304 1158 animis3
1325 1125 1377 1158 δε,
1399 1126 1469 1165 quia
1490 1122 1641 1158 consiliis.
1662 1135 1695 1155 ut
1716 1126 1876 1160 videmur,
1895 1127 1984 1156 bonis
2007 1129 2132 1174 utimur?

1172 1166 1321 1206 speramus
1336 1168 1415 1196 eiam
1428 1176 1531 1196 manu.
1556 1174 1620 1196 tuto
1640 1167 1834 1197 consedimus
1845 1187 1853 1201 ‚
1874 1168 2032 1208 ¹0copi0so
2046 1167 2133 1198 afru-

1174 1217 1280 1238 mento
1291 1228 1300 1242 ,
1321 1209 1460 1239 Ciliciam
1470 1217 1562 1248 prope
1571 1208 1776 1248 conspiciente
1788 1229 1796 1242 ,
1819 1210 1961 1249 expedito
1982 1214 2006 1229 ¹¹
2018 1210 2053 1240 ad
2065 1219 2136 1240 mu-

1173 1250 1298 1281 tandum
1311 1270 1320 1284 ,
1339 1251 1406 1281 loco
1419 1262 1428 1285 3
1447 1260 1538 1291 parvo
1548 1253 1698 1284 exercitu3
1718 1250 1766 1285 sed
1778 1270 1787 1284 ,
1797 1260 1830 1280 ut
1840 1251 1923 1291 spero
1937 1271 1945 1285 ‚
1957 1252 1992 1282 ad
2006 1251 2135 1282 benivo-

1173 1293 1296 1322 lentiam
1306 1302 1372 1333 erga
1383 1302 1438 1322 nos
1448 1292 1670 1323 consentiente:
1686 1302 1779 1333 quem
1790 1302 1845 1323 nos
1859 1314 1867 1326 ,
1878 1296 1925 1323 De
1925 1295 2013 1332 jocari
2024 1294 2136 1324 adven⁴

1175 1343 1207 1365 tu
1227 1344 1299 1364 cum
1317 1334 1376 1364 suis
1398 1334 1543 1364 omnibus
1561 1336 1675 1374 copiis,
1697 1335 1873 1375 duplicaturi
1896 1345 2025 1365 eramus.
2048 1336 2137 1366 sociis

1173 1377 1271 1406 multo
1288 1375 1476 1407 fidelioribus
1491 1378 1605 1406 utimur
1618 1395 1627 1410 ‚
1649 1377 1742 1417 quam
1753 1377 1910 1418 quisquam
1927 1381 1956 1396 ¹²·
1968 1378 2035 1407 usus
2055 1376 2137 1407 esset:

1173 1418 1283 1459 quibus
1301 1417 1466 1448 incredibiles
1482 1418 1602 1449 videtur
1621 1418 1654 1449 &
1672 1418 1772 1449 nostra
1796 1419 1994 1450 mansuetudo
2006 1418 2139 1450 &absti-

1174 1462 1287 1490 nentia.
1311 1460 1445 1490 deleEtus
1470 1460 1596 1491 habetur
1614 1463 1731 1491 civium
1753 1463 1976 1492 Romanorum.
1999 1460 2140 1492 frumen—

1174 1511 1242 1533 tum
1264 1511 1302 1532 ex
1319 1503 1395 1543 agris
1412 1505 1444 1532 in
1463 1502 1528 1533 loca
1548 1511 1610 1532 tuta
1628 1512 1842 1543 comportatur.
1865 1502 1886 1532 si
1907 1503 1997 1533 fuerit
2014 1501 2139 1538 occasio,

1179 1553 1271 1575 manu
1283 1565 1293 1578 ,
1306 1542 1350 1574 sin
1360 1546 1427 1573 min
1433 1543 1466 1573 tis
1476 1563 1484 1577 ‚
1497 1544 1571 1574 locis
1581 1553 1637 1574 nos
1648 1543 1859 1574 defendemus.
1883 1555 1973 1585 quare
1982 1545 2063 1575 bono
2072 1546 2140 1574 ani-

1175 1596 1230 1616 mo
1250 1595 1291 1616 es.
1314 1585 1405 1616 video
1420 1587 1505 1616 enim
1526 1594 1554 1616 te
1569 1606 1578 1620 ,
1599 1586 1652 1619 &‚
1672 1584 1751 1626 quasi
1770 1596 1862 1615 coram
1871 1586 1961 1627 adfis,
1985 1589 2025 1617 ita
2044 1596 2138 1618 cerno

1179 1628 1394 1670 σνμπῑὶθῑ-’Μ
1408 1637 1521 1666 amoris
1539 1637 1593 1665 tui.
1617 1634 1665 1666 sed
1685 1644 1713 1666 te
1731 1645 1802 1677 rogo
1814 1656 1821 1668 ‚
1842 1635 1873 1674 (si
1893 1637 1956 1666 ullo
1974 1635 2062 1676 paiste
2075 1635 2141 1666 fieri

1176 1678 1297 1718 peterit)
1320 1675 1340 1707 fi
1363 1678 1475 1719 integra
1494 1679 1527 1708 in
1545 1680 1654 1708 Senatu
1674 1677 1774 1708 nostra
1790 1678 1873 1708 causa
1889 1678 1924 1708 ad
1943 1680 2035 1708 KAL..
2048 1679 2139 1719 Janu.

1178 1719 1322 1749 manserit
1335 1738 1344 1752 ,
1368 1728 1401 1748 ut
1419 1721 1528 1749 Roma:
1546 1717 1581 1748 sis
1599 1719 1701 1749 mense
1722 1721 1879 1761 Januario.
1906 1719 2043 1759 profe6lo
2063 1720 2142 1752 nihil

1175 1762 1319 1800 accipiam
1340 1762 1459 1798 injuriae
1470 1779 1479 1794 ‚
1499 1759 1561 1790 fitu
1572 1760 1677 1791 aderis.
1700 1763 1815 1791 amicos
1825 1762 1969 1791 Consules
1983 1762 2145 1796 habemus,

1180 1806 1209 1829 ¹³
1220 1801 1355 1832 nostrum
1375 1802 1550 1833 Tribunum
1563 1802 1641 1842 pleb.
1653 1804 1812 1832 Furnium.
1838 1802 1945 1832 verum
1955 1811 2003 1833 tua
2013 1803 2055 1833 est
2065 1812 2146 1843 opus

1177 1843 1339 1874 assiduitate
1360 1862 1369 1877 ‚
1390 1843 1546 1884 prudentia
1564 1864 1574 1878 2
1592 1845 1692 1885 gratia.
1734 1854 1853 1885 tempus
1870 1844 1913 1875 est
1933 1843 2140 1875 necessarium.

1178 1886 1227 1917 sed
1248 1895 1331 1926 turpe
1349 1884 1392 1916 est
1403 1905 1412 1920 ‚
1435 1895 1485 1916 me
1494 1887 1631 1926 pluribus
1643 1887 1740 1916 verbis
1750 1896 1833 1928 agere
1844 1895 1955 1917 tecum.
1981 1890 2142 1926 Cicerones

1179 1927 1274 1958 nostri
1288 1928 1356 1958 sunt
1364 1926 1441 1968 apud
1451 1930 1630 1968 Dejotarum
1643 1948 1650 1962 ‚
1672 1928 1720 1959 sed
1733 1949 1741 1962 ‚
1753 1928 1773 1958 si
1785 1938 1861 1968 opus
1872 1932 1944 1962 erit,
1955 1928 2142 1960 deducentur

1178 1969 1337 2000 Rhodum.
1362 1973 1413 2001 Tu
1426 1989 1435 2003 ,
1457 1969 1477 1999 fi
1488 1980 1518 2000 es
1529 1972 1639 2000 Romae
1649 1981 1658 2004 3
1669 1979 1701 2000 ut
1711 1971 1787 2001 soles
1800 1990 1809 2004 ,
1822 1969 2044 2012 diligentiffime
2057 1982 2062 1999 ;
2077 1969 2142 2002 fiin

1178 2015 1291 2052 Epir03
1306 2013 1391 2042 mitte
1401 2020 1503 2042 tamen
1512 2012 1546 2042 ad
1561 2022 1617 2043 nos
1629 2012 1665 2042 de
1675 2015 1734 2042 tuis
1742 2015 1874 2054 aliquem
1886 2013 2073 2043 tabellarium
2088 2021 2142 2047 3ut

1180 2054 1270 2087 &tu,
1289 2053 1363 2094 quid
1380 2063 1440 2084 nos
1454 2064 1576 2094 agamus
1588 2074 1596 2088 ,
1618 2055 1651 2085 &
1669 2064 1745 2089 nos,
1769 2055 1843 2096 quid
1864 2064 1987 2096 magas,
2007 2054 2150 2096 quidque·

1180 2095 1299 2126 asturus
1313 2094 1348 2125 fis
1360 2115 1368 2130 ‚
1390 2096 1461 2126 scire
1478 2094 1633 2136 poffimus.
1657 2099 1721 2137 Ego
1741 2099 1784 2128 tui
1795 2099 1878 2127 Bruti
1888 2106 1952 2127 rem
1964 2095 2002 2127 fic
2011 2107 2085 2138 ago,
2108 2104 2142 2127 ut

1159 2139 1260 2177 *fitam
1281 2138 1337 2178 ips&
1355 2147 1419 2168 non
1437 2147 1544 2179 ageret.
1568 2138 1616 2168 sed
1635 2139 1696 2178 jam
1712 2139 1842 2169 exhibeo
1850 2139 2002 2179 pupillum
2014 2158 2024 2172 ,
2043 2148 2141 2178 neque

1179 2179 1322 2210 defendo.
1346 2180 1415 2210 sunt
1436 2182 1520 2210 enim
1540 2182 1662 2221 negotia
1687 2180 1720 2211 δε
1732 2182 1813 2211 lenta
1824 2201 1835 2214 ‚
1854 2181 1887 2211 &
1897 2182 2007 2210 inania.
2029 2179 2140 2210 faciam

1181 2231 1281 2252 tamen
1293 2222 1367 2252 satis.
1391 2221 1446 2252 tibi
1456 2222 1593 2263 quidem,
1603 2223 1654 2253 cui
1664 2221 1820 2254 difficilius
1831 2222 1873 2253 est
1882 2242 1892 2257 ,
1903 2222 1993 2263 quam
2002 2220 2067 2262 ipsi.
2090 2220 2143 2252 sed

1178 2264 1256 2296 certe
1270 2263 1443 2295 satisfaciam
1458 2267 1586 2305 utrique.

1412 2313 1605 2342 CICERO
1627 2313 1846 2346 ATTICO,
1878 2310 1907 2342 S.

1286 2358 1500 2397 BS1GNARAM
1524 2357 1586 2394 jam
1602 2360 1632 2383 ¹4
1640 2355 1797 2396 epistolam
1819 2367 1883 2387 eam
1901 2377 1910 2391 ‚
1928 2365 2017 2398 quam
2028 2363 2103 2396 puto
2114 2362 2143 2386 te

1284 2397 1379 2427 modo
1389 2396 1563 2438 perlegiss'e',
1577 2397 1712 2438 scriptam
1725 2408 1792 2429 mea
1804 2409 1896 2429 manu
1907 2419 1915 2432 ,
1928 2401 1962 2428 in
1972 2408 2029 2439 qua
2038 2400 2144 2429 omnia

1179 2441 1386 2472 continentur,
1400 2439 1510 2470 ¹5cum
1519 2440 1617 2470 subito
1627 2442 1716 2481 Appii
1727 2441 1896 2471 tabellarius
1907 2442 2142 2472 A.D..x1.KA1..

1180 2479 1286 2511 Ostob.
1310 2481 1438 2521 septimo
1446 2480 1669 2524 quadragesimo
1677 2483 1725 2513 die
1733 2484 1835 2514 Roma
1843 2483 1979 2514 celeriter
1995 2482 2061 2522 (hui
2074 2490 2144 2553 ltana

2087 2532 2145 2553 on..

214 2617 237 2634 ι.
260 2603 488 2643 Ω“ιέἰςοηιη,ἱιεηι.,]
505 2606 658 2633 ViCtorium
676 2606 714 2633 ita
726 2605 907 2633 restituentem
926 2605 1071 2642 sequuntur
1082 2608 1136 2633 Bo-

177 2649 226 2676 ssus
237 2648 368 2684 &Junius
381 2660 385 2674 :
401 2647 546 2675 Lambinus
558 2657 610 2674 non
619 2646 699 2674 audet
711 2647 820 2681 rejicere
835 2646 969 2682 vulgatam
981 2647 1138 2679 lectionem,

174 2686 308 2719 pofftffiones
318 2687 428 2710 omnium.

214 2729 242 2747 2.
262 2722 332 2747 Ἡλεί
341 2723 481 2747 omninuinos
491 2719 573 2754 vitm]
587 2719 628 2745 Ex
641 2726 764 2755 corrupta
775 2719 914 2746 Decurtati
925 2719 1052 2751 lemene,
1065 2722 1139 2745 omni-

178 2765 268 2788 munos,
279 2756 344 2784 istud
357 2757 462 2792 reponit
471 2754 571 2782 Bosius.
584 2755 684 2790 Junius
697 2755 811 2787 mavult,
822 2758 964 2782 omnimunes
975 2766 982 2781 .’
1001 2756 1139 2783 Manutius

179 2793 314 2823 emendat,
324 2796 413 2818 omniuo
422 2795 479 2817 vin
489 2803 497 2824 ,-
519 2790 628 2827 Mulasp.
640 2794 730 2817 omnino
739 2801 774 2818 eos
783 2795 849 2818 wine.

218 2835 243 2862 3.
264 2832 303 2854 Ex
311 2830 415 2854 domibus
423 2828 554 2861 ammaim]
575 2828 617 2853 Sic
636 2827 969 2863 iiite1·pungitManutius;
990 2838 1019 2854 ex
1036 2828 1139 2854 domibus

181 2865 304 2888 mehercule
314 2867 395 2896 eiiam,
405 2865 510 2890 adventu
520 2865 603 2896 nostro,
613 2866 761 2897 reviviscunt
762 2866 870 2897 justina.
886 2866 1013 2897 Faernus,
1024 2874 1053 2890 ex
1065 2864 1138 2890 domi-

180 2900 225 2925 hm
235 2901 358 2924 mehercule
366 2901 451 2934 &jam
461 2900 567 2925 adventu
577 2901 650 2933 nostro
661 2901 917 2934 revivfiunrjuflitia.

216 2941 244 2966 4.
264 2936 376 2969 Sestium]
397 2936 477 2971 Vulg.
489 2939 594 2962 Sextius,

179 3007 200 3032 h
218 2978 244 3003 5.
264 2972 411 2997 Hunclocum
421 2972 512 3006 muni]
534 2971 577 2998 Sic
587 2970 683 3004 Scidae,
693 2971 812 2999 Toriiaes.
823 2972 851 2998 &
862 2971 978 3000 Crusell.
990 2972 1064 3008 vulg.
1076 2974 1138 2999 hunc

202 3014 252 3031 cum
262 3015 327 3031 ama.

214 3042 242 3067 6.
262 3042 366 3077 ondit]
386 3042 461 3067 Orodae
470 3043 496 3067 8<
508 3042 549 3069 liic
560 3045 586 3070 &
597 3043 666 3071 infra
677 3043 745 3071 liber
755 3043 803 3070 ms.
815 3045 942 3071 Manutii.

214 3085 243 3109 7.
263 3078 413 3110 Cunaisserk
424 3079 515 3111 copiis]
536 3081 577 3106 Ita
588 3081 698 3106 Decurt.
717 3081 744 3107 8<
757 3080 876 3108 Tornaes.
895 3080 1031 3109 Victorius
1050 3081 1140 3107 ‘anais

177 3115 264 3147 *resino
273 3114 351 3146 copiis,
362 3112 433 3149 quod
445 3114 526 3149 vulgo
540 3124 673 3150 receptum
685 3116 731 3143 est.

216 3148 243 3177 8.
262 3151 364 3177 Bibulus
373 3149 472 3177 nondum
491 3151 661 3186 audiebatur]
682 3152 818 3182 Vitiorius
830 3152 944 3182 faciebat
953 3154 1055 3180 Bibulus
1062 3162 1092 3179 ne
1101 3158 1138 3179 u-

1181 2604 1277 2635 gitabat
1285 2603 1377 2637 quidem
1389 2623 1397 2636 ‚
1407 2612 1440 2629 ex
1452 2602 1488 2629 sui
1499 2603 1604 2640 antiqui
1615 2611 1739 2640 corrupta
1749 2604 1795 2630 hac
1805 2604 1932 2641 scriptura
1943 2622 1955 2637 ,
1970 2605 2070 2630 Bibulus
2079 2612 2146 2637 nego..

1187 2640 1266 2664 trabat
1276 2640 1378 2673 quidem.
1397 2646 1473 2666 antea
1483 2648 1551 2671 erat,
1561 2642 1724 2666 nuntiabatur
1732 2641 1834 2675 quidem.

1221 2683 1250 2710 9.
1270 2679 1366 2701 stamus
1375 2676 1471 2707 animis,
1481 2676 1548 2710 dre]
1570 2677 1691 2703 Muretus
1702 2676 1729 2703 d.
1740 2686 1795 2712 cap.
1809 2675 1948 2703 undecimo
1958 2673 2025 2709 legit
2035 2692 2043 2704 ,
2058 2675 2148 2708 spera*-

1185 2721 1238 2736 mm
1255 2712 1284 2742 &·
1293 2713 1348 2745 jam
1367 2720 1426 2737 arvo
1443 2718 1492 2737 tuto
1511 2712 1658 2746 consedimus.
1689 2712 1812 2749 vulgata:
1827 2715 1955 2747 speramus
1972 2713 2043 2735 ctiam
2060 2719 2146 2738 manu.

1186 2749 1241 2772 Tura
1251 2748 1402 2780 consedimus.

1224 2792 1266 2810 ιο.
1286 2784 1374 2818 Copiofh
1385 2783 1547 2818 ‹ist-umento]
1568 2783 1724 2811 Beffiirionis
1736 2782 1784 2810 ms.
1793 2792 1836 2818 quo
1843 2783 1896 2816 ‘1’in
1905 2781 1920 2808 ἃ
1926 2783 2054 2815 frumento.

1224 2828 1233 2846 1
1243 2829 1251 2845 ι
1259 2839 1265 2846 .
1285 2820 1340 2847 eAd
1347 2822 1505 2851 mutandum,
1524 2820 1593 2853 loco.]
1616 2821 1692 2846 Hanc
1711 2819 1826 2846 Manutii
1846 2819 2025 2852 conjecturam
2046 2816 2146 2845 confir-

1185 2863 1260 2882 mant
1270 2856 1380 2882 Decurt.
1394 2857 1421 2882 &
1432 2855 1550 2882 Tornaes.
1562 2854 1698 2883 Victorius
1709 2874 1717 2887 ,
1728 2864 1806 2891 quein
1819 2854 1922 2891 sequuti
1933 2854 2028 2890 reliqui
2040 2863 2145 2887 omnes,

1184 2892 1218 2917 ad
1226 2892 1365 2918 mutandum
1375 2894 1457 2918 Iocum.
1502 2910 1503 2913 κ

1224 2942 1266 2960 12.
1287 2934 1345 2967 Usus
1355 2933 1432 2967 effi·r.]
1445 2931 1554 2964 Melius,
1565 2938 1595 2958 ut
1606 2929 1711 2958 videtur
1720 2930 1831 2964 Ursino,
1843 2932 1959 2959 Fa'e'rnus
1969 2931 2037 2968 legit
2046 2940 2080 2960 ex
2089 2940 2140 2959 an·

1185 2969 1262 3005 tiquo
1275 2970 1354 3000 libi-0,
1364 2970 1420 3003 usus·
1430 2970 1474 2994 eft.

1223 3014 1267 3041 13.
1286 3007 1401 3040 Qstrum
1410 3003 1485 3037 tritu]
1506 3003 1587 3065 Vul?

1222 3048 1264 3074 14.
1285 3043 1411 3074 Epistulam
1419 3040 1495 3074 eam.]
1518 3039 1559 3065 Vu
1573 3048 1590 3074 g

1223 3088 1231 3106 ι
1238 3089 1264 3114 5.
1284 3083 1343 3107 Cum
1347 3080 1424 3113 ficln'tb
1434 3082 1506 3113 Appii
1515 3081 1664 3106 tabellarius.
1680 3081 1693 3114 ]
1716 3081 1830 3107 Auxilio
1839 3080 1943 3117 antiqui
1952 3080 1990 3107 sui
2004 3080 2042 3107 ita
2052 3079 2148 3106 referia

1182 3116 1230 3152 psit
1241 3115 1388 3142 Vrsini-ius.
1408 3117 1481 3151 prius
1495 3123 1551 3142 erat
1563 3135 1571 3147 ,
1591 3117 1726 3150 cumfitlu'ro
1736 3119 1851 3150 applicuit
1859 3119 2010 3144 tabellarius.
2030 3115 2146 3143 restituit

1182 3151 1265 3180 etiam
1272 3150 1335 3180 inde
1347 3151 1540 3186 Vi&mius‚sui
1551 3159 1602 3179 tam
1611 3153 1684 3187 longa,
1695 3162 1756 3189 pro,
1767 3155 1815 3181 ivit
1823 3159 1876 3180 tam
1883 3153 2020 3186 mihblmgc).

2033 3187 2132 3220 inn

1598 3005 1683 3036 nostros
1693 3005 1751 3030 trib.

1595 3060 1600 3065 .
1611 3042 1726 3072 epistolam
1735 3049 1818 3066 meam.
1835 3043 1837 3047 ’

2137 209 2181 244 18

2134 2313 2209 2357 .ῐ9’
