2360 3400
85 1493 128 1518 10
146 1487 200 1515 Dii
211 1485 398 1514 immortales
409 1502 417 1516 ,
431 1482 521 1523 quam
537 1492 568 1513 tu
578 1483 753 1523 longejuri's
763 1486 909 1523 principia
918 1487 1027 1524 repetis
1041 1488 1046 1514 Ε
1063 1495 1108 1516 at-

654 93 747 126 DE
840 80 1133 126 Laern

164 157 330 191 meditatas,
351 155 385 187 &
401 154 470 186 usus
484 161 594 185 tantam
607 165 709 188 rerum
723 157 890 190 ubertatem
904 167 1005 190 natura
1019 158 1121 198 largita

162 200 224 234 est,
245 208 278 229 ut
296 207 346 231 ea,
365 207 430 239 quae
447 198 629 238 gignuntur,
649 199 757 230 donata
768 198 907 230 consulto
922 200 1011 230 nobis
1023 219 1031 233 ,
1053 209 1118 229 non

161 239 286 271 fortuito
296 248 361 270 nata
371 239 542 269 videantur:
556 249 611 270 nec
621 240 721 270 solum
733 252 764 271 ea
772 261 781 275 ‚
792 252 856 282 quae
866 241 1000 283 frugibus
1009 260 1019 274 ,
1032 250 1118 282 atque

153 283 240 313 bacis
258 290 340 311 terrae
352 279 427 311 soetu
443 280 667 321 profunduntur
678 302 687 316 ‚
709 283 756 313 sed
767 293 855 313 etiam
871 283 1013 323 pecudes:
1035 281 1117 323 quod

157 323 347 363 perspicuum
360 320 392 352 sit
403 343 411 355 ,
432 323 538 362 partim
549 321 607 352 ess'e
618 324 652 353 ad
663 325 751 354 usum
762 326 925 354 hominum
941 325 1071 364 ,partim
1082 323 1117 353 ad
1138 353 1139 360 ἵ

156 363 290 394 frustum
303 384 312 397 ,
331 366 438 404 partim
453 364 487 394 ad
503 364 683 395 vescendum
695 375 869 405 procreatas.
893 375 915 395 A
926 377 974 396 iu·
984 375 1003 395 a
1013 375 1025 394 s
1044 363 1116 394 vero
1137 391 1139 404 ,

155 405 394 439 innumerabiles
405 415 525 446 repertae
537 406 603 436 sunt
616 426 623 438 ‚
642 407 753 436 docente
762 415 878 436 natura.
901 417 991 448 quam
1003 407 1117 436 imitata

116 455 138 486 9
156 449 243 480 ratio,
255 457 300 476 res
310 447 346 477 ad
356 449 448 477 vitam
460 446 629 478 necessarias
640 448 774 478 sollerter
783 450 940 479 consecuta
950 447 1001 478 est.
1014 447 1115 487 Ipsum

154 498 256 519 autem
272 489 433 519 hominem
448 489 551 519 eadem
566 498 669 519 natura
682 500 744 520 non
759 491 858 520 solum
870 491 1017 520 celeritate
1028 499 1114 518 rneri-

155 531 193 561 tis
206 532 325 561 ornavit
335 550 344 564 ‚
359 531 407 561 sed
419 533 509 561 etiam
521 530 619 560 sensus
632 551 639 564 ‚
654 538 792 573 tanquam
798 532 934 571 fizteuires
944 551 952 564 ‚
967 530 1113 563 attribuit,
1135 537 1137 569 ξ

154 582 187 602 ac
198 574 341 602 nuntios:
363 572 396 603 ὃς
406 582 505 602 rerum
518 572 718 611 plurimarum
741 577 750 592 ¹
765 573 901 603 obscuras
912 593 921 607 ,
941 573 974 603 &
985 570 1114 602 necess‘a-

154 614 212 643 rias
232 614 445 659 intelligentias
464 613 607 644 enudavit
626 633 634 648 ‚
665 613 742 655 quafi
763 614 960 645 fundamenta
978 613 1114 655 quaedam

153 656 304 686 scientiae:
326 656 509 697 figuramque
518 656 653 694 corporis
663 656 794 686 habilem
806 676 814 689 ‚
837 656 869 686 δι’.
880 665 978 696 aptam
989 657 1114 695 ingenio

152 697 288 728 humano
300 697 393 728 dedit.
417 707 487 727 nam
507 695 580 726 cum
600 706 709 727 ceteras
721 699 902 728 animanteis
914 696 1064 735 adjecisset
1077 696 1113 726 ad

152 737 268 778 pastum
280 759 289 772 ‚
312 739 410 769 solum
419 739 557 767 hominem
566 739 670 771 erexit,
691 738 727 769 ad
737 740 863 780 caelique
872 737 950 779 quasi
958 740 1115 780 cognatio-

152 782 201 810 nis
213 800 221 814 ,
233 780 444 820 domiciliique
454 778 572 820 pristini
585 779 779 819 conspekium
791 782 934 810 excitavit
946 792 952 809 ;
973 789 1038 810 tiim
1052 779 1114 819 spe—

153 824 232 851 ciem
245 824 284 852 ita
294 821 437 852 formavit
448 824 508 851 oris
519 840 528 854 ‚
547 829 579 850 ut
590 823 620 850 in
634 831 667 851 ea
685 823 803 860 penitus
822 822 993 852 reconditos
1013 830 1114 850 mores

151 862 314 904 effingeret.
349 865 429 892 Nam
452 862 485 892 &
505 862 578 890 oculi
597 864 691 891 nimis
711 865 805 903 arguti
822 882 831 896 ,
851 862 1114 903 quemadmodum

149 907 256 934 animo
267 902 366 933 affefi'ti
377 902 466 932 simus
477 921 486 935 ‚
502 903 683 942 loquuntur:
706 904 774 933 &is
785 922 794 937 ,
809 905 1033 944 quiappeliatur
1047 903 1113 932 vul-

150 953 198 975 tus
208 965 216 978 ,
237 946 289 985 qui
302 944 387 974 nullo
397 946 429 973 in
439 946 592 973 animante
602 941 660 973 effe
672 963 681 977 ,
692 953 798 984 praeter
807 946 967 975 hominem
982 964 990 979 2
1001 944 1110 984 potest.
1132 943 1134 964 ²

146 986 260 1016 indicat
270 995 369 1016 mores
383 996 388 1014 :
408 986 492 1024 cujus
510 986 575 1015 virn
588 987 683 1016 Gracci
698 995 831 1020 norunt,
852 996 968 1017 nomen
977 984 1112 1017 omnino

147 1038 213 1058 non
223 1028 341 1058 habent.
366 1029 484 1057 Omitto
495 1029 731 1067 opportunitates
742 1047 751 1061 ,
767 1027 990 1069 habilitatesque
1000 1029 1110 1069 reliqui

146 1071 283 1109 corporis
293 1089 302 1102 ‚
318 1069 559 1099 moderationem
569 1070 668 1102 vocis,
690 1070 820 1099 orationis
829 1070 998 1115 vimoeqiiae
1005 1071 1111 1100 conci-

147 1112 249 1141 liatrix
260 1110 302 1141 est
312 1112 450 1140 humanae
461 1110 597 1140 maxime
610 1110 768 1141 societatis.
791 1113 900 1152 Neque
910 1121 994 1141 enim
1005 1113 1110 1141 omnia

145 1153 214 1183 sunt
225 1153 315 1189 hujus
326 1152 537 1192 disputationis
547 1171 555 1185 ,
568 1161 601 1182 ac
610 1154 754 1192 temporis
766 1163 770 1182 :
782 1152 814 1182 δε
822 1154 903 1183 hunc
914 1153 1015 1183 locum
1029 1153 1106 1185 satis,

145 1203 180 1224 ut
191 1196 268 1224 mihi
281 1194 416 1227 videtur,
438 1196 469 1223 in
485 1195 522 1223 iis
533 1193 617 1223 libris
629 1213 638 1226 ‚
657 1203 734 1234 quos
744 1193 854 1235 legistis
866 1215 874 1228 ,
897 1194 1035 1234 expressit
1047 1197 1110 1225 Sci-

143 1237 208 1276 pio.
230 1238 323 1266 Nunc
341 1237 488 1276 quoniam
511 1236 670 1265 hominem
686 1255 694 1269 ,
716 1239 729 1254 ²
741 1235 821 1276 quod
842 1238 1024 1276 principium
1039 1237 1112 1266 reli-

144 1287 271 1318 quarum
291 1286 392 1307 rerum
412 1273 469 1306 ess‘e
489 1277 589 1306 voluit
598 1296 607 1310 ,
627 1280 781 1317 generavit
790 1296 799 1311 ,
820 1278 853 1308 &
872 1280 991 1308 ornavit
1009 1280 1106 1313 Deus,

143 1319 335 1359 perspicuum
347 1317 379 1348 sit
389 1318 466 1348 illud
477 1318 528 1356 (ne
539 1328 644 1348 omnia
653 1317 842 1359 differantur)
851 1319 944 1359 ipsam
957 1329 1007 1359 per
1019 1321 1045 1350 se
1055 1330 1111 1350 na-

147 1369 244 1391 turam
255 1359 378 1399 longius
387 1360 524 1400 progredi
537 1371 542 1388 ;
564 1370 630 1400 quae
641 1365 732 1389 etiam
742 1360 829 1390 nullo
839 1361 966 1391 docente
976 1360 1109 1401 profesta

145 1401 182 1432 ab
192 1403 242 1435 iis,
255 1412 398 1442 quorum,
409 1411 447 1431 ex
456 1403 562 1440 prima,
577 1401 609 1430 ὃς
623 1402 761 1432 inchoata
771 1402 970 1442 intelligentia
982 1423 990 1436 ‚
1001 1413 1110 1443 genera

144 1445 292 1484 cognovit
301 1463 310 1476 ,
320 1453 378 1473 con
385 1440 482 1472 firmat
492 1442 552 1481 ipsa
559 1451 611 1481 per
621 1443 650 1472 se
659 1444 794 1471 rationem
804 1462 812 1476 ‚
826 1443 858 1472 ἅτ
869 1443 992 1483 perficit.
1026 1448 1106 1474 Αττ.

143 1536 202 1566 que
213 1528 251 1555 ita
262 1544 270 1558 ,
290 1533 323 1554 ut
333 1534 388 1566 ego
401 1534 463 1554 non
478 1521 574 1554 modo
587 1523 621 1554 ad
636 1523 689 1553 illa
702 1534 764 1553 non
779 1534 935 1564 properem
948 1545 958 1559 ‚
975 1536 1041 1566 quae
1052 1537 1108 1556 ex·
1126 1538 1129 1552 ι

141 1565 311 1607 ῙΡεᾶεὼεηι
321 1565 337 1596 a
350 1575 378 1596 te
390 1564 501 1604 dejure
512 1565 615 1598 civili,
633 1565 680 1595 sed
691 1563 781 1595 facile
792 1568 883 1605 patiar
893 1574 920 1595 te
931 1567 1012 1596 hunc
1022 1567 1106 1597 diem

139 1608 191 1638 vel
202 1616 300 1638 totum
314 1609 348 1637 in
362 1606 418 1637 isto
432 1608 571 1637 sermone
580 1607 768 1637 consumere.
793 1607 860 1637 sunt
870 1609 953 1637 enim
965 1608 1027 1638 haec
1038 1618 1107 1638 ma—

135 1649 220 1690 jora,
242 1659 308 1690 quae
322 1649 451 1681 aliorum
465 1649 551 1679 causa
562 1646 681 1679 fortass'e
695 1648 908 1688 commea-eris
919 1669 928 1682 ,
940 1650 1029 1689 quarn
1045 1650 1106 1689 ipsa

139 1692 194 1721 illa
209 1700 340 1732 quotum
355 1691 418 1721 haec
430 1690 515 1720 causa
527 1699 732 1730 praeparantur.
758 1692 802 1719 M.
821 1693 895 1720 Sunt
905 1692 968 1720 haec
978 1691 1103 1731 quidem

139 1742 248 1774 magna
259 1752 268 1765 ‚
280 1742 346 1773 quae
356 1742 438 1762 nunc
448 1731 577 1762 breviter
585 1732 790 1772 attinguntur:
806 1731 855 1761 sed
867 1733 1022 1766 omnium,
1034 1742 1103 1773 quae

137 1775 173 1804 in
192 1775 357 1804 hominum
376 1771 538 1803 do&orum
558 1772 759 1813 disputatione
773 1772 923 1802 versantur
936 1792 945 1806 ‚
967 1775 1046 1802 nihil
1060 1773 1103 1804 est

135 1814 276 1857 Ρτοῑεᾶὸ
287 1814 482 1855 praestabilius
492 1833 501 1848 ‚
515 1824 603 1855 quam
615 1814 703 1854 plane
714 1814 844 1854 intelligi
860 1823 917 1843 nos
933 1823 978 1843 An
990 1824 1103 1852 μητι-

140 1867 233 1888 τιΛΜ
247 1866 321 1887 essi:
339 1865 444 1886 Nix-ros
454 1876 464 1889 ‚
489 1866 586 1896 neque
600 1855 767 1895 opinione,
782 1855 831 1885 sed
843 1864 945 1885 natura
954 1854 1103 1885 constitu-

136 1906 204 1929 tum
216 1897 342 1938 effejus.
356 1898 461 1937 Idjam
472 1898 605 1938 patebit,
618 1895 638 1926 fi
649 1897 813 1926 hominum
826 1898 905 1926 inter
915 1897 994 1936 ipsos
1009 1897 1102 1927 socie-

136 1948 241 1974 tatem,
252 1939 540 1980 conJ‘unEtionemq3
550 1939 741 1979 perspexeris.
757 1938 845 1968 Nihil
856 1937 899 1968 est
907 1940 993 1968 enim
1005 1948 1100 1968 unum

134 1983 191 2012 uni
205 1990 265 2012 tam
280 1980 396 2014 simile,
419 1991 478 2011 tam
489 1990 540 2021 par
551 2000 560 2014 ,
581 1990 670 2021 quam
684 1989 793 2009 omnes
805 1981 883 2010 inter
896 1980 1100 2020 nosmetipsos
1120 1985 1121 1995 ¹

132 2023 247 2054 sumus.
271 2022 363 2062 Quod
374 2021 394 2052 fi
405 2022 570 2064 depravatio
579 2022 806 2061 confitetudi'num
816 2041 825 2054 ‚
846 2019 864 2051 si
875 2022 1036 2063 opinidnum
1046 2031 1101 2050 va·-

133 2065 210 2094 m'tas
222 2075 288 2095 non
303 2064 551 2094 imbecillitatem
566 2065 741 2094 animorum
760 2072 912 2103 torqueret
922 2083 931 2096 ‚
952 2063 984 2093 &
996 2062 1098 2093 Heste-

131 2115 178 2137 ret
187 2115 380 2147 quocumque
394 2105 545 2146 coepiffet:
566 2106 610 2136 sui
628 2115 722 2135 nemo
741 2105 801 2143 ipse
821 2114 880 2135 tam
894 2103 1001 2135 fimilis
1016 2103 1099 2142 ess'et,

133 2147 227 2189 quam
241 2157 350 2178 omnes
362 2148 432 2178 sunt
446 2148 602 2177 omniurn.
626 2148 722 2187 itaque
731 2155 930 2187 quaecumque
942 2146 984 2176 est
995 2148 1100 2178 homi—

131 2192 181 2220 nis
191 2188 352 2223 definitio,
374 2199 434 2219 una
447 2190 480 2218 in
499 2190 620 2218 omneis
637 2191 726 2218 valet.
745 2188 835 2225 Quod
851 2190 1019 2228 argumenti
1032 2189 1100 2221 satis
1118 2197 1120 2227 ζ

133 2229 177 2261 est
189 2250 197 2265 ‚
218 2231 335 2261 nullam
350 2229 629 2260 diflimilitudinem
643 2228 702 2260 effe
715 2231 749 2259 in
761 2239 879 2271 genere.
903 2240 968 2271 quae
983 2229 1002 2259 si
1017 2229 1097 2266 effer,

133 2282 201 2303 non
218 2282 277 2303 una
293 2274 415 2302 omneis
427 2270 567 2302 definitio
580 2274 758 2302 contineret.
782 2273 905 2301 Etenim
924 2272 1015 2306 ratio,
1039 2283 1099 2313 qua

130 2323 190 2343 una
198 2313 358 2356 praestamus
373 2312 454 2343 belua
465 2333 473 2348 ,
494 2323 546 2353 per
555 2323 644 2353 quam
655 2314 724 2352 conj
729 2312 826 2343 estura
836 2313 971 2343 valemus
982 2333 990 2347 ,
1013 2324 1099 2355 argu·
1118 2322 1120 2352 Ji

132 2364 309 2386 mentamur
319 2376 328 2390 2
351 2355 536 2388 refellimus,
559 2353 729 2385 disserimus
741 2374 750 2388 ,
771 2353 952 2385 conficimus
962 2356 1074 2396 aliquid
1088 2377 1097 2391 ‚
1118 2355 1119 2369 ³

129 2397 344 2429 concludimus
354 2416 364 2432 ‚
376 2398 456 2430 certe
467 2396 508 2429 est
518 2398 694 2429 communis
705 2417 716 2432 ,
726 2396 863 2429 doffiina
875 2394 1016 2430 differens
1026 2417 1036 2434 ‚
1044 2398 1098 2431 idi-

1171 74 1527 129 Us⁷L1i3.
1608 85 1640 131 1.
2001 93 2118 157 1189

1162 159 1260 190 scendi
1271 160 1395 202 quidem
1405 161 1542 194 facultate
1550 173 1610 204 par.
1633 175 1703 196 nam
1716 165 1749 197 &
1758 166 1890 199 sensibus
1899 168 2001 201 eadem
2014 173 2120 203 omnia

1159 203 1474 242 comprehenduntur:
1488 206 1520 235 δε
1530 216 1562 236 ea
1573 226 1581 238 ‚
1593 216 1657 247 quae
1670 217 1797 240 movent
1807 211 1916 245 sensus,
1929 213 2033 243 itidem
2048 223 2119 243 mo-

1159 252 1232 273 vent
1242 246 1385 274 omnium
1398 256 1403 274 ε
1416 256 1540 287 quaeque
1550 250 1582 277 in
1592 250 1703 278 animis
1714 252 1930 291 imprimuntur
1939 274 1947 287 ‚
1959 254 1995 284 de
2006 255 2118 296 quibus

1140 292 1141 299 ¹
1159 283 1227 313 ante
1247 286 1332 318 dixi,
1353 288 1498 318 inchoatae
1517 290 1743 330 intelligentiae.
1763 291 1900 324 similiter
1917 297 1949 325 in
1970 297 2118 327 omnibus

1159 323 1395 373 imprimuntur:
1414 329 1599 371 interpresque
1615 331 1659 360 εἶτ’
1677 335 1772 362 mentis
1783 337 1871 365 oratio
1883 356 1890 368 ‚
1914 337 1999 367 verbu
2012 338 2115 378 discr&

1157 374 1245 413 paris,
1262 369 1405 406 sententiis
1422 381 1576 410 congruens.
1600 383 1654 403 nec
1670 373 1711 404 cst
1724 377 1882 417 quisquam
1896 381 1994 420 gentis
2009 382 2114 413 ullius,

1157 418 1209 446 qui
1220 408 1327 439 ducem
1340 420 1472 441 naturam
1485 412 1590 443 naritus
1599 414 1637 442 ad
1648 417 1786 445 virtutem
1799 423 1955 458 pervenire
1968 432 2031 452 non
2044 422 2115 462 pos-

1159 448 1201 478 fit.
1247 452 1314 481 Nec
1325 451 1424 481 solum
1436 456 1467 483 in
1479 454 1567 484 renis
1578 475 1586 487 ‚
1608 456 1656 486 sed
1667 467 1756 488 etiam
1768 469 1800 488 in
1809 462 2001 500 pravitatibus
2012 483 2021 496 ‚
2041 462 2114 493 insi-

1135 520 1137 535 Ι
1157 492 1225 536 gnis
1245 490 1288 521 est
1306 493 1432 523 humani
1450 498 1566 535 generis
1585 495 1760 529 similitudo.
1783 511 1853 531 nam
1868 503 2057 545 &voluptate
2066 515 2115 536 ca-

1156 541 1280 571 piuntur
1298 543 1406 564 omnes
1425 546 1431 563 :
1454 547 1519 577 quae
1538 536 1588 567 etsi
1610 540 1746 571 illecebra
1766 545 1975 582 turpitudinis,
2001 556 2113 580 tamen,

1159 574 1271 604 3habet
1285 575 1427 615 quiddam
1439 576 1537 607 simile
1551 581 1690 611 naturalis
1702 582 1787 613 boni·
1807 586 1955 622 4lenitate
1966 587 2005 617 est
2016 591 2114 622 enim.

1157 614 1189 645 &
1202 614 1340 645 suavitate
1351 617 1500 649 delectans
1513 640 1521 652 ,
1535 619 1573 649 fic
1582 621 1618 650 ab
1629 632 1726 653 errore
1738 628 1848 656 mentis
1859 647 1868 661 ‚
1885 637 2025 669 tanquam
2036 630 2116 660 salii*

1161 665 1219 703 tare
1228 656 1351 697 aliquid,
1363 659 1526 690 asciscitur:
1540 660 1688 704 fimilique
1698 666 1815 698 inscitia
1823 679 1894 698 mors
1902 669 2024 711 fugitur,
2035 671 2116 712 quasi

1155 697 1311 728 diflolutio
1327 709 1455 731 naturaez
1474 704 1539 731 vita
1555 708 1722 743 expetitur,
1741 711 1811 748 quia
1829 720 1904 744 nos,
1925 713 1957 741 in
1974 722 2035 753 quo
2051 715 2116 743 nati

1156 739 1261 769 sumus
1271 760 1280 774 ‚
1291 743 1569 774 continet1doi'orin
1583 748 1723 778 maximis
1736 752 1824 780 malis
1835 752 1973 786 ducitur,
1983 753 2052 784 cum
2065 755 2115 785 sua

1155 781 1308 821 asperitate
1319 801 1328 815 ,
1350 791 1414 812 tum
1427 785 1510 824 quod
1523 794 1633 817 naturae
1644 788 1784 820 interitus
1797 793 1915 824 videtur
1927 795 2019 835 sequi.
2041 805 2115 836 pro„

1154 832 1278 863 pterque
1297 823 1459 855 honestatis
1471 846 1480 859 ,
1501 827 1534 857 δε
1551 828 1654 868 gloriae
1667 828 1899 865 similitudinem
1913 856 1921 870 ,
1941 836 2042 871 beati,
2061 839 2115 879 qui

1156 866 1297 896 honorati
1308 865 1375 895 sunt
1386 886 1394 900 ‚
1406 867 1545 898 videntur
1557 880 1562 898 ;
1575 870 1680 901 miseri
1689 881 1789 903 autem
1800 894 1808 908 ,
1819 877 1871 915 qui
1885 879 2018 918 inglorii.
2042 888 2115 909 mo·

1155 904 1268 939 lestia:‚
1291 907 1422 942 loetitiae‚
1441 910 1635 949 cupiditates,
1656 914 1798 949 timores,
1821 917 1956 949 iimiliter
1968 923 2113 951 omnium

1154 950 1284 994 menteis
1293 958 1485 990 pervagantur
1495 962 1500 979 2
1512 962 1577 985 nec,
1587 951 1607 982 fi
1617 957 1778 993 opiniones
1787 958 1850 988 alia:
1861 960 1929 990 sunt
1937 962 2013 1001 apud
2023 963 2112 996 alios,

1152 988 1264 1034 idcirco
1274 1010 1283 1023 ‚
1295 992 1347 1030 qui
1358 1001 1462 1022 canem
1476 1012 1484 1025 ‚
1497 993 1530 1023 δε
1540 993 1632 1024 felem
1644 1014 1652 1028 .
1666 1005 1699 1026 ut
1709 997 1780 1028 deos
1791 1019 1800 1033 ,
1811 1000 1917 1032 colunt
1926 1022 1935 1035 ,
1945 1013 2008 1032 non
2019 1004 2112 1033 eadem

1146 1029 1525 1073 fiapersttrz'one,quaceters:
1536 1045 1652 1075 genteS,
1664 1038 1885 1072 conflicffiantur.
1909 1046 1996 1082 QoAE
2010 1055 2113 1077 autem

1152 1081 1263 1102 NArio
1277 1082 1344 1103 NON
1359 1083 1564 1106 COM1TATEM
1576 1097 1584 1110 ‚
1597 1088 1661 1108 non
1673 1079 1889 1121 benignitatem
1902 1105 1908 1117 ,
1919 1096 1982 1116 non
1993 1096 2111 1127 gratum

1151 1115 1289 1144 animum
1302 1115 1335 1145 ὃς
1345 1115 1485 1147 beneficii
1496 1127 1666 1150 memorem
1678 1120 1868 1165 diligit3quae
1878 1126 2031 1167 superbos,
2043 1139 2112 1169 qua:

1150 1154 1324 1190 maleficos2
1344 1167 1410 1197 quae
1424 1159 1590 1194 criideleis,
1612 1171 1678 1201 quae
1696 1164 1827 1205 ingratos
1847 1177 1912 1198 non
1930 1169 2111 1208 aspernatur,

1151 1206 1215 1226 non
1226 1198 1314 1228 odit?
1331 1200 1441 1239 quibus
1451 1210 1489 1231 ex
1501 1201 1588 1232 rebus
1598 1207 1669 1233 curn
1681 1214 1775 1236 omne
1783 1217 1877 1248 genus
1888 1211 2051 1241 hominum
2062 1212 2113 1242 so-

1146 1240 1256 1269 ciatum
1275 1242 1355 1270 inter
1371 1241 1400 1271 se
1419 1240 1478 1272 esse
1508 1244 1692 1285 intelligatur
1709 1266 1718 1279 ‚
1744 1248 1820 1279 illud
1853 1260 2025 1282 extremum
2053 1252 2108 1286 est,

1150 1280 1233 1320 quod
1244 1280 1315 1310 νεέἐὲ
1323 1282 1440 1312 vivendi
1449 1284 1522 1313 ratio
1533 1286 1678 1317 meliores
1689 1286 1791 1320 efficit.
1814 1293 1889 1333 Qae
1900 1291 1919 1323 fi
1929 1294 2110 1334 approbatis,

1149 1330 1269 1363 pergam
1282 1323 1318 1353 ad
1328 1325 1443 1365 reliqua
1453 1336 1458 1354 :
1470 1325 1512 1356 fin
1523 1327 1595 1367 quid
1604 1330 1766 1369 requiritis,
1777 1332 1807 1362 id
1817 1334 2004 1374 explicemus
2014 1338 2108 1376 prius.

1150 1366 1229 1393 Arr.
1253 1366 1320 1395 Nos
1331 1365 1403 1395 vero
1413 1367 1493 1396 nihil
1507 1378 1511 1396 :
1525 1378 1556 1398 ut
1565 1378 1620 1408 pro
1632 1379 1758 1412 utroque
1767 1374 1976 1414 respondeam.
1999 1380 2042 1408 M.
2057 1381 2109 1409 Se·

1147 1407 1249 1445 quitur
1259 1407 1366 1446 igitur,
1386 1409 1421 1437 ad
1432 1410 1669 1450 participandum
1680 1413 1772 1444 alium
1788 1416 1824 1445 ab
1833 1418 1892 1447 alio
1903 1438 1911 1452 ‚
1929 1422 2111 1450 communi-

1148 1446 1339 1488 candumque
1350 1451 1428 1478 inter
1440 1451 1783 1489 omneis,1'ustosnatura
1792 1461 1839 1486 nos
1847 1458 2005 1498 aeffifae‘tos.
2022 1471 2110 1503 atque

1147 1489 1250 1517 hocin
1261 1491 1348 1518 omni
1361 1491 1413 1519 hac
1423 1490 1627 1531 disputatione
1639 1493 1676 1524 sic
1689 1497 1817 1538 intelligi
1829 1502 1902 1529 volo
1913 1521 1922 1534 ,
1944 1505 1957 1527 5
1966 1503 2048 1542 quod
2060 1503 2110 1533 di-

1146 1538 1212 1558 cam
1226 1539 1364 1560 naturam
1379 1530 1455 1561 effe:
1477 1541 1587 1563 tantam
1601 1544 1701 1565 autem
1720 1536 1780 1567 effe
1798 1543 1997 1580 corruptelam
2017 1545 2108 1575 malae

1146 1570 1375 1601 consuetudinis
1386 1592 1394 1605 ,
1415 1581 1447 1602 ut
1464 1574 1500 1603 ab
1519 1584 1553 1604 ea
1568 1584 1707 1615 tanquam
1726 1579 1851 1617 igniculi
1864 1585 2075 1623 eXtinguantur
2090 1585 2108 1616 εὶ

1149 1620 1251 1641 natura
1260 1611 1319 1641 dati
1331 1632 1339 1645 ‚
1362 1615 1594 1655 exorianturque
1607 1635 1615 1649 ‚
1634 1616 1667 1645 &
1676 1618 1899 1652 confirmentur
1908 1625 1979 1655 vitia
1987 1635 2108 1657 contra-

1146 1654 1198 1681 ria.
1223 1651 1314 1694 Qod
1327 1652 1345 1682 fi
1356 1673 1364 1687 ,
1376 1654 1456 1694 quod
1468 1656 1562 1685 modo
1573 1656 1615 1687 est
1626 1667 1728 1690 natura
1737 1679 1745 1693 ,
1757 1660 1920 1701 sicjndici'o
1930 1685 1939 1698 ‚
1950 1667 2107 1702 homines,

1144 1693 1261 1723 immam
1281 1694 1325 1733 (ut
1333 1704 1375 1725 ait
1384 1697 1483 1737 poeta)
1505 1698 1578 1727 nihil
1587 1695 1604 1726 Ῐι
1613 1699 1644 1738 se
1653 1698 1777 1731 alienum
1785 1710 1922 1744 putarent
1930 1726 1939 1740 ,
1959 1709 2110 1741 coleretur

1139 1735 1190 1774 jus
1201 1734 1285 1775 aeque
1298 1736 1335 1766 ab
1348 1737 1506 1768 omnibus.
1529 1739 1639 1780 quibus
1657 1744 1741 1773 enim
1759 1754 1833 1774 ratio
1851 1757 1951 1778 natura
1967 1749 2032 1780 data
2051 1750 2106 1785 est,

1143 1776 1251 1806 iisdem
1262 1778 1352 1807 etiarn
1364 1778 1443 1808 reeta
1453 1782 1527 1810 ratio
1535 1781 1599 1810 data
1607 1781 1667 1811 est:
1689 1793 1760 1824 ergo
1771 1786 1863 1816 &lex
1874 1807 1883 1821 ,
1900 1799 1966 1829 quae
1976 1791 2018 1822 est
2027 1792 2108 1824 reeta

1142 1819 1218 1846 ratio
1231 1818 1411 1856 injubendo
1425 1839 1434 1852 ‚
1444 1820 1475 1849 δε
1486 1822 1615 1851 vetando
1629 1822 1665 1852 :fi
1675 1823 1801 1865 lex,jus
1811 1838 1942 1869 quoque.
1964 1841 1992 1862 at
2002 1838 2108 1864 omni-

1142 1857 1197 1887 bus
1211 1859 1294 1888 ratio.
1315 1860 1363 1897 jus
1376 1861 1467 1900 igitur
1476 1861 1579 1891 datum
1590 1863 1633 1892 est
1646 1865 1801 1897 omnibus.
1823 1870 1962 1912 reEteque
1971 1877 2105 1906 Socrates

1141 1908 1179 1943 eit
1185 1898 1284 1929 sectari
1296 1910 1366 1930 eum
1378 1901 1489 1932 solebat
1498 1905 1562 1943 ‚qui
1571 1906 1688 1943 primus
1698 1908 1858 1940 utilitatem
1870 1908 1887 1941 ἒι
1897 1922 2002 1944 natura
2005 1916 2105 1956 sejun-

1141 1939 1235 1977 xiffer.
1257 1940 1288 1970 id
1310 1944 1393 1972 enim
1405 1944 1583 1983 querebatur
1598 1955 1685 1985 caput
1701 1948 1760 1980 esse
1771 1953 1935 1986 exitiorum
1947 1966 2103 1989 omniurn:

1139 1980 1155 2002 ⁶
1167 1981 1245 2012 unde
1257 1982 1300 2012 est
1310 1984 1361 2014 illa
1371 1986 1550 2027 Pythagorea
1559 1996 1631 2022 vox,
1645 1993 1659 2016 7
1670 1990 1721 2016 TA
1736 1992 1812 2018 ΤΩΝ
1827 1996 1939 2022 ΦΙΛΩΝ
1960 1999 2102 2032 KOiNA,

1140 2026 1179 2058 mi
1191 2043 1199 2056 ,
1221 2024 1348 2051 ΦΙΛΓΑΝ
1372 2027 1544 2054 ΙΣΟΤΗΤΛ
1557 2047 1566 2060 ‚
1588 2040 1626 2060 ex
1644 2040 1705 2072 quo
1722 2034 1915 2074 perspicitur,
1935 2038 2006 2069 cum
2026 2042 2102 2072 hanc

1141 2064 1390 2097 benevolentiam
1408 2077 1468 2098 tam
1487 2069 1544 2099 late
1559 2070 1706 2113 longeque
1721 2074 1858 2108 diffusam
1873 2081 1920 2109 vir
1938 2081 2048 2120 sapiens
2067 2083 2102 2113 in

1139 2108 1271 2147 aliquem
1280 2111 1341 2147 pari
1351 2111 1460 2140 virtute
1471 2111 1629 2150 praeditum
1640 2117 1824 2152 contulerit,
1840 2129 1905 2150 tum
1919 2122 1994 2152 illud
2006 2123 2098 2160 effici,

1139 2148 1221 2189 quod
1240 2150 1420 2190 quibusdam
1441 2154 1618 2184 incredibile
1637 2156 1790 2193 videatur,
1812 2159 1846 2191 fit
1858 2172 1956 2193 aute-m
1971 2164 2102 2196 necesst-

1142 2193 1222 2219 rium
1236 2210 1245 2224 ‚
1257 2201 1289 2220 ut
1303 2201 1428 2223 murto
1442 2203 1513 2223 SESE
1527 2205 1607 2226 »μσς
1618 2211 1628 2230 -,
1639 2206 1740 2236 QAM
1756 2203 1923 2234 Αίτειωινι
1937 2215 2097 2238 ωωοΑτ.

1139 2232 1222 2273 Qid
1233 2235 1317 2278 enim
1329 2233 1386 2268 est,
1399 2235 1480 2275 quod
1494 2235 1631 2271 differat,
1642 2240 1712 2270 cum
1725 2240 1781 2272 sint
1789 2244 1897 2276 cundia
1907 2248 2004 2286 paria?
2014 2248 2099 2289 quod

1138 2272 1158 2303 fi
1172 2273 1306 2304 interefle
1319 2279 1472 2316 quippiam
1485 2280 1634 2309 tantulum
1647 2281 1741 2312 modo
1751 2289 1882 2323 potuerit
1892 2307 1899 2320 ,
1917 2289 1980 2327 jam
1991 2292 2099 2320 amici-

1143 2318 1192 2345 tiae
1207 2325 1324 2346 nomen
1334 2318 1491 2348 occiderit:
1513 2321 1597 2357 cuius
1608 2321 1649 2352 est
1659 2333 1692 2353 ea
1702 2326 1747 2354 vis
1757 2345 1765 2359 ‚
1788 2336 1837 2361 ut,
1854 2327 1939 2359 simul
1949 2338 2035 2371 atque
2044 2330 2100 2362 sibi

1138 2357 1250 2398 aliquid
1263 2378 1272 2391 ‚
1291 2359 1383 2398 quam
1401 2360 1503 2394 alteri,
1523 2363 1681 2397 maluerit,
1701 2367 1786 2397 nulla
1802 2367 1843 2399 sit.
1876 2372 1950 2411 Qae
1965 2382 2098 2412 praemu-

1137 2401 1265 2430 niumm:
1283 2402 1389 2434 omnia
1403 2402 1520 2444 reliquo
1533 2403 1666 2437 sermoni
1676 2426 1687 2442 ‚
1708 2408 1962 2454 disputationique
1974 2414 2095 2450 nostrae,

2029 2465 2093 2498 quo

149 2492 2092 2525 Μ

167 2539 191 2556 ι.
212 2531 511 2566 obscuras&neceffixriaae
530 2535 694 2568 intelligentias
704 2536 845 2569 cundwin]
867 2536 1086 2571 Retinuivulga-

126 2572 196 2593 tuni.
217 2576 276 2593 nam
288 2566 423 2594 Viaorius
442 2571 549 2602 obscuras
559 2578 600 2594 nec
610 2572 674 2603 satis
691 2574 856 2604 intelligentiae
873 2573 999 2597 enudavit.
1021 2581 1088 2607 quo-

126 2600 209 2628 modo
220 2602 399 2629 &Turnebus
411 2623 419 2636 ‚
430 2604 477 2631 nisi
492 2605 561 2640 quod
573 2605 594 2630 is
605 2607 726 2637 enodavit,
739 2607 876 2633 inventum
888 2608 967 2633 etiam
979 2608 1087 2634 Guliel-

125 2638 182 2664 mio
191 2638 219 2665 in
229 2638 288 2664 cod.
301 2640 328 2664 S.
339 2638 457 2666 Vistoris
469 2649 478 2671 5
499 2642 542 2676 qui
557 2640 686 2667 maliiiiset
699 2661 706 2673 ‚
725 2644 832 2674 obfieuras
850 2651 891 2668 nec
902 2644 990 2675 faciles
999 2645 1088 2669 intelli-

121 2677 216 2706 genitias
233 2676 376 2701 enucleavit.
397 2675 466 2702 1²:111.
486 2676 513 2701 8<
533 2676 610 2703 Fabr.
639 2678 785 2711 obscuratum
802 2678 943 2711 neceffeirias
960 2680 1089 2712 intelligen-

126 2711 177 2735 tiae
194 2710 321 2736 enudavit.
341 2711 504 2738 Gulielmius
524 2713 656 2740 Canterus
677 2713 724 2739 lib.
738 2723 761 2740 i.
779 2715 886 2740 Novar.
905 2713 970 2741 Ιςξὶ.
993 2723 1088 2750 cap.4.

126 2752 269 2773 contentus
281 2746 388 2782 vulgata
398 2746 516 2774 leilione
528 2767 536 2780 ,
556 2748 612 2774 solii
619 2758 642 2775 in
664 2757 749 2776 mutat
767 2750 871 2776 nuda-ait
881 2768 890 2782 ‚
910 2751 936 2776 in
956 2752 1087 2777 inchoavit.

125 2790 204 2821 quam
216 2782 428 2810 emendationem
441 2783 602 2811 transscribit
613 2785 719 2812 Aiirato
729 2786 873 2813 Lambinus
883 2797 892 2818 ‚-
903 2785 947 2822 qui
959 2795 1087 2821 praeterea

126 2818 172 2843 iiio
183 2827 258 2845 more
266 2818 361 2845 intulit
370 2820 396 2846 iii
408 2827 563 2848 contextum
576 2821 777 2848 hariolationem
788 2821 871 2851 suam,
881 2823 986 2856 obfturas
996 2823 1087 2857 necfa-

126 2853 157 2878 ris
167 2860 263 2886 apertas
270 2856 366 2888 intellig.
385 2855 493 2882 Scilicet
504 2857 552 2883 hoc
564 2864 620 2884 erat
629 2857 770 2884 emendare
780 2858 952 2890 Ciceronem,
963 2858 995 2884 ad
1006 2858 1086 2885 fidem

127 2887 250 2916 codicum
260 2889 360 2917 calamo
371 2899 552 2918 exaratorum.

164 2932 194 2950 2.
212 2926 426 2959 Qodprinprium
436 2930 582 2962 reliquarum
592 2938 670 2954 rerum
679 2929 720 2962 effic
728 2928 831 2962 voluit]
853 2929 909 2955 Pal.
921 2935 984 2955 tert.
995 2933 1086 2965 apert'e

129 2958 240 2994 praefert
251 2978 261 2992 ,
278 2965 481 2997 quemprincipem
492 2966 563 2999 reliq.
582 2963 625 2990 sed
634 2965 790 3000 interpretis
801 2964 889 2992 forszm
900 2965 935 2992 est
945 2965 1086 2998 emblema,

128 3004 183 3022 non
193 2994 322 3022 annoti..

164 3038 179 3066 3
186 3050 193 3057 .
212 3033 288 3056 Habet
297 3032 409 3066 quiddam
419 3035 495 3068 fimile
511 3037 632 3062 naturalis
650 3036 727 3070 boni]
748 3036 808 3062 Vox
820 3037 895 3069 simile
911 3043 969 3063 erat
987 3037 1013 3064 in
1026 3037 1084 3064 Pal.

127 3073 218 3103 quart.
229 3067 257 3092 δε
268 3067 346 3094 Fabr.
357 3077 416 3094 nam
427 3071 455 3096 S.
466 3070 583 3098 Visioris
596 3074 671 3106 simile
679 3074 790 3098 naturali
798 3074 862 3098 bimo.
882 3081 902 3098 ω
925 3076 956 3099 ue
967 3073 1032 3100 bene.
1045 3093 1053 3106 ‚
1067 3073 1083 3100 si

126 3111 181 3132 uon
190 3102 298 3143 melius.
317 3103 424 3144 vulgata
434 3123 444 3140 ,
461 3107 533 3136 babet
540 3108 654 3144 quiddam
662 3109 786 3137 naturalis
795 3110 860 3136 hmo.
879 3082 923 3137 scd
931 3109 964 3138 ab
973 3118 1004 3139 ea
1011 3108 1083 3138 seor-

1134 2536 1190 2563 sum
1200 2537 1288 2564 abiere
1299 2538 1434 2566 Viftorius
1445 2541 1473 2565 Sc
1484 2540 1719 2579 Tui-nebus.8upi-a
1730 2545 1810 2572 etiam
1821 2545 2008 2579 edidi,eosdem
2021 2549 2094 2576 viros

1133 2573 1267 2607 librosque
1278 2574 1578 2608 secutus,praen·1anbus,
1589 2587 1637 2613 pro
1648 2588 1700 2614 quo
1711 2581 1980 2616 vulgatiores,pr·a·vie
1989 2587 2094 2613 aclihm.

1167 2616 1194 2641 4.
1215 2611 1326 2635 Lenitate
1336 2612 1497 2643 &fita-ritate
1511 2613 1629 2639 dechans
1639 2616 1688 2648 ,fic
1698 2617 1729 2641 ab
1737 2625 1814 2642 eri-are
1825 2637 1833 2647 ,
1844 2619 1911 2653 dm]
1936 2620 1976 2646 Est
1990 2630 2004 2646 ·.ι
2017 2623 2057 2647 Tu
2063 2631 2091 2647 r-

1132 2644 1190 2671 nebi
1202 2644 1331 2678 editione,
1342 2648 1383 2672 cui
1397 2646 1535 2682 respondet
1546 2648 1744 2682 Viniioriiianiisi
1755 2653 1825 2687 quod
1837 2653 1899 2690 ipfir,
1911 2656 2021 2682 delect‘at.
2033 2657 2092 2683 viil-

1130 2688 1192 2716 gata
1202 2689 1209 2710 ς
1220 2682 1326 2708 lenitatis
1335 2684 1371 2707 ef‘t‘
1378 2686 1439 2708 em'm
1448 2684 1615 2715 &suavitatis
1626 2687 1665 2711 :id
1675 2690 1745 2719 enim,
1756 2690 1913 2722 utsuavitate
1922 2691 2049 2719 dcleHans.
2054 2694 2091 2726 fic

2135 469 2173 494 11

1131 2718 1161 2742 ab
1170 2726 1258 2748 errore,
1270 2718 1320 2747 elye.
1341 2727 1419 2754 quarn
1432 2718 1587 2754 scripturam
1599 2720 1679 2748 solam
1692 2724 1808 2750 retinent
1819 2744 1827 2756 ‚
1838 2727 1883 2761 qui
1894 2727 1970 2753 Bruti
1984 2729 2093 2764 vestigia
2123 2728 2126 2735 '

1131 2751 1286 2788 sequuntur.
1308 2763 1367 2780 riam
1379 2754 1465 2781 Aldus
1478 2756 1583 2791 Nepos,
1593 2758 1696 2785 admisit
1706 2759 1771 2786 item
1783 2760 1850 2786 illud
1861 2763 1990 2789 nostruin.

1168 2797 1195 2822 5.
1212 2789 1281 2820 Qd
1288 2790 1364 2815 dicam
1373 2797 1489 2816 naturam
1502 2792 1567 2826 effa]
1593 2793 1673 2820 Haud
1691 2795 1770 2822 aliter
1780 2797 1860 2823 Viet..
1870 2800 1898 2824 &
1920 2799 1994 2826 Turn
2002 2819 2007 2825 .
2026 2799 2089 2828 cdd.

1130 2832 1160 2850 ea
1172 2825 1284 2860 priores,
1295 2826 1356 2859 quod
1365 2826 1414 2851 dico
1422 2833 1516 2853 natura
1524 2830 1574 2861 effe.
1586 2829 1725 2857 P.Mariut.
1736 2831 1804 2858 istud
1814 2841 1890 2868 putat
1899 2834 1948 2860 effe
1960 2837 1974 2861 :i
1985 2835 2068 2870 glossh
2077 2845 2089 2868 i

1130 2860 1170 2886 cui
1182 2861 1270 2896 potius
1289 2860 1411 2888 accedam
1423 2881 1432 2893 ,
1457 2872 1532 2897 quani
1546 2865 1641 2891 Lamb.
1660 2865 1711 2892 alia
1728 2875 1807 2903 atque
1827 2869 1877 2896 alia
1894 2870 2089 2906 interponenti.

1129 2904 1188 2922 nam
1202 2897 1303 2923 variant
1313 2896 1370 2923 mss.
1383 2898 1462 2924 nostri
1475 2918 1482 2929 ‚
1503 2907 1532 2926 ut
1543 2899 1627 2928 solent
1637 2902 1713 2929 testes
1723 2903 1750 2930 in
1762 2903 1873 2932 refalla-
1892 2906 1988 2943 quippe
2000 2916 2089 2943 quart.

1130 2931 1219 2962 habet,
1230 2933 1291 2965 quod
1299 2933 1375 2958 diram
1384 2942 1467 2958 verum
1477 2936 1528 2968 effi'e.

1165 2967 1193 2994 6.
1214 2968 1276 2993 Unde
1285 2970 1321 2994 eff
1335 2970 1378 2994 ‘illa
1386 2972 1527 3003 ‘Pythagorea
1547 2973 1621 3007 vox.]
1641 2973 1684 3000 Sic
1693 2974 1750 3002 Pal.
1762 2981 1827 3002 tert.
1847 2985 1879 3003 ex
1901 2977 2023 3014 reffitque
2034 2979 2088 3005 AJ-

1128 3002 1176 3029 dus
1188 3004 1291 3038 Nepos.
1303 3005 1410 3039 Vulgati
1422 3016 1427 3031 :
1441 3006 1502 3032 unde
1511 3010 1633 3040 mimula,
1642 3009 1695 3040 dyc.
1713 3019 1770 3046 qiiae
1780 2986 1910 3047 particula
1921 3013 1978 3040 heic
1986 3016 2086 3049 inepta.

1164 3047 1191 3073 7.
1212 3041 1254 3065 Ta}
1263 3044 1311 3066 τῶν
1321 3041 1423 3075 estium]
1439 3042 1549 3070 Exstant
1559 3043 1611 3070 haec
1621 3045 1646 3071 in
1658 3045 1723 3072 Aldi
1734 3046 1843 3074 senioris
1854 3048 1983 3076 editione.
1994 3050 2090 3077 Vitio-

1130 3075 1162 3101 rii
1173 3083 1202 3101 ac
1212 3075 1331 3101 Tui-nebi
1343 3077 1398 3110 ejus
1410 3076 1469 3103 loco
1479 3078 1577 3106 habent
1589 3089 1711 3115 vacuum,
1721 3082 1799 3120 eique
1808 3083 1964 3122 inscriptum
1975 3087 2089 3112 Locmde.

1127 3113 1253 3145 Amicitia,
1267 3112 1402 3147 quomodo
1413 3113 1468 3141 ruff.
1482 3115 1563 3142 nostri
1574 3124 1697 3152 quatuor.

1474 3150 1650 3189 L1111113
2007 3158 2089 3192 1³03
