2368 3385
261 125 357 174 1‘82
686 126 759 176 M.
839 127 1199 176 TULLII

253 207 375 237 tionem
386 204 481 238 officii
492 206 637 247 pertinet:
656 216 690 237 ut
699 227 708 240 ‚
726 206 960 248 quemadmodum
969 207 1091 238 colendi
1100 205 1216 247 sintpa-

256 257 355 278 rentes
376 259 381 278 :
405 250 541 280 Alterum
553 258 652 280 autem
663 249 698 279 ad
716 249 859 279 sedandos
875 251 994 280 animos
1005 270 1013 283 ,
1039 249 1218 280 &oratione

258 290 406 321 sanandos
425 312 433 325 ,
457 293 532 321 utin
543 291 734 321 consolandis
743 292 928 322 moeroribus
949 312 957 324 ,
982 300 1014 321 ut
1025 293 1057 321 in
1067 290 1219 322 iracundia

255 333 488 373 comprimenda
500 354 507 366 ‚
531 342 581 362 sut
598 334 630 362 in
650 335 759 363 timore
777 334 914 364 tollendo
925 353 933 367 ‚
956 335 1047 364 autin
1059 333 1220 373 cupiditate

258 375 437 405 minuenda.
461 377 516 404 Cui
535 374 659 415 quidem
677 377 780 416 generi
795 378 980 406 contrarium
998 374 1220 416 estdisputandi

257 426 352 457 genus
361 417 395 447 ad
406 417 526 447 eosdem
538 417 605 446 illos
615 419 711 447 animi
722 427 823 448 motus
834 438 842 451 ‚
865 418 946 459 quod
966 419 999 448 in
1009 416 1220 458 amplificanda

258 460 394 488 oratione
406 459 478 498 saepe
487 458 659 488 faciendum
671 458 713 489 est
726 480 733 492 ,
746 460 794 489 vel
803 460 969 501 gignendos
980 480 988 493 ‚
1007 461 1220 490 velconcitau—

193 505 241 530 20
260 499 327 529 dos.
352 504 449 540 Atque
461 501 521 530 lia-c
529 500 592 530 fere
604 500 646 530 est
654 503 775 541 partitio
787 502 1054 533 consultationum.
1076 505 1149 532 ⁴CF.
1160 504 1220 532 Co-

259 543 354 582 gnovi
367 553 373 571 ;
391 541 439 572 sed
452 552 516 583 quae
527 544 602 572 ratio
612 542 655 572 est
664 546 697 573 in
708 544 754 573 his
762 544 942 574 inveniendi
952 565 960 578 ‚
983 543 1218 585 &disponendn

259 585 389 630 requiro.
413 587 445 614 C.
460 587 489 614 P.
503 583 586 625 Qiid
607 587 617 613 ?
640 593 671 615 tu
682 585 812 616 aliamne
820 587 924 617 censes
935 606 943 620 ,
969 587 1001 617 δε
1011 597 1076 617 non
1086 586 1216 617 eandem

259 624 318 656 esse
329 645 338 659 ,
357 635 423 667 quae
435 625 476 656 est
486 624 617 666 exposita
627 646 635 660 ‚
660 636 692 657 ut
700 637 739 657 ex
748 628 863 658 eisdem
874 629 950 659 locis
958 628 994 659 :td
1003 627 1097 660 fidem
1106 648 1116 662 ‚
1140 627 1219 658 &ad

258 668 480 698 inveniendum
491 668 636 698 ducantur
646 671 753 700 omnia
769 672 779 699 ?
802 671 977 701 collocandi
988 680 1089 702 autem
1100 680 1165 711 quae
1177 668 1220 699 est
1236 685 1239 688 ·

259 708 394 750 exposita
402 711 434 740 in
444 710 510 740 aliis
519 712 594 741 ratio
605 731 613 743 ‚
638 711 741 742 eadem
752 711 810 742 huc
820 712 1001 743 transfertur.
1024 714 1153 754 Cognita
1164 713 1221 753 igi-

256 760 309 781 tur
318 753 406 782 omni
417 751 628 783 distributione
636 752 851 794 propositarum
862 755 1121 785 consultationum
1131 773 1139 787 ‚
1152 763 1222 784 cau-

258 793 475 824 sarum-trenna
485 793 592 824 restant
601 797 742 825 omnino.
762 799 798 826 Et
809 805 910 827 earum
921 797 1046 836 quidem
1055 796 1157 826 forma
1165 794 1222 825 du-

256 836 332 876 plex
341 847 356 866 e
397 847 401 865 :
412 846 539 878 quarum
549 837 637 867 altera
648 837 880 868 dele&ationern
891 839 1018 868 sectatur
1024 841 1143 869 aurium
1157 848 1162 866 τ
1180 837 1223 866 al-

254 879 353 908 ,terius
365 899 373 912 ‚
397 888 431 909 ut
439 878 574 909 obtineat
583 899 591 912 ‚
614 879 721 919 probet
733 900 741 912 ,
766 880 798 909 δε
808 878 1007 921 efficiat-quod
1016 883 1096 921 agit,
1119 880 1223 909 omnis

262 919 305 950 est
316 920 445 961 suscepta
456 923 611 951 contentio
624 932 629 950 ;
652 924 753 962 Itaque
764 922 841 951 illud
851 922 982 961 superius
992 942 1000 956 ‚
1021 922 1166 951 exornatio
1177 921 1224 950 di—

259 963 355 992 citur:
372 962 455 1004 quod
465 961 537 992 esim
550 963 643 992 latum
654 972 748 1004 genus
760 961 818 993 effe
827 963 923 1003 petest
932 984 940 997 ‚
950 964 1078 1005 saneque
1087 965 1217 995 varium,

262 1013 361 1034 unum
371 1014 411 1035 ex
421 1014 457 1035 eo
468 1004 635 1045 delegimus
646 1024 654 1038 ,
668 1005 750 1045 quod
761 1005 796 1035 ad
804 1005 969 1036 laudandos
979 1007 1073 1036 claros
1083 1007 1163 1035 viros
1176 1005 1225 1035 su-
1240 1027 1242 1031 .

262 1045 412 1086 scepimus
422 1067 430 1080 ‚
443 1046 475 1076 ὃ(
485 1046 520 1076 ad
531 1047 688 1086 improbos
698 1047 921 1087 vituperandos.
945 1050 1049 1078 Genus
1059 1049 1142 1078 enim
1155 1047 1224 1076 nul-

258 1088 333 1118 lum
345 1088 387 1120 est
396 1090 540 1119 orationis
551 1108 559 1120 ‚
577 1088 656 1129 quod
667 1098 716 1119 aut
727 1089 848 1119 uberius
859 1089 894 1120 ad
905 1090 1067 1120 dicendum
1079 1110 1087 1124 ‚
1106 1098 1156 1120 aut
1167 1091 1225 1119 uti-

264 1130 326 1160 lius
335 1130 505 1161 civitatibus
516 1129 573 1160 efi'e
584 1129 681 1170 poffit,
691 1133 784 1161 autin
792 1141 854 1172 quo
862 1133 955 1173 magis
966 1141 1065 1162 orator
1075 1134 1107 1162 in
1117 1132 1224 1172 cogni-

261 1174 349 1202 tione
367 1175 513 1203 virtutum
526 1192 533 1206 ‚
556 1174 762 1214 vitiorumque
772 1174 911 1204 versetur.
936 1175 1103 1215 Reliquum
1121 1182 1222 1204 autern
1241 1181 1244 1189 ·

264 1224 359 1256 genus
369 1215 521 1245 causarum
535 1235 542 1247 ‚
555 1216 647 1244 autin
658 1213 826 1255 provisione
836 1215 948 1256 posteri
958 1218 1102 1256 temporis
1111 1236 1120 1249 ‚
1131 1224 1180 1246 aut
1191 1217 1223 1244 in

263 1257 628 1297 praete-ritidisceptatione
638 1258 785 1287 versatur:
808 1259 1079 1298 quorumalterum
1089 1256 1225 1286 delibera-
1242 1249 1244 1275 l

257 1299 350 1328 τιοπὶς
360 1298 413 1331 est,
425 1299 550 1328 alterum
560 1299 676 1338 jtaeaicii.
699 1307 803 1340 exqua
810 1301 969 1339 putitione
979 1302 1033 1330 tria
1040 1309 1148 1342 genem
1157 1309 1226 1330 cau-

258 1339 553 1371 rsarum·exstiterunt
564 1353 569 1370 ;
585 1349 682 1382 unum
694 1361 702 1375 ‚
713 1341 795 1382 quod
805 1341 821 1372 a
831 1342 952 1372 meliori
961 1351 1041 1382 parte
1051 1363 1059 1375 ,
1080 1341 1225 1373 laudatio-

260 1384 313 1413 ·nis
324 1382 366 1413 est
375 1383 555 1423 appellatum
576 1393 582 1412 ;
604 1382 830 1414 deliberationis
841 1384 968 1414 alterum
978 1404 987 1418 ‚
1012 1386 1134 1415 tertium
1142 1383 1225 1423 judi-

258 1427 392 1456 ciorum.
415 1424 623 1465 Qamobrem
633 1425 670 1455 de
679 1427 781 1465 primo
787 1428 866 1466 prim
872 1425 924 1456 um
933 1446 943 1460 ,
963 1424 983 1456 fi
993 1427 1106 1467 placet,
1124 1426 1224 1466 dispu-

201 1472 242 1499 21
265 1475 374 1497 temus.
397 1469 428 1497 C.
441 1469 472 1497 F.
492 1467 571 1496 Mihi
581 1465 653 1497 vero
663 1468 768 1507 placet.
790 1470 820 1498 C.
832 1471 862 1499 P.
875 1468 1083 1502 Aclaudandi‚
1108 1470 1226 1508 vitupe-

266 1509 410 1550 randique
420 1510 549 1539 rationes
559 1529 567 1542 ,
578 1518 643 1550 quae
656 1519 719 1539 non
728 1509 763 1540 ad
773 1509 849 1540 bene
857 1510 1021 1541 dicendum
1033 1509 1134 1541 solum
1145 1530 1154 1544 ‚
1175 1509 1225 1540 sed

263 1554 357 1582 etiam
367 1551 402 1582 ad
414 1549 539 1581 honeste
550 1550 717 1581 vivendum
728 1552 828 1582 valent
839 1572 847 1585 ,
860 1562 1011 1592 exponam
1021 1552 1152 1583 breviter
1163 1572 1170 1585 ,
1183 1560 1227 1582 at-

260 1603 323 1634 que
345 1593 360 1624 a
382 1594 538 1634 principiis
559 1593 700 1623 exordia-r
721 1594 755 1624 ὃς
776 1594 916 1625 laudandi
938 1614 946 1629 ‚
980 1595 1014 1625 &
1024 1593 1226 1635 vituperandi.

267 1639 391 1667 OMNIA
409 1637 494 1665 enim
505 1634 723 1675 suntpi·ofe6i?›
734 1636 878 1667 laudanda
887 1657 895 1670 ‚
907 1644 971 1678 qua:
982 1636 1143 1677 conjun&a
1154 1646 1225 1667 cum

264 1680 376 1709 virtute
387 1678 453 1709 sunt
465 1688 471 1707 ι
481 1675 514 1707 &
524 1687 589 1718 quae
599 1687 669 1707 cum
678 1679 764 1708 vitiis
772 1698 780 1712 ‚
791 1679 995 1719 vituperanda.v
1019 1679 1227 1720 Quamobrem

263 1719 339 1750 finis
351 1720 475 1750 alterius
494 1719 536 1750 est
555 1718 695 1750 honestas
711 1740 719 1754 ,
742 1720 863 1751 alterius
872 1721 1037 1762 turpitudo.
1061 1720 1229 1751 Conficitur

262 1769 369 1793 'autem
381 1772 474 1803 genus
485 1762 543 1792 hoc
551 1761 696 1792 diffionis
706 1783 715 1795 ,
735 1762 889 1793 narrandis
899 1783 908 1797 ‚
927 1763 1173 1804 exponendisque
1183 1763 1227 1794 fa-

262 1804 328 1835 >Etis
339 1825 347 1839 ‚
360 1803 420 1834 sine
430 1804 500 1833 ullis
509 1804 819 1845 argumentationibus
829 1824 837 1839 ,
857 1805 892 1835 ad
903 1807 999 1836 animi
1008 1814 1110 1835 motus
1120 1807 1228 1835 leniter

264 1846 438 1878 'traEtandos
448 1848 543 1888 magis
554 1866 561 1880 ,
585 1845 674 1886 quam
687 1845 723 1876 ad
734 1845 824 1877 fidem
835 1846 1004 1878 faciendam
1030 1868 1039 1882 ,
1059 1856 1108 1878 aut
1116 1846 1226 1878 confir-

272 1888 415 1920 mandam
432 1888 668 1918 accommodate.
692 1890 767 1918 Non
784 1890 868 1918 enirn
879 1889 968 1920 dubia
980 1888 1153 1923 firmantur,
1179 1889 1227 1920 sed

268 1942 303 1962 ea
314 1951 322 1965 ,
333 1941 399 1972 quae
409 1939 486 1960 certa
496 1950 503 1963 ,
513 1939 563 1960 aut
571 1939 626 1970 pro
635 1931 721 1959 certis
729 1928 822 1970 posita
832 1931 900 1961 sunt
911 1951 919 1965 ,
936 1941 1088 1973 augentur.
1113 1934 1227 1973 Qm-

270 1973 376 2004 obrem
388 1982 426 2003 ex
434 1974 472 2002 iis
482 1992 490 2006 ,
502 1982 568 2012 qua:
579 1971 648 2002 ante
657 1971 735 2002 dieta
744 1973 811 2002 sunt
825 1983 830 2001 :
845 1973 879 2002 Sc
888 1973 1024 2004 narrandi
1036 1993 1044 2007 ‚
1057 1974 1090 2003 &
1099 1973 1227 2014 augendi

267 2025 412 2057 praecepta
421 2022 596 2054 repetentur.
621 2017 660 2044 Et
669 2034 678 2047 ‚
700 2016 846 2054 quoniam
863 2017 895 2045 in
912 2016 958 2045 his
969 2014 1058 2045 causis
1069 2018 1172 2046 omnis
1182 2026 1228 2046 ra-

260 2060 314 2088 ·tio
325 2056 389 2087 fere
403 2056 438 2086 ad
456 2055 643 2095 voluptatem
656 2056 800 2086 auditoris
811 2077 819 2090 ‚
843 2057 877 2087 δε
886 2057 920 2087 ad
939 2056 1170 2088 delectationem
1183 2068 1228 2088 re·

267 2099 363 2131 fertur
374 2119 382 2132 ‚
406 2097 555 2128 utendum
567 2099 624 2127 erit
633 2099 669 2127 iis
678 2099 711 2127 in
721 2100 855 2128 oratione
866 2097 1053 2141 singulorum
1063 2100 1226 2130 verborum

266 2139 434 2182 inst'gnibm,
444 2150 509 2180 que:
521 2139 629 2169 habent
637 2139 807 2180 plurimum
820 2141 967 2171 suavitatis
979 2141 1026 2171 :id
1038 2141 1090 2176 est,
1103 2141 1228 2172 utfaffis

268 2184 370 2214 verbis
379 2203 387 2216 ,
398 2191 447 2212 aut
455 2180 580 2211 vetustis
590 2201 599 2215 ‚
609 2190 659 2212 aut
668 2180 810 2211 transsatis
818 2181 991 2223 frequenter
1000 2192 1120 2213 utamur
1129 2203 1138 2217 ,
1151 2184 1228 2213 &in

271 2225 334 2266 ipsa
342 2222 569 2254 construetione
579 2223 741 2253 verborum
753 2243 761 2257 ‚
786 2232 818 2254 ut
827 2227 905 2264 paria
912 2224 1032 2264 paribus
1045 2245 1053 2259 ‚
1078 2225 1111 2255 &
1121 2223 1229 2256 similia

270 2266 420 2298 similibus
431 2266 505 2305 saepe
514 2264 677 2296 referantur
697 2275 703 2295 2
726 2268 910 2296 utcontraria
928 2285 937 2299 ‚
960 2274 992 2296 ut
1003 2269 1152 2308 geminata
1164 2287 1172 2300 ‚
1195 2276 1228 2297 ut

269 2309 492 2347 circumscripta
502 2306 663 2337 numerose
680 2327 688 2341 ‚
715 2317 779 2337 non
789 2307 824 2337 ad
844 2305 1076 2338 similitudinem
1086 2309 1227 2339 versuum

272 2351 322 2382 sed
339 2350 375 2381 ad
395 2349 581 2390 explendum
600 2351 717 2379 aurium
737 2349 856 2380 sensum
868 2369 877 2383 ,
898 2353 907 2369 ¹
920 2358 989 2389 apto
1007 2350 1137 2391 quodam
1149 2350 1228 2391 quasi

269 2392 434 2424 verborum
452 2391 539 2420 mocio.
563 2390 799 2432 Adhibendaque
815 2390 1001 2432 frequentius
1010 2393 1101 2422 etiam
1119 2393 1171 2422 illa
1180 2402 1229 2422 or-

265 2443 416 2466 namenta
425 2443 525 2464 rerum
536 2433 604 2463 sunt
614 2452 622 2466 ‚
639 2431 698 2463 sive
708 2443 772 2474 qua:
782 2433 969 2464 admirabilia
980 2454 988 2466 ,
1009 2434 1042 2464 &
1050 2436 1229 2475 nec-opina-

263 2486 299 2508 'ta
308 2497 316 2511 ‚
328 2476 385 2507 sive
396 2474 555 2517 significata
564 2473 720 2507 monstris,
731 2475 887 2516 prodigiis,
899 2475 932 2505 &
940 2476 1068 2506 oraculis
1079 2487 1084 2505 :
1095 2475 1154 2507 five
1164 2487 1228 2518 quae

263 2519 457 2550 vvidebuntur
473 2518 501 2547 ei
513 2537 521 2551 ,
549 2517 586 2547 de
605 2527 665 2558 quo
684 2519 802 2559 agimus
813 2537 821 2551 ,
837 2516 974 2547 accidiss‘e
991 2517 1094 2549 divina
1113 2538 1122 2552 ,
1141 2527 1227 2560 atque

273 2561 382 2592 fatalia.
415 2562 442 2590 O
454 2569 480 2589 M
492 2569 513 2588 N
527 2569 538 2589 1
552 2569 564 2590 s
583 2561 669 2589 enim
688 2557 871 2599 exspe&atio
887 2560 949 2600 ejus
964 2579 972 2593 ,
996 2562 1048 2601 qui
1067 2560 1149 2591 audit
1161 2581 1169 2593 ‚
1195 2561 1228 2591 &

273 2603 432 2634 admiratio
442 2622 449 2635 ,
459 2599 657 2641 &improvisi
666 2603 764 2631 exitus
775 2621 783 2634 ,
804 2601 914 2632 habent
923 2602 1051 2642 aliquam
1063 2604 1095 2632 in
1104 2602 1230 2633 audien—

212 2654 259 2682 22
274 2645 315 2676 do
337 2645 534 2684 voluptatem.
559 2643 616 2674 Sed
638 2645 785 2684 quoniam
803 2645 836 2673 in
852 2643 947 2673 tribus
964 2645 1121 2686 generibus
1138 2644 1227 2678 bona,

274 2687 389 2718 malave
396 2686 549 2716 versantur
558 2705 565 2719 ‚
577 2687 708 2715 externis
717 2705 726 2719 ‚
736 2687 868 2725 coiporis
877 2706 884 2719 ‚
897 2685 930 2715 &
939 2688 1047 2720 animi3
1056 2689 1153 2726 prima
1163 2687 1231 2717 sunt

272 2738 395 2760 externa
404 2748 413 2761 ,
432 2738 496 2769 quae
506 2727 655 2757 ducuntur
663 2726 679 2757 a
688 2735 812 2767 genere:
823 2737 885 2768 quo
894 2728 1022 2758 breviter
1030 2748 1038 2763 ,
1051 2728 1232 2770 modiceque

275 2771 395 2802 laudato
407 2778 477 2804 ,aut
487 2789 495 2802 ‚
516 2767 538 2798 fi
548 2771 603 2799 erit
612 2768 724 2799 infame
736 2789 744 2802 ,
765 2768 962 2809 praetermiss'o
975 2781 981 2800 z
1000 2769 1021 2800 fi
1030 2771 1148 2800 humile
1160 2791 1169 2803 ,
1181 2771 1229 2800 vel

263 2814 441 2854 preterito,
464 2811 513 2842 vel
523 2810 731 2852 adaugendam
742 2812 826 2851 ejus,
839 2812 1069 2856 ’quem-laudas,
1088 2813 1228 2854 gloriam,
1248 2835 1249 2839 ,

274 2854 352 2885 tacto
365 2865 370 2883 :
382 2854 520 2893 deinceps
531 2872 540 2886 ,
552 2851 573 2882 si
585 2863 629 2882 ies
638 2854 747 2892 patitur
756 2873 764 2887 ,
785 2853 820 2883 de
830 2855 960 2883 fortunis
969 2857 1024 2885 erit
1034 2875 1042 2888 ‚
1064 2855 1096 2885 ὃ(
1104 2853 1229 2885 faculta-

274 2897 355 2927 tibus
365 2895 540 2926 dicendum.
562 2894 665 2936 postea
672 2894 708 2925 de
726 2897 864 2936 corporis
871 2896 960 2926 bonis
971 2909 980 2931 ς
999 2899 1031 2927 in
1042 2897 1151 2938 quibus
1159 2899 1228 2937 qui·
1246 2903 1249 2922 Ξ

313 3037 322 3054 1
331 3049 336 3054 .
356 3032 430 3061 eApto
439 3028 537 3062 quodam
546 3029 613 3063 quasi
623 3031 745 3054 verborum
756 3030 843 3064 modo]
856 3028 1001 3056 Lambinus
1009 3029 1094 3063 jaciat
1103 3029 1128 3055 se
1138 3029 1163 3056 in
1174 3030 1229 3056 nodo

264 3063 319 3126 fimi.
339 3073 388 3100 ego
399 3065 504 3091 retineov
512 3073 571 3091 cuin
582 3064 657 3091 libris
668 3065 735 3091 illud
749 3066 828 3099 mod05
846 3066 872 3092 in
884 3076 937 3102 quo
948 3067 1027 3093 ctiam
1038 3065 1080 3093 sua
1089 3066 1126 3093 est
1136 3065 1230 3092 simili-

270 3107 311 3127 tut
321 3110 347 3126 0.

305 3145 337 3162 -ι,
359 3139 440 3162 (ἕκατι
450 3130 574 3170 ,[εᾶαιιυὶι
585 3157 593 3168 ‚
607 3139 700 3164 velnon
708 3138 895 3172 rurbtffenmm]
918 3138 961 3164 Est
972 3138 1054 3164 &Pal
1063 3139 1144 3175 prim.
1155 3139 1183 3164 &
1195 3139 1232 3166 im

272 3171 348 3200 fuiss'c
359 3173 386 3201 iii
396 3173 452 3201 aliis
462 3173 527 3202 item
538 3172 640 3211 scriptis
652 3193 660 3208 ,
671 3174 732 3203 iude
743 3174 852 3211 colliga-s
865 3193 872 3207 ‚
883 3174 954 3210 quod
965 3174 1031 3202 illud
1042 3178 1085 3202 vel
1091 3185 1135 3202 non
1144 3177 1230 3201 mrbu-

1276 128 1806 180 Cicnnouas

1257 205 1328 236 dem
1338 224 1348 240 ,
1369 215 1435 247 qua:
1447 208 1591 238 virtutem
1609 207 1748 238 maxime
1768 204 1912 249 significat
1922 226 1931 242 ‚
1953 205 2101 241 facillime
2121 208 2223 243 form·

1255 247 1396 278 laudatur.
1415 248 1524 280 deinde
1533 249 1577 281 est
1586 249 1622 280 ad
1631 249 1708 280 salita
1717 250 2051 292 veniendum‚qu0rum
2061 252 2222 285 collocatio

1256 290 1365 330 triplex
1375 289 1426 321 est.
1437 301 1486 322 aut
1495 294 1579 322 enim
1589 301 1763 331 temporum
1773 292 1935 323 servandus
1947 293 1990 324 est
2001 293 2078 324 ordo
2094 313 2104 329 ,
2126 296 2220 326 autin

1257 334 1364 372 primis
1383 333 1622 364 recentiffimum
1640 333 1782 374 quodque
1799 334 1964 368 dicendum
1979 355 1988 369 ,
2012 345 2064 367 aut
2079 336 2176 367 multa
2186 336 2221 367 δε

1259 375 1337 404 varia
1353 374 1430 406 faeta
1441 377 1473 405 in
1482 377 1600 416 propria
1609 378 1759 406 virtutum
1777 386 1885 417 genera
1894 377 1912 407 s
1909 385 1962 407 unt
1974 377 2150 419 dirigendas
2162 377 2223 409 Sed

1259 417 1311 446 liic
1329 416 1412 446 locus
1423 420 1569 448 virtutum
1580 438 1588 451 ‚
1612 427 1700 458 atque
1709 419 1857 448 vitiorum
1876 417 2016 450 latissime
2032 428 2137 459 patens
2152 440 2160 453 ,
2181 429 2222 450 ex

1260 458 1364 488 multis
1387 459 1421 489 &
1430 462 1518 489 variis
1536 459 1789 499 disputationibus
1809 470 1892 490 nunc
1908 462 1942 490 in
1958 462 2110 501 quandam
2128 471 2224 503 angu-

1260 499 1344 533 stam,
1360 500 1392 530 δε
1402 501 1525 531 brevem
1536 501 1741 532 concludetur.
1752 500 1803 531 Est
1813 503 1904 542 igitur
1911 505 1957 532 vis
1966 504 2088 533 virtutis
2097 503 2220 543 duplex.

1257 549 1307 572 aut
1316 552 1401 572 enim
1411 543 1530 573 scientia
1538 545 1669 574 cernitur
1677 546 1835 576 virtus,aut
1845 543 2143 585 acCiione.Nam‚quae
2152 554 2222 585 pru-

1258 583 1370 617 dentia,
1384 595 1450 626 quae
1460 585 1604 616 calliditas
1613 606 1622 620 ,
1634 596 1759 626 quaeque
1768 584 1938 626 gravissimo
1948 589 2075 616 nomine
2080 587 2225 628 sapientia

1257 626 1437 666 appellatur,
1457 627 1519 657 haec
1530 627 1652 658 scientia
1665 628 1761 668 pollet
1771 637 1837 658 una.
1861 630 1934 667 Qiae
1945 627 2020 658 vero
2032 628 2225 659 moderandis

1256 668 1479 708 cupiditatibus,
1490 669 1683 710 regendisque
1692 671 1787 700 animi
1797 670 1930 700 motibus
1940 669 2075 701 laudatur
2085 690 2093 704 ,
2106 671 2171 709 ejus
2180 669 2224 702 est

1258 719 1371 740 munus
1389 712 1422 740 in
1433 712 1548 752 agendo
1560 722 1566 741 :
1586 713 1633 742 cui
1653 712 1839 749 temperantia
1857 721 1974 742 nomen
1982 710 2035 742 est.
2066 716 2165 754 Atque
2175 713 2226 745 illa

1258 752 1415 790 prudentia
1424 755 1456 783 in
1466 753 1526 784 suis
1538 753 1806 788 rebus‚domestica
1817 764 1822 783 :
1834 755 1866 783 in
1876 753 2116 794 publicis,civilis
2125 755 2228 795 appel-

1258 794 1310 823 lari
1322 794 1406 824 solet.
1419 797 1634 835 Temperantia
1642 805 1742 826 autern
1754 798 1785 826 in
1796 796 1860 826 suas
1870 795 1978 826 itidem
1988 795 2081 830 res‚&
2090 798 2126 826 in
2134 805 2226 827 com-

1260 838 1381 865 muneis
1390 835 1546 867 distributa
1557 837 1788 879 est‚duobusque
1798 837 1900 867 modis
1910 839 1943 868 in
1953 837 2040 868 rebus
2049 839 2225 870 commodis

1259 876 1437 907 discernitur
1447 890 1456 912 3
1468 878 1501 908 ὃς
1511 889 1622 920 ea,quae
1632 879 1688 909 abs
1685 889 1748 913 unt,
1754 890 1816 910 non
1826 879 2044 920 expetendo,&
2052 880 2148 914 abiis,
2157 890 2224 921 quae

1260 920 1293 948 in
1301 918 1443 958 potestate
1454 921 1522 951 sunt
1531 941 1539 954 ,
1550 920 1738 952 abstinendo.
1758 924 1795 951 In
1806 922 1893 954 rebus
1902 931 2003 952 autem
2015 922 2226 955 incommodis

1262 959 1305 990 est
1314 960 1422 991 itidem
1436 961 1560 1003 duplex.
1583 973 1654 993 nam
1664 974 1730 1004 quae
1740 964 1932 994 venientibus
1943 964 2030 994 malis
2041 963 2137 995 obstat
2146 984 2155 998 ‚
2162 964 2228 1004 for-

1264 1002 1377 1031 titudo:
1394 1013 1459 1044 quae
1471 1025 1480 1039 ‚
1500 1004 1583 1046 quod
1590 1005 1601 1045 j
1605 1015 1653 1036 am
1667 1004 1747 1036 adest
1758 1026 1766 1039 ‚
1785 1006 1891 1036 tolerat
1900 1006 1933 1036 &
1941 1005 2068 1046 perfert,
2083 1006 2228 1048 patientia

1263 1046 1450 1075 nominatur.
1471 1049 1545 1086 Qae
1556 1056 1655 1077 autern
1665 1048 1729 1078 haec
1739 1057 1802 1078 uno
1810 1058 1917 1089 genere
1928 1047 2151 1088 compleffitur,
2162 1058 2228 1077 ma-

1241 1113 1243 1132 ἰ
1257 1086 1377 1126 gnirua'o
1389 1088 1480 1116 animi
1491 1089 1599 1119 dicitur
1623 1099 1630 1118 t
1655 1091 1741 1129 cujus
1752 1089 1795 1120 est
1804 1090 1962 1120 liberalitas
1972 1091 2006 1120 in
2016 1090 2069 1120 usu
2078 1092 2226 1130 pecuniae:

1241 1143 1243 1169 ἆ
1262 1126 1409 1169 simulque
1419 1130 1545 1160 altitudo
1556 1132 1654 1161 animi
1664 1133 1696 1161 in
1709 1131 1862 1172 capiendis
1872 1131 2081 1162 incommodis
2091 1152 2099 1166 ,
2117 1132 2150 1162 δε
2159 1142 2226 1163 ma-

1260 1169 1346 1200 xime
1357 1171 1477 1211 injuriis
1489 1182 1494 1201 :
1507 1172 1540 1202 δε
1550 1182 1644 1202 omne
1655 1193 1663 1206 ‚
1675 1174 1757 1213 quod
1766 1173 1809 1204 est
1817 1174 1881 1212 ejus
1890 1176 2008 1214 generis
2018 1194 2027 1207 ,
2045 1178 2060 1193 ²
2069 1184 2168 1215 grave,
2178 1174 2225 1207 se,-

1260 1211 1365 1242 darum
1377 1232 1385 1246 ,
1396 1213 1445 1243 vel
1455 1223 1518 1243 non
1528 1214 1750 1244 turbulentum.
1768 1218 1806 1245 In
1816 1217 2040 1249 communione
2048 1225 2149 1250 autem
2159 1226 2226 1257 quae

1242 1279 1244 1294 Ι
1262 1252 1353 1294 pofita
1361 1264 1425 1295 pars
1436 1253 1478 1286 est
1488 1275 1496 1288 ‚
1501 1254 1618 1295 justitia
1628 1255 1736 1286 dicitur
1746 1277 1755 1290 ,
1770 1267 1862 1298 eaque
1872 1267 1939 1298 erga
1946 1257 2018 1287 deos
2025 1277 2038 1291 ,
2048 1258 2169 1299 religio,
2176 1262 2226 1289 ,et-r

1261 1306 1296 1341 ga
1305 1298 1452 1336 parenteis
1461 1317 1471 1330 2
1480 1300 1572 1337 pietas
1583 1314 1592 1331 ,
1601 1297 1694 1340 vulgo
1703 1308 1807 1329 autem
1816 1299 1949 1333 bonitas-,z
1960 1299 2080 1331 creditis
2091 1301 2126 1330 in>
2133 1299 2224 1333 rebus

1263 1338 1336 1368 rides
1347 1358 1356 1372 ,
1377 1341 1410 1369 in
1421 1339 1629 1370 moderatione
1638 1340 1898 1371 animadvertendi
1907 1341 2013 1372 lenitas
2021 1358 2033 1376 s
2047 1343 2182 1375 amicitia
2190 1344 2226 1372 in

1265 1431 1379 1453 nuntur
1388 1425 1421 1453 in
1430 1424 1556 1464 agendo.
1578 1427 1654 1454 Sunt
1665 1433 1766 1455 autem
1776 1425 1839 1455 aliae
1849 1423 1927 1466 quafi
1940 1424 2083 1457 ministrae
2096 1446 2105 1459 ,
2125 1428 2224 1457 comi-

1264 1465 1363 1505 tesque
1373 1465 1523 1505 sapientiae
1541 1476 1547 1495 :
1570 1476 1695 1507 quarum
1708 1467 1797 1497 altera
1814 1486 1823 1501 ‚
1847 1477 1912 1508 quae
1931 1465 2030 1499 fintin
2045 1467 2225 1508 disputando

1262 1516 1330 1537 vera
1340 1527 1348 1541 ,
1369 1516 1455 1548 atque
1465 1507 1535 1538 falsa
1553 1527 1562 1542 ,
1573 1508 1740 1549 quibusque
1750 1507 1851 1549 positis
1861 1509 1934 1550 quid
1944 1509 2078 1550 sequatur
2088 1530 2103 1543 ‚1
2113 1509 2226 1543 ,distin-

1263 1550 1329 1590 guit
1340 1549 1493 1589 &judicat
1509 1560 1515 1578 ;
1537 1560 1602 1590 quie
1613 1552 1708 1580 virtus
1718 1551 1822 1580 omnis
1840 1552 1874 1581 in
1881 1553 1999 1581 ratione
2009 1552 2226 1593 „scientiaque

1265 1591 1437 1631 disputandi
1455 1589 1506 1621 sita
1522 1591 1565 1621 cst
1585 1603 1595 1625 z,
1613 1592 1702 1622 altera
1717 1601 1820 1622 autem
1838 1594 1975 1623 oratoria.
1987 1594 2162 1625 nihilem'm
2178 1593 2224 1626 est

1265 1632 1346 1663 aliud
1356 1633 1515 1674 eloquentia
1523 1648 1533 1667 2-
1546 1631 1601 1666 nisi
1609 1633 1734 1674 copiose
1743 1634 1872 1675 loquens
1880 1635 2038 1675 sapientia:
2046 1645 2162 1676 quaessex
2170 1646 2226 1667 effi

1265 1674 1338 1706 dem
1351 1674 1587 1717 haustagenere,
1607 1686 1669 1717 quo
1677 1676 1749 1710 illa,
1762 1686 1833 1717 *quae
1843 1674 2088 1717 indisputando‚⁴
2104 1678 2226 1709 uberior

1267 1716 1309 1747 cst
1320 1736 1329 1751 ‚
1347 1726 1434 1758 atque
1444 1717 1535 1748 latior
1544 1737 1553 1751 ,
1566 1718 1599 1747 &
1608 1717 1644 1748 ad
1654 1720 1958 1754 motusanimorum,
1969 1720 2113 1761 vulgique
2121 1720 2224 1751 sensus

1264 1759 1532 1790 accommodatior.
1556 1759 1663 1790 Custos
1671 1758 1743 1790 vero
1755 1762 1901 1790 virtutum
1910 1762 2073 1794 omniurn,
2097 1761 2228 1793 dedecus

1264 1800 1385 1843 fugiens
1396 1821 1405 1835 ,
1427 1801 1607 1843 laudemque
1617 1803 1752 1832 maxime
1769 1802 1972 1843 consequens,
1994 1803 2162 1834 verecundia
2170 1802 2228 1834 est.⁴

1268 1846 1366 1884 Atque
1382 1844 1414 1873 hi
1425 1844 1492 1873 sunt
1505 1844 1630 1885 quidem
1640 1843 1702 1874 fere
1710 1842 1791 1885 quasi
1800 1845 1923 1885 quidam
1933 1844 2050 1875 habitus
2059 1847 2174 1880 animi,
2184 1843 2225 1877 sic

1266 1884 1366 1916 affecti
1376 1906 1386 1918 ,
1412 1885 1610 1916 &constituti
1620 1905 1629 1919 ‚
1653 1894 1686 1916 ut
1702 1885 1759 1917 [int
1776 1884 1972 1927 singuliinter
1985 1887 2014 1917 se
2028 1889 2152 1927 proprio
2161 1889 2229 1918 vir-.

1266 1929 1337 1959 tutis
1345 1937 1452 1968 genere
1464 1927 1600 1958 distineri
1612 1939 1617 1957 ;
1630 1928 1646 1959 a
1656 1928 1765 1969 quibus
1775 1937 1808 1958 ut
1817 1938 1942 1970 quaeque
1952 1938 1997 1958 res
2011 1928 2091 1970 gesta
2100 1928 2143 1960 est
2153 1949 2163 1963 ,
2178 1931 2221 1962 ita

1267 1968 1301 2000 sit
1310 1969 1434 2000 honesta
1449 1969 1566 2001 necesse
1575 1969 1633 2004 est,
1656 1971 1836 2011 summeque
1852 1970 2113 2002 laudabilis..Sunt
2121 1979 2225 2003 autem

1267 2012 1317 2042 alii
1333 2012 1458 2053 quidam
1475 2011 1600 2052 perfeffi
1618 2014 1714 2042 animi
1729 2012 1846 2042 habitus
1862 2012 1898 2043 ad
1907 2015 2052 2043 virtutem
2061 2011 2140 2054 quasi
2150 2023 2227 2053 prae-

1265 2055 1358 2088 culti,
1382 2054 1415 2084 Sc
1436 2056 1588 2095 praeparati
1608 2053 1698 2084 re6fis
1715 2053 1839 2087 studiis,
1864 2054 2034 2089 &artibus3
2057 2056 2144 2085 utin
2165 2056 2230 2086 suis-

1266 2096 1374 2130 rebus,
1399 2095 1494 2127 studia
1514 2097 1700 2130 litterarum,
1724 2105 1758 2126 ut
1773 2105 1994 2129 numerorum,
2017 2096 2225 2130 zie-sonorum,

1268 2146 1300 2168 ut
1310 2138 1457 2167 mensurae
1467 2157 1476 2171 ,
1500 2146 1533 2168 ut
1551 2136 1706 2170 siderum,
1729 2146 1763 2167 ut
1780 2147 1927 2178 equorum
1937 2156 1945 2171 ‚
1970 2146 2003 2167 ut
2017 2137 2168 2172 venandi,
2192 2146 2230 2169 ut·

1267 2188 1431 2210 armorum.
1454 2181 1488 2209 in
1506 2179 1742 2212 communibus,
1765 2177 1955 2219 propensiora
1972 2178 2070 2210 studia
2078 2181 2112 2209 in
2120 2180 2225 2221 aliquo

1266 2231 1374 2262 genere
1403 2221 1523 2251 virtutis
1552 2220 1701 2261 praecipue
1723 2221 1854 2251 colendo
1872 2240 1881 2255 ,
1913 2229 1963 2251 aut
1991 2221 2106 2252 divinis
2135 2223 2224 2253 rebus

1268 2262 1482 2296 deserviendo,
1505 2271 1555 2292 aut
1573 2262 1761 2302 parentibus,
1784 2265 1890 2292 amicis
1907 2282 1916 2297 ‚
1940 2263 2127 2303 hospitibus,
2149 2273 2225 2304 prae-

1267 2304 1355 2344 cipue
1376 2324 1385 2337 ,
1408 2313 1494 2345 atque
1515 2303 1669 2345 insigniter
1690 2304 1861 2345 diligendis.
1895 2307 1993 2346 Atque
2015 2306 2079 2335 haec
2099 2306 2224 2347 quidem

1268 2348 1415 2376 virtutum
1428 2357 1433 2376 z
1451 2348 1597 2376 vitiorum
1605 2355 1705 2377 autern
1717 2346 1784 2376 sunt
1797 2356 1904 2388 genera
1914 2348 2069 2377 contraria.
2091 2351 2224 2378 Cernen-

1271 2388 1307 2418 da
1317 2397 1416 2418 autem
1427 2388 1495 2418 sunt
1503 2388 1663 2429 diligenter
1672 2408 1680 2422 ,
1701 2398 1740 2418 ne
1743 2388 1853 2428 fallant
1867 2398 1900 2418 ea
1910 2399 1967 2419 nos
1977 2391 2051 2420 vitia
2059 2408 2068 2423 ‚
2086 2400 2152 2430 quae
2161 2388 2225 2420 vir-'-

1268 2439 1364 2461 tutem
1373 2430 1514 2460 videntur
1522 2432 1642 2461 imitari.
1652 2440 1724 2461 nam
1735 2429 1967 2470 &prudentiam
1977 2432 2137 2466 malitia&
2146 2441 2226 2462 tem-

1268 2474 1431 2512 perantiam
1442 2474 1615 2502 immanitas
1624 2475 1659 2503 in
1666 2472 1871 2513 voluptatibus
1887 2473 2078 2513 aspernandis
2087 2494 2096 2507 ,
2117 2474 2150 2504 &
2160 2484 2228 2505 ma-.

1269 2558 1379 2587 cientia
1388 2558 1418 2586 in
1428 2557 1660 2587 contemnendis
1670 2556 1838 2587 honoribus
1849 2576 1858 2590 ‚
1878 2555 2130 2588 &liberalitatem
2149 2557 2227 2588 effu-e

1270 2597 1312 2628 fio
1323 2618 1330 2631 ‚
1341 2597 1596 2629 &fortitudinem
1605 2598 1726 2629 audacia
1735 2600 1878 2632 imitatur,
1891 2598 1924 2628 &
1932 2601 2106 2639 patientiam
2117 2598 2228 2630 durilia

1271 2642 1425 2674 immanis,
1438 2640 1470 2670 ὃς
1475 2641 1487 2680 j
1492 2640 1624 2671 ustitiam
1633 2639 1775 2671 acerbitas
1784 2660 1793 2674 ‚
1810 2640 1844 2670 ὃς
1853 2640 2034 2682 religionem
2045 2641 2226 2682 superstitio,

1272 2683 1305 2712 δε
1315 2683 1469 2712 lenitatem
1481 2683 1614 2713 mollitia
1622 2684 1718 2713 animi
1728 2703 1736 2716 ,
1748 2683 1782 2714 δε
1791 2683 2003 2713 verecundiam
2011 2683 2156 2714 timiditas
2164 2703 2174 2718 ,
2192 2683 2227 2714 &

1270 2725 1354 2754 illam
1367 2724 1536 2765 disputandi
1544 2724 1735 2765 prudentiam
1744 2726 1924 2756 concertatio
1936 2745 1945 2759 ,
1965 2727 2149 2766 captatioque
2157 2735 2228 2756 ver-

1249 2782 1257 2801 μ
1269 2767 1381 2797 borum
1391 2787 1400 2800 ‚
1422 2768 1455 2797 &
1464 2768 1540 2797 hanc
1549 2769 1707 2797 oratoriam
1717 2769 1783 2797 vim
1792 2768 1890 2797 inanis
1900 2767 2037 2807 quaedam
2045 2766 2230 2808 profluentia

1271 2808 1425 2850 loquendi.
1437 2808 1551 2840 Studiis
1560 2817 1659 2840 autern
1670 2808 1761 2839 bonis
1770 2807 1878 2839 similia
1887 2809 2028 2840 videntur
2036 2819 2148 2850 ea‚quae
2158 2810 2228 2839 sunt

1270 2856 1302 2884 in
1314 2852 1421 2882 eodem
1433 2861 1538 2892 genere
1548 2852 1650 2880 nimia.
1682 2850 1888 2890 Quamobrem
1898 2853 2001 2881 omnis
2011 2853 2057 2881 vis
2066 2850 2205 2882 laudandi
2215 2870 2224 2884 ,

1268 2894 1563 2935 vituperandique-ex
1570 2893 1617 2923 his
1627 2893 1761 2924 sumetur
1770 2894 1934 2927 virtutum,
1945 2895 2157 2934 vitiorumque
2161 2902 2228 2933 pai·-

2132 2935 2211 2966 tibus
2223 2944 2230 2964 t

1272 3032 1359 3055 lentum
1368 3030 1433 3057 absit
1442 3030 1547 3067 quinto.
1556 3029 1751 3057 arbitrabantur
1761 3030 1886 3057 nimirum
1898 3027 1985 3054 scribae
1995 3027 2071 3054 fuisse
2080 3034 2172 3054 notam
2185 3031 2231 3052 va-

1274 3067 1319 3092 riae
1331 3066 1452 3093 leStioiiis
1463 3077 1471 3097 5
1483 3074 1642 3093 cuintainen
1653 3064 1968 3099 innueret,-altitu'dinem
1979 3064 2060 3090 animi
2073 3062 2232 3090 vei-sarircir-

1274 3111 1302 3128 ca
1314 3110 1352 3129 res
1363 3107 1458 3138 graves
1467 3102 1617 3139 sedatasque
1628 3121 1637 3134 ‚
1658 3102 1697 3128 vel
1711 3110 1782 3129 cei-te
1792 3100 2088 3140 extraturbulentiam3
2106 3099 2229 3135 Hittorp.

1273 3138 1382 3165 bibebat
1388 3149 1463 3172 grave
1474 3139 1595 3173 ,sedatum
1607 3158 1615 3171 ,
1623 3142 1673 3164 'von
1678 3140 1850 3170 rurhulemum,
1860 3145 1890 3166 ut
1899 3135 2151 3166 edidit-Lambinus.
2169 3138 2230 3161 nam

1270 3182 1344 3202 retro
1354 3176 1404 3203 tuli
1410 3175 1629 3210 gra-aeffnjkdatnm
1638 3176 1667 3208 ᾡ-
1676 3176 1847 3202 turbulmrmn.
1999 3188 2002 3193 ·
2166 3180 2169 3183 “
2218 3179 2219 3182 ’

2130 3188 2157 3235 ἰ.
2166 3187 2235 3233 Λικέ.

1264 1380 1471 1411 benivolentia
1488 1384 1676 1412 nominatur.
1700 1384 1861 1423 Atque‘hae
1878 1383 2005 1424 quidem·
2020 1385 2226 1416 virtutescers
2255 1420 2260 1424 .

1269 2514 1462 2556 gnitudinem
1473 2516 1569 2544 animi
1577 2515 1712 2555 superbia
1721 2516 1754 2544 in
1762 2516 1874 2545 animis
1881 2514 2076 2549 extollendis,
2087 2516 2120 2546 δε
2129 2515 2227 2556 ἀείῬὶ-ἰ
2270 2529 2273 2532 ·
