2379 3400
667 108 733 155 λῶ
803 103 854 150 ἼΓ
890 117 923 149 u
957 115 988 147 L
1025 114 1056 146 L
1096 114 1114 144 1
1150 112 1168 143 1

257 201 311 230 vix
321 197 402 238 quod
413 193 483 225 seiri
493 212 502 226 ‚
517 189 692 227 tolerarique
702 183 788 226 possit
798 193 805 212 ·.
815 191 870 212 nec
881 181 1018 211 mentiris
1032 177 1097 209 :sed
1107 187 1137 207 re
1149 174 1166 205 s
1163 184 1214 206 uc-

259 241 401 270 cumbere
420 244 484 267 non
493 230 664 271 oportebat,
683 226 781 256 verbis
790 224 970 265 gloriantem
983 241 991 255 ‚
1009 221 1077 250 dum
1087 217 1160 248 nihil
1168 215 1216 247 bo-

260 291 327 310 num
340 300 348 311 ,
359 275 489 318 nifiquoti
498 270 635 307 honestum
644 281 655 296 .·
666 267 739 298 niln'l
749 266 857 295 malum
871 263 1022 305 ‚nifiquod
1029 269 1117 304 turpe.
1129 264 1138 279 ¹
1153 261 1216 300 Op-

261 331 321 351 tare
339 321 396 348 hoc
406 316 529 358 quidem
539 312 581 343 est
590 331 599 345 ‚
623 320 687 340 non
696 309 812 339 docere.
835 306 911 337 illud
923 306 955 336 ὃ(
970 304 1080 334 melius
1090 323 1098 336 ,
1120 301 1153 332 &
1164 310 1216 331 ve-

262 364 321 391 rius
335 371 339 388 1
362 360 455 389 omnia
466 377 475 390 ,
505 365 564 397 quiz
584 361 687 382 natura
697 350 884 392 (aspernatur
893 367 902 382 ‚
922 347 950 376 in
969 345 1051 375 malis
1070 343 1137 383 effi:
1158 352 1217 385 quae

260 402 396 442 asstfcat,
419 400 449 428 in
466 397 551 427 bonis.
575 396 632 425 hoc
642 392 755 434 posito,
782 391 814 421 δε
826 390 986 421 verborum
996 386 1218 418 concertatione

264 445 373 475 sublata
383 462 391 476 ,
411 448 528 471 tantum
539 446 639 467 tamen
649 434 777 466 excellet
793 431 870 462 illud
886 452 894 464 ‚
916 429 999 471 quod
1009 428 1092 460 recte
1104 426 1218 467 ample-

263 494 371 516 xantur
382 482 440 516 isti,
456 480 538 522 quod
550 476 710 509 honestum
722 496 730 509 ,
743 474 825 516 quod
837 472 951 503 retium
964 492 972 506 ‚
983 470 1064 513 quod
1075 470 1219 500 decorum

262 526 447 567 appellamus
458 536 467 558 3
486 521 568 563 quod
590 519 670 550 idem
682 517 832 548 interdum
842 515 961 546 virtutis
971 514 1100 543 nomine
1108 510 1221 550 ample-

264 570 376 598 c'tiniur
386 587 395 602 ,
416 575 448 596 ut
457 565 561 595 omnia
571 569 708 602 praeterea
717 569 782 600 quae
792 558 874 588 bona
883 557 1016 596 corporis
1029 575 1037 588 ‚
1051 554 1083 584 &
1093 552 1221 583 fortuna:

263 620 403 651 putantur
416 629 424 642 ,
443 612 457 627 2
470 606 646 646 perexigua,
672 602 705 631 &
717 603 836 630 minuta
845 598 1019 628 videantur:
1039 600 1051 624 3
1065 606 1096 624 ne
1113 594 1223 623 malum

266 652 383 694 quidem
401 651 490 679 ullum
501 667 509 680 ‚
525 650 616 678 477cc‚
631 643 658 685 fi
675 644 703 673 in
731 652 818 671 unum
829 641 920 670 locum
930 640 1029 669 cit-illata
1038 638 1131 667 omnia
1140 637 1221 676 sunt,

267 705 332 724 cum
352 690 537 734 turpitudinis
554 686 628 717 malo
646 684 840 727 comparanda.
872 684 987 721 Qare,
1019 679 1040 710 si
1055 700 1063 714 ,
1084 688 1117 709 ut
1133 675 1225 708 initio

266 733 434 768 concessisti
445 753 454 767 ,
465 729 618 771 turpitudo
628 729 713 768 pejus
724 725 766 757 est
777 746 785 759 ,
805 724 895 766 quam
908 723 996 753 dolor
1008 733 1013 751 :
1025 721 1103 751 nihil
1112 718 1155 750 est
1164 718 1225 759 pla·

271 778 312 809 ne
330 777 427 808 dolor.
451 783 522 805 nam
544 771 619 802 dum
639 770 693 800 tibi
707 777 810 808 turpe,
831 776 886 796 nec
894 766 1021 806 dignum
1034 765 1100 794 viro
1108 760 1226 792 videbi-

271 829 318 850 tur
333 840 341 853 ,
362 826 480 860 gemere
490 835 498 850 ,
510 814 618 854 ejulare
629 831 637 846 ‚
650 811 824 843 lamentari,
835 807 948 847 frangi,
962 806 1130 837 debilitari,
1141 802 1226 832 dole-

270 871 302 892 re
312 880 320 895 ,
338 865 351 889 5
361 869 428 891 tum
440 855 577 889 honestas
587 875 595 888 ‚
614 862 681 884 tum
691 852 820 893 dignitas
829 870 837 884 ‚
857 859 923 880 tum
933 848 1023 878 decus
1033 846 1142 877 aderit:
1154 843 1168 864 ⁶
1181 853 1228 875 tu-

271 913 330 944 que
354 905 386 933 in
395 911 428 931 ea
436 898 598 930 intueberis
610 915 618 929 ‚
640 904 666 926 te
675 893 847 925 continebis
860 902 866 921 z
883 886 1113 930 cedetproseEtb
1127 886 1230 916 virtuti

272 945 362 976 dolor
372 964 381 976 ‚
394 944 426 974 &
435 942 532 973 animi
542 936 721 968 ‘induitione
729 933 896 975 languescet
908 943 912 961 z
925 939 978 961 aut
989 933 1072 961 enim
1084 930 1160 959 nulla
1171 928 1231 956 vir-

275 996 323 1018 tus
341 985 404 1019 eff,
423 991 475 1013 aur
493 979 699 1011 contemnendus
719 977 807 1006 omnis
823 974 909 1004 ἀοῖον.
932 973 1163 1013 prudentiamne
1184 971 1231 999 vis

277 1027 335 1059 effe
349 1049 358 1062 ,
377 1025 438 1058 sine
448 1035 506 1066 qua
515 1033 552 1053 ne
566 1021 693 1061 intelligi
704 1018 827 1059 quidem
839 1017 899 1046 ulla
909 1019 1001 1046 virtus
1011 1012 1107 1054 potest
1117 1014 1125 1039 ?
1135 1018 1149 1041 7
1159 1010 1232 1053 quid

275 1081 348 1112 ergo
359 1074 411 1100 ca?
424 1069 588 1108 patieturne
600 1071 628 1093 te
639 1060 804 1103 quidquam
815 1057 908 1088 facere
919 1057 998 1088 nihil
1007 1054 1232 1097 proficientem,

277 1110 527 1144 &laborantem?
545 1115 581 1135 an
593 1102 789 1143 temperantia
811 1097 1128 1130 finetteimmoderate
1138 1095 1234 1126 facere

276 1154 443 1196 quidquam
458 1152 468 1178 ?
485 1159 524 1179 an
541 1148 602 1178 coli
620 1145 732 1186 justitia
742 1141 896 1183 poteritab
906 1142 1033 1171 homine
1040 1147 1159 1179 propter
1169 1138 1233 1166 vim

276 1196 392 1228 doloris
411 1192 587 1224 enuntiante
604 1184 782 1219 commissa,
803 1183 946 1224 prodente
963 1181 1117 1213 conscios,
1142 1178 1236 1208 multa

277 1237 381 1270 officia
389 1236 577 1274 relinquente
591 1234 601 1260 ἓ
615 1229 711 1271 Qid?
721 1225 916 1258 Fortitudini‚
928 1222 1150 1262 comitibusque
1160 1220 1236 1259 ejus,

279 1275 484 1321 magnitudini
494 1274 590 1305 animi
602 1293 610 1306 ,
630 1271 783 1313 gravitati,
803 1268 950 1308 patientioe
961 1285 969 1299 ‚
980 1274 1079 1295 rerum
1092 1264 1238 1293 humana-

279 1331 350 1355 rum
361 1317 560 1360 despicientia:
575 1334 582 1348 ‚
603 1323 665 1355 quo
674 1310 768 1342 modo
778 1308 969 1349 respondebis
981 1304 1168 1337 ?afflietusne
1180 1323 1189 1337 ‚
1205 1303 1239 1333 δε

278 1365 399 1406 jacens,
421 1361 453 1391 δε
473 1356 660 1388 lamentabili
677 1362 752 1384 voce
769 1351 944 1391 deplorans,
959 1348 1061 1379 audies
1072 1367 1081 1381 .
1101 1347 1237 1377 Ovirum

281 1406 394 1436 fortem
409 1406 420 1433 ?
438 1398 453 1421 8
464 1403 511 1431 Te
532 1397 605 1429 vero
626 1400 664 1428 ita
677 1393 816 1426 affee‘tum
830 1402 868 1422 ne
879 1393 978 1422 virum
990 1389 1114 1431 quidem
1130 1388 1241 1419 dixerit

281 1447 453 1489 quisquam.
476 1439 635 1471 amittenda
652 1439 741 1479 igitur
755 1433 898 1475 fortitudo
924 1431 967 1462 eft*
978 1453 986 1467 ,
1007 1439 1061 1460 aur
1074 1428 1243 1471 fipeliendus

259 134 382 179 1070

226 1491 238 1515 1
248 1492 270 1524 4
283 1489 368 1520 dolor.
390 1490 405 1514 9
417 1483 533 1525 Ecquid
543 1483 597 1513 scis
608 1483 698 1522 igitur
708 1499 717 1512 ,
727 1477 748 1508 fi
759 1477 832 1518 quid
843 1476 877 1505 de
887 1475 1055 1506 CorIntliiis
1066 1476 1126 1503 tuis
1134 1472 1243 1503 amise-

286 1534 328 1562 ris
342 1550 350 1564 ‚
368 1526 450 1569 posse
468 1525 575 1555 habere
593 1532 621 1553 te
641 1521 787 1561 reliquam
803 1515 1021 1556 supelleetilem
1033 1515 1161 1545 salvam:
1180 1514 1243 1544 vir-

286 1580 383 1604 tutem
399 1576 500 1599 autem
512 1564 531 1595 si
542 1574 633 1595 unam
643 1563 795 1593 amiseris:
816 1556 867 1589 etsi
876 1559 977 1586 amitti
987 1567 1037 1586 non
1043 1555 1129 1597 potest
1139 1556 1245 1584 virtus:

285 1613 337 1645 sed
357 1610 377 1641 fi
397 1618 488 1640 unam
504 1604 652 1637 confessus
659 1603 752 1634 fueris
763 1611 790 1632 te
798 1610 862 1630 non
873 1599 978 1629 habere
989 1618 997 1632 ‚
1022 1598 1138 1627 nullam
1150 1605 1178 1627 te
1187 1594 1246 1627 effe

289 1652 486 1686 habiturum?
506 1658 580 1678 num
602 1648 693 1687 igitur
710 1643 821 1673 sortem
831 1643 932 1672 vii-um
945 1659 954 1674 ‚
977 1649 1053 1669 num
1064 1648 1173 1678 magno
1180 1639 1247 1668 ania

291 1706 347 1727 mo
356 1714 363 1728 ‚
374 1702 448 1723 num
459 1692 634 1732 patientem,
647 1696 721 1717 nurn
731 1693 863 1725 gravem,
876 1685 906 1702 ¹0
915 1691 990 1712 num
1001 1682 1133 1711 humana
1142 1689 1248 1710 conte-

290 1743 450 1769 mnentem
461 1740 544 1773 potes
554 1730 650 1760 dicere
660 1736 709 1759 aut
721 1724 918 1757 Philoetetam
940 1724 1050 1752 illum?
1070 1726 1096 1752 A
1114 1731 1142 1751 te
1160 1723 1245 1751 enim

292 1778 375 1810 malo
393 1775 513 1806 discere.
536 1771 592 1803 Sed
604 1772 655 1801 ille
673 1769 749 1800 certe
762 1776 827 1797 non
835 1765 922 1796 fortis
934 1768 943 1783 ¹
952 1768 960 1783 ¹
972 1766 1024 1805 qui
1030 1765 1107 1803 jacet
1120 1765 1153 1792 in
1165 1762 1246 1793 lelio

291 1818 440 1852 humido,
458 1815 512 1856 qui

385 1857 507 1894 Ejularu
519 1875 528 1889 ‚
548 1852 645 1897 questu
655 1872 663 1886 ,
680 1851 811 1893 gemitu,
825 1847 999 1887 ftemstibm,

388 1898 564 1940 Resonando,
582 1895 706 1924 multum
718 1892 841 1932 flebileis
857 1901 932 1920 voces
949 1889 1042 1928 refert.

294 1954 359 1977 non
370 1952 425 1985 ego
439 1941 576 1972 dolorem
587 1957 595 1972 ‚
607 1937 745 1967 dolorem
756 1933 814 1964 ess'e
825 1943 902 1974 nego
913 1942 918 1960 ·.
939 1935 967 1950 ¹²
977 1940 1029 1961 cur
1038 1931 1122 1960 enim
1132 1927 1254 1960 fortitu-

295 1988 337 2018 do
355 1983 583 2015 desideraretur?
603 1979 652 2010 sed
666 1987 738 2008 eum
749 1977 880 2016 opprimi
894 1974 963 2004 dico
973 1973 1114 2012 patientia
1125 1990 1136 2006 ,
1157 1970 1178 2001 fi
1187 1981 1256 2001 mo-

300 2028 342 2060 do
351 2026 393 2058 est
401 2027 499 2066 aliqua
507 2023 652 2063 patientia
663 2032 668 2050 ι
684 2019 704 2049 si
715 2019 799 2049 nulla
807 2016 848 2048 est
860 2036 868 2050 ‚
879 2015 952 2057 quid
962 2023 1146 2050 exornamus
1154 2013 1257 2054 philo·
1295 2012 1404 2042 dicunt.
1418 2022 1491 2052 unae
1510 2011 1634 2054 quidem
1652 2014 1694 2043 ita
1709 2020 1850 2053 geruntur
1866 2011 1934 2052 apte
1944 2030 1953 2045 ‚
1972 2019 2005 2040 ut
2015 2028 2025 2044 ‚
2043 2007 2065 2039 si

1241 96 1339 143 (31
1376 110 1404 142 c
1440 109 1470 142 a
1505 110 1541 142 R
1575 111 1605 142 o
1641 112 1674 144 u
1713 113 1732 144 1
1769 113 1789 144 s

1256 174 1412 214 sophiam?
1428 182 1477 205 aut
1494 174 1567 215 quid
1583 175 1647 215 ejus
1670 178 1797 208 nomine
1820 176 1941 220 gloriosi
1959 177 2083 210 sumus?
2102 177 2211 220 Pungit

1259 216 1356 246 dolor.
1379 216 1436 246 Vel
1451 215 1546 263 ¹fodiat
1567 217 1646 247 sane.
1669 215 1799 249 finudus
1813 230 1864 254 es-·‚
1884 221 2079 262 dajugulum.
2103 219 2146 251 fin
2165 230 2210 251 te-

1260 257 1323 288 &us
1333 258 1489 288 Vulcanus
1498 260 1589 288 armis
1599 277 1608 292 ,
1620 257 1650 288 id
1660 257 1702 288 est
1711 278 1720 292 ,
1729 258 1918 296 fortitudine,
1929 262 2035 294 resiste.
2053 264 2115 293 haec
2126 263 2212 292 enim

1259 308 1287 330 te
1299 319 1308 333 ‚
1330 298 1385 329 nisi
1403 300 1444 330 ita
1454 298 1544 330 facies
1556 319 1565 333 ,
1587 298 1671 336 custos
1678 299 1826 340 dignitatis
1836 321 1846 335 ,
1863 304 2028 345 relinquet,
2042 304 2075 334 &
2086 305 2208 335 desei-et.

1261 345 1291 388 ¹}
1305 343 1426 372 Cretum
1436 340 1561 382 quidem
1569 342 1648 382 leges
1660 361 1669 376 ‚
1686 351 1757 382 quas
1766 339 1825 372 sive
1831 344 1957 384 Jupiter,
1967 345 2025 376 five
2034 347 2139 376 Minos
2150 345 2215 376 san-

1260 392 1323 416 xit,
1342 382 1605 425 deJovisquidem
1614 384 1777 417 sententia,
1799 393 1832 414 ut
1844 386 2062 424 po'e'taeferunt,
2080 389 2215 427 itemque

1263 427 1412 466 Lycurgi,
1434 424 1586 456 laboribus
1604 424 1745 455 erudiunt
1753 425 1944 465 juventutem
1956 447 1965 461 ,
1987 429 2107 458 venando
2121 449 2129 463 ‚
2150 439 2214 457 eur-

1262 466 1339 495 rendo
1352 485 1359 499 ,
1382 467 1538 506 eficriendo,
1554 466 1673 508 fitiendo
1684 486 1692 501 ‚
1708 466 1821 507 algendo
1831 487 1841 501 ‚
1859 465 2000 503 astuando.
2022 473 2127 510 Spartae
2140 468 2215 500 verb

1262 510 1346 552 pueri
1360 507 1395 538 ad
1405 518 1483 538 aram
1495 508 1533 539 fic
1543 509 1715 539 verberibus
1725 510 1924 549 accipiuntur.
1940 513 1970 537 ¹4
1978 518 2011 539 ut
2025 511 2131 541 multus
2143 510 2153 541 ὲ
2164 511 2215 539 vi-

1260 548 1382 589 fteribus
1397 550 1510 590 [languis
1528 558 1629 580 exeat:
1647 560 1870 592 nonnunquam
1887 552 1978 583 etiam
1993 571 2002 585 ‚
2022 561 2053 581 ut
2064 571 2072 585 2
2090 552 2161 583 cum
2173 552 2216 582 ibi

1245 625 1247 632 y
1266 590 1358 621 ess‘em
1370 611 1379 625 ‚
1398 593 1554 623 audiebam
1569 612 1578 626 ,
1595 592 1630 623 ad
1653 602 1774 623 necem:
1795 603 1926 634 quorum
1944 603 2008 624 non
2019 593 2113 623 modo
2123 603 2218 624 nemo

1267 633 1445 678 exclamavit
1467 644 1611 680 umquam
1622 654 1631 668 ‚
1651 634 1701 665 sed
1715 644 1753 664 ne
1762 637 1910 676 ingemui:
1923 634 2058 676 quidem.
2082 636 2162 676 Qid
2171 645 2220 665 er-

1266 685 1303 715 go
1315 678 1326 704 ‚²
1347 676 1405 706 hoc
1415 678 1498 716 pueri
1507 675 1570 717 posi
1576 685 1639 710 unt,
1651 677 1709 706 viri
1719 686 1782 706 non
1793 680 1955 716 poterunt?
1971 680 1996 704 ¹5
2007 677 2040 707 &
2051 686 2118 706 mos
2129 677 2219 711 valet,

1269 726 1342 747 ratio
1362 727 1427 748 non
1436 718 1568 748 valebit?
1582 716 1707 748 Interest
1716 718 1830 758 aliquid
1840 720 1918 749 inter
1926 719 2060 750 laborem
2072 738 2080 751 ‚
2093 718 2124 748 &
2133 717 2220 748 dolo-

1267 768 1341 789 rem.
1365 760 1433 790 sunt
1447 757 1579 791 finitima
1588 761 1721 790 omnino
1731 779 1740 794 ‚
1760 758 1788 780 ¹⁶
1799 759 1848 791 sed
1866 769 1967 791 tamen
1986 758 2088 791 differt
2096 758 2222 800 aliquid.

1271 810 1397 848 Limon,
1418 800 1461 832 est
1482 801 1603 832 funffio
1616 801 1752 842 quaedam
1765 802 1814 832 vel
1825 804 1921 832 animi
1932 822 1942 837 ‚
1959 802 2008 832 vel
2016 803 2150 842 corporis
2158 811 2224 842 gra-

1269 852 1366 873 vioris
1375 845 1472 884 operis
1483 864 1492 878 ,
1511 844 1544 874 δε
1554 845 1704 873 muneris:
1724 853 1833 874 noma
1849 853 1950 874 autem
1962 863 1971 878 ,
1990 852 2091 874 motus
2100 843 2181 883 asper
2191 844 2225 873 in

1272 894 1398 932 corpore
1410 905 1419 920 ‚
1431 886 1545 916 alienus
1555 885 1572 916 a
1581 884 1723 916 sensibus.
1747 888 1822 917 Haec
1837 884 1898 916 duo
1910 887 2007 917 Graeci
2017 885 2062 915 illi
2074 905 2083 918 ‚
2094 893 2226 925 quorum

1271 926 1420 974 copiosior
1429 926 1471 958 est
1481 928 1582 969 lingua
1593 947 1602 961 ,
1625 926 1716 968 quam
1726 926 1825 957 nostra
1836 946 1844 961 ,
1858 936 1921 958 uno
1932 929 2060 958 nomine
2068 926 2227 966 appellant.

1273 978 1370 1015 itaque
1381 969 1543 999 industrios
1552 969 1695 1000 homines
1705 989 1714 1003 ‚
1726 969 1773 999 illi
1783 968 1940 1003 studiosos,
1954 969 2005 1000 vel
2015 968 2116 1009 potius
2125 976 2232 997 aman-

1274 1019 1329 1040 teis
1339 1011 1452 1041 doloris
1462 1011 1618 1051 appellant:
1630 1020 1685 1041 nos
1695 1009 1891 1042 commodius
1900 1011 2073 1041 laboriosos.
2096 1009 2176 1041 aliud
2187 1007 2230 1039 est

1275 1053 1358 1082 enirn
1370 1052 1513 1082 laborare:
1533 1046 1615 1082 aliud
1625 1052 1738 1082 dolere.
1762 1051 1953 1082 &verborum
1967 1055 2053 1092 inops
2064 1051 2231 1084 interdum,

1275 1094 1383 1133 quibus
1395 1093 1543 1124 abundare
1553 1101 1581 1123 te
1594 1093 1710 1134 semper
1719 1102 1802 1134 putas
1811 1113 1820 1128 ,
1840 1095 1954 1124 Graecia
1965 1096 1970 1123 !
1981 1094 2062 1124 aliud
2075 1113 2083 1127 ,
2094 1095 2232 1134 inquam,

1277 1134 1319 1165 est
1330 1135 1432 1165 dolere
1442 1154 1451 1168 ,
1469 1134 1550 1166 aliud
1569 1134 1708 1166 laborare.
1731 1134 1803 1165 cum
1823 1137 1934 1165 varices
1943 1135 2112 1166 secabantur
2124 1138 2155 1165 C.
2167 1136 2235 1164 Ma-

1276 1179 1322 1206 rio
1334 1187 1341 1224 J
1362 1176 1491 1207 dolebat.
1514 1177 1587 1208 cum
1598 1175 1669 1207 aestu
1681 1186 1791 1219 magno
1799 1176 1924 1207 ducebat
1931 1186 2039 1218 agmen
2051 1186 2057 1205 z
2076 1175 2236 1206 laborabat.

1279 1217 1322 1248 est
1333 1227 1409 1248 inter
1425 1220 1488 1249 haec
1497 1228 1597 1249 tamen
1607 1219 1744 1259 quaedam
1755 1217 1962 1249 fimilitudo.¹7
1973 1217 2135 1257 consuetudo
2146 1219 2231 1247 enim

1279 1258 1406 1289 laborum
1420 1260 1610 1305 per-[restionem
1629 1259 1757 1291 dolorum¹
1772 1261 1856 1303 efficit
1865 1260 2036 1300 faciliorem.
2061 1261 2157 1299 itaque
2175 1258 2235 1291 illi,

1279 1305 1332 1351 qui
1342 1305 1462 1333 Graeciae
1483 1306 1614 1334 sormam
1634 1312 1732 1333 rerum
1744 1303 1934 1343 publicarum
1945 1301 2092 1332 dederunt
2100 1321 2108 1335 ,
2127 1307 2237 1341 corpora

1275 1355 1416 1384 Juvenum
1431 1344 1547 1383 firmari
1566 1344 1658 1375 labore
1668 1345 1826 1375 voluerunt.
1848 1344 1929 1386 quod
1940 1345 2088 1383 Spartiatae
2099 1343 2188 1372 etiam
2202 1343 2238 1371 in

1283 1386 1420 1418 faeminas
1430 1386 1644 1418 transtulerunt
1654 1397 1660 1416 :
1670 1397 1728 1429 qua
1738 1388 1833 1416 caterio
1843 1388 1872 1416 in
1882 1385 1998 1416 urbibus
2007 1384 2161 1426 mouissimo
2175 1383 2236 1413 cul-

1280 1436 1325 1463 ru,
1330 1430 1473 1471 parietum
1482 1427 1584 1458 umbris
1590 1429 1760 1458 occuluntur.
1782 1429 1829 1459 illi
1838 1437 1937 1459 autem
1947 1428 2107 1458 voluerunt
2119 1420 2147 1444 ¹3
2158 1424 2237 1454 nihil
2272 1454 2276 1459 N

1284 1473 1395 1501 horum
1418 1469 1514 1500 simile
1527 1469 1585 1500 effe
1593 1471 1670 1512 apud
1677 1473 1806 1500 Lacaenas
1816 1471 1939 1510 virgines
1947 1480 1957 1497 .·
1980 1468 2083 1510 quibus
2091 1468 2239 1508 magiapa-

1282 1511 1385 1558 lastras,
1398 1515 1520 1542 Eurotas
1531 1531 1539 1545 ‚
1550 1512 1590 1551 [bl
1600 1532 1608 1546 ‚
1614 1512 1718 1554 pulvis,
1729 1510 1806 1541 labor
1815 1531 1824 1546 ,
1835 1510 1945 1541 militia
1952 1509 2076 1547 instudio
2085 1508 2140 1542 erl,
2151 1510 2240 1549 quizm

1278 1553 1421 1600 fertilitas
1443 1552 1572 1583 barbara.
1596 1563 1666 1594 ergo
1686 1555 1732 1583 his
1750 1551 1903 1584 laboriosis
1920 1550 2186 1582 exercitationibus
2205 1549 2240 1579 δε

1286 1595 1375 1642 dolor
1384 1597 1554 1626 intercurrit
1564 1603 1810 1636 nonnumquam.
1821 1598 1851 1622 ι9
1861 1594 2071 1634 impelluntur,
2083 1591 2243 1624 feriuntur,

1285 1637 1467 1676 abjiciuntur
1476 1655 1486 1670 ‚
1508 1637 1636 1668 cadunt:
1656 1638 1690 1668 &
1709 1637 1768 1676 ipse
1786 1637 1870 1667 labor
1883 1634 1963 1676 quasi
1972 1635 2082 1666 callum
2091 1632 2243 1675 quoddam

1287 1679 1411 1709 obducit
1419 1677 1530 1708 dolori.
1554 1679 1699 1710 Militiam
1713 1677 1786 1708 verb
1798 1677 1929 1708 nostram
1940 1676 2008 1707 dico
2017 1696 2027 1709 ‚
2046 1686 2110 1706 non
2119 1676 2246 1715 Spartia-

1288 1729 1383 1750 tarum
1396 1739 1405 1753 ‚
1415 1728 1544 1760 quorum
1558 1720 1693 1760 procedit
1699 1719 1736 1750 ad
1746 1719 1876 1749 modum
1887 1738 1896 1752 ‚
1914 1718 1949 1748 ad
1960 1717 2065 1748 tibiam
2076 1736 2085 1750 ,
2096 1726 2151 1747 nec
2159 1715 2246 1746 adhi-

1289 1762 1386 1810 beturx
1394 1761 1454 1790 ulla
1472 1758 1533 1791 sine
1543 1760 1694 1801 anapaestis
1703 1761 1830 1801 pedibus
1842 1761 1982 1790 hortatio.
2004 1757 2101 1795 Nostri
2110 1758 2246 1787 exercitus

1289 1804 1425 1843 primurn
1436 1801 1508 1831 unde
1516 1812 1609 1833 nomen
1621 1801 1740 1832 habeant
1752 1822 1760 1837 ,
1772 1802 1860 1832 vides:
1870 1800 1980 1832 deinde
1988 1801 2042 1841 qui
2051 1800 2145 1833 labor,
2154 1808 2250 1839 quan-

1292 1854 1342 1891 tus.
1353 1846 1483 1886 agminis
1501 1843 1576 1874 ferre
1594 1846 1661 1885 plus
1680 1845 1833 1876 dimidiati
1843 1842 1954 1874 mensis
1964 1843 2088 1873 cibaria:
2107 1840 2183 1871 ferre
2195 1860 2205 1874 ‚
2224 1838 2248 1871 fi

1293 1886 1366 1928 quid
1377 1886 1412 1916 ad
1426 1885 1512 1916 usum
1523 1887 1637 1917 velint:
1648 1886 1724 1917 ferre
1733 1887 1860 1917 vallum.
1883 1894 1954 1915 nam
1964 1884 2092 1918 scutum,
2101 1881 2250 1924 gladium,

1295 1928 1423 1969 galeam,
1435 1930 1468 1958 in
1482 1938 1574 1959 onere
1582 1927 1678 1960 nostri
1693 1928 1808 1959 milites
1817 1937 1881 1958 non
1893 1927 1961 1967 plus
1969 1933 2130 1956 numerant
2138 1943 2147 1958 ,
2157 1923 2250 1964 quam

1297 1973 1439 2000 humeros
1451 1989 1460 2003 ‚
1475 1971 1615 2004 lacertos,
1642 1979 1760 2001 manus.
1782 1980 1864 1999 arma
1872 1971 1954 1999 enim
1966 1965 2089 1997 membra
2097 1965 2194 1996 militia
2202 1963 2253 2003 effe

2075 2007 2154 2039 foret
2169 2007 2250 2042 usus,

2171 2048 2255 2089 abje-

301 2102 2249 2123 W

334 2159 360 2176 ι.
379 2154 470 2183 Optare?
482 2150 521 2174 hoc
537 2148 628 2182 quidem
638 2148 673 2172 eft
683 2164 690 2176 ‚
710 2154 754 2170 nen
772 2143 874 2177 docere]
896 2136 1088 2175 C'onjee‘tumm
1107 2140 1140 2165 P.
1157 2138 1250 2170 Fabri,
1293 2138 1368 2162 dicere
1377 2144 1421 2162 aut
1430 2138 1584 2162 Plailoffetam
1601 2137 1665 2162 illum
1676 2153 1685 2167 ,
1706 2135 1788 2170 (quam
1797 2140 1819 2160 re
1828 2135 1888 2159 em'm
1907 2134 1967 2160 malo
1986 2132 2078 2158 dicere:
2088 2131 2177 2165 sedille
2193 2129 2253 2154 cerii

295 2194 374 2223 quam
395 2193 532 2221 tantopere
550 2182 639 2210 laudat
652 2180 798 2208 Lambinus
810 2198 818 2212 ‚
837 2177 934 2205 nullibi
951 2177 1053 2204 inveni.
1072 2175 1108 2202 est
1121 2182 1209 2202 autem
1221 2183 1251 2201 ea
1299 2173 1442 2206 nonfurtis.)

297 2232 315 2249 a
331 2230 394 2248 tare.

315 2232 364 2284 Pa..
384 2260 516 2289 Perexigua
525 2256 553 2286 ἐγ
562 2257 655 2281 minuta
665 2251 822 2286 visitantum]
843 2251 907 2277 Non
920 2249 989 2277 mali:
1004 2249 1061 2276 Pal.
1072 2257 1113 2285 pr.
1125 2249 1255 2281 perexigua

299 2295 482 2327 &perminuta.

337 2337 364 2364 3.
383 2333 419 2355 Ne
428 2330 516 2354 malum
528 2327 620 2361 quidem
636 2325 733 2359 ullum]
753 2322 879 2350 Lambini
899 2321 1042 2348 lcSt'ionem
1062 2319 1180 2346 asserunt
1189 2326 1215 2345 v.
1228 2326 1252 2343 c.

299 2365 368 2394 l‘all.
379 2365 428 2391 see.
441 2371 504 2391 tert.
515 2365 575 2390 Vat.
586 2368 705 2397 quartus.
726 2359 819 2395 vulgo,
829 2368 869 2384 nec
879 2360 966 2384 malum
975 2358 1068 2391 quidem
1076 2357 1118 2381 ull.

337 2409 365 2434 4.
385 2405 431 2427 Ne:
443 2402 499 2434 stin
509 2408 581 2425 unum
591 2401 663 2423 locum
681 2398 765 2422 collata
782 2399 859 2420 omnia
871 2394 957 2427 simu]
978 2392 1091 2418 Viostorii
1106 2391 1159 2417 liaec
1169 2389 1205 2416 est
1216 2389 1256 2415 le-

301 2436 368 2469 ξὶῑὶο,
380 2436 423 2464 sed
435 2445 540 2472 quoque
551 2434 585 2461 est
597 2435 612 2460 a
623 2440 738 2469 quatuor
749 2431 816 2457 Pili.
827 2429 970 2466 prioribus.
982 2428 1061 2455 Fabr.
1072 2427 1145 2454 Pith.
1155 2426 1255 2460 vulgo:
1280 2421 1281 2428 ¹

300 2483 342 2500 mc
353 2475 456 2508 fiunum
466 2474 570 2497 inlocum
580 2472 663 2496 collata
681 2470 758 2494 omnia
769 2468 829 2501 fint.

342 2518 368 2543 5.
387 2513 443 2534 ‘Tum
452 2509 566 2540 honestae,
576 2513 626 2531 tum
634 2503 765 2538 dignitas.]
786 2503 828 2528 Ita
837 2500 984 2531 Vitioi-ius.
995 2500 1031 2525 'ita
1043 2497 1189 2525 Lambinus
1200 2505 1259 2522 cum

303 2554 437 2581 congrege
448 2544 515 2570 Pall.
526 2542 604 2569 turba
614 2541 693 2569 Fabr.
704 2539 776 2567 Pith.
787 2537 845 2565 mss'.
857 2535 977 2564 Suffrid'i.
988 2535 1074 2563 Varie.
1084 2533 1192 2560 Uli-ich.
1204 2532 1263 2558 vul-

304 2590 340 2618 go
351 2581 488 2608 omittitur
499 2587 548 2605 tum
557 2579 670 2610 honestas.

341 2618 369 2643 6.
389 2619 466 2651 Tuque
474 2619 499 2642 in
509 2624 536 2641 ea
545 2612 697 2646 intueberis]
710 2609 895 2638 Assentiuntur
907 2608 964 2635 feri:
975 2607 1043 2634 Pali.
1054 2613 1108 2633 tres
1119 2604 1262 2635 Lambino,

306 2653 345 2680 ita
363 2652 463 2688 legenti
475 2660 484 2682 ;
505 2652 604 2684 dumque
623 2652 649 2675 in
667 2657 696 2674 ea
713 2647 839 2673 intueberis
850 2657 856 2670 :
879 2645 975 2681 quippe
994 2643 1074 2680 prim.
1088 2642 1138 2669 sec.
1159 2649 1264 2675 cumque.

306 2696 395 2724 quart.
406 2696 510 2722 tumque.
524 2688 610 2713 Vatic.
621 2683 728 2710 Ulr'ich.
739 2690 809 2717 tuque
818 2684 845 2708 in
855 2690 882 2707 ca
891 2681 1001 2707 intueris.

343 2732 370 2758 7.
390 2725 455 2757 Qid
463 2733 513 2756 ergo
529 2726 576 2748 ea?
592 2719 756 2754 patieturne]
778 2718 820 2744 Sic
839 2717 926 2753 scripsi
946 2716 1031 2743 fretus
1042 2713 1205 2741 aud-:toritate
1215 2712 1264 2739 Vi-

306 2758 400 2791 &orii,
410 2760 528 2796 quinque
539 2757 608 2784 Pali.
621 2757 700 2791 vulgo
713 2764 719 2780 z
740 2755 799 2789 quid
806 2757 875 2787 ergo?
893 2755 1073 2786 capaiieturne.

346 2795 373 2821 8.
393 2798 420 2820 ‘tle
430 2796 486 2821 vero
495 2798 532 2821 ita
541 2793 651 2826 ajfiflum
660 2801 688 2818 ne
697 2793 779 2817 virum
788 2789 905 2824 quidem]
927 2788 1026 2814 Nescio
1036 2786 1100 2823 quid
1111 2787 1136 2812 in
1149 2791 1266 2812 mentem

311 2829 393 2857 fuerit
402 2830 515 2857 vittoni
526 2830 562 2856 ita
572 2828 709 2856 exhibenti
720 2827 789 2854 hunc
799 2825 886 2852 locum
898 2836 905 2853 :
927 2826 955 2850 Ἱὲ
964 2825 1020 2851 ‘verb
1029 2826 1067 2850 ira
1076 2822 1214 2855 officiumne
1222 2830 1267 2846 ve-

310 2875 365 2892 rum
378 2867 468 2899 quidem
479 2877 486 2891 .-
508 2866 613 2892 vitiose.

346 2909 364 2936 9
371 2920 376 2926 .
396 2902 535 2934 Ecquitiseis
547 2904 630 2934 igitur,
634 2901 659 2934 fi
665 2899 723 2933 quid
731 2898 757 2924 de
766 2897 894 2924 Corinthiis
902 2897 949 2923 tuis
960 2895 1090 2930 amiftrie]
1101 2893 1181 2921 Fabr.
1195 2893 1268 2920 Pith.

306 2937 403 2972 siquem
413 2936 439 2960 de
450 2938 556 2962 Corinth.
577 2935 698 2962 subaudit
708 2933 871 2961 Gulielmius
883 2934 1045 2963 matellionem,
1055 2931 1224 2966 aut-scyphum.

353 2979 395 2998 ιο.
419 2974 480 2996 Num
494 2973 597 2997 humana
607 2977 784 2997 contemnentem
800 2977 865 3002 potes
875 2969 950 2995 dicere
967 2975 1010 2994 aut
1018 2969 1170 2993 Philorretam
1187 2966 1272 2992 illum?

313 3010 379 3036 (Ate
388 3010 448 3032 enim
458 3008 517 3031 malo
526 3007 691 3041 distensas]
709 3005 882 3032 Reduximus
894 3004 1037 3031 leffionem
1047 3002 1175 3033 Victorii,
1186 3003 1200 3028 a
1213 3000 1271 3031 mss.

311 3043 407 3082 nost-ris
433 3040 547 3082 *lei-isque
557 3041 737 3081 confirmatam
748 3042 827 3078 prim.
839 3048 903 3068 tert.
914 3047 1004 3076 quart.
1015 3039 1103 3076 quint.
1114 3037 1178 3064 Fab.
1199 3037 1272 3064 Pitli.

310 3078 401 3104 Vatic.
433 3084 484 3102 icet
496 3077 637 3102 Lambinus
648 3086 706 3103 cum
719 3077 842 3107 Manutio
852 3076 964 3111 refingat
975 3087 981 3102 :
1005 3082 1049 3102 ant
1057 3076 1217 3100 Prometheum
1230 3080 1274 3099 aut

309 3115 463 3141 Philcfteiam
471 3113 535 3138 illum
546 3116 556 3138 .²
575 3114 626 3138 Illos
644 3116 704 3137 enim
715 3130 724 3142 ,
743 3112 815 3146 qusim
825 3121 846 3138 re
856 3131 865 3144 ‚
885 3115 945 3138 malo
961 3112 1047 3137 dicere.
1070 3119 1130 3137 cum
1141 3109 1273 3136 Gulielm.

311 3149 340 3178 in
349 3148 401 3178 suia
415 3149 431 3176 ti
442 3147 577 3186 reperisset
595 3146 750 3182 coniefilura
766 3147 862 3175 duetus
882 3147 990 3176 volebat
1007 3156 1047 3175 at.
1078 3145 1179 3182 vulgo:
1205 3152 1273 3179 potes

1334 2218 1375 2235 11.
1395 2210 1444 2242 Q}
1456 2209 1523 2242 jam
1532 2211 1557 2234 in
1568 2209 1622 2233 leffe
1632 2206 1749 2242 humido]
1771 2203 2003 2232 Hancleffionem
2015 2211 2048 2230 ex
2059 2200 2116 2229 mfl‘.
2136 2199 2255 2227 vindica-

1295 2253 1359 2271 runt
1369 2246 1389 2271 V
1394 2244 1442 2270 ie't.
1455 2244 1550 2271 Lamb.
1570 2253 1621 2279 ego
1636 2244 1733 2270 iterum
1744 2250 1778 2269 ex
1789 2241 1856 2269 Pau.
1868 2248 1983 2278 quatuor
1991 2236 2178 2276 posterioribus
2190 2235 2254 2264 Fab'.

1297 2280 1370 2307 Pitli.
1380 2281 1466 2307 Vatic.
1477 2281 1540 2307 alias
1551 2281 1641 2305 leffulo.
2242 2265 2247 2287 l

1335 2326 1344 2343 ι
1351 2325 1378 2344 2.
1397 2319 1447 2342 Cur
1455 2319 1515 2342 enim
1518 2315 1632 2350 fortitudo
1641 2313 1836 2348 desiderat-etun]
1854 2312 1912 2339 Pal.
1922 2317 2010 2348 quart.
2021 2310 2141 2344 defin-ret.

1328 2358 1380 2388 ¹13.
1400 2355 1495 2378 Cretum
1504 2351 1596 2385 quidem
1604 2353 1661 2384 leges
1672 2369 1681 2382 ,
1700 2351 1817 2384 quas-five
1825 2351 1937 2382 Juppiter
1947 2349 2011 2381 ‚si-ve
2020 2349 2101 2373 Minos
2105 2345 2192 2379 sanxit
2203 2363 2212 2375 ‚
2232 2343 2259 2370 de

1280 2406 1281 2416 l
1300 2390 1368 2422 Jovis
1377 2387 1617 2422 quidemfimtentia]
1639 2387 1701 2412 Meo
1711 2385 1798 2420 palato
1808 2383 1920 2419 sapidius
1935 2383 1992 2409 Pal.
2015 2389 2103 2418 quart.
2113 2381 2139 2406 St
2151 2379 2259 2406 Ulrich.

1289 2955 1292 2975 l

1300 2433 1388 2449 cretum
1397 2423 1488 2458 quidem
1498 2425 1555 2456 leges
1565 2426 1646 2449 Minos
1651 2422 1749 2455 Jhnxit,
1759 2421 1786 2445 de
1794 2421 1863 2454 Jews
1872 2419 1963 2454 quidem
1968 2417 2087 2453 [ementiri
2094 2429 2103 2451 a'
2124 2415 2198 2442 misso
2208 2415 2258 2442 illo

1301 2460 1477 2486 carcinomate
1488 2457 1629 2494 superfluo.

1339 2498 1412 2528 14.Uae
1422 2496 1511 2520 mulius
1520 2495 1530 2520 ἓ
1538 2493 1771 2527 visteribmfiznguis
1781 2491 1876 2525 exeat]
1889 2491 1932 2517 Sic
1943 2490 1978 2517 cst
1990 2491 2015 2517 in
2027 2488 2150 2516 omnibus
2160 2486 2234 2514 libris
2249 2495 2258 2513 τ

1299 2531 1343 2558 alii
1363 2538 1451 2558 tamen
1465 2541 1471 2557 :
1493 2538 1519 2555 ut
1538 2530 1617 2555 multis
1635 2530 1646 2554 ὲ
1664 2529 1726 2561 vise.
1748 2529 1917 2554 Hotomanus
1938 2528 2001 2553 νει-ὁ
2020 2525 2152 2553 observat.
2170 2523 2216 2550 lib.
2230 2531 2257 2548 v·

1301 2576 1357 2604 cap.
1369 2576 1413 2602 30.
1425 2576 1472 2602 pro
1482 2567 1614 2600 visceribus
1623 2565 1690 2600 legit
1699 2565 1830 2590 vibicibus.
2177 2586 2181 2590 ,

1342 2612 1383 2637 ¹5·
1398 2606 1430 2628 Et
1439 2612 1484 2628 mos
1495 2604 1574 2633 valer,
1585 2603 1647 2628 ratio
1659 2610 1704 2627 mm
1714 2600 1830 2634 valebit]
1844 2599 1958 2626 ViS‘torii
1968 2597 2112 2625 leffionem
2124 2596 2139 2622 a
2150 2593 2261 2621 Lambi-

1303 2649 1337 2666 no
1349 2647 1478 2675 receptam
1496 2657 1504 2670 ‚
1525 2638 1550 2664 in
1563 2637 1680 2673 quinque
1690 2636 1759 2663 Pali.
1776 2635 1854 2668 Fabr.
1874 2633 1948 2663 Pith.
1967 2635 2089 2662 Vatican.
2110 2629 2260 2667 repositam.

1307 2675 1399 2711 vulgo,
1409 2676 1438 2706 ἀν
1446 2684 1503 2708 quos
1514 2683 1560 2700 mos
1570 2675 1647 2699 valet.
1838 2670 1845 2677 ”

1346 2713 1389 2738 16.
1408 2710 1453 2736 Sed
1460 2718 1538 2736 tamen
1549 2709 1629 2742 diffirr
1639 2709 1757 2743 aliquid]
1778 2707 1862 2744 Qod
1872 2706 1957 2734 exstat
1967 2707 1992 2734 in
2004 2705 2070 2732 edit.
2083 2701 2211 2732 vicior'm
2224 2709 2266 2726 re·

1305 2748 1360 2785 peri
1372 2756 1478 2783 quoque
1497 2747 1523 2773 in
1535 2755 1652 2781 quinque
1674 2745 1743 2771 Pall.
1754 2745 1842 2771 Vatic.
1861 2744 1951 2778 itaque
1969 2737 2166 2769 admittendum
2186 2735 2264 2763 dini,

1310 2784 1391 2819 vulgo
1404 2782 1527 2816 diffirimt.

1346 2829 1388 2855 17.
1406 2819 1545 2852 Confieemdo
1562 2820 1623 2844 enim
1631 2819 1736 2844 laborum
1741 2818 1897 2851 perpeffi'onem
1905 2814 2004 2840 dolorum
2022 2811 2095 2844 ‘’ffl'sl'*
2108 2807 2266 2843 faciliorem]

1307 2858 1349 2884 Ita
1359 2854 1443 2891 scripsi
1455 2853 1578 2881 instinstu
1594 2853 1660 2880 l'all.
1671 2861 1759 2889 quart.
1770 2853 1860 2888 quint.
1872 2849 1936 2876 Fab.
1950 2847 2031 2883 vulgo
2045 2847 2132 2879 ffcict.

1351 2892 1394 2918 1⁴8.
1403 2892 1483 2926 “Nihil
1489 2892 1569 2916 horum
1570 2891 1647 2923 fimile
1656 2890 1697 2922 effi
1706 2889 1771 2922 apud
1778 2890 1891 2913 Lucanas
1900 2886 2017 2916 virgines,
2028 2880 2192 2916 [saiwand-1]
2205 2879 2272 2907 Cla-

1310 2928 1423 2956 rissimus
1435 2927 1567 2953 Puteanus
1577 2922 1831 2958 indicavitdoseph.
1844 2920 2007 2954 scaligerum
2020 2918 2180 2944 arbitratum
2194 2935 2202 2947 ,
2214 2915 2270 2941 liaee

1311 2963 1387 2991 fuisse
1399 2963 1494 2990 veteris
1505 2964 1588 2998 po'e'tae
1599 2959 1840 2996 eujtispiam‚atque
1850 2956 1887 2982 ita
1896 2954 2040 2991 digerenda
2051 2964 2056 2981 :
2079 2955 2125 2980 Nil
2142 2954 2223 2978 horum
2234 2952 2272 2986 fi-

1312 3002 1365 3027 mile
1374 2999 1438 3033 apud
1446 3001 1558 3024 Lacaenac
1568 2999 1674 3029 virgines
1683 3013 1689 3019 .

1391 3035 1461 3068 Qeis
1469 3035 1531 3065 magi
1540 3033 1546 3043 '
1564 3032 1684 3064 palestra,
1693 3035 1785 3059 rurota,
1792 3028 1837 3061 fid,
1844 3027 1931 3060 porris,
1945 3028 2022 3058 labos,

1391 3072 1487 3098 Militia
1494 3066 1602 3100 instudio
1611 3067 1656 3095 eff,
1666 3063 1738 3098 qurim
1747 3065 1862 3094 fertilitas
1871 3065 1991 3089 barbara.

1353 3115 1396 3143 ¹9-
1416 3101 1720 3137 Impellunmr,feriumur‚
1729 3098 1903 3134 abjiciuntur]
1915 3100 1957 3128 lta
1967 3106 2060 3128 omnes
2069 3095 2128 3126 mss‘.
2138 3093 2275 3124 Vittoria-

1317 3152 1351 3172 na
1361 3150 1386 3172 ta
1391 3149 1450 3170 men
1454 3158 1463 3173 ,
1465 3139 1594 3174 seruntur.

2161 3176 2173 3194 x
2181 3187 2186 3194 .
2195 3164 2259 3200 Qid
2267 3167 2279 3192 Ξ

2266 1672 2308 1707 16
