2295 3400
150 146 287 192 420*
562 120 1079 172 M.TU1.L'11

155 222 196 242 va
205 212 252 242 sua
261 211 354 241 venit,
364 206 436 248 quid
447 205 532 236 habet
542 204 595 235 ista
604 203 770 234 multitudo
781 202 988 232 admirationis
998 202 1009 228 ?
1019 200 1112 229 omit-

160 263 194 284 to
205 254 339 284 clienti-is
351 270 358 283 ,
373 251 489 278 vicinos
500 268 508 280 ‚
525 247 660 276 tribuleis
670 265 678 278 ‚
697 247 861 275 exercitum
874 252 971 273 totum
981 241 1114 274 Luculli,

162 297 214 336 qui
227 294 260 323 :id
271 291 458 330 triumphum
468 298 520 328 per
529 297 580 317 eos
590 288 653 317 dies
662 295 791 316 venerat.
804 287 861 315 hoc
872 285 940 315 dico
950 304 960 318 ,
976 283 1115 323 frequen-

164 346 236 367 tiam
256 338 289 364 in
304 333 361 362 isto
380 329 484 361 officio
500 331 655 371 gratuitam
667 348 675 361 ‚
695 327 864 358 nonmodo
874 326 1012 366 dignitati
1024 324 1116 354 ullius

164 385 309 417 uinquam
322 394 330 407 ,
350 373 397 404 sed
417 382 454 402 ne
469 379 616 401 vannum
624 369 747 411 quidem
758 367 892 398 defuisse.
916 371 954 397 At
964 366 1115 397 sonaban-

164 428 211 448 tur
231 417 329 448 multi·
352 418 438 445 Doce
449 434 457 447 ,
481 412 616 443 mercede
629 423 633 440 :
653 411 815 441 concedam
834 408 892 440 effe
910 412 1035 439 crimen.
1059 409 1116 437 hoc

108 469 150 500 34
167 459 289 500 quidem
300 465 419 487 remoto
429 476 437 489 ,
447 455 521 496 quid
531 453 742 494 reprehendis?
759 451 840 492 Qd
851 461 926 492 opus
936 449 977 481 est
985 470 993 484 ‚
1005 451 1116 490 inquit,

166 499 379 531 senatoribus?
402 500 429 528 A
447 507 496 527 me
516 505 547 526 tu
565 494 597 525 id
615 496 740 536 quatriS,
760 494 833 535 quid
849 503 922 533 opus
936 490 969 522 sit
981 502 1018 521 eo
1031 511 1039 525 ,
1056 501 1116 531 quo

165 543 282 581 semper
298 539 339 570 usi
359 540 461 570 sumus
480 541 490 567 ?
514 539 664 567 Homines
675 546 778 566 tenues
791 545 886 565 unum
898 534 1005 564 habent
1016 535 1048 563 iri
1060 542 1117 561 no-

168 583 262 614 strum
273 582 412 612 ordinem
432 584 439 599 ¹
452 588 501 610 aut
511 578 703 619 promerendi
713 597 722 610 ,
741 587 792 607 aut
799 576 967 617 proferendi
980 572 1118 605 beneficii

161 626 270 655 >locum
283 644 290 657 ‚
302 625 377 653 hanc
387 625 420 652 in
430 621 538 652 nostris
547 620 744 661 petitionibus
753 629 872 659 operam
886 639 894 652 ‚
906 627 991 658 atquc
1001 614 1118 653 affec‘la-

169 667 281 695 tionem.
305 675 400 706 neque
416 665 500 694 enim
516 661 578 692 fieri
592 660 706 702 potest,
723 671 819 701 neque
829 659 1042 699 postulandum
1053 656 1120 687 esta

169 708 259 738 nobis
271 728 278 741 ‚
293 717 342 737 aut
351 706 386 736 ab
396 705 548 746 equitibus
559 705 706 734 Romanis
717 723 726 736 ,
744 712 775 732 ut
788 703 854 732 suos
867 699 1040 731 nect-illinus
1050 708 1119 729 can-

167 750 285 779 didatos
295 747 442 779 seelentur
452 756 530 777 totos
540 745 603 775 dies
618 756 622 774 1
642 745 657 774 {i
666 745 774 786 quibus
786 743 805 772 si
816 743 926 773 doinus
937 741 1034 772 nostra
1042 741 1121 770 cele-

167 791 285 824 bratur,
303 789 324 821 si
335 789 486 820 interdum
495 787 530 818 ad
545 786 645 817 forum
662 786 838 816 deducimur
849 805 856 818 ‚
880 783 900 814 si
920 794 980 813 urio
997 781 1121 813 basilica:

168 834 262 873 spatio
280 830 474 862 honestamur
486 850 494 864 ‚
517 829 665 868 diiigenter
683 826 822 866 obftrvizri
839 825 977 856 videmur
997 824 1029 854 &
1049 824 1120 853 coli.

169 876 361 905 Tenuiorum
374 893 382 906 ‚
404 873 437 902 &
449 882 512 901 non
526 879 739 910 occupatorum
754 870 921 898 amicorum
939 866 980 896 est
993 865 1045 895 ista
1057 862 1121 893 affi-

169 916 284 946 duitas:
300 924 432 956 quorum
442 915 527 954 copia
537 913 625 942 bonis
635 931 643 944 ,
661 911 693 940 &
703 909 845 940 beneficis
855 907 952 938 deess'e
962 917 1025 937 non
1038 906 1121 949 solet.

167 958 247 987 Noli
265 959 355 999 igitur
373 957 484 995 eripere
503 956 584 984 hunc
602 951 739 982 inferiori
757 952 859 991 generi
876 951 1041 979 hominum
1061 950 1123 977 rru-

169 998 255 1029 &um
266 997 360 1029 officii
371 1019 378 1030 ,
396 1000 468 1027 Cato
480 1007 485 1024 1
500 995 559 1025 sine
570 1005 620 1024 eos
632 1015 640 1027 ,
657 995 709 1034 qui
720 993 814 1022 omnia
823 988 840 1020 ἅ
850 991 1035 1030 nobissperant
1046 1011 1054 1023 ‚
1072 990 1124 1018 ha-

168 1040 239 1071 bere
248 1041 328 1080 ipsos
338 1049 457 1080 quoque
466 1036 577 1077 aliquid
590 1056 598 1069 ‚
618 1036 700 1076 quod
711 1035 799 1065 nobis
812 1031 939 1064 tribuere
949 1031 1068 1072 poss'int.
1093 1031 1122 1074 Si

170 1082 249 1112 nihil
261 1084 316 1111 erit
326 1102 333 1114 ,
346 1090 449 1121 praetei·
460 1080 592 1118 ipsorum
604 1076 777 1116 suffragium
789 1096 797 1110 ‚
809 1077 897 1106 te'riue
909 1074 950 1104 est
962 1086 966 1103 :
978 1073 1008 1107 si,
1021 1083 1052 1103 ut
1064 1072 1123 1102 sui—

169 1124 336 1165 fragantur‚
358 1122 434 1151 nihil
452 1121 552 1150 valent
570 1122 668 1160 gratia.
691 1117 746 1158 Ipsi
760 1115 906 1158 denique,
928 1125 958 1146 ut
970 1114 1118 1146 solentlo-

170 1168 224 1206 qui
237 1185 244 1199 ‚
260 1174 322 1194 non
333 1164 429 1193 dicere
439 1172 493 1201 pro
504 1162 593 1191 nobis
605 1182 612 1194 ,
626 1171 689 1190 non
701 1159 844 1200 spondere
856 1179 864 1192 ,
878 1168 940 1188 non
951 1168 1057 1187 vocare
1068 1155 1123 1184 do-

171 1217 258 1236 mum
272 1207 352 1235 suam
363 1202 502 1244 possunt:
523 1213 610 1244 atque
619 1204 681 1232 haec
691 1202 706 1231 a
717 1202 806 1231 nobis
815 1209 920 1240 petunt
930 1202 1051 1229 omnia:
1071 1207 1123 1226 ne-

171 1248 300 1289 quevulla
315 1257 345 1276 re
359 1247 415 1276 alia
425 1266 434 1280 ,
452 1256 517 1286 quae
528 1246 544 1274 a
554 1245 642 1274 nobis
652 1244 876 1283 consequuntur
885 1261 893 1275 ‚
910 1239 964 1270 nisi
974 1239 1121 1280 operaf½a‚

171 1289 355 1329 compenffiri
371 1297 474 1328 putant
487 1285 577 1326 posse.
602 1288 700 1326 Itaque
712 1285 811 1325 &legi
824 1283 919 1313 Fabiae
933 1303 941 1316 ‚
960 1292 1026 1323 quae
1036 1281 1077 1310 est
1087 1280 1124 1309 de

171 1341 302 1361 numero
320 1329 496 1360 st-&atorum
513 1348 521 1362 ‚
542 1328 575 1358 &
592 1330 619 1358 S.
630 1330 662 1357 C.
679 1326 762 1367 quod
776 1325 818 1355 est
833 1327 868 1354 L.
880 1325 989 1355 Caesare
1002 1322 1125 1354 consule

168 1372 285 1403 &filum
297 1393 306 1406 ,
323 1371 502 1402 restiterunt.
527 1369 610 1399 nulla
622 1369 664 1399 est
677 1370 761 1398 enim
775 1376 861 1407 poeiia
874 1387 881 1399 ,
898 1376 964 1407 quae
976 1364 1062 1405 poffit
1075 1362 1124 1392 ob-

166 1415 346 1455 servantiam
364 1415 538 1443 tenuiorum
555 1412 590 1441 ab
607 1412 664 1441 hoc
683 1419 782 1440 vetere
800 1408 937 1438 instituto
951 1406 1123 1437 officiorum

171 1456 339 1487 excludere.
364 1459 402 1485 At
421 1453 583 1494 sposticula
600 1453 667 1482 sunt
685 1450 823 1482 tributim
841 1450 923 1483 data,
944 1449 975 1479 &
989 1448 1025 1479 ad
1038 1457 1125 1488 pran—

169 1498 260 1528 dium
270 1496 361 1539 vulgo
372 1499 479 1527 vocati.
499 1494 559 1526 Etsi
567 1495 624 1525 hoc
634 1493 747 1524 faChrm
758 1494 773 1522 a
781 1495 916 1527 Muraena
926 1493 1067 1524 omnino,
1076 1490 1125 1529 ju—

173 1540 253 1570 dices
264 1560 272 1573 ,
293 1549 357 1569 non
367 1538 426 1568 est:
446 1537 482 1568 ab
497 1538 560 1576 ejus
576 1538 680 1566 amicis
694 1544 795 1565 autem
813 1543 897 1563 more
907 1552 916 1566 ,
935 1533 967 1562 &
978 1531 1071 1562 modo
1082 1531 1126 1560 fa-

169 1581 261 1612 &um
273 1580 314 1610 est
327 1591 332 1609 :
347 1589 449 1611 tamen
458 1579 633 1609 admonitus
644 1587 674 1606 re
684 1576 744 1616 ipsa
753 1595 761 1609 ‚
774 1575 913 1605 recordor
924 1584 1069 1615 quantum
1081 1574 1125 1602 hae

171 1622 352 1664 quaestiones
363 1642 371 1655 ‚
391 1624 423 1651 in
437 1622 537 1651 senatu
553 1619 659 1649 habitae
670 1638 678 1651 ,
697 1616 882 1657 punrffflrum
900 1618 987 1645 nobis
1001 1636 1009 1648 ,
1031 1616 1125 1648 Servi,

174 1665 363 1695 detraxerint.
374 1688 377 1691 .
388 1662 477 1702 Quid
492 1663 575 1691 enim
586 1669 705 1699 tempus
715 1659 773 1688 fuit
784 1667 832 1688 aut
842 1657 940 1688 nostra
952 1667 1001 1687 aut
1011 1666 1127 1697 patrum

174 1704 347 1736 nostrorum
359 1705 507 1733 memoria
517 1722 525 1735 ,
538 1712 598 1743 quo
609 1703 671 1731 haec
682 1721 691 1733 ,
705 1699 763 1730 sive
772 1700 900 1730 ambitio
911 1698 953 1729 est
963 1719 970 1732 ‚
984 1697 1041 1728 sive
1053 1699 1127 1728 libe-

169 1747 271 1777 -ralitas
281 1766 290 1780 ‚
312 1756 375 1776 non
388 1744 476 1774 tuerit
487 1765 496 1777 ,
511 1753 543 1774 ut
554 1745 638 1774 locus
649 1743 723 1772 &in
733 1744 814 1772 circo
826 1762 833 1775 ‚
849 1742 882 1771 δε
892 1743 926 1771 in
936 1740 1003 1770 foro
1013 1741 1129 1770 daretur

173 1789 279 1819 amicis
290 1808 298 1821 ,
321 1788 352 1818 &
367 1787 547 1817 tribulibus?
565 1789 579 1805 2
589 1787 650 1814 haec
663 1785 806 1814 homines
820 1785 971 1813 tenuiores
982 1782 1127 1822 primum,

173 1831 314 1862 nondum
331 1831 383 1870 qui
397 1829 413 1859 a
427 1829 488 1860 suis
505 1827 664 1858 tribulibus
679 1835 776 1857 vetere
790 1824 928 1857 instituto
938 1823 1130 1864 assequcban—

178 1881 236 1903 tur.

525 1957 625 1992 Deei‘?
634 1953 782 1991 nonnihil.

120 2049 131 2072 7
147 2049 158 2055 ·
177 2041 354 2074 Praei'etiuni
375 2040 493 2072 fabrum
516 2040 607 2072 semel
631 2040 733 2070 locum
753 2038 914 2069 tribulibus
933 2037 992 2068 suis
1010 2035 1131 2067 dediss'e:

175 2085 250 2126 quid
261 2084 388 2120 statuent
398 2085 429 2113 in
440 2085 520 2113 viros
527 2084 699 2123 primarios,
709 2083 760 2121 qui
771 2083 803 2110 in
811 2082 890 2110 circo
902 2089 976 2110 totas
987 2079 1130 2112 tabernas,

175 2126 337 2157 tribulium
358 2125 457 2158 causa,
477 2126 712 2164 compararunt?
734 2125 806 2152 Haec
821 2124 927 2152 omnia
941 2120 1130 2154 senatorum,

179 2167 412 2208 spetff'taculorum
426 2187 435 2200 ‚
452 2167 648 2206 prandiorum
658 2166 732 2194 item
745 2165 871 2193 crimina
882 2182 890 2196 ‚
911 2163 926 2192 a
937 2162 1133 2192 multitudine

175 2211 213 2240 'in
229 2218 311 2239 tuam
330 2210 458 2238 nimiam
476 2208 664 2250 diligentiam
682 2225 690 2238 ‚
717 2206 817 2237 Ser-vi,
843 2203 979 2244 conjedta
1000 2204 1082 2238 sunt,
1100 2205 1134 2233 in

177 2251 288 2293 quibus
308 2259 407 2280 tamen
422 2251 557 2280 Muraena
574 2248 611 2278 ab
628 2248 744 2277 senatus
761 2246 933 2276 andstoritate
949 2245 1130 2275 defenditur.

181 2292 261 2332 Qid
275 2293 381 2322 enim?
400 2294 522 2321 Senatus
540 2299 617 2320 num
631 2289 752 2318 obviam
768 2287 886 2327 prodire
903 2289 1020 2316 crimen
1038 2289 1132 2326 putat?

180 2344 246 2364 non
260 2345 265 2363 ;
292 2337 304 2361 3
316 2332 364 2363 sed
375 2335 509 2361 mercede:
523 2333 682 2364 convince.
703 2339 778 2359 num
790 2327 890 2358 sectari
900 2329 1012 2357 multos
1025 2331 1035 2356 ἒ
1056 2337 1131 2360 non,

182 2375 232 2408 sed
247 2374 435 2406 conduetos:
456 2374 539 2404 doce.
563 2383 638 2403 num
656 2372 757 2401 locum
776 2370 810 2400 ad
830 2369 1023 2410 schtandum
1043 2369 1134 2398 dare?

179 2427 231 2448 aut
247 2417 282 2447 ad
300 2415 459 2456 prandium
478 2416 604 2445 invitare
619 2417 630 2443 ?
652 2412 796 2443 minime.
820 2411 866 2442 sed
885 2409 977 2451 vulgo
989 2429 998 2443 ‚
1016 2409 1131 2450 passim.

180 2460 255 2501 quid
267 2458 308 2489 est
318 2458 428 2499 vulgo?
452 2457 615 2488 universos.
639 2458 713 2486 Non
723 2456 814 2496 igitur
824 2474 832 2488 ‚
848 2452 868 2483 si
878 2455 915 2483 L.
927 2456 1014 2483 Natta
1025 2472 1033 2487 ‚
1052 2453 1132 2483 sum-

183 2501 314 2531 inoloco
323 2500 493 2530 adolescens
504 2520 513 2532 ,
534 2501 604 2540 qui,
624 2498 728 2538 &quo
738 2500 914 2536 animoJam
924 2493 974 2528 fit,
996 2495 1132 2535 &qualis

183 2544 228 2572 vir
242 2542 360 2572 futurus
375 2540 407 2572 sit
418 2561 426 2575 ‚
446 2541 587 2572 videmus
598 2561 606 2574 ‚
627 2542 659 2569 in
670 2541 805 2580 equitum
816 2539 955 2569 centuriis
965 2537 1063 2567 voluit
1076 2534 1132 2565 esse

184 2584 217 2614 &
227 2584 260 2614 ad
273 2585 328 2613 hoc
337 2582 474 2613 officium
486 2582 710 2613 necessitudinis
721 2601 729 2614 ‚
749 2581 781 2610 ὃς
792 2580 828 2611 ad
842 2581 990 2620 reliquum
1003 2587 1131 2618 tempus,

184 2626 325 2666 gratiosus
337 2645 344 2658 ‚
364 2625 394 2655 id
405 2627 459 2655 erit
470 2626 533 2662 ejus
547 2626 655 2654 vitrico
664 2622 760 2653 fraudi
772 2644 779 2655 ,
801 2631 849 2652 aut
859 2623 998 2651 crimini:
1019 2629 1074 2649 nec
1085 2639 1093 2653 ‚
1113 2618 1133 2648 si

184 2669 268 2709 virgo
280 2666 420 2700 Vestalis,
442 2668 530 2707 hujus
548 2668 733 2707 propinqua,
755 2666 788 2696 &
805 2661 981 2697 nccessiria,
1005 2662 1133 2692 4locum

225 2807 246 2823 ι.
267 2798 481 2830 dicipi-umorem&
493 2817 500 2827 ‚
520 2798 814 2830 ae11pi·ofireniiibcnqficii
826 2796 922 2830 locum]
945 2795 1088 2821 Lambinus
1101 2804 1138 2819 rc-

183 2834 282 2864 finndi.
302 2833 379 2860 male.
390 2842 541 2867 promeremus
551 2832 706 2859 beneficium
717 2833 827 2859 alterius
840 2851 848 2863 ‚
863 2834 1002 2865 profi-rimm-
1011 2831 1137 2857 nostrum.

185 2880 188 2883 “
221 2878 249 2895 2.
267 2873 319 2895 Jlaec
327 2871 425 2895 hominm
436 2872 549 2904 [mitiores
557 2871 658 2901 primum
668 2869 768 2894 nondum
777 2872 817 2902 qui
827 2867 910 2902 sisui),
919 2868 985 2901 ὧι]
1006 2866 1138 2892 Vetustius

187 2904 300 2946 impu-lli
314 2924 321 2935 ,
341 2908 381 2938 qm*
391 2914 418 2929 ea
431 2906 481 2938 fitis
494 2925 501 2935 ‚
513 2904 648 2939 quomodo
659 2906 685 2930 ὃς
698 2905 764 2931 Pau.
777 2904 856 2930 nostri
870 2923 877 2935 ,
888 2904 951 2929 'item
963 2905 990 2929 S.
1002 2902 1117 2928 Viktoris
1130 2911 1138 2932 ;

187 2950 233 2978 qui
253 2948 339 2967 tamen
360 2951 411 2966 uon
430 2940 545 2975 :ignoscit
565 2939 631 2967 'illud
644 2960 652 2974 ‚
668 2944 770 2973 primum
786 2940 886 2966 nondum
905 2942 955 2974 qui.
975 2938 1134 2966 Gulielmius

190 2976 346 3010 conjicit-bit
360 2995 367 3007 ,
384 2978 550 3008 primumdum.

229 3021 256 3048 3.
276 3013 320 3038 Seii
329 3013 427 3037 mercede
438 3021 559 3037 :convince
568 3013 634 3046 (ζμ-Γ]
655 3013 800 3039 Lambinus
812 3012 881 3043 licie,
892 3011 991 3038 secutus
1004 3010 1140 3036 Hotoma-

191 3058 252 3076 nuui
265 3067 272 3078 .
294 3057 369 3074 voces
387 3048 488 3082 aliquot
509 3057 534 3072 re
554 3049 614 3073 etit.
635 3048 676 3073 sed
689 3048 751 3083 quid
764 3049 780 3074 si
792 3058 842 3075 uon
854 3054 1006 3083 repetantur
1024 3047 1033 3072 ?
1047 3045 1109 3082 quid
1123 3045 1139 3071 si

190 3084 423 3119 subintelligantur
435 3085 444 3109 ?
455 3093 504 3109 iioii
517 3086 539 3108 el
553 3094 566 3108 e
576 3084 601 3109 iii
614 3083 670 3109 mss‘.
684 3084 730 3109 boc
741 3084 807 3110 seio:
831 3083 943 3120 ideoque
953 3093 1004 3110 nou
1015 3082 1140 3108 adiuitito.

187 3125 192 3129 “
226 3127 254 3152 4.
273 3122 359 3146 Locum
373 3121 440 3152 Jimm
454 3119 622 3151 ιρκ’(υῢιιιρνίιυη
634 3138 642 3150 ,
661 3119 727 3153 dfe]

1160 121 1706 170 CicERONtS

1161 201 1247 232 suum
1258 200 1618 242 gladiatoriumconcessit
1628 205 1698 233 huic
1709 223 1716 237 ,
1733 213 1797 234 non
1809 202 1901 234 &illa
1910 204 1958 245 pie
1969 203 2041 236 fecit
2049 224 2057 238 ,

1161 245 1209 273 hic
1219 243 1233 273 a
1244 243 1330 282 culpa
1339 241 1382 272 est
1393 252 1536 274 remotus.
1560 247 1663 275 omnia
1673 247 1734 275 haec
1745 246 1813 276 sunt
1822 244 1921 276 officia
1933 242 2120 277 necefl'ario?

1159 295 1225 314 rum
1246 305 1253 317 ,
1283 284 1445 314 commoda
1462 288 1636 316 tenuiorum
1654 307 1662 320 ‚
1686 289 1791 318 muni-,i
1808 288 2045 318 candidatorum.
2069 291 2109 319 At

1159 329 1242 372 euim
1260 327 1322 371 agit·
1336 335 1457 355 mecum
1478 325 1590 357 auster&
1602 347 1609 360 ‚
1632 328 1664 358 &
1678 330 1775 359 Stoice
1792 333 1874 359 Cato.
1898 339 1984 371 negat
2002 340 2109 360 verum

1158 367 1215 398 csse
1225 388 1232 401 ‚
1246 369 1320 397 allici
1333 366 1552 397 benevolentiam
1561 368 1618 398 cibo
1630 382 1640 398 :
1651 379 1734 411 negat
1744 371 1891 408 judicium
1902 372 2065 401 hominum
2078 374 2111 402 in

1161 409 1379 450 magistratibus
1392 409 1569 440 mandandis
1585 415 1736 451 corruinpi
1750 412 1951 452 voluptatibus
1961 422 2113 452 oportere.

1160 454 1236 492 Ergo
1247 451 1281 481 ad
1291 460 1420 484 coenam,
1433 453 1587 491 petitionis
1595 453 1677 482 causa
1689 463 1693 481 z
1706 452 1724 482 si
1734 455 1800 493 quis
1811 463 1897 483 vocat
1906 474 1913 486 ,
1924 455 2111 485 condemne-

1161 502 1215 523 tur.
1239 501 1368 532 quippe,
1388 494 1505 533 inquit,
1526 503 1557 523 tu
1569 494 1645 523 mihi
1657 495 1986 534 siimmumimperium
2001 517 2011 529 ,
2029 496 2112 527 sum-

1164 544 1245 564 mam
1255 536 1461 564 auctoritatem
1471 554 1478 568 ,
1491 544 1522 564 tu
1530 534 1726 575 gubernacula
1735 536 1905 575 reipublicae
1915 546 1993 576 petas
2002 537 2112 568 foven-

1161 575 1208 605 dis
1219 577 1383 605 hominum
1393 574 1523 605 sensibus
1534 596 1543 609 ,
1556 577 1587 605 δε
1597 575 1779 607 deliniendis
1791 579 1912 612 animis,
1925 578 1956 608 Sc
1967 578 2113 610 adhiben-

1162 618 1207 647 dis
1219 617 1442 656 voluptatibus?
1459 618 1573 647 Utrum
1584 619 1783 652 lenocinium,
1803 621 1902 659 inquit
1917 640 1924 653 ‚
1941 620 1955 649 ’ξι
1965 630 2050 661 grege
2060 621 2113 651 de-

1164 660 1254 689 licatae
1271 660 1455 699 juventutis,
1475 669 1511 689 an
1530 660 1610 689 orbis
1628 669 1771 690 terrarum
1789 663 1952 700 imperium
1967 667 1982 692 a
1998 663 2114 702 populo

1164 704 1258 731 Rom.
1268 701 1384 740 petebas
1399 702 1409 729 ?
1431 700 1596 740 Horribilis
1605 703 1699 731 oratio
1710 721 1718 734 ‚
1734 702 1781 732 sed
1793 713 1853 731 eam
1863 703 1928 742 usus
1938 723 1946 736 ‚
1958 703 2039 737 vita,
2053 714 2114 734 mo-

1162 753 1201 771 res
1212 763 1220 776 ,
1241 743 1345 771 civitas
1358 742 1418 781 ipsa
1430 734 1558 782 respuit-'f
1572 745 1679 783 Neque
1690 752 1790 774 tamen
1802 745 2022 775 Lacedaemonii
2032 766 2041 779 ,
2061 755 2115 776 au-

1165 784 1260 813 &ores
1278 783 1363 813 istius
1380 786 1448 813 vitae
1461 803 1469 817 ‚
1488 792 1573 824 atque
1583 787 1744 818 orationis,
1763 789 1815 825 qui
1826 785 2007 826 quotidianis
2020 788 2117 827 epulis

1165 828 1177 851 θ’
1188 828 1218 854 in
1230 825 1336 854 robore
1345 825 1526 855 accumbunt
1538 837 1542 854 ;
1559 836 1654 866 neque
1665 825 1736 856 vero
1747 830 1843 857 Cretes
1856 847 1864 861 ,
1879 838 2007 867 quorum
2021 838 2115 858 nemo

1163 865 1290 907 gustavit
1307 876 1451 906 umquam
1468 867 1578 897 cubans
1589 888 1596 901 ‚
1618 868 1727 898 melius
1738 890 1745 902 ,
1767 870 1857 909 quam
1870 871 2002 899 Romani
2014 871 2114 900 homi·

1165 917 1216 937 nes
1232 928 1239 940 ‚
1258 910 1310 953 qui
1321 916 1455 947 tempora
1463 909 1623 948 voluptatis
1637 930 1645 942 ,
1666 910 1830 951 laborisque
1838 911 2020 950 dispertiunt,
2038 912 2116 951 resp.

1165 949 1229 996 suas
1240 959 1444 979 retinuerunt:
1459 959 1592 990 quorum
1604 952 1703 985 alteri,
1716 962 1778 982 uno
1788 952 1917 982 adventu
1928 952 2020 983 nostri
2031 963 2118 983 exer-

1164 1000 1238 1020 citus
1254 1011 1262 1023 ‚
1283 991 1374 1020 deleti
1392 991 1475 1020 sunt:
1496 993 1578 1022 alteri
1596 992 1689 1022 nostri
1705 995 1825 1033 imperii
1843 993 1976 1033 praesidio
1986 994 2119 1034 discrpli-

1164 1042 1233 1062 nam
1247 1033 1328 1062 suam
1341 1053 1349 1065 ,
1369 1033 1504 1073 legesque
1522 1034 1709 1064 conservant.

1163 1074 1416 1121 jorumminstituta
1428 1094 1435 1107 ,
1455 1073 1469 1093 ⁶
1480 1085 1545 1115 quae
1564 1085 1610 1104 ies
1624 1077 1683 1115 ipsa
1697 1077 1815 1116 publica
1828 1097 1835 1110 ‚
1855 1087 1920 1117 quae
1938 1077 2118 1108 diuturnitas

1167 1125 1287 1155 imperii
1295 1115 1470 1155 comprobat
1479 1136 1487 1149 ‚
1499 1116 1632 1146 nimium
1643 1117 1740 1147 severa
1748 1121 1882 1147 oratione
1892 1119 2120 1158 reprehendere.

1168 1160 1236 1187 Fuit
1249 1157 1357 1186 eodem
1372 1167 1409 1186 ex
1423 1156 1521 1186 studio
1535 1168 1580 1187 vri·
1593 1159 1725 1188 eruditus
1738 1160 1814 1198 apud
1828 1169 1921 1199 patres
1935 1159 2051 1190 nostros
2061 1181 2069 1194 ,
2085 1162 2119 1191 δε

1170 1197 1312 1228 honestus
1322 1199 1417 1228 homo
1426 1218 1434 1231 ‚
1455 1199 1487 1228 &
1498 1199 1609 1228 nobilis
1621 1219 1628 1233 ‚
1641 1201 1825 1239 QTuburo.
1849 1210 1874 1229 is
1884 1221 1891 1234 ‚
1911 1199 1982 1231 cum
1992 1203 2119 1241 epulum

1168 1242 1250 1280 QM
1257 1250 1374 1269 aximus
1385 1260 1395 1272 ,
1414 1239 1546 1270 Africani
1557 1250 1649 1280 patrui
1660 1242 1703 1270 sui
1714 1236 1841 1271 nomine
1852 1262 1860 1275 ‚
1878 1245 1992 1282 populo
2001 1245 2119 1274 Roma-

1167 1293 1208 1312 no
1218 1282 1307 1314 daret,
1317 1291 1433 1322 rogatus
1444 1281 1486 1311 est
1494 1294 1509 1311 a
1518 1284 1669 1316 Maximo,
1681 1293 1712 1312 ut
1722 1283 2014 1319 rricii'nmmsternerer
2027 1305 2035 1319 ‚
2046 1285 2120 1317 curn

1168 1323 1238 1354 ess'et
1254 1323 1377 1354 Tubero
1396 1323 1529 1368 ejusdem
1547 1324 1679 1354 Africani
1700 1325 1805 1355 fiiroris
1825 1324 1915 1355 filius.
1940 1330 2037 1367 Atque
2054 1328 2120 1361 ille,

1169 1367 1264 1395 homo
1278 1364 1492 1395 eruditiflimus
1501 1386 1510 1399 ‚
1529 1375 1560 1394 ac
1570 1369 1685 1406 Stoicus
1698 1387 1707 1399 ‚
1723 1366 1823 1396 stravit
1836 1368 1985 1406 pelliculis
1996 1369 2123 1401 hazdiuis

1168 1407 1295 1437 lestulos
1306 1409 1472 1437 Punicanos
1484 1427 1492 1440 ‚
1510 1407 1542 1436 ὃς
1554 1408 1694 1446 exposuit
1703 1409 1766 1438 vasu
1776 1412 1887 1439 Samia:
1907 1408 1984 1449 quisi
1996 1409 2068 1440 vero
2078 1411 2125 1441 es-

1169 1450 1211 1479 set
1229 1452 1382 1489 Diogenes
1398 1451 1528 1488 Cynicus
1547 1459 1683 1479 mortuus
1702 1469 1710 1482 ‚
1735 1450 1766 1479 δε
1786 1460 1850 1479 non
1868 1450 1965 1480 divini
1986 1454 2125 1482 hominis

1172 1491 1303 1521 Africiru
1319 1500 1400 1519 mors
1410 1490 1630 1520 honestaretur:
1649 1501 1738 1531 quem
1750 1490 1819 1520 cun:
1838 1491 1978 1530 sup-:emo
1993 1495 2058 1532 ejus
2075 1493 2126 1524 die

1173 1535 1327 1563 Maximus
1344 1532 1488 1565 laudaret,
1507 1542 1610 1573 gratias
1629 1542 1688 1571 egit
1704 1533 1761 1562 diis
1779 1534 2020 1568 iinmoitalibuz
2039 1534 2124 1575 quod

1171 1575 1223 1604 ille
1237 1577 1283 1604 vir
1297 1576 1330 1603 in
1344 1574 1397 1618 hac
1407 1573 1699 1614 repubipoti‘ffimum
1712 1582 1796 1603 natm
1806 1573 1886 1605 esset.
1909 1574 2023 1606 necess'e
2037 1580 2124 1608 enim

1169 1615 1255 1646 fuiss'e
1267 1636 1275 1649 ,
1294 1616 1335 1645 ibi
1346 1614 1403 1644 esse
1415 1625 1555 1644 terrarum
1567 1618 1730 1656 imperium
1741 1636 1749 1650 ,
1762 1617 1813 1646 ubi
1824 1617 1874 1646 ille
1885 1616 1964 1647 effer.
1992 1619 2081 1657 hujus
2092 1621 2125 1649 in

1175 1667 1269 1688 morte
1282 1656 1453 1688 celebranda
1462 1667 1587 1696 graviter
1600 1659 1669 1688 tulit
1679 1659 1808 1698 populus
1818 1661 1911 1688 Rom.
1930 1660 2125 1701 hancperver-

1165 1700 1405 1741 shrafizpzentiam
1414 1701 1598 1729 Tuberonis.
1623 1703 1723 1740 Itaque
1735 1702 1829 1730 homo
1840 1703 2050 1741 integerrimus
2060 1722 2068 1735 ‚
2083 1702 2129 1731 ci-

1167 1752 1212 1772 vis
1231 1751 1364 1781 optimus
1375 1761 1383 1774 ‚
1404 1740 1476 1770 cum
1499 1740 1567 1770 effer
1590 1743 1624 1770 L.
1637 1742 1730 1771 Paulli
1742 1751 1835 1780 nepos
1846 1761 1854 1775 ‚
1876 1744 1906 1771 P.
1920 1742 2072 1776 Africani,
2093 1752 2127 1774 ut

1174 1785 1256 1818 dixi,
1276 1783 1382 1813 sororis
1394 1782 1472 1811 filius
1483 1802 1490 1815 ‚
1508 1784 1552 1811 his
1563 1783 1689 1812 haedinis
1699 1783 1847 1823 pelliculis
1858 1792 1982 1823 praetura
1992 1783 2127 1824 dejectus

1175 1825 1218 1856 est
1250 1828 1303 1855 OD
1314 1835 1324 1853 1
1335 1835 1354 1854 τ
1378 1835 1394 1853 P
1406 1834 1424 1853 o
1437 1834 1452 1853 P
1462 1835 1484 1854 u
1496 1834 1514 1853 L
1523 1835 1545 1854 U
1556 1833 1568 1852 s
1590 1827 1723 1855 Roman.
1734 1827 1881 1865 privatim
1892 1826 2043 1857 luxuriam
2054 1837 2059 1855 2
2071 1836 2130 1866 pu-

1176 1869 1285 1898 blicam
1295 1865 1552 1906 magnificentiam
1570 1866 1668 1907 diligit
1681 1877 1686 1896 2
1702 1877 1766 1897 non
1779 1876 1856 1896 amat
1870 1868 2002 1907 profusas
2017 1869 2126 1909 epulas:

1174 1910 1289 1941 sordeis
1298 1928 1307 1942 ‚
1326 1909 1359 1938 &
1378 1909 1630 1938 inhumanitatem
1650 1909 1750 1939 multo
1769 1908 1884 1938 minus.
1908 1909 2063 1950 distinguit
2082 1920 2129 1941 ra-

1175 1954 1292 1983 tionem
1302 1949 1489 1983 officiorum,
1507 1960 1538 1979 ac
1549 1959 1737 1990 temporum:
1757 1949 1993 1981 vicissitudinem
2005 1952 2127 1986 laboris,

1174 2004 1205 2024 ac
1223 1995 1395 2032 voluptatis.
1420 1994 1501 2023 Nam
1512 2012 1520 2025 ,
1541 1991 1623 2033 qubd
1640 1991 1684 2022 ais
1699 2013 1708 2026 ,
1731 1993 1808 2021 milla
1825 2002 1852 2021 re
1868 1994 1945 2022 allici
1963 1994 2128 2024 hominurn

1177 2037 1305 2065 mente‘is
1315 2042 1450 2074 oportere
1460 2033 1494 2064 ad
1505 2033 1708 2075 magistratum
1720 2033 1812 2064 mand
1821 2034 1926 2064 indum
1937 2054 1946 2068 ‚
1963 2033 2017 2064 nisi
2028 2035 2129 2077 digni-

1176 2087 1247 2108 tate:
1268 2078 1326 2106 hoc
1337 2076 1439 2115 tuipse
1450 2095 1458 2108 ‚
1478 2078 1511 2105 in
1521 2086 1582 2116 quo
1598 2076 1716 2107 summa
1729 2075 1772 2106 est
1784 2076 1910 2116 dignitas
1922 2096 1931 2109 ,
1948 2086 2011 2106 non
2022 2070 2126 2107 servas‘.

1175 2130 1228 2150 cur
1237 2120 1319 2148 enim
1330 2127 1513 2159 quemquam
1525 2137 1533 2151 ,
1549 2126 1579 2148 ut
1592 2117 1704 2148 studeat
1715 2118 1767 2148 tibi
1782 2139 1790 2151 ‚
1804 2127 1836 2147 ut
1846 2126 1876 2147 te
1884 2117 2019 2157 adjuvet,
2032 2120 2130 2160 rog-is?

1176 2164 1275 2201 Rogas
1287 2169 1319 2190 tu
1333 2170 1382 2189 me
1394 2179 1402 2192 ‚
1422 2168 1454 2188 ut
1465 2160 1542 2189 mihi
1551 2158 1646 2200 praesis
1659 2179 1667 2193 ,
1690 2168 1721 2189 ut
1731 2162 1925 2190 committam
1936 2169 1991 2200 ego
2002 2169 2051 2189 me
2062 2159 2129 2190 tibi.

1176 2202 1256 2243 Qd
1273 2202 1394 2231 tandem
1413 2203 1422 2230 ?
1436 2200 1512 2230 istuc
1521 2211 1572 2230 me
1582 2204 1676 2241 rogari
1687 2210 1803 2240 oportet
1812 2201 1862 2230 abs
1872 2209 1899 2230 te
1910 2220 1918 2233 ‚
1939 2210 1975 2230 an
1987 2209 2016 2230 te
2026 2200 2130 2240 potius

1175 2244 1191 2274 i
1202 2254 1251 2274 me
1261 2263 1269 2278 ,
1284 2252 1317 2273 ut
1325 2253 1379 2282 pro
1390 2252 1456 2272 mea
1464 2242 1554 2272 salute
1564 2243 1697 2272 laborem
1712 2263 1721 2275 ,
1741 2242 1968 2282 periculumque
1978 2242 2130 2282 suscipias?

1177 2285 1259 2327 Qid
1269 2305 1283 2318 ‚.
1296 2283 1378 2325 quod
1388 2283 1476 2313 habes
1485 2283 1713 2312 nomenclatorem
1724 2287 1734 2312 ἒ
1758 2286 1789 2313 in
1799 2294 1835 2313 eo
1844 2283 1968 2323 quidem
1978 2282 2057 2313 fallis
2066 2303 2074 2317 ‚
2094 2284 2129 2315 δε

1176 2327 1298 2365 decipis.
1322 2335 1392 2355 nam
1403 2344 1410 2357 ‚
1422 2324 1442 2353 fi
1453 2327 1580 2354 nomine
1589 2325 1727 2364 appellari
1737 2324 1787 2355 abs
1797 2333 1824 2355 te
1834 2327 1925 2354 civeis
1937 2334 2003 2354 tuos
2012 2345 2021 2358 ‚
2032 2325 2129 2355 hone-

1177 2367 1254 2397 stum
1266 2365 1308 2396 est
1327 2376 1332 2394 :
1355 2375 1438 2405 turpe
1448 2365 1489 2395 est
1500 2375 1552 2395 eos
1563 2376 1696 2396 notiores
1706 2364 1764 2396 ess'e
1775 2367 1858 2396 servo
1868 2374 1937 2400 tuo,
1958 2366 2047 2407 quarn
2059 2367 2129 2397 tibi.

1177 2408 1220 2439 fin
1238 2410 1329 2439 etiam
1346 2417 1428 2437 noris
1449 2418 1453 2436 ;
1478 2417 1579 2438 tamen
1595 2418 1646 2448 per
1663 2410 1848 2438 monitorem
1863 2407 2030 2448 appellandi
2050 2409 2127 2440 sunt.

1176 2456 1190 2479 7
1200 2449 1327 2482 curante
1338 2452 1413 2490 petis
1422 2471 1429 2484 ,
1442 2450 1533 2491 quam
1544 2450 1737 2481 insusurravit
1749 2453 1759 2480 ?
1772 2460 1822 2481 aut
1832 2451 1904 2491 quid
1914 2470 1922 2483 ,
1938 2449 2009 2480 cum
2021 2449 2129 2481 admo-

1178 2495 1276 2526 neris,
1293 2501 1392 2522 tamen
1404 2512 1411 2526 ,
1427 2490 1506 2532 quasi
1518 2501 1577 2522 tute
1588 2494 1689 2525 noris,
1712 2494 1750 2522 ita
1762 2493 1886 2523 salutas?
1902 2491 1992 2533 quid,
2015 2491 2131 2531 postea·

1177 2536 1267 2576 quam
1279 2544 1308 2564 es
1318 2532 1494 2573 designatus,
1507 2534 1605 2564 multo
1615 2534 1718 2564 salut-is
1728 2533 1931 2575 negligentius?
1945 2536 2016 2564 Haec
2025 2536 2132 2566 omnia

1179 2577 1215 2607 ad
1229 2579 1377 2606 rationem
1393 2578 1522 2605 civitatis
1536 2574 1556 2604 si
1567 2575 1673 2616 dirigas
1685 2596 1693 2609 ,
1712 2577 1791 2606 recta
1801 2578 1875 2606 suut.
1899 2574 1941 2605 fin
1952 2575 2132 2616 perpendere

1179 2619 1212 2649 ad
1223 2618 1387 2657 disciplinae
1396 2626 1538 2657 praecepta
1546 2617 1620 2647 velis
1631 2637 1638 2651 ‚
1652 2621 1833 2656 reperiantur
1842 2616 2024 2657 pravissssma.
2034 2620 2131 2657 Quare

1181 2671 1237 2691 nec
1245 2660 1326 2702 plebi
1336 2661 1429 2690 Rom.
1442 2659 1588 2699 eripiendi
1604 2658 1720 2689 fruetus
1736 2658 1785 2689 isti
1802 2660 1870 2690 sunt
1887 2659 2028 2689 ludorum
2039 2679 2048 2692 ‚
2069 2660 2132 2700 gla-

1969 2700 2133 2735 diatorum,

1183 2795 1267 2825 silam,-
1286 2793 1356 2828 quod
1377 2792 1447 2819 sorte
1459 2791 1565 2828 probari
1576 2798 1663 2827 queat.
1685 2800 1735 2826 ego
1746 2800 1797 2817 noti
1807 2789 1898 2817 inveni
1905 2789 1932 2815 iii
1942 2787 2010 2815 Pau.
2021 2795 2065 2814 aut
2075 2789 2136 2815 Gu-

1184 2829 1300 2855 lielmius
1313 2830 1337 2855 iii
1350 2831 1376 2854 S.
1388 2828 1508 2854 Vitftore.

1221 2874 1246 2899 5.
1266 2869 1294 2890 In
1304 2867 1379 2891 robore
1388 2865 1554 2899 accumbunt]
1576 2863 1700 2900 Explicat
1710 2863 1741 2889 P.
1751 2860 1854 2889 Victori
1859 2869 1887 2886 us
1898 2859 1947 2886 lib.
1959 2868 1971 2895 3
1981 2879 1986 2886 .
1995 2860 2057 2886 Var.
2068 2859 2133 2888 leet.

1183 2910 1237 2927 cai.
1254 2910 1262 2927 1
1290 2921 1295 2927 .

1213 2910 1252 2962 Ι6.
1270 2911 1328 2970 {Qec
1344 2946 1382 2963 res
1399 2936 1575 2970 ipsiipublica]
1596 2936 1655 2961 Vox
1663 2935 1759 2967 publica
1769 2943 1819 2959 non
1832 2932 1867 2960 est
1879 2932 1904 2958 in
1915 2931 1984 2958 Pall-
1995 2939 2040 2958 aut
2051 2932 2077 2958 S.
2087 2931 2136 2958 Vi-

1183 2972 1276 3013 6loris.
1306 2975 1334 2998 ὃς
1361 2973 1467 2999 videtui·
1485 2971 1633 3008 superflua3
1652 2979 1736 3006 neque
1755 2976 1888 3005 comparet
1906 2968 1933 2994 iu
1953 2967 2071 2995 editione
2088 2977 2136 2994 an-

1184 3018 1209 3034 iii
1229 3018 1440 3035 cccccxxxiii.

1220 3052 1246 3078 7.
1267 3048 1316 3069 Cur
1327 3052 1381 3070 ante
1387 3045 1447 3078 puis
1458 3063 1469 3076 ,
1487 3043 1558 3070 vatim
1568 3045 1592 3068 in
1604 3052 1618 3067 u
1630 3042 1755 3076 urra'vit]
1776 3039 1859 3067 Valde
1870 3039 1954 3076 placet
1966 3039 2046 3066 leftio
2057 3047 2134 3075 quam

1183 3090 1216 3105 ex
1230 3079 1276 3106 nis.
1288 3079 1372 3106 nescio
1381 3090 1434 3117 quo
1444 3065 1508 3106 citalt
1519 3079 1656 3114 rejicitque
1667 3077 1810 3105 Lambinus
1824 3096 1832 3107 ,
1846 3078 1932 3109 ptis-5?
1952 3085 2010 3102 nuni
2030 3077 2135 3112 quirico·

265 3156 270 3160 .
309 3155 332 3160 '⁴
473 3155 476 3159 ¹
609 3155 613 3158 ι
760 3120 903 3147 Laiiibiiiits
931 3120 1016 3146 istiiaec
1035 3127 1141 3153 quoque
1186 3125 1244 3142 iiieii
1257 3124 1350 3142 iiorzuit
1364 3136 1372 3147 ,
1391 3116 1515 3146 nolebant
1532 3113 1686 3144 insusurrant
1705 3113 1770 3146 sibi3
1791 3111 1905 3148 'ideoque
1924 3111 2076 3148 rejicit-baut
2088 3119 2136 3136 uo·

191 3156 349 3195 transposuit
360 3175 368 3189 ,
380 3155 529 3184 uolentibus
540 3154 598 3184 niis.
608 3153 678 3183 idem
689 3165 722 3184 cx
735 3156 891 3185 membranis
905 3154 1144 3189 restituiigladmiu-
1176 3152 1391 3182 -mcnclazorcim
1460 3157 1463 3161 ’

2044 3190 2068 3208 1.
2087 3184 2140 3210 Nu

2077 131 2246 238 &f

1732 1038 1829 1076 Qare
1839 1036 1923 1068 noli,
1944 1038 2032 1069 Cato,
2053 1046 2118 1067 ma·
2137 1039 2182 1082 36
