2295 3400
167 122 262 171 288
588 121 658 168 M.
738 118 1099 168 TULL.11

168 203 229 240 iam
243 212 351 234 omnes
363 202 533 245 intelligetis
544 221 552 234 ‚
562 211 675 232 novam
685 211 748 231 rem
759 209 864 234 totam,
874 209 960 241 atque
971 198 1127 240 indignam

170 245 280 275 videri.
305 245 351 275 Ad
363 255 413 274 eos
426 255 473 274 mc
485 244 590 274 scribas
600 253 705 274 revoca
715 263 723 276 ,
735 241 755 272 s1
764 244 860 283 placet
872 253 877 272 z
901 243 1032 272 nomios
1040 242 1128 272 colli-

171 297 238 328 gere
250 307 258 321 ,
279 289 330 328 qui
349 286 498 315 nummula
512 287 658 326 corrogatis
680 289 689 305 ¹
702 285 738 315 de
752 294 898 325 nepotum
913 284 1001 314 donis
1013 303 1021 317 .
1041 293 1073 314 ac
1093 283 1129 314 de

171 329 359 361 scenicorum
369 329 532 358 corollariis
543 347 551 360 ‚
571 327 642 357 curn
653 327 804 357 decuriam
815 335 970 359 emerunt,
982 335 1020 355 ex
1029 329 1130 366 primo

171 370 280 401 ordine
288 371 481 410 explosorum
492 371 523 399 iu
534 369 697 399 secundum
709 369 848 398 ordinem
858 369 986 398 civitatis
995 367 1022 397 se
1031 368 1130 397 venis-

172 412 202 442 se
221 412 333 442 dicunt.
358 415 417 442 Eos
435 411 539 441 scribas
557 420 657 441 tecum
668 411 874 449 disceptatores
893 410 980 447 hujus
993 411 1131 439 criminis

171 453 289 483 habebo
300 474 307 487 ‚
322 456 373 494 qui
386 453 457 483 istos
470 453 574 483 scribas
586 451 642 482 esse
653 452 779 482 moleste
791 451 903 481 ferunt.
914 450 1046 481 Tametsi
1057 451 1128 481 cum

173 496 207 523 in
226 505 263 525 eo
273 495 378 524 ordine
388 494 543 526 videamus
560 492 617 524 esse
629 495 743 524 multos
754 503 818 524 non
828 493 953 523 idoneos
966 514 974 526 ,
996 496 1047 534 qui
1058 493 1132 523 ordo

172 536 326 566 industria:
339 535 504 577 propositus
518 536 559 566 est
571 557 578 568 ,
601 536 634 566 δε
648 536 799 576 dignitati:
824 533 993 564 mirabimur
1004 555 1012 569 ‚
1035 543 1134 576 turpem

172 578 284 619 aliqum·
298 577 338 607 ibi
351 578 399 616 eff:
410 599 418 611 ,
434 578 489 619 qu‘o
503 579 590 607 cniva
603 578 668 607 [icet
676 577 765 619 pretio
776 578 917 617 pervenire
932 581 942 606 ἓ
966 580 1015 607 Tu
1029 587 1067 607 cx
1081 587 1131 616 pe-

171 630 261 650 cunia
282 621 400 659 publica
422 630 475 649 ii-s
497 620 638 650 tredecies
661 620 784 649 scribam
806 628 892 649 tuum
913 618 1056 658 permiss'u
1078 628 1131 648 tuo

171 661 243 692 cum
255 661 403 692 abstuliffe
411 661 528 695 fateare,
537 662 681 703 reliquam
692 661 745 692 tibi
756 661 848 691 ullam
859 659 1065 691 defensionem
1076 671 1130 700 pu-

172 713 214 733 tas
225 702 283 734 ess'e
294 707 303 733 ?
315 705 372 733 linc
382 703 458 734 serre
467 713 650 745 quemquam
661 701 763 743 pofl'e?
781 703 838 732 hoc
849 712 1032 743 quemquam
1044 703 1130 732 deni-

171 755 230 786 que
242 756 323 776 nunc
337 756 456 776 tuorum
467 746 678 776 advocatorum
689 747 793 775 animo
803 755 888 785 aequo
898 745 999 775 audire
1008 744 1130 774 arbitra-

172 797 202 817 re
215 790 289 828 ?qua
298 790 331 817 in
340 789 460 817 civitate
471 790 502 818 C,
516 789 640 820 Catoni,
651 785 810 817 Clai⁴llfim0
821 789 886 815 viro
897 806 904 818 ‚
916 786 1063 815 consulari
1074 787 1130 815 ho-

171 830 253 858 mini
268 850 277 862 .
295 839 346 859 H-s
360 839 422 859 xv⁷1
433 839 443 859 1
454 839 464 858 1
478 829 615 859 millibus
626 829 661 858 lis
673 828 814 858 aestimata
825 826 877 861 sit3
892 830 924 857 in
937 825 1043 857 eadem
1054 829 1128 857 civi-

171 879 229 900 tate
240 873 395 911 apparitori
408 880 461 901 tuo
472 869 529 901 esse
541 869 713 901 concessum
724 890 732 903 ‚
755 879 786 899 ut
798 880 851 898 H-s
862 879 924 898 uno
935 871 1060 898 nomine
1073 878 1130 898 tre-

139 923 142 925 *
170 912 271 942 decies
280 912 428 943 auferret?
451 915 533 943 Hinc
541 913 593 942 ille
603 911 645 942 est
653 912 759 941 anulus
769 921 871 941 aureus
882 931 890 944 ‚
906 921 967 951 quo
981 920 1013 940 tu
1034 909 1126 940 istum

171 955 206 984 in
215 957 366 984 concione
375 954 491 984 donasti
502 975 511 988 ,
527 964 592 995 quae
602 963 650 983 tua
660 953 784 983 donatio
795 951 931 993 singulari
942 952 1130 992 impudentia

172 995 293 1036 praedita
305 1017 313 1030 ,
335 1007 415 1027 nova
424 997 531 1026 Siculis
548 996 693 1025 omnibus
704 1015 711 1028 ,
727 994 886 1025 mihiverb
897 996 987 1024 etiam
1000 994 1130 1023 incredi-

170 1038 243 1068 bilis
253 1038 419 1068 videbatur.
442 1041 523 1078 Saepe
541 1039 626 1067 enim
645 1036 739 1067 nostri
755 1038 967 1076 imperat01·eS‚
992 1037 1130 1076 superatis

175 1079 332 1114 hostibus,
355 1079 458 1121 optim&
470 1080 524 1121 rzip.
541 1078 636 1120 gesta,
660 1079 764 1109 scribas
782 1079 850 1109 suos
868 1079 965 1108 anulis
983 1080 1078 1108 aureis
1097 1079 1130 1107 in

170 1124 322 1152 concione
332 1123 493 1152 donarunt.
517 1125 568 1152 Tu
577 1120 650 1151 vero
658 1120 768 1161 quibus
778 1120 865 1150 rebus
874 1119 962 1161 gestis
972 1138 980 1152 ‚
1000 1130 1062 1161 quo
1076 1121 1131 1149 ho-

124 1166 132 1170 '
170 1162 215 1194 ste
224 1164 378 1203 superato,
398 1165 579 1193 concionem
595 1182 603 1196 ‚
621 1162 757 1193 donandi
773 1162 857 1192 causa
868 1181 876 1195 ‚
896 1161 1037 1192 advocare
1047 1161 1130 1191 ausus

174 1207 227 1234 es?
250 1207 357 1246 Neque
375 1207 461 1235 enim
480 1204 580 1235 solum
595 1205 719 1234 scribam
739 1213 826 1234 tuum
844 1203 956 1237 anulo,
972 1203 1020 1233 sed
1039 1205 1130 1233 etiam

168 1248 273 1276 virum
290 1246 485 1278 fortissimum
499 1267 507 1280 ‚
530 1257 562 1277 ac
576 1249 621 1276 tui
636 1244 873 1276 dissimillimum
885 1265 893 1279 ,
913 1245 1127 1285 QRubrium‚

169 1289 372 1319 excellentem
382 1291 493 1319 virtute
503 1309 511 1323 ‚
527 1288 699 1319 au&oritate
710 1308 718 1322 ‚
733 1289 828 1327 copiis
839 1307 846 1320 ‚
866 1297 976 1317 corona
987 1287 1019 1317 δε
1028 1287 1131 1326 phale-

168 1332 222 1363 tis,
235 1331 267 1360 δε
277 1339 381 1372 torque
391 1330 508 1361 donasti
519 1341 524 1359 ι
536 1333 582 1361 Μ.
592 1329 760 1360 Cossutium
771 1349 778 1363 ‚
792 1327 1007 1359 sanStiffimum
1016 1331 1128 1362 virum,

166 1381 254 1413 atque
274 1371 532 1403 honestissimum:
553 1375 600 1402 M.
611 1372 783 1403 Custritium
793 1391 802 1404 ‚
823 1371 945 1401 summo
961 1369 1129 1410 splendore,

167 1414 310 1455 ingenio,
329 1417 420 1456 gratia
432 1415 603 1455 praeditum.
627 1414 708 1454 Qid
718 1415 781 1444 haec
790 1411 843 1443 sibi
852 1414 963 1442 horum
973 1414 1066 1443 trium
1086 1414 1129 1442 ci-

167 1457 256 1486 vium
268 1459 481 1487 Romanorum
492 1457 571 1487 dona
579 1457 760 1487 voluerunt?
779 1455 896 1485 Siculos
905 1463 1042 1494 praeterea
1052 1462 1065 1488 ‚'
1073 1464 1129 1494 po-

168 1496 350 1528 tentiffimos
362 1520 371 1532 ,
390 1497 651 1539 nobiliffimosque
669 1497 797 1528 donasti.
819 1498 946 1537 quinon
957 1516 966 1530 ‚
982 1495 1128 1536 quemad-

170 1539 304 1570 modum
325 1540 441 1580 sperasti
453 1561 461 1574 ,
477 1540 610 1569 tardiores
621 1539 743 1570 fuerunt
755 1550 760 1567 ς
784 1538 834 1569 sed
843 1539 1008 1569 ornatiores
1019 1547 1071 1567 tuo
1078 1539 1130 1577 ju-

170 1581 254 1612 dicio
267 1582 301 1613 ad
314 1582 486 1613 testimonia
494 1582 624 1613 dicunda
636 1589 792 1613 venerunt.
817 1580 934 1622 Qiibus
946 1590 983 1609 ex
994 1579 1128 1609 hostium

170 1623 297 1663 spoliis?
311 1624 346 1654 de
356 1634 414 1665 qua
422 1624 568 1654 victoria?
582 1634 640 1664 qua
649 1633 685 1654 ex
694 1622 789 1663 praeda
799 1642 807 1656 ‚
823 1631 874 1652 aut
884 1621 1035 1652 manubiis
1047 1641 1055 1655 ‚
1067 1622 1130 1652 haec

170 1666 223 1696 abs
235 1675 262 1696 te
273 1666 397 1696 donatio
405 1666 566 1696 constituta
575 1665 639 1695 est?
654 1675 690 1695 an
702 1664 784 1705 quod
795 1684 804 1698 ‚
824 1672 852 1694 te
862 1673 985 1703 praetore
996 1683 1004 1697 ‚
1019 1673 1130 1703 pauco-

168 1717 241 1737 rum
260 1708 390 1738 adventu
408 1717 631 1748 myoparonum
645 1727 653 1740 ,
673 1705 764 1737 claffis
782 1706 1000 1746 pulcherrima,
1022 1706 1130 1736 Siciliae

169 1751 430 1791 propugnaculum
442 1771 450 1784 ,
461 1748 688 1790 praesidiumque
697 1750 861 1789 provinciae
873 1769 881 1782 ,
896 1750 1055 1788 piratarum
1068 1758 1131 1778 ma-

168 1791 264 1823 nibus
282 1793 402 1822 incensa
414 1791 476 1822 est?
495 1802 532 1822 an
551 1791 634 1832 quod
654 1801 720 1833 ager
739 1791 934 1830 Syracusanus
952 1789 1130 1830 praedonum

171 1834 324 1864 incendiis
336 1854 344 1868 ‚
357 1844 383 1864 te
394 1843 517 1874 praetore
529 1854 537 1867 ‚
550 1832 678 1863 vastatus
689 1832 749 1862 est?
760 1843 797 1863 an
806 1831 888 1873 quod
897 1831 1000 1861 forum
1010 1835 1131 1871 Syracu-

169 1875 278 1906 sanum
289 1877 507 1906 navarchorum
518 1876 658 1916 sanguine
669 1874 867 1905 redundavit?
880 1884 917 1904 an
926 1872 1008 1914 quod
1018 1875 1051 1903 in
1060 1883 1131 1913 por-

169 1925 203 1947 tu
212 1919 391 1958 Syracusano
409 1919 548 1958 piraticus
559 1926 704 1956 myoparo
719 1917 888 1957 navigavit?
912 1913 1131 1954 Nihilpofl'um

168 1961 297 1999 reperire
308 1980 316 1993 ‚
334 1959 532 2000 quamobrem
542 1968 569 1989 te
583 1961 616 1988 in
630 1957 714 1988 istam
729 1959 893 1988 amentiam
908 1955 1043 1987 incidisse
1053 1957 1131 1987 arbi-

170 2009 248 2031 trer:
263 2001 318 2031 nisi
336 2001 414 2032 forte
430 2001 461 2031 id
474 2000 578 2042 egisti,
594 2008 627 2030 ut
639 2000 818 2030 hominibus
831 2009 862 2028 ne
874 1997 1004 2038 oblivisci
1016 1999 1130 2040 quidem

170 2053 265 2072 rerum
280 2052 398 2073 tuarum
412 2041 487 2072 mal&
496 2042 639 2084 gestarum
651 2042 754 2071 [iceret.
788 2041 891 2071 Anulo
903 2040 946 2071 est
959 2051 1048 2071 aureo
1061 2041 1132 2072 scri-

169 2084 209 2115 ba
227 2085 354 2117 donatus
365 2106 373 2120 ‚
393 2085 471 2116 &ad
485 2095 552 2115 eam
569 2084 768 2114 donationem
786 2085 895 2114 concio
915 2082 957 2113 est
976 2082 1125 2114 advocata.

171 2127 264 2168 Qod
274 2138 333 2158 erat
343 2138 377 2158 os
388 2136 486 2162 tuum,
495 2126 566 2157 cum
578 2126 701 2156 videbas
711 2129 743 2155 in
753 2128 901 2156 concione
911 2135 963 2154 eos
974 2126 1127 2158 homines,

169 2179 302 2209 quorum
323 2180 361 2200 ex
379 2170 469 2200 bonis
487 2168 541 2199 iste
560 2168 667 2199 anulus
685 2177 787 2197 aureus
801 2166 984 2200 donabatur,
1003 2168 1055 2207 qui
1076 2166 1130 2206 ipsi

168 2212 278 2242 anulos
289 2222 393 2242 aureos
405 2211 580 2251 posuerant,
602 2210 762 2250 liberisque
771 2208 974 2242 detraxerant,
997 2218 1029 2238 ut
1038 2207 1132 2239 essent

169 2254 251 2283 unde
261 2254 352 2285 scriba
360 2262 428 2283 tuus
438 2254 496 2282 hoc
505 2262 593 2282 tuum
604 2261 714 2281 munus
726 2271 734 2285 ,
750 2261 782 2280 ac
791 2248 976 2280 beneficium
988 2252 1129 2280 tueretur?

170 2305 237 2336 quae
248 2294 337 2336 porro
347 2295 479 2335 praefatio
490 2303 546 2324 tuae
557 2294 729 2323 donationis
742 2292 821 2323 fuit?
843 2292 898 2322 Illa
914 2291 1024 2321 scilicet
1032 2300 1128 2325 vetus,

170 2348 257 2379 atque
276 2338 464 2377 imperatoria
478 2339 489 2366 ?
511 2339 656 2376 anno
679 2345 723 2365 TU
746 2343 883 2373 Qunam
908 2343 945 2362 m
969 2343 1074 2363 raom„
1082 2343 1126 2367 10,

144 2387 147 2390 ·
171 2390 211 2410 1Ν
234 2390 362 2412 maimo,
389 2388 425 2408 m
449 2388 493 2412 aa
515 2374 1125 2416 M1L1TAR1:cujusnementioquidem,

106 2844 149 2879 81

169 2431 199 2454 te
219 2431 359 2462 praetore,
378 2420 440 2450 ulla
456 2419 532 2450 faeta
550 2418 593 2449 cst
606 2429 610 2447 :
625 2429 662 2448 an
685 2418 755 2447 illa?
777 2420 1061 2458 QANDOQUDEM
1084 2427 1128 2447 τυ

170 2472 292 2495 NuLLA
314 2471 472 2501 UMQJAM
496 2471 581 2491 Mim
607 2470 643 2490 111
668 2468 879 2489 comm-mre
896 2478 905 2492 ,
938 2467 983 2487 Ac
1006 2468 1128 2487 Tuam-

168 2515 303 2537 *rumxa
334 2514 491 2535 narvisia
514 2514 520 2532 :
543 2511 766 2539 OMNOEUSQE
795 2511 831 2530 m
862 2509 982 2530 usnam
1005 2509 1130 2530 FLAm-

167 2559 239 2580 Tus
265 2557 390 2577 MECUM
414 2555 455 2576 m·
479 2555 516 2574 m
539 2553 734 2574 LEGATIONE
751 2563 760 2576 ,
793 2552 833 2572 ar
856 2550 1028 2572 PRAETURA
1045 2561 1053 2575 ‚
1088 2551 1127 2571 ET

169 2600 233 2621 mc
258 2600 293 2618 IN
318 2597 451 2619 sxciLm
475 2596 646 2618 VERSATUS
669 2595 704 2615 Es
723 2595 728 2614 :
752 2595 791 2615 013
813 2593 921 2614 iiAsca
943 2593 1020 2617 RES,
1045 2592 1129 2623 (ζορ-

167 2642 264 2663 NlAM
293 2640 336 2660 TE
357 2638 595 2660 LOCUPLETAVI
619 2648 628 2662 ,
659 2637 725 2657 noc
757 2636 872 2656 ANULo
896 2635 1009 2655 AUREo
1031 2635 1127 2655 nouo.

168 2678 248 2704 Vera
257 2674 318 2702 haec
335 2670 434 2701 suisset
445 2673 549 2701 oratio.
573 2680 637 2700 non
648 2671 732 2699 enim
743 2668 798 2698 iste
808 2667 914 2698 anulus
925 2676 1027 2696 aureus
1037 2666 1088 2696 abs
1100 2676 1127 2696 te

170 2716 256 2747 datus
267 2735 275 2748 ‚
287 2713 378 2744 istum
389 2715 490 2742 virum
501 2711 612 2742 sortem
622 2731 631 2746 ‚
643 2711 691 2741 sed
703 2711 864 2740 hominem
876 2708 1058 2748 locupletem
1068 2706 1127 2738 ess‘e

167 2758 303 2790 declarat.
328 2758 371 2785 Ita
380 2754 510 2784 eundem
522 2754 647 2784 anulum
658 2753 694 2782 ab
703 2752 764 2783 alio
774 2751 875 2782 datum
887 2770 896 2785 ,
917 2749 1021 2780 testem
1031 2751 1127 2780 virtu·

168 2802 207 2830 tis
217 2799 409 2829 duceremus:
426 2797 512 2826 abste
524 2796 670 2825 donatum
684 2814 692 2828 ‚
704 2795 855 2824 comitem
865 2791 1126 2834 pecuniaejudica-

169 2851 251 2873 mus.
262 2839 402 2871 Distum,
412 2837 539 2877 judices,
550 2836 592 2867 est
602 2837 637 2866 de
646 2836 815 2866 decumano
825 2834 980 2864 frumento
991 2845 996 2862 :
1007 2832 1124 2863 mestum

165 2884 203 2916 de
214 2891 307 2913 emto.
331 2889 500 2911 exrremum
513 2899 521 2913 ,
537 2879 730 2919 &reliquum
739 2876 800 2911 est,
820 2876 856 2908 de
867 2875 1022 2906 aestimato.
1044 2875 1126 2916 quod

1179 119 1706 168 Crcanonr‘s

1168 198 1240 230 cum
1259 200 1468 242 magnitudine
1486 203 1642 243 pecmfiae,
1662 199 1857 238 tuminiuri'ae
1874 210 1982 245 genere
1993 199 2136 246 quemvi}

1171 242 1260 272 debet
1277 253 1474 274 commovere
1486 255 1492 274 ;
1513 243 1580 274 turn
1591 243 1662 274 vero
1673 254 1711 274 eo
1721 247 1815 285 magis
1827 265 1835 278 ,
1857 244 1938 286 quod
1949 246 1985 276 ad
1998 248 2057 277 hoe
2067 250 2128 278 cri-

1172 294 1243 313 men
1262 295 1326 315 non
1339 286 1493 326 ingeniosa
1507 286 1604 327 aliqua
1617 284 1750 316 defensio
1763 306 1771 320 ,
1793 287 1841 316 sed
1855 287 2054 328 improbissima
2066 300 2128 320 con-

1163 325 1241 365 fff⁰
1251 337 1445 367 comparatur.
1465 330 1545 357 Nam
1555 326 1627 357 cum
1638 337 1675 357 ex
1689 330 1716 357 S.
1727 330 1759 357 C.
1774 327 1806 358 ὃς
1817 338 1855 358 ex
1867 329 1981 370 legibus
1991 329 2132 362 frumen-

1173 376 1238 397 tum
1249 371 1276 398 εἰ
1291 371 1323 398 in
1333 370 1448 399 caellam
1460 369 1575 400 sumere
1585 370 1686 398 liceret
1697 379 1701 398 :
1713 368 1804 410 idque
1812 369 2001 402 frumentum
2013 372 2130 403 senatus

1172 411 1212 438 ita
1222 409 1406 444 aeffimaffer,
1421 412 1573 452 quaternis
1587 420 1638 440 rr<s
1652 412 1743 440 tritici
1761 411 1922 447 modium·‚
1943 413 2020 443 binis
2031 433 2039 447 ,
2056 415 2129 445 hor-
2175 413 2180 417 ’

1175 450 1223 480 dei
1237 462 1241 480 z
1253 451 1317 485 iste,
1330 462 1458 482 numero
1468 452 1503 482 ad
1515 452 1665 482 summam
1675 453 1765 482 tritici
1773 452 1808 482 ad
1809 453 1997 492 je&o,tritici
2007 455 2131 487 modios

1176 491 1304 533 fingulos
1315 504 1385 523 cum
1395 493 1556 524 aratoribus
1568 493 1697 523 denariis
1708 496 1798 524 ternis
1809 494 1977 526 aestimavit.
2001 499 2076 531 Non
2085 497 2129 529 est

1174 536 1205 563 in
1217 536 1273 565 hoc
1283 537 1399 565 crimen
1408 555 1417 569 ‚
1434 534 1573 565 Hortenfi
1586 545 1591 564 :
1610 545 1648 565 ne
1656 534 1736 565 forte
1745 536 1780 566 ad
1794 537 1852 566 hoc
1861 537 2005 568 meditere
2018 548 2023 567 :
2046 539 2130 569 mul-

1175 585 1224 605 tos
1242 577 1316 616 saepe
1327 579 1408 607 viros
1418 577 1516 607 bonos
1527 597 1536 611 ‚
1558 577 1591 607 &
1601 576 1704 607 foi-teis
1715 596 1724 610 ,
1747 577 1779 607 &
1788 579 1979 609 innocenteis
1987 590 2058 611 cum
2068 590 2131 612 ara-

1174 618 1290 647 toribus
1300 639 1308 651 ,
1330 618 1363 648 &
1374 629 1445 649 cum
1464 618 1633 649 civitatibus
1644 618 1833 649 frumentum
1845 640 1853 653 ,
1875 622 1909 650 in
1923 621 2037 652 caellam
2047 622 2131 663 quod

1173 659 1412 704 sumi-oporteret
1422 681 1431 694 ‚
1443 657 1596 691 aestimass'e
1605 680 1614 694 ‚
1627 661 1659 690 &
1669 663 1828 700 pecuniam
1839 671 1892 701 pro
1902 661 2054 694 frumento
2065 664 2131 695 abs-

1172 700 1280 731 tulisse.
1317 704 1386 733 Scio
1396 722 1404 736 ‚
1424 702 1496 743 quid
1515 702 1605 732 soleat
1623 700 1687 732 fieri
1700 713 1705 731 :
1729 703 1790 733 scio
1800 723 1808 736 ‚
1829 704 1902 743 quid
1920 704 2013 734 liceat,
2038 706 2131 740 nihil,

1173 743 1255 782 quod
1265 752 1350 774 antea
1358 743 1452 774 fuerat
1462 746 1494 773 in
1503 743 1721 774 consuetudine
1731 744 1897 779 bonorum,
1907 744 2031 776 nuncin
2042 746 2130 778 istius

1171 784 1250 814 facto
1260 786 1494 825 reprehenditur.
1517 787 1576 815 hoc
1586 785 1771 825 reprehendo
1782 806 1790 819 ,
1806 786 1888 827 quod
1900 807 1908 820 ‚
1926 788 1999 818 cum
2009 790 2041 818 in
2051 790 2130 819 Sici-

1170 826 1208 855 lia
1223 836 1276 855 H-s
1294 837 1305 856 1
1315 837 1341 856 1.
1356 829 1447 857 tritici
1467 827 1541 857 mod
1562 826 1633 857 effer
1643 847 1652 861 ‚
1675 836 1707 857 ut
1720 827 1805 857 istius
1816 827 1941 867 epistola
1950 829 1985 860 ad
2005 839 2031 860 te
2042 830 2133 862 missa

1171 867 1468 901 declarat‚summum
1479 878 1532 898 rr-s
1542 871 1635 898 ternis
1647 868 1691 898 :id
1699 869 1780 909 quod
1793 869 1825 899 &
1834 869 2017 902 testimoniis
2027 874 2131 903 omni-

1171 909 1225 941 bus
1238 909 1269 939 &
1281 910 1387 940 tabulis
1398 919 1544 940 aratorum
1557 910 1680 950 planum
1689 910 1804 940 faCtum
1824 920 1909 942 autea
1918 912 1961 943 est
1973 924 1977 942 :
2001 922 2066 944 tum
2077 913 2132 945 iste

1171 960 1224 990 pro
1235 952 1325 982 tritici
1336 952 1448 982 modiis
1457 950 1578 991 singulis
1590 961 1690 982 ternos
1698 953 1735 982 ab
1743 953 1903 984 aratoribus
1921 953 2060 985 denarios
2075 966 2132 986 ex-

1172 994 1242 1034 egit.
1267 996 1336 1023 Hoc
1352 996 1469 1023 crimen
1482 994 1525 1024 est
1535 1014 1543 1027 ‚
1564 1003 1595 1023 ut
1611 994 1758 1035 intelligas
1768 1014 1776 1028 ‚
1799 1005 1863 1025 non
1873 1006 1910 1025 ex
1919 995 2132 1032 aestimatione,

1173 1044 1270 1074 neque
1284 1045 1322 1065 ex
1332 1038 1423 1065 ternis
1433 1036 1561 1066 denariis
1571 1035 1700 1076 pendere
1709 1038 1824 1066 crimen
1835 1057 1843 1070 ,
1860 1037 1908 1067 sed
1920 1048 1958 1068 ex
1969 1038 2129 1069 coaptatione

1171 1086 1279 1105 annona
1293 1098 1301 1110 ,
1316 1086 1401 1118 atque
1412 1077 1628 1108 aestimationis.
1652 1079 1774 1108 Etenim
1805 1079 1867 1109 haec
1885 1079 2044 1110 aestimatio
2062 1089 2130 1112 nata

1173 1117 1215 1147 est
1224 1138 1232 1151 ‚
1249 1119 1364 1157 judices
1375 1139 1383 1153 ‚
1404 1118 1495 1148 initio
1505 1129 1570 1149 non
1579 1129 1617 1149 ex
1626 1128 1787 1159 praetorum
1798 1140 1806 1153 ‚
1819 1130 1868 1150 aut
1877 1122 2037 1152 consulum
2049 1142 2057 1157 ,
2080 1123 2131 1154 sed

1173 1169 1210 1189 ex
1221 1169 1368 1190 aratorum
1381 1181 1390 1194 ,
1401 1170 1487 1201 atque
1496 1163 1652 1191 civitatum
1662 1162 1837 1191 commodo.
1863 1164 1968 1193 Nemo
1977 1166 2061 1194 enim
2071 1164 2131 1196 fuit

1174 1200 1262 1231 initio
1270 1211 1332 1232 tam
1340 1203 1501 1242 impudens
1511 1222 1519 1236 ,
1530 1205 1600 1243 qui,
1610 1200 1683 1232 cum
1692 1201 1883 1233 frumentum
1893 1204 2049 1235 deberetur
2057 1226 2065 1238 .
2075 1215 2130 1246 pe-

1173 1245 1294 1273 cuniam
1313 1244 1454 1284 posceret.
1476 1246 1554 1274 certe
1573 1245 1631 1274 hoc
1649 1244 1685 1274 ab
1704 1253 1814 1274 aratore
1823 1247 1957 1284 primum
1969 1246 2011 1277 est
2028 1248 2130 1287 profe—

1173 1284 1257 1315 &cum
1272 1306 1280 1319 ,
1299 1295 1349 1316 aut
1367 1286 1403 1315 ab
1413 1296 1446 1316 ea
1456 1287 1575 1316 civitate
1585 1307 1592 1320 ‚
1612 1287 1661 1316 cui
1680 1286 1892 1326 imperabatur:
1915 1298 1986 1318 cum
2006 1298 2055 1319 aut
2064 1289 2131 1320 fru-

1171 1336 1311 1357 mentum
1322 1326 1501 1357 vendidiflet
1509 1348 1518 1360 ,
1528 1328 1697 1358 aursei-vare
1706 1328 1797 1358 vellet
1805 1348 1814 1362 ,
1825 1331 1917 1359 autin
1927 1340 1997 1360 eum
2009 1331 2126 1365 locum,

1170 1367 1231 1408 quo
1250 1369 1467 1409 imperabatur,
1487 1366 1603 1409 portare
1620 1369 1718 1400 nollet
1737 1381 1743 1399 :
1764 1372 1871 1410 petivit
1883 1372 1912 1400 in
1925 1370 2047 1411 beneficii
2058 1372 2128 1408 loco,

1173 1412 1205 1440 &
1214 1413 1311 1452 gratiae
1323 1432 1332 1444 ‚
1354 1420 1387 1442 ut
1403 1409 1457 1441 fibi
1474 1421 1529 1450 pro
1536 1410 1692 1442 frumento
1704 1432 1713 1445 ,
1731 1414 1833 1452 quanti
1844 1412 2034 1444 frumentum
2045 1413 2128 1448 effet,

1171 1452 1237 1483 dare
1248 1454 1359 1483 liceret,
1382 1455 1428 1483 Ex
1438 1453 1613 1493 hujusmodi
1621 1455 1771 1493 principio
1780 1474 1789 1487 ‚
1799 1462 1885 1495 atque
1894 1465 1933 1484 ex
1943 1455 2128 1492 liberalitate,

1171 1503 1257 1535 atque
1275 1495 1557 1525 accommodatione
1577 1494 1801 1536 magistratuum
1818 1516 1827 1529 ‚
1847 1496 2032 1527 consuetudo
2050 1497 2132 1529 aesti-

1173 1538 1315 1567 mationis
1325 1536 1497 1567 introducta
1512 1536 1563 1566 est.
1586 1539 1685 1568 Secuti
1701 1537 1769 1567 sunt
1778 1539 1923 1568 avariores
1933 1539 2131 1580 magistratus:

1172 1581 1224 1619 qui
1238 1587 1338 1609 tamen
1351 1580 1384 1608 in
1393 1580 1512 1609 avaritia
1525 1579 1574 1608 sua
1583 1588 1647 1608 non
1657 1578 1757 1608 solum
1767 1581 1849 1609 viam
1859 1580 1989 1620 quaestus
1999 1583 2129 1612 invene-

1173 1630 1243 1650 runt
1254 1641 1262 1654 ‚
1277 1624 1383 1651 verum
1397 1622 1488 1650 etiam
1504 1620 1632 1654 exitum,
1656 1630 1691 1649 ac
1702 1621 1840 1649 rationem
1867 1625 1881 1640 ²
1892 1621 2051 1662 defensionu.
2075 1626 2128 1654 In-

1173 1662 1332 1693 stituerunt
1341 1663 1456 1702 semper
1468 1662 1504 1692 ad
1514 1663 1622 1692 ultima
1631 1681 1639 1696 ‚
1654 1672 1686 1692 ac
1696 1660 1880 1693 difficillima
1890 1663 1954 1693 loca
1962 1664 1997 1693 ad
2006 1672 2129 1703 portan-

1174 1705 1248 1735 dum
1267 1703 1456 1734 frumentum
1475 1706 1619 1744 imperare
1641 1724 1649 1737 ‚
1674 1713 1707 1733 ut
1721 1703 1850 1734 vessturae
1868 1703 2042 1735 difficultate
2060 1726 2070 1740 ,
2092 1705 2130 1737 ad

1172 1757 1262 1788 quam
1272 1746 1404 1779 vellent,
1417 1745 1646 1776 aestimationem
1658 1765 1666 1778 ‚
1682 1747 1881 1785 pervenirent.
1905 1749 1942 1776 In
1952 1747 2011 1776 hoc
2019 1757 2130 1788 genere

1171 1789 1288 1818 facilior
1307 1787 1349 1818 est
1366 1786 1536 1823 exzstimarto
1546 1807 1554 1821 ²
1569 1786 1660 1827 quam
1673 1786 1853 1829 reprehensio:
1867 1787 1937 1818 ideo
1949 1787 2032 1829 quod
2044 1799 2129 1824 eum,

1173 1833 1226 1872 qui
1245 1831 1302 1861 hoc
1311 1830 1398 1863 facit,
1420 1839 1542 1859 avarum
1552 1826 1668 1868 poss'um
1674 1839 1707 1858 us
1717 1828 1887 1860 existimare
1901 1840 1907 1859 z
1924 1833 2040 1861 crimen
2049 1832 2083 1861 in
2092 1841 2131 1862 eo

1170 1871 1351 1903 constituere
1364 1881 1428 1901 non
1444 1880 1504 1901 tarn
1514 1870 1600 1900 facile
1611 1868 1767 1910 poss'umus
1779 1881 1784 1899 :
1798 1870 1881 1912 quod
1893 1871 2013 1902 videtur
2022 1883 2132 1904 conce-

1175 1914 1309 1945 dendum
1319 1912 1536 1954 magistratibus
1547 1911 1655 1942 nostris
1665 1910 1723 1941 effe
1734 1932 1742 1946 ‚
1758 1915 1833 1942 utiis
1843 1933 1852 1947 ,
1868 1923 1930 1954 quo
1940 1914 2008 1944 loco
2018 1916 2128 1950 velint,

1172 1956 1363 1986 frumentum
1373 1956 1504 1994 accipere
1514 1955 1610 1984 liceat.
1624 1957 1726 1994 Itaque
1737 1955 1794 1984 hoc
1805 1953 1847 1985 est
1855 1975 1864 1988 ‚
1875 1955 1956 1995 quod
1967 1957 2057 1986 multi
2065 1955 2130 1987 for-

1174 1997 1243 2028 tass'e
1253 1996 1405 2027 fecerunt:
1429 2000 1441 2024 3
1456 1996 1636 2027 &itamulti
1647 2016 1655 2030 ‚
1676 2004 1708 2025 ut
1717 1997 1739 2025 ii
1750 2016 1758 2030 ,
1780 2007 1855 2037 quos
1864 1997 2128 2029 innocentissimos

1174 2041 1374 2069 meminimus
1386 2059 1394 2073 ,
1414 2048 1463 2068 aut
1481 2038 1654 2068 audivimus
1663 2056 1672 2071 ,
1694 2047 1758 2067 non
1766 2037 1901 2069 fecerint.
1924 2042 2034 2078 Quaero
2044 2050 2127 2071 nunc

1172 2082 1188 2112 a
1198 2092 1225 2112 te
1235 2102 1244 2116 ‚
1261 2079 1402 2111 Hortensi
1413 2101 1420 2114 ,
1436 2091 1507 2110 cum
1524 2082 1596 2110 utris
1611 2079 1731 2110 tandem
1746 2080 1832 2110 istius
1844 2079 1958 2110 fafitum
1969 2082 2130 2113 collaturus

1172 2134 1201 2153 es
1213 2127 1223 2152 ?
1236 2134 1307 2153 cum
1326 2125 1364 2152 iis
1377 2143 1385 2156 ,
1406 2123 1495 2152 credo
1505 2142 1513 2155 ‚
1533 2123 1586 2162 qui
1596 2122 1782 2162 benignitate*
1795 2121 1916 2152 addueti
1927 2143 1936 2157 ‚
1955 2133 2008 2163 per
2017 2122 2132 2154 benefi-

1170 2168 1253 2196 cium
1266 2186 1274 2199 ‚
1299 2165 1332 2194 &
1349 2168 1472 2206 gratiam
1491 2163 1661 2194 civitatibus
1679 2161 1884 2194 concesserunt
1897 2184 1906 2197 ,
1930 2174 1963 2194 ut
1981 2175 2132 2197 nummos

1171 2217 1226 2247 pro
1235 2206 1390 2236 frumento
1399 2206 1510 2238 darent.
1533 2208 1577 2235 Ita
1585 2204 1674 2237 credo
1682 2224 1690 2238 a
1700 2203 1814 2245 petiiffe
1823 2205 1860 2235 ab
1870 2205 1928 2236 isto
1938 2215 2074 2242 aratores,
2083 2216 2128 2243 ut,

1172 2248 1243 2279 cum
1259 2258 1311 2278 11-s
1329 2249 1421 2278 ternis
1439 2248 1529 2277 tritici
1546 2247 1687 2277 modium
1697 2247 1826 2277 vendei‘e
1839 2257 1902 2277 non
1915 2247 2034 2288 possent
2044 2261 2053 2283 3
2073 2259 2130 2289 pro

1172 2289 1292 2332 singulis
1303 2289 1416 2319 modiis
1424 2308 1432 2323 ‚
1445 2297 1546 2319 ternos
1555 2288 1693 2318 denarios
1703 2288 1769 2318 dare
1779 2289 1889 2320 liceret.
1903 2293 1952 2319 An
1961 2310 1969 2324 ‚
1979 2292 2128 2330 quoniam

1171 2330 1310 2361 boccum
1328 2341 1391 2360 non
1410 2330 1499 2361 audes
1519 2330 1617 2361 dicere
1627 2351 1635 2364 ‚
1650 2330 1722 2359 illuc
1731 2330 1886 2372 confugies
1897 2352 1906 2364 ,
1922 2330 2040 2361 vesturae
2054 2332 2130 2372 duffi-

1170 2373 1275 2402 sultare
1283 2372 1427 2403 addudtos
1438 2393 1446 2406 ‚
1458 2381 1558 2403 ternos
1569 2372 1705 2405 denarios
1717 2371 1784 2402 dare
1794 2371 1951 2403 maluiffe?
1974 2374 2066 2412 Cujus
2076 2385 2130 2405 ve-

1173 2414 1282 2445 &utae?
1295 2425 1356 2455 quo
1370 2425 1407 2444 ex
1421 2415 1489 2445 loco
1500 2435 1508 2448 ,
1529 2416 1560 2443 in
1570 2423 1661 2454 quem
1672 2414 1773 2444 locum
1792 2424 1831 2444 ne
1839 2423 1989 2455 portarent
1999 2411 2127 2447 ?'Philo-

1171 2457 1306 2487 melione
1317 2457 1467 2496 Ephesum
1481 2459 1491 2485 ?
1513 2456 1612 2486 Video
1623 2476 1632 2489 ,
1652 2455 1725 2496 quid
1739 2457 1817 2486 inter
1825 2466 1979 2486 annonam
1989 2456 2128 2488 interess'e

1173 2499 1277 2528 soleat:
1302 2499 1392 2528 video
1402 2507 1476 2539 quot
1485 2497 1603 2528 dierum
1614 2499 1662 2527 via
1672 2496 1720 2528 fit:
1740 2497 1831 2528 video
1847 2498 2131 2530 Philomeliensibus

1171 2539 1329 2579 expedire,
1345 2541 1450 2581 quanti
1460 2538 1565 2580 Ephesi
1575 2538 1608 2569 fit
1622 2538 1813 2569 frumentum
1826 2561 1834 2573 ,
1853 2548 1969 2570 tantum
1989 2541 2056 2572 dare
2073 2552 2130 2582 po-

1172 2584 1230 2611 tius
1242 2584 1274 2612 in
1285 2583 1409 2623 Phrygia
1420 2603 1428 2615 ,
1440 2582 1532 2622 quam
1544 2581 1695 2621 Ephesum
1704 2591 1820 2621 portare
1830 2602 1839 2616 ‚
1856 2590 1906 2612 aut
1914 2582 1950 2612 ad
1961 2583 2129 2615 emendum

1170 2623 1359 2653 frumentum
1372 2624 1523 2663 Ephesum
1532 2625 1692 2663 pecuniam
1703 2643 1711 2657 ‚
1728 2623 1880 2664 &legatos
1889 2625 2020 2654 mittere:
2037 2627 2073 2655 In
2081 2627 2130 2656 Si-

1170 2666 1238 2695 cilia
1255 2665 1328 2695 vero
1339 2666 1411 2706 quid
1429 2665 1602 2705 ejusmodi?
1626 2668 1728 2699 Enna,
1743 2667 1960 2696 mediterranea
1976 2665 2020 2699 est
2030 2669 2131 2697 maxi-

1171 2717 1231 2736 me.
1254 2717 1326 2748 coge
1337 2727 1345 2741 ,
1358 2716 1390 2737 ut
1398 2707 1433 2737 ad
1444 2717 1549 2748 aquam
1560 2707 1615 2737 tibi
1627 2727 1635 2740 ,
1648 2706 1677 2735 id
1687 2707 1769 2748 quod
1779 2707 1974 2747 summijuris
1991 2707 2034 2737 est
2043 2728 2051 2742 ‚
2064 2707 2130 2739 fru-

1169 2758 1308 2778 mentum
1320 2749 1475 2779 Ennenses
1489 2750 1650 2778 metiantur
1664 2758 1669 2776 :
1688 2750 1736 2779 vel
1747 2749 1895 2782 Plutiam‚
1916 2749 1965 2778 vel
1975 2750 2127 2784 Halesamss

1168 2791 1215 2820 vel
1226 2792 1373 2824 Catinam,
1385 2792 1448 2820 loca
1458 2792 1537 2820 inter
1546 2790 1574 2820 se
1584 2790 1719 2821 maxime
1732 2790 1846 2821 diversa
1855 2810 1863 2823 ,
1875 2789 1983 2820 eodem
1994 2791 2054 2826 die,
2065 2801 2129 2833 quo

1166 2830 1283 2870 juss'eris
1294 2852 1303 2865 ,
1324 2832 1532 2872 deportabunt.
1555 2829 1669 2862 tametsi
1679 2842 1718 2861 ne
1726 2831 1846 2862 vastum
1854 2832 1977 2872 quidem
1988 2842 2063 2873 opus
2073 2830 2127 2864 est.

1170 2876 1201 2903 N
1204 2884 1252 2904 am
1263 2883 1343 2904 totus
1353 2873 1480 2915 quaestus
1490 2875 1538 2904 hic
1549 2894 1558 2907 ,
1566 2872 1681 2914 judices
1692 2893 1701 2908 ,
1713 2873 1922 2904 aestimationis
1931 2893 1939 2908 ,
1950 2884 1988 2904 ex
1998 2885 2128 2906 annonae

2150 1082 2200 1124 82<

2147 2042 2205 2092 83?
2242 2069 2243 2072 =

2043 2926 2130 2949 natus
2141 2952 2148 2957 ,

202 3024 213 3043 x
221 3035 227 3041 .
245 3018 278 3041 De
287 3019 391 3045 nepotum
404 3011 492 3044 donin]
506 3009 624 3036 Manavit
635 3008 666 3035 ab
676 3008 823 3035 Hotomani
837 3006 970 3039 editione,
981 3005 1038 3032 aliae
1048 3005 1122 3037 bonis,

164 3050 259 3088 quibus
272 3047 428 3085 respondent
441 3047 506 3072 Pall.

201 3096 230 3114 2.
250 3085 395 3119 Dtscnsionis.
423 3085 577 3122 Instituerunt
588 3081 678 3115 semper
694 3080 761 3120 ῥῖψε]

1203 3012 1230 3039 3.
1251 3008 1284 3029 Et
1301 3007 1338 3029 ita
1357 3005 1443 3034 multi,
1464 3011 1492 3029 ut
1508 3007 1527 3030 ii
1545 3013 1600 3038 quos
1617 3005 1804 3037 innocentiffimos
1814 3013 1880 3029 mem.
1899 3010 1944 3029 aut
1960 3004 2124 3039 audi-aimus]

1167 3039 1313 3067 Lambinus
1323 3040 1360 3066 ajt
1371 3040 1446 3066 fuisse
1457 3039 1484 3066 in
1497 3039 1574 3066 Fabr.
1585 3040 1611 3064 ὃς
1623 3038 1721 3065 duabus
1732 3040 1790 3065 aliis
1802 3039 1961 3065 membranis
1973 3059 1981 3072 ‚
1992 3050 2047 3074 quos
2057 3051 2125 3067 mem.

792 3080 904 3106 Retinui
924 3077 1121 3105 distinctionem
1167 3083 1211 3102 aut
1219 3077 1337 3107 vidimus,
1349 3076 1400 3102 sine
1411 3076 1459 3101 ilio
1470 3078 1668 3109 innocentiffimos.
1680 3085 1732 3102 non
1743 3075 1817 3102 ausus
1828 3075 1866 3101 fui
1879 3075 1962 3111 sequi,
1973 3084 2065 3104 contra
2076 3086 2127 3103 no-

164 3122 287 3150 Lambini
302 3141 309 3153 ,
332 3127 451 3156 quamvis
462 3128 512 3145 non
525 3116 670 3152 improbem
683 3126 754 3152 prius
768 3116 902 3156 vulgatam
916 3134 925 3150 ,
944 3114 1074 3151 deftnfionis
1083 3118 1139 3143 dns
1168 3113 1232 3139 stros
1246 3112 1313 3138 Pall.
1323 3121 1484 3149 omnemque
1495 3111 1651 3140 editionem.
1661 3110 1731 3140 haud
1740 3111 1861 3150 resi-ager
1871 3119 1960 3141 tamen
1969 3112 2126 3145 admittere,

157 3163 301 3199 stiumunt.
318 3161 409 3192 Scmfer
417 3156 469 3191 ὡς.
488 3153 581 3187 eodeni
593 3153 663 3181 euim
675 3162 715 3180 res
727 3151 807 3180 redit.

1160 3149 1248 3184 sedita
1256 3150 1324 3175 multi
1333 3160 1338 3174 .·
1347 3148 1399 3181 &c-

2018 3188 2126 3221 mmm

2260 3299 2266 3357 -va
2253 2889 2270 3281 “Qfflh-ae—>-<*>.
