2316 3395
226 129 250 182 3
260 115 289 166 6
647 114 720 163 M.
789 113 839 162 T
876 129 909 161 tr
942 127 973 160 1.
1007 129 1036 160 1,
1073 130 1091 160 1
1127 129 1145 160 1

226 194 374 236 sapientiae
386 214 394 229 ‚
406 194 485 225 nihil
494 192 546 225 sibi
556 203 660 235 praeter
669 196 873 235 eloquentiam
885 216 893 229 ‚
906 193 1100 235 comparasset
1110 215 1117 228 ‚
1131 193 1185 225 fie-

226 238 286 271 bat,
299 245 331 267 ut
341 238 373 267 &
385 236 590 267 multitudinis
600 258 608 270 ,
621 238 653 267 &
665 238 716 267 suo
725 238 840 276 judicio
850 238 961 277 dignus,
983 239 1034 278 qui
1045 237 1185 276 rempub.

249 288 350 312 ererer,
362 278 521 308 videretur.
547 281 628 308 Hinc
638 279 786 308 nimirum
799 289 862 308 non
874 280 992 317 injuria,
1005 277 1076 308 cum
1087 279 1122 309 ad
1132 289 1185 320 gu—

227 290 575 360 {emaculareipublicz
589 321 748 353 temti-itii,
759 329 845 360 atque
854 320 976 351 audaces
988 322 1129 350 homines
1140 331 1186 350 ac—

229 361 372 394 cess'erant
383 382 391 395 ‚
404 364 537 392 niatxima
546 371 577 390 ae
588 362 753 390 miserrima
763 361 913 402 naufragia
924 361 1044 392 fiebant.
1068 362 1186 404 Qibus

231 404 322 436 rebus
341 412 456 434 tantuin
477 404 538 432 odii
551 423 559 435 ,
579 412 664 442 atque
674 402 797 433 invidiae
810 404 933 444 suscepit
942 405 1113 445 eloquentia
1124 424 1132 437 ‚
1154 413 1186 432 ut

232 446 375 476 homines
387 442 609 486 ingeniosissim'i
622 464 629 476 ‚
650 443 729 484 quasi
738 454 776 474 ex
785 445 881 486 aliqua
890 446 1006 476 turbida
1015 444 1186 485 tempestate

232 489 266 518 in
276 485 458 527 poi-tuin,1'1c
467 496 505 515 cx
519 486 698 518 seditiosu&
710 487 892 517 tumultuosa
900 497 961 517 vita
969 488 1042 517 sein
1052 487 1186 517 studium

231 528 353 569 aliquod
364 528 508 558 tradi-rent
517 535 657 568 quietum..
679 530 775 569 Qare
788 530 864 558 mihi
874 529 1015 559 videntur
1023 528 1123 570 postea
1132 539 1187 558 611-

234 579 293 600 tera
311 569 407 599 studia
428 568 502 598 reeta
515 588 522 599 ,
542 578 629 608 atque
640 568 763 599 honesta
771 580 823 609 per
832 573 930 601 otium
941 571 1142 601 concelebrata
1152 571 1187 600 ab

233 613 358 651 optimis
370 631 376 643 ‚
397 606 535 639 enituisse
547 620 552 637 t
574 611 632 640 hoc
651 609 723 640 vero
741 611 912 653 aplerisque
921 623 1026 642 eorum
1038 612 1187 642 desertum

233 650 412 682 obsolevisse
433 662 469 681 eo
489 660 513 680 te
519 661 623 690 mpore
640 662 701 692 quo
721 654 818 683 multo
832 656 1040 684 vehementius
1052 656 1189 684 611111611-

232 693 379 727 nendum,
392 693 424 723 8(
437 692 592 722 studiosius
602 693 821 735 adaugendum.
845 706 917 726 nam
929 706 995 736 Qio
1008 705 1189 725 :nummus

232 745 297 765 rem
309 733 543 765 honestiffimam
555 755 563 769 ‚
585 735 618 765 δε
628 734 820 766 Γεὲὶ11ἶῐη1ε111
832 738 962 768 violabat
973 737 1144 770 stultorum,
1157 737 1188 766 ὅ(

232 777 442 816 improborum
463 778 611 806 temeritas
623 797 631 809 ,
653 777 685 807 &
696 778 818 808 audacia
827 799 835 810 ‚
860 780 980 809 summo
991 789 1059 809 cum
1071 778 1185 818 reipub.

232 819 433 849 detrimento:
450 828 486 848 eo
497 816 654 848 studiosius
666 819 698 848 &
709 820 770 850 illis
781 819 971 851 resistendum
983 822 1040 851 suit
1050 842 1059 853 ,
1072 821 1105 850 &
1117 822 1188 859 reip.

196 869 221 901 4
235 860 468 890 consulendum.
500 859 590 900 Qod
609 859 745 891 nosti-um
764 862 852 892 illum
872 873 935 892 non
945 862 1021 904 fugit
1031 866 1188 893 Catonem,

234 912 333 943 neque
344 902 484 933 Laelium,
502 911 598 941 neque
608 902 717 932 horum
731 907 739 921 ¹
752 906 797 937 (ut
806 905 874 934 vere
885 904 995 945 dicam)
1007 904 1190 943 discipulum

234 943 412 974 Africanum
423 963 431 976 ‚
452 953 548 983 neque
567 944 715 973 Gracchos
735 944 867 976 Africani
879 955 1000 986 nepotes
1013 957 1017 974 ;
1039 946 1146 986 quibus
1159 946 1190 973 in

234 985 414 1016 hominibus
425 993 483 1014 crat
494 986 610 1015 sum'ma
620 987 725 1020 virtus,
741 986 773 1016 &
783 987 900 1017 summa
908 990 1016 1017 virtute
1027 986 1191 1026 amplifica-

235 1036 264 1057 ta
274 1025 440 1059 ausim-itas,
453 1027 485 1055 S(
495 1037 560 1066 qiizc
572 1027 617 1056 his
627 1028 713 1057 rebus
722 1038 902 1059 ornamento
911 1050 919 1062 ‚
933 1030 964 1059 8<
976 1032 1046 1068 reip.
1058 1027 1192 1073 praesidio
1213 1026 1215 1052 ἶ

235 1067 318 1102 efl'et,
329 1069 509 1108 eloquentia.
521 1071 628 1109 Qare,
639 1079 709 1098 meo
718 1070 842 1109 quidem
853 1074 967 1104 animo,
979 1072 1077 1100 nihilo
1088 1072 1191 1099 minus

236 1111 417 1150 eloquentia:
429 1109 608 1138 studendum
618 1109 660 1139 est
670 1130 678 1142 ‚
699 1110 748 1140 etsi
760 1121 793 1141 ea
800 1112 924 1152 quidam
936 1113 967 1142 &
978 1114 1117 1152 privatim
1129 1131 1137 1144 ,
1160 1111 1192 1140 ὃς

235 1150 356 1192 publice
375 1152 510 1190 perverse
528 1149 704 1180 abutuntur:
723 1152 772 1182 sed
783 1152 819 1183 eo
829 1154 952 1194 quidem
962 1155 1171 1183 vehementius
1184 1165 1192 1186 3

226 1203 276 1224 -ne
287 1193 359 1222 mali
376 1202 486 1233 magno
505 1202 574 1222 cum
594 1192 777 1224 detrimento
795 1195 946 1225 bonorum
958 1216 966 1229 ‚
990 1195 1022 1225 &
1033 1196 1193 1225 communi

238 1237 383 1265 omnium
396 1236 526 1274 pernicie
536 1233 702 1273 plurimum
721 1234 844 1275 possint:
865 1235 937 1266 eum
957 1237 1118 1277 praesertim
1137 1237 1194 1265 hoc

237 1286 336 1307 unum
348 1274 382 1305 sit
393 1296 401 1308 ‚
422 1275 503 1316 quod
514 1276 549 1305 ad
561 1279 680 1306 omneis
690 1287 735 1306 res
747 1278 779 1307 &
789 1280 912 1317 privatas
922 1299 930 1312 ‚
945 1280 976 1308 &
986 1279 1119 1318 publicas
1130 1286 1194 1306 ma—

240 1317 326 1349 xime
335 1325 493 1359 pertineat:
512 1318 570 1346 hoc
580 1326 638 1347 tuta
648 1338 656 1352 ,
678 1319 736 1348 hoc
743 1319 867 1350 honesta
877 1340 885 1353 ,
907 1322 964 1350 hoc
974 1319 1094 1350 illustris
1107 1339 1115 1352 ,
1137 1320 1195 1348 hoc

239 1359 350 1390 eodem
369 1361 428 1389 vita
443 1358 574 1398 jucunda
594 1357 652 1389 fiat.
683 1362 764 1390 Nam
782 1362 854 1391 hinc
863 1361 898 1391 ad
908 1362 1055 1401 rempubl.
1067 1362 1196 1400 plurima

226 1401 405 1432 commod-i
412 1399 573 1434 veniunt,si
584 1401 765 1432 moderatrix
775 1406 916 1433 omnium
927 1413 1027 1433 rei-um
1037 1401 1142 1443 praesto
1155 1401 1196 1431 est

239 1446 441 1475 SAHENTiA.
464 1443 536 1472 hinc
545 1442 579 1472 ad
590 1443 666 1482 ipsos
679 1464 686 1477 ,
701 1446 827 1484 quietim
839 1445 936 1479 adepti
947 1446 1014 1476 sunt
1024 1465 1032 1478 ,
1044 1446 1105 1475 laus
1117 1464 1124 1477 ‚
1138 1444 1193 1472 ho-

240 1494 299 1515 nos
309 1504 318 1518 ,
338 1483 465 1526 dignitas
475 1482 617 1513 confluit:
638 1486 709 1514 hinc
717 1488 821 1516 amicis
831 1482 950 1527 quoque
961 1497 1065 1517 eorum
1075 1483 1196 1516 certissi-

241 1536 331 1557 mum
340 1546 349 1559 ‚
361 1536 393 1556 ac
403 1523 582 1555 tutiffimum
592 1525 758 1565 praesid'ium
769 1538 964 1568 comparatur.
989 1532 1032 1559 Ac
1042 1529 1119 1558 mihi
1129 1529 1196 1568 qui-

242 1568 314 1599 dem
324 1567 464 1598 videntur
474 1568 614 1597 homines
625 1588 632 1601 ‚
654 1567 725 1598 cum
737 1571 839 1599 multis
850 1570 935 1599 rebus
945 1571 1121 1600 humiliores
1132 1590 1140 1603 ,
1163 1569 1195 1599 &

242 1608 426 1640 infirmiores
436 1607 492 1638 sint
502 1629 510 1642 ‚
529 1610 582 1639 hac
592 1620 622 1639 re
632 1610 766 1640 maxime
778 1610 879 1641 bestiis
888 1611 1018 1651 praestare
1031 1632 1039 1646 ,
1058 1611 1140 1653 quod
1152 1611 1196 1640 10-

242 1654 296 1692 qui
306 1649 436 1691 poss'unt.
467 1653 563 1692 Qare
584 1662 806 1683 rRAECLARUM
827 1655 903 1683 mihi
921 1654 1063 1694 quiddam
1081 1652 1198 1684 videtur

242 1694 364 1733 adeptus
375 1694 408 1726 is,
421 1695 483 1732 qui,
494 1703 551 1733 qua
560 1703 589 1722 re
600 1695 740 1724 homines
752 1694 851 1725 bestiis
861 1696 1007 1735 praestent,
1017 1706 1050 1726 ea
1059 1698 1092 1725 in
1102 1705 1131 1724 re
1142 1696 1196 1724 ho-

244 1735 381 1765 minibus
391 1734 457 1774 ipsis
467 1735 630 1765 antecellat.
650 1738 718 1766 Hoc
729 1734 749 1765 si
758 1736 833 1767 forte
844 1747 907 1766 non
916 1747 1018 1768 natura
1027 1735 1132 1770 modo,
1145 1747 1198 1766 ne-

243 1787 300 1818 que
311 1778 524 1806 exercitatione
535 1775 702 1810 conficitur,
718 1777 823 1807 verum
834 1781 924 1809 etiam
934 1777 1057 1809 artificio
1066 1778 1197 1820 quodam

243 1827 429 1858 compalatur
440 1828 445 1847 ;
458 1828 521 1847 non
529 1819 664 1848 alienum
674 1818 717 1849 est
726 1820 905 1861 videre2quae
914 1821 1012 1851 dicant
1020 1823 1108 1862 inqui
1117 1830 1197 1861 quae-

243 1860 314 1891 dam
326 1861 388 1900 ejus
400 1862 440 1889 rei
450 1869 592 1900 praecepta
611 1861 698 1890 nobis
716 1862 904 1903 reliquerunt.
928 1863 983 1892 Sed
993 1863 1149 1904 antequam
1160 1862 1197 1892 de

243 1903 395 1942 praeceptis
405 1903 540 1931 oratoriis
551 1902 686 1932 dicamus
697 1923 704 1936 ‚
725 1904 841 1933 videtur
858 1904 1020 1934 dicendum
1039 1904 1075 1934 de
1089 1914 1195 1944 genere

242 1942 333 1984 ipsius
342 1945 422 1976 artis,
434 1942 469 1972 de
479 1941 593 1976 officio,
604 1943 641 1973 de
651 1943 722 1978 fine,
736 1945 772 1975 de
782 1948 913 1979 materia,
924 1946 960 1976 de
971 1947 1109 1986 partibus.
1124 1955 1195 1976 nam

243 1986 292 2015 his
302 1985 387 2014 rebus
397 1984 704 2027 cognitis‚facilius‚&
714 1986 883 2026 expeditius
895 1989 1122 2029 uniuscujusque
1132 1998 1197 2018 ani—

206 2040 227 2071 5
245 2036 314 2056 mus
324 2026 415 2066 ipiam
425 2029 572 2056 rationem
583 2046 591 2059 ‚
604 2037 636 2056 ac
645 2030 727 2058 viam
737 2032 804 2058 artis
814 2028 995 2060 considerare
1003 2033 1121 2070 poterit.
1141 2032 1196 2060 Ci-

244 2078 338 2098 vxms
348 2067 483 2108 quaedam
493 2070 566 2097 intio
576 2067 619 2098 est
627 2089 634 2101 ‚
658 2079 723 2110 quae
733 2071 836 2100 multis
847 2092 854 2104 ‚
877 2072 910 2101 &
919 2075 1035 2113 magnis
1053 2082 1091 2102 ex
1109 2072 1195 2102 rebus

241 2109 365 2139 constat.
388 2110 450 2149 ejus
461 2108 598 2150 quaedam
609 2120 714 2151 magna
724 2131 731 2144 ,
746 2111 779 2141 &
789 2113 886 2151 ampla
893 2123 958 2153 pars
968 2113 1010 2143 est
1020 2134 1028 2147 ‚
1040 2113 1196 2144 artificiosa

241 2152 414 2191 eloquentia
424 2171 432 2184 ‚
452 2160 542 2190 quam
561 2151 726 2180 rhetoricam
742 2162 859 2183 vocant.
882 2164 953 2183 nam
963 2165 1060 2195 neque
1077 2165 1148 2185 cum
1158 2156 1196 2184 iis

240 2194 388 2223 sentimus
399 2213 407 2226 ,
419 2202 471 2232 qui
480 2192 602 2221 civilem
614 2193 767 2223 scientiam
778 2195 949 2235 eloquentia
960 2206 1022 2225 non
1033 2204 1137 2235 putant
1149 2198 1194 2225 111-

243 2233 343 2274 digere
354 2246 362 2268 3
375 2234 407 2263 &
416 2235 452 2263 ab
463 2235 509 2266 iis,
521 2235 572 2274 qui
584 2244 649 2264 eam
659 2243 762 2274 putant
771 2245 900 2266 omnem
910 2237 1034 2266 rhetoris
1046 2239 1075 2266 vi
1086 2238 1118 2266 &
1128 2239 1196 2267 arti-

243 2273 315 2306 ficio
325 2277 491 2308 contineri,
503 2285 681 2315 magnopere
691 2275 890 2307 dissentimus.
914 2287 1000 2317 quare
1013 2280 1087 2308 hinc
1097 2287 1194 2307 orato-

195 2317 198 2321 ’
243 2320 320 2347 riam
328 2315 499 2346 facultatem
511 2318 543 2346 in
553 2328 588 2346 eo
598 2328 704 2357 genere
713 2327 982 2357 ponemus‚u:e;‘im
993 2321 1089 2349 civilis
1099 2320 1193 2348 scien<

242 2360 292 2388 tiae
300 2366 412 2398 partem
425 2356 481 2387 effe
492 2378 501 2390 ‚
521 2358 618 2388 dicum
624 2369 664 2389 us.
688 2358 832 2389 Officium
850 2370 948 2390 autem
969 2361 1032 2400 ejus
1049 2360 1195 2391 simultatis

243 2400 361 2431 videtui·
369 2398 426 2429 ess'e
437 2419 445 2433 ‚
456 2399 553 2429 dicere
562 2399 690 2440 appofite
700 2400 734 2430 ad
743 2400 959 2440 persuasionem
972 2413 977 2430 z
991 2401 1069 2436 finis,
1081 2403 1197 2442 persua-

245 2442 312 2472 dere
323 2440 470 2471 difflone.
494 2442 571 2471 inter
589 2442 709 2481 officium
728 2451 827 2473 autem
839 2442 962 2481 &finem
980 2445 1037 2474 hoc
1056 2443 1177 2474 interest
1185 2464 1195 2477 ,

242 2482 326 2524 quod
346 2487 360 2502 ²
370 2485 403 2512 in
414 2481 518 2512 officio
527 2503 535 2516 ,
556 2483 628 2524 quid
639 2482 720 2514 fieri:
742 2494 773 2513 111
786 2483 843 2514 fine
854 2505 862 2517 ,
881 2485 953 2525 quid
972 2484 1077 2515 officio
1086 2495 1197 2515 conve-

245 2527 309 2556 niat
321 2545 328 2557 ‚
341 2523 553 2554 consideratur:
575 2534 604 2554 ut
614 2525 725 2555 medici
735 2525 873 2556 officium
883 2528 1012 2556 dicimus
1021 2526 1089 2559 effe,
1104 2537 1198 2555 curare

246 2565 446 2605 adjuvandum
455 2565 594 2607 apposite:
606 2565 699 2596 finem
711 2587 718 2601 ,
726 2568 826 2606 fimare
837 2569 986 2596 curatione.
1010 2571 1088 2597 Item
1099 2577 1197 2598 orato—

245 2609 284 2637 ris
295 2607 367 2648 quid
377 2606 512 2636 officium
524 2627 532 2640 ‚
554 2608 585 2637 δε
595 2608 667 2648 quid
679 2608 771 2638 finem
783 2608 840 2639 esse
849 2610 981 2640 dicamus
993 2630 1001 2643 ,
1024 2613 1036 2637 3
1048 2610 1197 2649 intellige—

246 2657 316 2678 mus
327 2668 335 2682 ,
354 2647 425 2677 cum
438 2648 465 2677 id
478 2668 485 2681 ‚
507 2649 588 2689 quod
597 2652 691 2679 tacere
702 2650 806 2683 debet,
827 2650 963 2681 officium
975 2651 1032 2681 esse
1043 2651 1194 2681 dicemus:

248 2689 323 2720 iliud
335 2709 343 2722 ‚
365 2691 448 2728 eujus
461 2690 543 2719 caula
554 2690 646 2720 facere
655 2691 760 2725 debet,
781 2691 874 2722 finem
885 2693 1108 2732 appellabimus.
1131 2695 1198 2722 Ma-

245 2733 350 2762 teriam
361 2733 426 2760 mis
436 2740 501 2760 eam
513 2731 642 2761 dicimus
651 2752 660 2765 ‚
673 2735 705 2761 in
715 2743 772 2773 qua
781 2737 882 2763 omnis
892 2744 936 2764 ars
946 2754 954 2767 ‚
969 2734 1000 2763 &
1014 2744 1046 2763 ea
1056 2734 1176 2764 facultas
1187 2754 1194 2767 ,

244 2782 310 2813 quae
319 2771 476 2803 conficitur
486 2782 523 2802 ex
532 2782 589 2803 arte
601 2793 609 2807 ‚
629 2775 758 2805 versatur
766 2794 775 2808 ,
798 2784 830 2805 ut
843 2774 864 2806 si
874 2775 1033 2806 medicinae
1042 2777 1197 2806 materiam

286 2923 295 2941 1
304 2935 310 2940 .
331 2919 359 2941 Ut
375 2917 430 2941 νενὲ
447 2917 549 2951 dicam]
571 2918 626 2944 Pal.
638 2917 686 2944 sec.
698 2928 748 2946 non
760 2919 876 2955 agnoscit
887 2921 1005 2948 voculam
1016 2930 1042 2947 ut
1055 2940 1063 2953 ,
1074 2922 1101 2947 3:
1113 2921 1198 2949 nescio

244 2960 324 2986 quam
335 2951 400 2978 istud
412 2951 507 2979 sot-tius
520 2953 623 2979 videtui·
633 2954 727 2980 altero.

283 2995 311 3012 2.
330 2990 358 3012 In
377 2990 440 3020 ffrio
456 2990 515 3022 quid
524 2991 609 3023 stem]
630 2992 692 3016 Non
704 2991 828 3018 recedunt
839 2992 869 3018 ab
880 2992 925 3018 hac
935 2993 1061 3029 scriptura
1071 2993 1196 3020 Pallwo-

246 3021 303 3048 stri.
324 3023 385 3048 Fuit
394 3024 430 3049 ius
444 3031 528 3050 tumen
541 3025 625 3051 noller
637 3026 746 3053 Ursinus
758 3028 845 3062 prodit
855 3030 881 3055 111
894 3030 942 3056 luis
954 3030 1061 3066 reperiri
1074 3039 1082 3061 3
1101 3030 1197 3065 quicifi-

247 3061 287 3090 ni,
300 3057 369 3093 quod
382 3069 431 3086 non
443 3059 575 3095 displicuit
585 3061 742 3088 Gulielmio.

285 3102 298 3128 3
306 3114 311 3119 .
331 3096 483 3127 [memet-mus
495 3115 502 3128 ‚
512 3097 561 3127 ὡς.
573 3098 614 3130 effi*
623 3097 724 3123 dicemur
736 3118 743 3129 ,
752 3099 803 3128 dvc.
822 3102 1013 3136 appellastimns]
1036 3102 1097 3128 Hoc
1106 3102 1195 3128 malim

245 3137 305 3158 cum
315 3130 384 3159 Pall-
395 3132 422 3159 ἃ
434 3131 492 3161 mff.
503 3132 612 3162 Suffridi
622 3134 712 3178 Pfttei
723 3135 814 3171 nosti-i,
825 3145 903 3173 quain
913 3145 986 3167 retro
998 3137 1146 3175 vulgatum,
1155 3141 1194 3166 in-

1227 113 1753 162 Cicnnon1s

1226 191 1359 223 dicamus
1369 193 1492 224 morbos
1503 214 1511 227 ‚
1523 204 1555 224 ac
1565 194 1688 225 vulnera
1699 216 1706 229 ,
1722 195 1804 237 quod
1817 196 1907 227 iirhis
1917 196 2019 228 omnis
2030 196 2181 230 iii-edicius

1228 235 1355 265 versetur
1367 245 1371 264 :
1382 237 1466 269 item,
1479 236 1587 276 quibus
1598 239 1629 266 iti
1640 237 1726 267 rebus
1737 238 1867 268 versatur
1875 249 1929 272 ars,
1942 237 2104 270 &facultas
2114 249 2180 271 ora·

1229 279 1313 309 toria,
1324 286 1371 306 eas
1384 280 1537 307 materiam
1548 280 1615 307 artis
1627 280 1781 309 rhetoricae
1792 282 1997 311 nominamus.
2008 283 2071 311 Has
2081 289 2180 313 autem

1229 328 1273 348 res
1285 338 1292 351 ‚
1313 318 1362 348 alii
1373 319 1500 358 plureis,
1521 320 1571 349 alii
1582 322 1733 359 pauciores
1743 321 1998 352 existimaverunt.
2015 332 2090 353 ,nam
2103 324 2182 352 Gor-

1229 362 1288 400 gias
1299 360 1467 390 Leontinus
1478 380 1485 394 ‚
1498 359 1716 401 antiquissimus
1726 362 1788 392 sere
1798 365 1897 393 rhetor
1907 384 1915 396 ,
1935 365 2080 394 omnibus
2090 364 2126 394 de
2136 373 2182 394 re·
2201 373 2203 375 ’

1229 403 1282 431 bus
1291 410 1439 432 oratorem
1457 403 1572 442 optime
1591 401 1671 442 posse
1691 404 1787 434 dicere
1807 404 1998 435 existimavit.
2021 403 2069 435 hic
2079 404 2182 446 infinij

1230 452 1289 473 tam
1302 463 1310 476 ,
1331 442 1364 473 &
1384 444 1563 474 immensam
1582 449 1598 470 4
1607 446 1678 475 huic
1686 445 1811 476 artificio
1823 450 1973 477 materiam
1985 446 2127 487 subjicere
2139 446 2184 477 vi-

1232 484 1328 514 detur.
1352 484 1525 514 Aristoteles
1534 495 1645 520 autem,
1656 489 1708 526 qui
1719 488 1789 517 huic
1798 497 1851 517 arti
1862 489 1991 527 plurima
2001 488 2182 528 adjumenta,

1232 535 1318 567 atque
1328 535 1503 556 ornamenta
1513 527 1758 561 subministra-vit,
1773 528 1864 558 tribus
1874 532 1907 558 in
1918 529 2074 570 generibus
2084 539 2183 560 rerum

1234 568 1339 597 versari
1350 569 1474 597 rhetoris
1485 566 1621 597 officium
1632 572 1760 607 putavit,
1768 570 2003 600 demonstrativo
2014 591 2022 604 ,
2041 571 2186 600 delibera-

1235 612 1298 640 tivo
1310 629 1317 642 ,
1326 609 1472 649 judiciali.
1498 609 1760 645 Demonstratzvum
1769 611 1811 641 est
1820 632 1829 645 ,
1848 612 1930 652 quod
1940 612 2080 642 tribuitur
2090 614 2122 642 in
2131 612 2185 642 ali·

1231 652 1314 689 cujus
1325 660 1409 680 certae
1420 652 1551 690 personat
1562 651 1679 681 laudem
1693 672 1700 686 ,
1721 655 2044 693 autvituperationem.
2068 653 2186 683 Delibe-

1229 694 1359 721 rativum
1369 692 1421 724 eil,
1433 693 1513 733 quod
1526 692 1655 732 positum
1666 696 1697 723 in
1707 693 1930 735 disceptatione,
1946 696 1978 726 &
1988 696 2185 726 consultatio-

1233 745 1268 764 ne
1280 736 1360 763 civili
1375 754 1382 767 ‚
1398 735 1484 763 habet
1505 737 1536 764 iii
1557 736 1583 764 se
1603 737 1754 766 sententiae
1774 736 1952 767 diditionem.
1976 737 2122 776 Judmai'e
2131 736 2183 770 est,

1231 775 1312 816 quod
1322 774 1450 815 politum
1463 776 1618 815 injudicio
1629 798 1636 810 ‚
1649 777 1736 808 habet
1745 788 1777 808 in
1789 779 1817 808 se
1828 780 2044 809 accusationem
2056 799 2064 812 ‚
2089 780 2121 809 ὃ(
2132 779 2185 808 dc-

1232 816 1399 847 tensionem
1410 838 1417 850 ,
1441 827 1490 848 aut
1499 820 1680 857 petitionem
1690 819 1723 849 &
1733 821 1960 850 recusationem.
1983 823 2030 854 Et,
2041 820 2185 861 quemad-

1232 859 1359 888 modum
1372 858 1470 888 nostra
1478 859 1602 899 quidem
1613 859 1669 890 fert
1679 863 1797 901 opinio,
1809 864 1933 891 oratoris
1944 872 1987 892 ars
1998 882 2006 896 ‚
2021 863 2052 892 &
2063 861 2185 892 facultas

1233 902 1265 930 in
1276 902 1327 930 hac
1339 903 1610 940 materia-tripertita
1621 902 1724 933 versari
1734 902 1933 933 existimanda
1942 903 1995 934 est.
2015 906 2096 933 Nam
2109 906 2185 933 Her-
2205 899 2227 932 6

1235 952 1364 983 magor-ss
1375 942 1509 982 quidem,
1522 953 1588 975 nec,
1601 943 1673 983 quid
1683 943 1760 974 dicat
1769 965 1777 977 ‚
1790 945 1939 975 attendere
1952 966 1960 978 ‚
1974 955 2028 974 nee
2037 945 2109 986 quid
2120 945 2187 985 pol-

1235 984 1354 1014 liceatur
1364 1004 1372 1016 ,
1385 984 1550 1025 intelligere
1559 985 1691 1015 Videtur:
1713 988 1765 1026 qui
1777 989 1901 1016 oratoris
1912 989 2066 1017 materism
2078 989 2109 1016 in
2120 997 2188 1016 cau-

1236 1026 1307 1058 sim,
1320 1026 1351 1054 δε
1364 1029 1394 1055 111
1404 1026 1601 1066 quaestionem
1613 1027 1733 1057 dividat.
1757 1029 1876 1067 Causam
1885 1028 1943 1058 effe
1954 1029 2026 1058 dicit
2035 1038 2109 1062 rem,
2121 1038 2187 1069 quae

1237 1067 1338 1097 lubeat
1355 1069 1387 1096 in
1407 1068 1434 1097 se
1447 1067 1677 1098 controversiam
1689 1071 1720 1098 in
1732 1069 1860 1100 dicendo
1871 1069 1995 1110 pofitam
2005 1080 2074 1100 cum
2086 1071 2188 1110 perso—

1237 1118 1342 1139 narum
1362 1118 1506 1138 certarum
1519 1109 1742 1149 interpositione
1755 1121 1759 1139 :
1783 1121 1873 1151 quam
1884 1122 1939 1141 nos
1949 1122 2067 1152 quoque
2079 1113 2187 1141 oratori

1237 1151 1364 1180 dicimus
1375 1149 1432 1180 effe
1443 1151 1624 1180 attributam.
1649 1161 1719 1181 nam
1730 1154 1798 1182 treis
1808 1155 1837 1181 ei
1846 1156 1951 1192 parteis
1964 1173 1971 1186 ,
1982 1164 2052 1193 quas
2063 1154 2130 1183 ante
2142 1153 2189 1182 di-

1237 1202 1339 1221 ximus
1350 1212 1358 1224 ,
1372 1192 1567 1231 supponimus
1579 1213 1586 1224 ‚
1596 1193 1769 1232 judicialem
1783 1214 1790 1226 ‚
1803 1193 2024 1229 deliberativam
2036 1215 2044 1228 ,
2057 1195 2188 1225 demon-

1237 1233 1394 1263 strativam.
1427 1232 1612 1273 Qaesttonem
1620 1243 1718 1264 autem
1729 1245 1795 1264 eam
1805 1236 1930 1275 appellat
1940 1256 1947 1269 ‚
1967 1246 2032 1276 quae
2042 1237 2144 1266 habeat
2155 1238 2188 1266 in
2214 1231 2225 1251 ³⁷

1236 1275 1263 1305 se
1275 1273 1503 1304 controversiam
1514 1277 1546 1304 in
1557 1275 1686 1306 dicendo
1695 1275 1819 1315 positam
1832 1297 1842 1310 2
1864 1275 1923 1307 [1116
1934 1287 2078 1308 certarum
2089 1278 2188 1318 perso-

1237 1326 1342 1346 narum
1354 1315 1588 1356 interpositione,
1599 1317 1634 1347 ad
1646 1319 1725 1347 'nunc
1734 1318 1864 1349 modum
1876 1329 1881 1347 :
1904 1319 2018 1360 Ecquid
2028 1318 2061 1349 sit
2071 1319 2189 1350 bonum

1237 1367 1340 1397 praeter
1348 1358 1546 1391 honestatem,
1558 1361 1667 1389 Verine
1679 1358 1735 1389 sint
1744 1360 1842 1389 sensus
1854 1381 1862 1394 ‚
1883 1363 1957 1402 Qae
1967 1359 2001 1391 sit
2009 1361 2190 1391 11111ῠά1101-

1239 1410 1287 1429 ma
1296 1420 1305 1432 ,
1327 1402 1400 1438 (ξι-116
1409 1400 1479 1429 solis
1490 1399 1676 1441 magnitudo.
1697 1411 1767 1442 quas
1776 1401 1953 1442 quaestiones
1963 1403 2067 1442 procul
2078 1403 2113 1433 ab
2124 1413 2190 1433 ora-

1237 1444 1310 1471 toi-is
1328 1440 1432 1471 0111610
1451 1452 1579 1472 remotas
1589 1462 1598 1476 ‚
1616 1442 1704 1472 facile
1723 1446 1843 1474 omneis
1862 1444 2026 1485 intelligere
2036 1444 2188 1475 existima-

1239 1493 1318 1513 mus.
1351 1485 1432 1514 Nam
1443 1503 1451 1516 ‚
1471 1484 1580 1524 quibus
1598 1486 1632 1514 in
1641 1484 1728 1515 rebus
1739 1486 1804 1516 sum
1810 1496 1856 1516 ma
1865 1488 1984 1527 ingenia
1991 1487 2189 1526 philosopho-

1238 1535 1304 1555 rum
1314 1524 1447 1565 plurimo
1456 1535 1528 1555 curn
1538 1524 1626 1555 dabore
1636 1527 1790 1557 consumta
1799 1528 1996 1569 intelligimus
2006 1549 2014 1560 ,
2031 1538 2076 1558 eas
2089 1548 2096 1562 ,
2117 1527 2191 1559 sicut

1238 1567 1348 1608 aliquas
1358 1576 1457 1606 parvas
1468 1577 1512 1598 res
1524 1588 1532 1601 ,
1545 1571 1653 1598 oratori
1664 1569 1820 1598 attribuere
1831 1589 1839 1602 ‚
1852 1579 1957 1609 magna
1964 1568 2093 1600 amentia
2102 1570 2188 1600 vide-

1238 1618 1295 1639 tur.
1327 1607 1418 1650 Qiod
1428 1608 1448 1638 fi
1459 1619 1598 1651 magnam
1608 1611 1641 1639 in
1650 1611 1696 1639 his
1707 1612 1904 1652 Hermagoras
1915 1609 2190 1642 habuifl‘etfaculta—

1240 1660 1300 1681 tem
1313 1671 1321 1684 ,
1334 1650 1432 1680 studio
1443 1651 1475 1681 &
1485 1651 1641 1691 disciplina
1649 1662 1848 1692 comparatam
1860 1673 1868 1686 ‚
1879 1652 2030 1682 videretur
2038 1652 2129 1683 fretus
2140 1653 2158 1683 s
2155 1663 2191 1684 ua

1241 1693 1374 1725 scientia,
1383 1691 1491 1722 salsum
1501 1693 1645 1733 quiddam
1656 1693 1839 1724 constituiss'e
1849 1694 1884 1724 de
1895 1697 2019 1724 oratoris
2028 1693 2143 1728 officio,
2157 1695 2192 1726 &

1240 1745 1315 1768 non,
1326 1733 1397 1774 quid
1408 1744 1462 1768 111-ε,
1474 1735 1523 1764 sed
1533 1735 1605 1775 quid
1616 1736 1676 1775 ipse
1684 1734 1788 1775 poffet,
1796 1735 1975 1776 exposuisse.
1987 1746 2068 1766 nunc
2076 1735 2148 1766 vero
2159 1746 2193 1768 ea

1241 1778 1286 1807 vis
1305 1776 1347 1806 est
1364 1777 1397 1805 in
1415 1777 1542 1806 homine
1555 1797 1562 1810 ,
1584 1785 1615 1806 ut
1634 1779 1661 1806 ei
1672 1778 1770 1807 multo
1778 1778 1956 1808 rhetoricam
1966 1780 2054 1807 citius
2063 1779 2128 1818 quis
2139 1777 2191 1808 ad-

1242 1820 1348 1848 emerit
1357 1837 1365 1850 ,
1385 1816 1475 1858 quum
1484 1819 1706 1858 philosophiam
1717 1817 1902 1849 concefl'erit.
1927 1821 2034 1860 Neque
2051 1820 2088 1848 eo
2108 1819 2194 1853 dico,

1241 1859 1323 1901 qu'od
1333 1869 1396 1899 ejus
1407 1869 1450 1889 ars
1462 1880 1470 1892 ,
1481 1869 1575 1900 quarn
1585 1860 1699 1893 edidit,
1711 1861 1788 1890 mihi
1800 1859 2021 1890 mendosissime
2031 1861 2134 1901 scripta
2144 1864 2192 1891 vi-

1242 1905 1357 1935 deatur,
1380 1901 1462 1940 (nam
1482 1903 1547 1932 satis
1566 1903 1598 1931 in
1609 1911 1642 1931 ea
1650 1902 1768 1932 videtur
1777 1905 1790 1929 ἲ
1800 1912 1838 1932 ex
1846 1905 1974 1943 antiquis
1984 1903 2093 1932 artibus
2104 1904 2189 1944 inge-

1241 1944 1325 1974 niose
1336 1944 1369 1974 ὃ(
1379 1942 1652 1984 diligentei·ele6tas
1662 1953 1707 1973 res
1716 1942 1871 1974 collocasse
1882 1964 1891 1977 ,
1915 1945 1948 1973 &
1966 1945 2110 1974 nonnihil
2129 1945 2192 1984 ipse

1240 1995 1359 2028 quoque
1369 1988 1443 2015 novi
1452 1983 1615 2025 protulisse)
1627 1983 1733 2015 verum
1743 1988 1851 2016 oratori
1862 1987 2028 2016 minimum
2038 1985 2081 2016 est
2090 1986 2122 2015 de
2131 1993 2193 2015 arte

1242 2033 1329 2070 loqui,
1343 2026 1423 2069 quod
1434 2027 1483 2057 1116
1491 2026 1564 2058 fecit
1575 2037 1580 2056 z
1602 2027 1700 2058 multo
1711 2029 1881 2058 maximum
1891 2035 1994 2056 exarte
2001 2028 2097 2060 dicere,
2107 2027 2188 2068 quod

1240 2080 1312 2100 eum
1321 2068 1452 2099 minime
1462 2068 1599 2109 potuisse,
1610 2080 1718 2100 omnes
1728 2070 1874 2100 videmus.
1887 2071 1982 2108 Quare
1993 2071 2115 2099 materia
2122 2071 2192 2110 qui-

1240 2112 1311 2141 dem
1322 2111 1410 2140 nobis
1417 2112 1570 2141 rhetoricae
1578 2111 1696 2141 videtur
1706 2121 1737 2140 ea
1748 2130 1756 2143 ‚
1767 2120 1858 2151 qtmm
1867 2110 2020 2140 Aristoteli
2027 2111 2121 2140 visam
2132 2109 2192 2140 effe

1240 2153 1386 2182 diximus.
1431 2155 1526 2182 Prii-tes
1535 2161 1635 2182 autem
1644 2153 1689 2182 hae
1701 2153 1718 2181 s
1714 2161 1767 2182 unt
1776 2172 1785 2185 ‚
1814 2162 1885 2193 quas
1894 2152 2026 2192 plerique
2036 2152 2187 2186 dixerunt,
2210 2157 2229 2190 7

1239 2194 1387 2225 inventio,
1400 2192 1560 2232 dispositio,
1571 2194 1714 2226 elocutio,
1726 2196 1873 2223 memoria
1882 2214 1890 2227 ‚
1901 2195 2116 2233 pronuntiatio.
2140 2196 2192 2223 In-

1240 2242 1334 2263 ventus
1345 2254 1354 2267 ‚
1374 2233 1417 2264 est
1428 2236 1606 2275 excogitatio
1616 2245 1714 2264 rerum
1726 2245 1860 2265 verarum
1872 2255 1879 2268 ,
1902 2244 1951 2265 aut
1968 2234 2188 2270 verisimilium,

1240 2286 1305 2317 quae
1314 2276 1428 2305 causam
1438 2276 1626 2315 probabilem
1636 2276 1770 2306 reddant.
1800 2276 1949 2317 Dispofitio
1961 2298 1968 2310 ‚
1981 2276 2023 2306 est
2033 2287 2132 2307 rerum
2143 2279 2192 2307 in-

1240 2327 1397 2347 ventarum
1408 2318 1440 2346 iii
1451 2317 1589 2347 ordinem
1600 2317 1781 2348 distributio.
1804 2319 1943 2352 Elocurio,
1957 2318 1999 2348 est
2007 2318 2192 2349 idoneorum

1239 2358 1401 2388 verborum
1414 2378 1422 2392 ,
1443 2359 1476 2389 &
1494 2359 1704 2389 sententiarum
1715 2359 1749 2389 ad
1761 2362 1970 2390 inventionem
1981 2360 2193 2390 accommoda-

1240 2402 1294 2431 tio.
1326 2401 1468 2429 Memoria
1479 2421 1487 2434 ,
1507 2400 1550 2430 est
1569 2400 1654 2431 firma
1670 2403 1765 2430 animi
1776 2412 1875 2431 rerum
1886 2412 1918 2432 ac
1929 2402 2088 2431 verborum
2097 2402 2131 2432 ad
2142 2403 2192 2431 in-

1239 2443 1416 2472 ventionem
1426 2444 1586 2481 perceptio.
1615 2445 1822 2476 Pronummtz'o,
1833 2442 1874 2474 est
1884 2453 1921 2473 ex
1931 2453 2029 2473 rerum
2041 2444 2073 2474 &
2084 2443 2194 2473 verbo-

1241 2493 1308 2514 rum
1319 2483 1471 2523 dignitate,
1481 2485 1564 2513 vocis
1575 2484 1607 2513 8(
1618 2482 1633 2504 ⁶
1642 2485 1962 2523 corporismoderatio.
1986 2487 2077 2515 Nunc
2087 2486 2134 2514 his
2144 2495 2191 2515 re-

1242 2526 1295 2555 bus
1307 2525 1434 2554 breviter
1443 2524 1619 2559 constitutis,
1630 2536 1677 2555 eas
1689 2528 1827 2560 rationes,
1838 2526 1948 2567 quibus
1959 2526 2113 2556 ostendere
2122 2527 2191 2567 pos*

1243 2565 1332 2595 fimus
1342 2576 1446 2607 genus,
1457 2567 1489 2596 &
1499 2565 1682 2600 officiuim&
1694 2566 1786 2600 finem
1798 2569 1884 2607 hujus
1892 2570 1971 2601 artis,
1981 2568 2060 2598 aliud
2070 2570 2103 2599 in
2113 2577 2191 2598 tem-

1242 2618 1296 2648 pus
1306 2606 1486 2637 differemus.
1510 2618 1580 2638 nam
1592 2610 1624 2639 Sc
1635 2610 1801 2640 multorum
1812 2611 1973 2641 verborum
1982 2609 2119 2650 indigent
2128 2629 2136 2643 ,
2157 2610 2191 2640 &

1243 2659 1305 2679 non
1316 2649 1466 2689 tantopere
1477 2650 1512 2680 ad
1521 2652 1588 2680 artis
1598 2650 1828 2690 descriptionem
1842 2671 1850 2684 ‚
1862 2651 1894 2681 &
1903 2660 2044 2690 praecepta
2053 2651 2196 2681 tradenda

1243 2693 1400 2731 pertinent.
1433 2694 1512 2721 Eum
1522 2702 1621 2722 autem
1633 2712 1641 2725 ‚
1662 2695 1713 2732 qui
1724 2701 1815 2723 artem
1825 2694 2001 2722 rhetoricam
2013 2693 2116 2722 scribat
2126 2713 2133 2726 ‚
2154 2693 2191 2723 de

1243 2733 1355 2763 duabus
1366 2733 1487 2772 reliquis
1497 2733 1582 2763 rebus
1594 2754 1601 2767 ,
1614 2734 1650 2763 de
1663 2736 1782 2764 materia
1791 2736 1857 2764 artis
1869 2754 1877 2767 ‚
1889 2744 1920 2765 ac
1930 2734 2058 2774 partibus
2068 2734 2193 2765 sei-ibere

1243 2783 1377 2814 oportere
1388 2773 1608 2807 existimamus.
1629 2777 1758 2807 Aemilii
1769 2776 1893 2816 quidem
1901 2775 2019 2806 videtur
2028 2777 2095 2816 conj
2100 2775 2191 2806 unite

2104 2827 2196 2859 agen-

1241 2924 1371 2955 nlligivmts,
1381 2924 1431 2953 dfe.
1442 2926 1480 2958 iffi*
1489 2925 1599 2957 dii-lmus,
1609 2925 1658 2955 &a
1670 2927 1821 2958 appellamus.
1832 2932 1917 2960 neque
1925 2924 2003 2950 aliter
2012 2923 2130 2950 ediderat
2141 2922 2202 2948 Vi-‘

1242 2958 1341 2985 &orius
1353 2969 1360 2988 3
1374 2959 1414 2985 led
1427 2970 1476 2986 uon
1488 2960 1589 2986 invenit
1600 2961 1642 2995 qui
1655 2961 1836 2996 sequerentur.

1277 3002 1304 3026 4.
1324 2999 1384 3031 Hiu'c
1393 2998 1494 3028 artijfirio
1504 3000 1627 3021 materiam
1629 2998 1743 3031 Jicbjicere
1754 3015 1762 3029 ,
1772 2997 1837 3031 erfo]
1857 2996 1941 3022 Grev.
1951 2996 2007 3021 huic
2014 2997 2074 3021 arti.
2086 2994 2113 3020 8(
2125 3003 2191 3021 con-

1243 3030 1349 3057 cinnum
1362 3030 1510 3057 Gulielmio
1522 3031 1614 3057 risum.

1280 3075 1305 3099 5.
1325 3070 1365 3092 Ex
1374 3068 1479 3099 antiquis
1488 3067 1608 3101 artibus]
1616 3067 1710 3094 Codex
1721 3066 1799 3094 Fabi.
1810 3067 1970 3102 antiquffmis
1980 3068 2084 3093 artibus.
2096 3064 2192 3092 fortas-

1243 3101 1279 3134 se,
1292 3102 1378 3137 inquit
1389 3102 1560 3134 Gulielmius,
1570 3104 1730 3137 antiquiqhnis
1740 3105 1883 3137 artificibus.

1279 3138 1308 3168 6.
1327 3139 1430 3172 Castris
1438 3138 1560 3168 moderatio
1565 3138 1587 3175 .]
1600 3138 1728 3175 Tofiuius,
1738 3140 1870 3171 modulam.
1880 3136 1923 3167 recl
1933 3137 1990 3174 quis
1999 3137 2103 3175 probet.
2147 3176 2169 3196 Y

1455 3177 1464 3182 “
1646 3180 1649 3181 ’
2109 3182 2132 3202 x.
2145 3194 2151 3199 .
2168 3183 2195 3200 m
