2368 3385
261 145 354 208 184
683 139 1180 191 M.TUL1..11

248 229 387 270 jusmodi
402 227 557 269 sinantia,
580 236 645 269 quae
661 235 711 257 aut
727 224 763 255 ad
783 223 944 264 explendas
954 222 1146 264 cupiditates,
1166 228 1217 251 aut

256 271 365 302 odium
375 271 483 302 satiand
489 281 541 301 um
551 291 560 304 ,
579 279 628 299 aut
638 268 673 298 ad
684 266 866 297 ulciscendas
878 266 1001 305 injurias
1011 263 1213 305 pertinebunt.

253 315 309 344 Sin
319 323 418 344 autern
429 311 627 353 reprimendi:
640 310 676 340 de
686 311 800 339 incerto
810 307 885 338 statu
896 307 1023 337 fortunae
1037 326 1046 339 ,
1059 305 1217 346 dubiisque

254 358 374 385 eventis
391 365 490 385 rerum
505 353 674 384 futurarum
686 371 694 385 ‚
716 349 928 381 &retinendis
946 350 1006 380 suis
1025 348 1156 379 fortunis
1167 366 1176 381 ‚
1196 344 1219 376 si

257 405 345 427 erunt
356 397 502 427 secundae:
526 394 569 425 sin
579 404 680 425 autem
692 392 819 423 adversae
831 411 840 425 ,
858 391 894 421 de
904 391 1037 431 periculo
1048 410 1057 425 ‚
1076 394 1219 421 commo-

257 439 363 469 nendi.
395 441 493 479 Atque
504 439 534 467 hi
544 436 668 478 quidem
686 435 961 473 suntperorationis
971 433 1040 463 loci.
1072 432 1220 471 Principia

257 488 359 510 autem
386 482 418 510 in
445 480 599 510 sententiis
615 476 752 508 dicendis
773 477 871 506 brevia
886 473 944 505 effe
962 474 1125 505 debebunt.
1155 483 1220 503 non

258 523 342 551 enim
354 522 477 562 supplex
488 541 497 554 ,
508 530 540 550 ut
549 520 583 550 ad
592 519 727 559 judicem
738 538 746 551 ‚
768 519 854 548 venit
865 526 963 548 orator
972 536 980 550 ‚
1003 516 1053 547 sed
1063 516 1197 546 hortator
1210 534 1218 548 2

255 572 344 606 suque
360 563 473 593 auctor.
503 564 601 604 Qare
615 569 801 602 proponere,
828 569 887 600 qua
905 567 1008 589 mente
1027 558 1122 591 dicat,
1146 556 1219 597 quid

257 607 331 635 velit
341 625 349 638 ‚
361 606 471 646 quibus
481 603 518 634 de
528 604 616 634 rebus
625 603 759 634 die-eurus
771 599 804 631 sit
814 622 822 634 ‚
838 601 925 632 debet
936 621 944 634 ,
958 602 1128 640 hortarique
1144 598 1180 628 ad
1192 599 1219 628 se

257 646 386 676 breviter
395 646 549 680 dicentem
558 644 754 676 audiendum.
773 646 852 674 Tota
861 652 962 673 autem
973 640 1220 680 oratio‚simplex,
1241 651 1242 655 ¹

260 689 414 730 &gravis‚
435 689 636 719 &sententiis
651 686 740 717 debet
758 687 893 721 ornatior
909 683 986 717 effe,
1006 683 1098 724 quarn
1111 682 1219 713 verbis.

195 725 239 764 28
260 733 294 760 C.
307 733 338 760 F.
356 732 495 772 Cognovi
511 729 763 770 jamlaudationis
779 748 787 760 ,
807 727 839 757 &
851 725 990 757 suasionis
1001 726 1094 755 locos.
1119 734 1219 757 nunc,

260 783 327 813 quae
341 773 460 811 judiciis
469 770 696 803 accommodam
705 768 761 799 sint
771 789 779 802 ,
792 768 932 808 exspecto
943 779 948 797 z
960 767 1051 808 idque
1069 766 1157 796 nobis
1170 776 1222 806 ge-

259 824 317 844 nus
328 814 433 845 restare
445 824 541 844 unum
551 822 636 854 puto.
670 814 703 843 C.
716 814 747 842 P.
767 811 862 841 Reeoe·
873 809 1018 851 intelligis
1032 819 1036 838 :
1058 817 1144 848 atque
1158 816 1223 847 ejus

259 855 384 897 quidem
395 858 511 898 generis
521 854 589 885 finis
599 854 642 885 est
651 874 659 888 ‚
673 855 809 894 aequitas:
825 862 890 893 quae
902 861 966 881 non
975 850 1149 890 iimpliciter
1158 850 1223 889 spe-

263 900 369 931 tratur,
382 899 431 929 sed
441 908 478 928 ex
493 898 716 937 comparatione
726 903 959 934 nonnumquam
973 904 977 921 2
990 902 1031 926 ut,
1043 891 1114 922 curn
1126 891 1161 921 de
1171 901 1224 920 ve-

261 938 377 970 riffimo
385 940 549 971 accusatore
561 939 740 978 disputatur,
754 945 804 966 aut
814 941 886 965 curn
897 934 1066 965 hereditatis
1077 932 1137 963 sine
1149 933 1223 974 lege,

260 991 314 1012 aut
331 981 391 1012 fine
409 981 587 1013 testamento
597 981 708 1021 petitur
717 976 855 1019 pofl'effio
867 988 872 1006 2
890 979 922 1007 in
932 977 1041 1018 quibus
1051 973 1141 1006 causis
1151 974 1225 1016 quid

261 1024 367 1065 aquius
377 1045 386 1058 ‚
399 1021 637 1065 aequiffimumve
647 1020 680 1051 sit
693 1041 701 1053 ‚
714 1022 871 1061 quaeritur:
891 1028 962 1059 quas
972 1017 1007 1049 ad
1018 1018 1114 1048 causas
1132 1016 1227 1047 facul-

262 1074 304 1096 tas
313 1068 423 1105 petitur
430 1065 726 1107 argumentationum
738 1071 776 1092 ex
788 1063 836 1094 iis,
846 1061 882 1091 de
892 1060 1001 1102 quibus
1013 1069 1088 1090 mox
1099 1059 1225 1091 dicetur,

261 1110 410 1149 aequitatis
428 1108 513 1138 locis.
543 1109 640 1146 Atque
651 1107 743 1135 etiarn
752 1112 819 1133 ante
830 1105 841 1143 j
848 1103 982 1133 odicium
992 1102 1029 1131 de
1039 1101 1228 1132 constituen-

265 1149 307 1180 do
324 1150 388 1190 ipso
408 1149 520 1186 judicio
530 1148 605 1178 solet
614 1145 673 1177 effe
683 1147 857 1178 contentio,
877 1143 948 1175 curn
965 1152 1033 1177 aut,
1055 1141 1126 1173 sitne
1147 1142 1227 1172 affluo

263 1191 328 1225 illi,
340 1193 392 1232 qui
404 1193 462 1232 agit
473 1211 481 1223 ,
493 1199 542 1220 aut
551 1191 654 1230 jamne
664 1186 698 1218 sit
709 1208 717 1222 ,
737 1196 785 1217 aut
796 1197 872 1216 num
881 1189 943 1226 jam
955 1184 1012 1215 effe
1023 1183 1138 1215 desierit
1148 1204 1157 1217 ,
1179 1193 1228 1214 aut

263 1234 356 1263 illane
368 1234 431 1274 lege
442 1252 450 1267 ‚
471 1233 556 1262 hisne
565 1231 664 1261 verbis
675 1228 796 1260 sitaStio
807 1250 815 1262 ‚
835 1230 994 1269 quaeritui·:
1016 1237 1081 1268 qua:
1097 1228 1187 1257 etiam
1207 1224 1228 1255 si

264 1275 333 1305 ante
345 1295 354 1309 ‚
367 1278 457 1315 quam
468 1284 513 1304 res
528 1276 561 1304 in
573 1272 719 1310 iudicium
726 1272 822 1303 venit,
836 1281 885 1301 aut
894 1278 1059 1300 concertata
1068 1288 1076 1302 ,
1088 1277 1138 1298 aut
1147 1268 1227 1308 diju-

266 1316 372 1350 dicata,
388 1321 397 1336 ¹
410 1326 460 1346 aut
469 1314 607 1346 confe&a
619 1324 683 1344 non
694 1314 777 1344 sunt:
791 1322 891 1346 tamen
905 1314 938 1341 in
953 1309 1018 1351 ipsis
1030 1310 1154 1350 judiciis
1162 1319 1227 1350 per-

267 1369 413 1399 magnum
425 1359 499 1398 saepe
510 1358 621 1388 habent
630 1355 759 1396 pondus,
773 1353 846 1385 cum
856 1356 895 1384 ita
905 1354 1029 1384 dicitur:
1042 1350 1208 1394 Piuspetzsti
1215 1363 1227 1379 .-

265 1399 331 1432 sero
341 1399 441 1441 petisti
453 1410 458 1429 :
476 1409 540 1429 non
552 1398 610 1430 fuit
621 1408 668 1428 tua
677 1399 796 1438 petitio:
813 1400 827 1416 ²
839 1406 903 1426 non
912 1395 927 1425 a
937 1406 998 1428 me,
1012 1405 1075 1425 non
1087 1395 1226 1436 haclege,

266 1452 333 1473 non
343 1444 390 1472 his
402 1442 502 1473 verbis
512 1461 521 1474 ,
540 1451 603 1471 non
615 1439 806 1479 hocjudicio.
829 1441 964 1478 Qiarum
974 1438 1125 1468 causarum
1134 1445 1228 1477 genus

266 1483 310 1515 est
319 1483 449 1524 positum
461 1485 493 1514 in
503 1484 568 1522 jure
579 1482 680 1512 civili:
693 1481 776 1523 quod
787 1479 872 1510 estin
880 1481 1073 1520 privatarum,
1085 1489 1117 1509 ac
1127 1478 1229 1518 publi-

266 1536 370 1557 carum
379 1536 478 1556 rerum
489 1526 552 1566 lege
563 1544 572 1558 ,
583 1532 634 1554 aut
645 1533 728 1553 more
736 1520 882 1563 positum:
900 1522 946 1561 cuj
952 1532 984 1551 us
995 1522 1118 1552 scientia
1127 1521 1230 1562 negle-

268 1567 317 1598 ἃᾶ
333 1568 370 1598 ab
388 1567 555 1598 oratoribus
569 1565 733 1606 plerisque,
755 1564 845 1595 nobis
855 1563 890 1594 ad
902 1563 1064 1594 dicendum
1076 1562 1232 1592 necessaria

266 1609 398 1640 videtur.
431 1612 528 1650 Qare
539 1608 574 1639 de
584 1607 803 1638 constituendis
821 1605 990 1636 actionibus
1002 1625 1011 1638 ‚
1030 1604 1210 1645 accipiendis
1222 1623 1230 1637 ‚

267 1651 490 1692 subeundisque
505 1650 626 1691 judiciis
636 1670 644 1683 ,
667 1649 703 1679 de
721 1647 898 1688 excipienda
916 1649 1074 1688 iniquitate
1083 1646 1212 1676 actionis
1221 1665 1230 1680 ‚

267 1694 304 1724 de
314 1692 511 1734 comparandi
521 1694 656 1733 aequitate
667 1711 675 1725 ‚
688 1689 772 1731 quod
782 1701 813 1720 ea
824 1689 886 1720 fere
896 1691 1014 1730 generis
1024 1689 1088 1729 ejus
1098 1689 1177 1722 sunt,
1189 1697 1232 1721 ut,

267 1745 449 1778 quamquam
462 1737 494 1764 in
506 1735 604 1774 ipsum
612 1733 765 1773 judicium
782 1732 855 1772 saepe
867 1731 1044 1764 dilabantur,
1056 1739 1158 1760 tamen
1165 1731 1234 1760 ante

263 1778 418 1818 judicium
438 1776 588 1806 oneranda
605 1775 777 1808 videantur,
802 1774 960 1814 paululum
971 1783 1004 1803 ea
1020 1773 1120 1812 separo
1131 1772 1235 1812 ajudi-

268 1822 322 1851 ciis
334 1839 342 1854 ,
363 1828 497 1859 tempore
510 1820 604 1858 magis
615 1816 720 1858 agendi
734 1816 825 1857 quain
843 1813 1086 1845 diffimilitudine
1103 1816 1232 1856 generis.

269 1864 351 1892 Nam
363 1863 468 1891 omnia
480 1881 488 1893 ‚
499 1870 564 1902 quae
573 1859 683 1899 dejure
694 1859 797 1891 civili,
821 1866 871 1888 aut
884 1857 920 1887 de
930 1867 1015 1898 aequo
1025 1877 1034 1890 ‚
1052 1857 1084 1886 Sc
1095 1856 1177 1887 bono
1187 1856 1234 1886 di-

267 1905 436 1943 sceptantur
446 1923 454 1936 ,
465 1905 574 1933 cadunt
586 1903 618 1930 in
629 1911 695 1930 eam
706 1900 835 1930 formam
847 1919 856 1933 ‚
870 1901 903 1929 in
913 1909 970 1940 qua
979 1919 987 1932 ‚
1005 1899 1090 1940 quale
1099 1898 1172 1939 quid
1182 1897 1216 1928 sit
1224 1917 1233 1931 ,

269 1946 453 1985 ambigitur,
470 1943 506 1974 de
517 1954 574 1984 qua
583 1942 693 1973 disturi
705 1943 824 1972 sumus:
844 1951 910 1982 quae
923 1951 951 1969 m
960 1948 1092 1984 equitare
1103 1961 1111 1974 ,
1132 1940 1236 1980 &jure

206 1993 249 2025 29
271 1986 406 2017 maxime
426 1983 569 2016 consistit.
599 1987 637 2015 In
655 1984 800 2015 omnibus
819 1985 908 2025 igitur
918 1984 1010 2014 caulis
1021 1991 1077 2013 tres
1088 1983 1157 2013 sunt
1172 1992 1235 2023 gra-

270 2029 325 2059 dus
336 2049 345 2063 ,
365 2039 404 2058 ex
434 2027 522 2058 uibus
533 2037 611 2057 unus
623 2027 731 2067 aliquis
740 2025 901 2065 capiendus
918 2024 977 2058 cst,
1000 2023 1021 2054 si
1041 2025 1154 2064 plureis
1170 2034 1235 2054 non

269 2081 359 2112 queas
369 2091 377 2104 ,
393 2081 408 2100 a
444 2067 648 2099 resistendum.
673 2071 755 2098 Nam
765 2077 815 2098 aut
824 2069 864 2098 ita
872 2065 1100 2097 consistendum
1111 2066 1153 2096 est
1163 2086 1172 2100 ,
1184 2075 1234 2100 ut,

271 2113 353 2153 quod
367 2112 510 2151 objicitur
520 2109 650 2149 ,justum
661 2120 738 2150 neges
747 2120 759 2137 .·
773 2118 823 2139 aut
831 2108 918 2142 illud,
930 2108 1011 2149 quod
1020 2108 1135 2139 fastum
1147 2107 1237 2139 fatea—

271 2151 303 2185 re
313 2175 321 2188 ‚
333 2163 422 2195 neges
433 2163 499 2183 eam
509 2155 574 2182 vim
585 2152 710 2188 habere,
725 2159 813 2191 atque
824 2151 855 2180 id
866 2149 923 2180 efl'e
933 2171 942 2182 ,
964 2150 1046 2190 quod
1055 2150 1237 2180 adversarius

270 2198 461 2227 criminetur.
487 2203 556 2228 aut,
568 2192 589 2224 si
599 2203 697 2235 neque
707 2193 743 2224 de
753 2191 833 2222 msto
841 2211 850 2225 ,
869 2201 967 2232 neque
979 2191 1016 2221 de
1025 2191 1097 2221 faeti
1107 2191 1235 2231 appella·-

273 2241 358 2269 t'ione
368 2237 480 2277 ambigi
490 2235 597 2275 potest,
610 2235 652 2269 id,
663 2234 746 2280 quod
755 2233 885 2275 arguere,
901 2243 989 2274 neges
1003 2233 1059 2263 tale
1069 2231 1138 2267 effe,
1149 2233 1236 2273 quale

275 2281 326 2310 ille
338 2279 432 2309 dicat:
454 2276 612 2308 &reStum
630 2276 686 2306 efle
703 2276 786 2318 quod
803 2275 928 2308 feceris,
947 2274 1234 2307 concedendumve,
1256 2285 1258 2296 ¹

274 2322 294 2352 d
303 2320 429 2351 ffendas.
448 2322 491 2349 Ita
502 2322 619 2359 primus
630 2319 681 2348 ille
692 2318 792 2351 status,
804 2317 836 2348 ὃς
845 2315 925 2357 quasi
934 2315 1092 2346 conffleiio
1102 2326 1173 2345 cum
1185 2316 1237 2346 ad-

275 2336 404 2394 Jersario
413 2382 421 2396 ‚
430 2359 605 2401 conje&ura
614 2359 742 2401 quadarn
755 2370 760 2388 ;
779 2358 925 2390 secundus
934 2367 1036 2389 autern
1046 2356 1234 2391 definitione,

273 2414 362 2445 atque
379 2404 578 2443 descriptione
588 2423 597 2436 ‚
617 2410 668 2433 aut
677 2401 894 2432 informatione
905 2399 1006 2430 verbi:
1024 2401 1129 2431 tertius
1139 2401 1215 2440 aequi
1226 2419 1235 2432 ‚

276 2449 309 2478 ὃ(
319 2448 400 2480 veri,
419 2445 451 2475 &
461 2444 534 2475 reiffi
544 2465 553 2477 ‚
574 2445 607 2474 &
618 2445 744 2474 humani
755 2443 791 2473 ad
802 2441 1024 2484 ignoscendum
1034 2441 1235 2482 disputatione

277 2487 446 2520 traEtandus
462 2486 513 2517 est.
545 2489 583 2517 Et
593 2488 739 2527 quoniam
749 2486 865 2525 semper
874 2486 900 2515 is
910 2504 918 2518 ‚
938 2493 990 2525 qui
1002 2482 1137 2514 defendit
1147 2503 1155 2517 ‚
1170 2493 1250 2535 non⁴

274 2529 377 2562 solum
388 2527 496 2560 resistat
504 2537 639 2568 oportet,
651 2527 753 2569 aliquo
763 2526 835 2557 statu
844 2547 853 2561 ‚
865 2535 914 2556 aut
923 2524 1084 2556 infitiando
1094 2545 1102 2558 ‚
1125 2524 1242 2554 autde-·

276 2571 413 2602 finiendo
424 2591 432 2604 ,
448 2580 497 2601 aut
506 2572 641 2611 aequitate
650 2569 831 2610 opponenda
842 2579 847 2597 :
863 2568 911 2598 secl
923 2569 1013 2598 etiam
1024 2568 1160 2596 rationem
1164 2565 1234 2606 [λώ-

265 2615 358 2655 jiciat
373 2611 564 2643 recusationis
583 2612 655 2642 suae:
673 2613 791 2651 primus
805 2611 857 2641 ille
876 2609 965 2640 status
981 2611 1129 2640 rationem
1147 2608 1236 2638 habet

276 2657 374 2696 iniqui
385 2657 525 2685 criminis
534 2673 544 2688 ,
562 2654 655 2693 ipsam
665 2656 857 2695 negationem
871 2672 880 2686 ,
900 2650 1174 2692 infitiationemque
1192 2649 1236 2680 fa-

278 2699 320 2728 &i
332 2709 337 2726 2
348 2696 590 2736 secundus‚quod
601 2705 665 2725 non
676 2693 710 2725 sit
718 2706 750 2725 in
760 2695 885 2736 re2quod
895 2695 931 2724 ab
940 2693 1104 2723 adversario
1113 2693 1236 2732 ponitur

278 2750 310 2769 in
321 2739 413 2769 verbo
425 2749 430 2767 z
443 2739 546 2768 tertius
556 2757 563 2770 ‚
574 2736 696 2778 quodid
705 2736 785 2766 redte
797 2736 911 2767 faffikum
922 2734 979 2766 esse
990 2733 1138 2767 defendat,
1152 2733 1234 2774 quod

277 2780 338 2811 sine
351 2781 411 2810 ulla
420 2781 557 2810 nominis
564 2778 762 2809 controverfia
771 2778 885 2809 fastum
895 2777 1013 2808 fatetur.
1033 2776 1153 2806 Deinde
1165 2778 1234 2805 uni—

264 2833 384 2863 ‚cuique
402 2823 510 2851 rationi
521 2821 738 2860 opponendum
749 2819 791 2850 est
801 2841 810 2854 ‚
830 2820 866 2850 ab
875 2819 1041 2850 accusatore
1051 2818 1081 2848 id
1092 2837 1100 2852 ‚
1121 2817 1201 2858 quod
1213 2815 1234 2846 fi

277 2875 342 2894 non
353 2862 422 2895 ess‘et
432 2865 464 2895 in
473 2863 756 2896 accusatione‚caus.i
767 2863 898 2895 omnino
907 2860 965 2893 effi:
974 2869 1039 2894 non
1048 2857 1153 2900 posset.
1176 2862 1234 2891 Itass

278 2916 335 2947 que
347 2916 378 2935 ea
389 2925 397 2938 ,
411 2914 476 2945 quae
486 2903 523 2934 sic
531 2903 710 2938 referuntur,
721 2906 908 2934 continentia
915 2903 1067 2934 causarum
1079 2909 1234 2935 vocentur:

275 2957 458 2989 quamquam
468 2955 531 2975 non
540 2955 572 2975 ea
582 2948 675 2987 magis
687 2965 696 2979 ,
709 2956 775 2987 quae
782 2948 884 2976 contra
892 2947 1042 2979 rationem
1052 2941 1235 2974 defensionis

1258 137 1790 186 Cicnnonxs

1259 221 1424 254 afferuntur
1433 243 1442 256 ,
1453 221 1544 264 quam
1554 222 1622 263 ipsae
1632 221 1816 254 defensionis
1825 220 1955 253 rationes
1965 243 1974 257 ‚
1986 222 2145 254 continent
2154 230 2226 254 eau-

1261 266 1314 296 sas.
1337 264 1387 295 sed
1397 264 1600 307 distinguendi
1609 267 1701 306 gratia
1710 266 1849 295 rationem
1857 265 2041 306 appellamus
2051 275 2117 295 eam
2129 285 2137 299 ‚
2155 273 2223 306 qun
2243 295 2246 297 Α

1261 305 1382 337 affertur
1399 307 1415 337 a
1430 318 1482 338 reo
1498 307 1534 338 ad
1552 306 1748 337 recusandum
1761 327 1770 340 ‚
1789 306 1960 347 depellendi
1976 308 2114 339 criminis
2131 306 2225 337 causa:

1261 359 1327 390 quae
1338 347 1393 379 nifi
1402 347 1472 379 efl‘et
1482 369 1490 382 ‚
1502 348 1575 390 quid
1585 348 1757 379 defenderet
1767 369 1776 382 ‚
1789 358 1852 379 non
1867 348 1988 380 haberet
1999 348 2227 388 :firmamentum

1262 401 1363 422 autem
1375 410 1384 424 ‚
1403 391 1484 432 quod
1501 390 1604 421 contra
1619 390 1654 421 ad
1673 390 1910 421 labefactandam
1926 393 2075 421 rationem
2086 390 2222 423 refertur,

1264 431 1325 462 sine
1335 442 1397 473 quo
1407 433 1552 463 accusatio
1569 432 1640 462 stare
1653 442 1716 462 non
1725 431 1832 472 potest.
1858 434 1904 463 Ex
1912 434 2036 463 rationis
2047 442 2146 463 autem
2158 451 2167 465 ‚
2191 430 2225 462 δε
2245 434 2290 468 30

1264 485 1302 505 ex
1321 473 1506 504 firmamenti
1523 472 1722 504 confiiEtione
1733 493 1741 506 .
1769 472 1890 514 &quasi
1905 474 2051 504 concursu
2066 494 2075 508 ‚
2098 472 2227 515 quaestio

1264 518 1400 546 exoritur
1409 515 1545 557 quaedarn
1557 535 1565 549 ‚
1576 525 1668 556 quam
1678 515 1903 557 disceptationem
1912 525 1990 546 voco
2001 526 2007 545 :
2018 517 2052 546 in
2061 525 2119 556 qua
2129 535 2137 549 ,
2147 513 2223 555 quid

1264 558 1403 588 deveniat
1421 561 1454 587 in
1462 557 1613 597 judicium
1624 576 1632 590 ‚
1654 557 1687 586 &
1697 557 1732 586 de
1742 567 1803 597 quo
1819 557 1998 597 disceptetur
2007 577 2015 591 ‚
2036 557 2129 598 quaeri
2140 556 2226 587 solet.

1266 609 1337 629 nam
1352 601 1449 639 prima
1465 599 1702 630 adversariorum
1721 600 1877 629 contentio
1897 597 2034 630 diffusam
2045 598 2133 629 habet
2143 608 2226 639 quae-

1266 640 1397 671 stionem
1408 661 1416 674 ‚
1438 643 1516 671 utin
1530 639 1704 679 conjee‘tura
1714 659 1723 673 ,
1745 642 1884 682 Ceperitne
1893 643 2031 680 pecunias
2043 642 2166 671 Decius.
2189 642 2228 671 In

1266 681 1444 713 definitione
1456 702 1464 717 ‚
1483 683 1651 712 minuerirne
1661 681 1845 721 majestatem
1858 682 2031 713 Norbanus.
2055 685 2092 713 In
2103 683 2227 723 aequita-

1267 734 1295 755 te
1307 735 1312 754 :
1331 725 1438 764 Jurene
1456 725 1600 755 occiderit
1611 726 1752 764 Opimius
1763 725 1941 754 Gracchum.
1976 727 2049 755 Haec
2059 744 2067 759 ‚
2108 734 2153 755 uae
2163 733 2197 764 pr
2203 725 2228 755 'i-

1268 776 1352 796 mam
1368 769 1600 797 contentionem
1618 767 1730 797 habent
1745 776 1784 796 ex
1804 766 1958 807 arguendo
1967 787 1976 801 ,
1998 766 2031 797 ὃς
2055 735 2228 798 ῑεὲίὶεηᾱοε

1269 809 1325 838 lata
1334 827 1342 841 ,
1363 817 1396 837 ut
1413 808 1498 842 dixi,
1520 809 1553 839 &
1563 807 1687 838 confusa
1699 808 1774 838 sunt.
1798 810 1968 839 Rationum
1979 829 1988 842 ‚
2010 809 2042 839 &
2054 807 2230 838 firmamen-

1269 858 1300 880 to
1306 860 1372 879 rum
1382 852 1540 880 contentio
1550 849 1670 880 adducit
1679 851 1712 879 in
1721 849 1879 891 angustum
1889 850 2136 891 disceptationem
2143 859 2186 880 .ea
2195 851 2230 880 in

1269 891 1444 931 comestura
1453 891 1536 921 nulla
1544 890 1596 921 est.
1612 894 1716 921 NEMO
1731 894 1816 922 enim
1827 893 1901 932 ejus,
1912 892 1995 933 quod
2005 900 2091 934 negat
2100 891 2228 926 saecum,

1270 935 1420 963 rationem
1438 942 1487 963 aut
1495 932 1592 973 potest
1602 953 1611 967 ‚
1635 942 1685 963 aut
1693 933 1801 967 debet,
1821 942 1872 964 aut
1881 934 1957 964 solet
1972 933 2104 964 reddere.
2127 936 2231 975 Itaque

1271 976 1304 1004 in
1312 976 1358 1004 liis
1368 974 1458 1005 causis
1468 975 1572 1005 eadem
1585 975 1618 1005 ὃς
1628 977 1725 1015 prima
1733 974 1859 1016 quaestio
1867 996 1876 1010 ,
1897 976 1931 1006 δε
1940 976 2115 1016 disceptatio
2124 973 2167 1006 est
2176 984 2232 1005 ex-

1271 1025 1374 1047 trema.
1398 1019 1434 1047 In
1445 1017 1505 1047 illis
1514 1026 1613 1048 autern
1624 1037 1633 1051 ,
1644 1017 1696 1047 ubi
1705 1019 1744 1048 ita
1754 1016 1869 1048 dicitur
1877 1038 1885 1052 ‚
1904 1020 1970 1047 Non
1979 1018 2088 1048 minuit
2096 1015 2234 1057 majesta-

1273 1067 1335 1089 tem
1345 1078 1353 1092 ,
1372 1057 1454 1100 quod
1465 1061 1526 1100 egit
1536 1059 1572 1089 de
1582 1061 1724 1099 Caepione
1732 1059 1945 1090 turbulentius.
1956 1060 2061 1101 populi
2070 1061 2154 1090 enirn
2165 1061 2235 1090 Ro-

1274 1103 1357 1130 mani
1369 1102 1459 1131 dolor
1474 1100 1569 1142 justus
1579 1103 1644 1131 vim
1656 1101 1741 1131 illam
1757 1103 1897 1131 excitavit
1907 1121 1915 1136 ‚
1936 1112 1999 1132 non
2017 1101 2131 1132 tribuni
2141 1100 2232 1131 affro.

1276 1141 1417 1182 Majestas
1426 1151 1524 1173 autern
1537 1162 1546 1175 ,
1567 1144 1712 1183 quoniam
1728 1141 1771 1172 est
1780 1143 1958 1184 magnitudo
1976 1143 2112 1184 quaedam
2128 1142 2235 1183 populi

1275 1185 1412 1214 Romani
1421 1187 1455 1214 in
1465 1184 1529 1224 ejus
1539 1183 1680 1224 pete-state
1691 1204 1700 1217 ‚
1718 1194 1751 1214 ac
1757 1185 1824 1224 jure
1834 1185 1993 1215 retinendo
2003 1205 2011 1219 ‚
2030 1184 2117 1215 au&a
2125 1183 2168 1215 est
2176 1193 2234 1224 po-

1274 1227 1333 1256 tius
1345 1246 1353 1260 ‚
1373 1226 1464 1267 quam
1473 1226 1625 1256 diminuta
1638 1236 1643 1254 :
1662 1226 1695 1256 &
1705 1225 1756 1255 ubi
1767 1228 1805 1256 ita
1814 1225 1939 1256 refertur
1948 1246 1957 1260 ‚
1976 1225 2111 1266 Majestas
2120 1225 2162 1256 est
2170 1228 2232 1256 im·

1274 1269 1350 1308 perii
1363 1287 1372 1301 ,
1390 1277 1476 1308 atque
1488 1269 1520 1298 in
1530 1270 1618 1298 omni
1629 1267 1734 1307 populi
1743 1270 1879 1300 Romani
1888 1268 2032 1310 dignitate
2042 1289 2051 1303 ‚
2070 1277 2162 1309 quam
2171 1268 2241 1301 mi-v

1274 1312 1343 1340 nuit
1351 1312 1376 1339 is
1385 1329 1394 1342 2
1418 1312 1470 1350 qui
1480 1319 1532 1349 per
1542 1313 1607 1340 vim
1617 1309 1824 1340 multitudinis
1833 1320 1898 1340 rem
1904 1311 1940 1341 ad
1950 1311 2130 1341 seditionem
2141 1319 2233 1341 vom-

1276 1354 1335 1382 vit:
1359 1349 1530 1382 exsistitilla
1541 1351 1715 1392 disceptatio
1729 1372 1738 1386 ‚
1758 1353 1946 1382 Minueritne
1956 1351 2138 1393 majestatem
2150 1372 2159 1385 ‚
2179 1352 2237 1392 qu'i

1274 1394 1426 1424 voluntate
1446 1393 1551 1433 populi
1561 1395 1696 1424 Romani
1711 1403 1775 1424 rem
1784 1402 1896 1435 gratam
1908 1415 1916 1427 ,
1936 1394 1970 1424 ὃς
1979 1404 2095 1435 aequam
2103 1403 2156 1434 per
2163 1395 2233 1423 vim

1274 1438 1371 1477 egerit.
1400 1438 1436 1465 In
1448 1437 1494 1465 his
1504 1445 1603 1466 autem
1613 1433 1702 1466 causis
1714 1455 1722 1469 ,
1742 1436 1794 1465 ubi
1810 1436 1923 1477 aliquid
1939 1435 2018 1466 reete
2028 1435 2141 1467 fastum
2154 1456 2163 1469 ,
2182 1442 2235 1466 aut

1274 1476 1504 1507 concedendum
1516 1498 1524 1510 ,
1546 1476 1604 1507 effe
1615 1476 1729 1507 fidium
1739 1476 1926 1512 defenditur,
1942 1476 2015 1509 cum
2033 1477 2076 1508 est
2084 1476 2156 1508 faffi
2166 1476 2237 1508 sub-

1272 1519 1351 1559 je&a
1361 1522 1436 1549 ratio
1444 1539 1453 1553 ‚
1467 1517 1540 1549 sicut
1547 1519 1583 1549 ab
1594 1521 1718 1559 Opimio
1729 1539 1737 1553 ,
1755 1519 1891 1559 Jurefeci
1901 1539 1909 1554 ‚
1921 1520 2022 1550 salutis
2031 1522 2186 1554 omnium,
2198 1518 2234 1549 &

1276 1561 1486 1591 conservandae
1501 1561 1627 1601 reipubl.
1646 1560 1747 1592 causa:
1759 1561 1946 1602 relatumque
1955 1561 1997 1591 est
2005 1561 2042 1592 ab
2051 1563 2150 1592 Decio
2160 1581 2170 1595 ‚
2190 1563 2238 1591 Ne

1272 1602 1514 1643 fiez'eranffimum
1523 1601 1647 1643 quidem
1665 1604 1764 1632 civem
1773 1601 1835 1633 fine
1849 1603 1967 1643 judicio
1974 1604 2040 1643 jure
2050 1603 2116 1634 ullo
2133 1612 2241 1634 necare

1278 1644 1421 1685 potuisti:
1442 1646 1538 1674 oritur
1553 1644 1604 1674 illa
1614 1644 1806 1683 disceptatio,
1829 1646 2001 1679 Potueritne
2018 1644 2098 1677 reste
2109 1664 2118 1679 ‚
2137 1645 2242 1676 salutis

1279 1687 1451 1727 reipublicae
1460 1687 1542 1716 causa
1558 1706 1568 1720 ,
1586 1688 1685 1717 civem
1695 1706 1703 1720 ‚
1722 1687 1892 1716 eversorem
1910 1688 2037 1722 civitatis
2046 1707 2056 1724 ,
2078 1686 2241 1720 indemna-

1280 1738 1344 1759 tum
1356 1739 1469 1759 necare.
1492 1731 1536 1758 Ita
1545 1728 1774 1768 disceptationes
1783 1738 1825 1758 eae
1836 1748 1844 1762 ,
1854 1739 1920 1770 quae
1929 1731 1962 1759 in
1973 1729 2018 1758 his
2024 1727 2238 1761 .eontroverfiis

1280 1773 1418 1801 oriuntur
1429 1790 1438 1804 ‚
1457 1780 1522 1811 quae
1533 1770 1603 1800 sunt
1609 1772 1696 1800 certis
1704 1771 1840 1811 personis
1851 1791 1861 1804 ,
1879 1771 1912 1801 &
1921 1771 2108 1812 temporibus
2116 1778 2239 1805 notam,

1280 1812 1357 1843 fiunt
1366 1813 1464 1842 rursus
1473 1810 1602 1842 infinitae
1613 1832 1621 1846 ,
1634 1811 1830 1853 detraffisque
1840 1813 2038 1853 temporibus,
2050 1813 2083 1843 &
2090 1813 2240 1853 perseum

1279 1855 1396 1885 rursum
1412 1854 1447 1884 ad
1457 1853 1684 1885 consultationis
1692 1853 1824 1884 formam
1833 1856 2040 1895 rationemque
2049 1862 2237 1886 revocantur.

1278 1897 1335 1928 Sed
1353 1899 1387 1927 in
1402 1894 1577 1937 gravissimis
1596 1894 1814 1930 firmamentis,
1833 1897 1924 1926 etiam
1940 1896 1992 1927 illa
2006 1895 2146 1937 ponenda
2156 1896 2235 1931 sunt,
2256 1893 2302 1938 31⁸

1280 1938 1360 1980 siqua
1376 1948 1414 1969 ex
1423 1939 1531 1978 scripto
1539 1938 1612 1980 legis
1626 1958 1634 1971 ,
1654 1948 1703 1968 aut
1712 1937 1880 1969 testamenti
1890 1957 1900 1972 ‚
1917 1947 1967 1968 aut
1975 1938 2138 1969 verborum
2148 1935 2240 1978 ipsius
2298 1936 2302 1940 ’

1277 1981 1383 2022 judicii
1390 2001 1399 2014 ,
1409 1989 1459 2011 aut
1468 1980 1554 2019 alicuj
1559 1990 1591 2010 us
1602 1979 1816 2020 stipulationis,
1828 1988 1878 2010 aut
1885 1981 2034 2011 cautionis
2044 1987 2241 2021 opponuntur

1280 2021 1447 2053 defensioni
1458 2023 1613 2052 contraria.
1640 2025 1683 2052 Ac
1692 2031 1730 2051 ne
1740 2023 1798 2052 hoc
1808 2021 1932 2063 quidem
1942 2032 2037 2062 genus
2045 2023 2078 2052 in
2086 2031 2133 2052 eas
2142 2021 2241 2052 causas

1280 2067 1424 2098 incurrit,
1443 2074 1509 2105 quae
1519 2062 1689 2103 conjectura
1705 2065 1910 2094 continentur.
1927 2063 2009 2104 quod
2027 2065 2113 2093 enim
2122 2062 2240 2094 fafitum

1281 2117 1421 2147 negatur,
1441 2106 1472 2135 id
1481 2108 1561 2146 argui
1570 2115 1636 2135 non
1651 2104 1748 2145 potest
1764 2105 1880 2144 scripto.
1912 2106 2004 2134 Nein
2025 2103 2241 2137 definitionem

1280 2148 1405 2190 quidem
1431 2151 1442 2175 3
1455 2150 1540 2177 venit
1548 2166 1556 2180 ‚
1576 2156 1683 2187 genere
1702 2146 1801 2187 scripti
1818 2144 1916 2187 ipsius.
1939 2148 2022 2176 Nam
2040 2149 2132 2177 etiam
2144 2145 2165 2176 fi
2173 2155 2244 2177 ver·

1282 2192 1355 2221 bum
1366 2188 1489 2229 aliquod
1499 2189 1535 2218 de
1544 2189 1653 2227 scripto
1663 2185 1873 2218 definiendum
1883 2186 1936 2221 est,
1946 2198 2037 2230 quam
2047 2190 2112 2218 vim
2121 2188 2236 2219 habeat:

1281 2240 1332 2265 ut,
1342 2230 1414 2261 cum
1427 2241 1464 2260 ex
1475 2229 1659 2260 testamentis
1668 2229 1740 2270 quid
1750 2228 1873 2271 sitpenus
1881 2250 1889 2264 ,
1904 2228 2034 2261 anteum
2045 2230 2156 2271 exlege
2164 2239 2243 2270 pra:-

1282 2274 1325 2304 dii
1335 2274 1496 2314 qum-itur,
1518 2281 1585 2312 quae
1598 2271 1666 2301 sunt
1683 2271 1821 2310 rutai-aefiz
1837 2282 1850 2300 .·
1872 2271 2045 2312 nonscripti
2053 2281 2167 2313 genus,
2190 2271 2242 2303 sed
2259 2298 2266 2302 .
2290 2298 2299 2304 .
2341 2252 2344 2267 ’1

1280 2315 1363 2346 verbi
1381 2315 1583 2354 interpretatio
1596 2312 1829 2343 controversiam
1839 2315 1925 2353 parit.
1949 2312 2029 2344 Cum
2038 2322 2140 2344 autem
2156 2313 2243 2354 plura
2291 2312 2299 2319 ⁹

1283 2354 1485 2398 significantur
1495 2355 1614 2394 scripto,
1625 2364 1744 2394 propter
1753 2355 1849 2388 verbi,
1860 2364 1910 2386 aut
1918 2355 2079 2386 verborum
2089 2354 2244 2396 ambigui-

1282 2407 1373 2429 tatem
1383 2417 1391 2431 ,
1402 2406 1434 2426 ut
1443 2397 1529 2427 liceat
1538 2407 1566 2426 ei
1574 2416 1583 2430 ‚
1598 2398 1650 2437 qui
1660 2395 1762 2427 contra
1771 2396 1866 2430 dicat,
1878 2396 1916 2427 εὸ
1927 2397 2038 2427 trahere
2048 2395 2242 2438 significatio-

1283 2451 1355 2470 nem
1366 2439 1483 2479 scripti,
1506 2437 1568 2479 quo
1578 2437 1717 2478 expediat
1726 2458 1734 2472 ‚
1755 2447 1805 2468 aut
1812 2439 1904 2469 velit:
1922 2446 1973 2469 aut
1982 2459 1992 2473 ,
2011 2440 2101 2469 etiam
2112 2437 2133 2468 fi
2142 2438 2242 2469 ambi-
2273 2451 2276 2453 Α

1282 2484 1339 2524 gue
1350 2481 1491 2521 scriptum
1502 2490 1566 2510 non
1576 2478 1621 2514 fit,
1630 2480 1678 2510 vel
1688 2480 1703 2510 a
1714 2480 1812 2510 verbis
1821 2480 2010 2511 voluntatem
2021 2480 2240 2519 &sententiam¹

1281 2526 1430 2563 scriptoris
1438 2521 1581 2553 abducere
1590 2542 1598 2555 ,
1609 2522 1657 2552 vel
1666 2522 1726 2552 alio
1737 2521 1882 2556 se,eadem
1892 2522 1928 2553 de
1940 2532 1970 2552 re
1977 2521 2123 2553 contrarie
2132 2522 2244 2563 scripto

1283 2565 1442 2596 defendere
1463 2574 1468 2592 1
1493 2573 1556 2596 turn
1568 2564 1738 2604 disceptatio
1748 2574 1787 2594 ex
1796 2564 1895 2604 scripti
1904 2565 2101 2594 contentione
2118 2563 2242 2598 exsistit,

1283 2617 1315 2638 ut
1326 2609 1358 2637 in
1368 2606 1518 2645 ambiguis
1534 2606 1730 2646 disceptetur,
1749 2605 1822 2647 quid
1833 2605 1969 2636 maxime
1980 2603 2161 2648 significetui·
2178 2616 2185 2635 :
2206 2607 2242 2636 in

1285 2650 1402 2689 scripti,
1418 2648 1630 2688 sententiaeque
1640 2651 1838 2678 contentione
1853 2667 1862 2682 ,
1881 2657 1983 2678 utrum
1992 2646 2094 2687 potius
2104 2647 2242 2691 sequatur

1280 2691 1376 2732 judex
1397 2701 1403 2719 2
1423 2692 1454 2719 in
1464 2692 1619 2720 contrariis
1629 2690 1744 2730 scriptis
1755 2710 1763 2723 ,
1780 2698 1884 2719 utrum
1896 2691 1990 2730 magis
1999 2687 2034 2719 fit
2042 2688 2244 2729 comproban-

1287 2733 1371 2763 dum.
1395 2732 1579 2771 Disceptatio
1589 2740 1689 2761 autem
1699 2729 1771 2761 cum
1781 2731 1824 2762 est
1835 2731 1997 2762 constituta
2006 2750 2015 2765 ‚
2029 2729 2175 2771 propofita
2184 2728 2245 2763 efl‘e
2271 2737 2276 2742 ’

1285 2775 1373 2805 debet
1387 2782 1495 2804 oratori
1506 2793 1516 2806 ‚
1534 2772 1596 2815 quo
1607 2783 1716 2803 omnes
1725 2775 1999 2814 argumentationes
2008 2775 2138 2813 repetitae
2148 2782 2186 2803 ex
2195 2773 2245 2802 in-

1284 2815 1445 2848 veniendis
1460 2815 1533 2849 locis
1542 2816 1750 2854 conjiciantur.
1774 2814 1865 2856 Qod
1873 2824 2057 2855 quamquam
2068 2814 2133 2845 satis
2151 2812 2194 2844 est
2204 2814 2243 2847 ei.

1286 2860 1337 2899 qui
1349 2857 1431 2888 videt
1441 2876 1449 2890 ,
1468 2856 1540 2898 quid
1550 2858 1582 2886 in
1592 2866 1713 2898 quoque
1730 2856 1799 2888 loco
1808 2858 1895 2889 lateat
1904 2876 1914 2890 ,
1938 2865 2049 2899 quique
2059 2856 2131 2886 illos
2148 2856 2243 2889 locos,

1288 2909 1439 2940 tamquam
1451 2898 1589 2937 thesauros
1599 2898 1715 2938 aliquos
1727 2906 1974 2939 argumentorum
1984 2916 1993 2930 ,
2016 2906 2134 2928 notatos
2144 2896 2242 2929 habet:

1287 2951 1388 2972 tamen
1398 2951 1432 2971 ea
1442 2960 1450 2974 ‚
1459 2950 1524 2981 quae
1532 2940 1601 2970 sunt
1609 2943 1756 2970 certarum
1766 2939 1918 2969 causarum
1927 2940 2056 2979 propria,
2068 2948 2237 2980 tangemus.

2202 2982 2241 3011 In

320 3078 341 3094 ι.
360 3073 424 3097 ’,Δια
434 3069 535 3101 causella
543 3066 679 3100 nonfiaem]
702 3066 818 3092 Exclusit
837 3076 881 3091 non
899 3064 1044 3091 Lambinus
1064 3062 1136 3090 suasu
1148 3064 1239 3089 Hoto-

277 3105 513 3139 manii'i‚negatque
523 3104 624 3130 exstare
635 3103 660 3129 iii
672 3101 746 3128 libris
756 3101 868 3138 scriptis.
887 3109 915 3128 at
925 3101 1010 3137 reperi
1020 3101 1046 3127 in
1059 3100 1123 3127 meis
1135 3110 1140 3126 :
1153 3107 1239 3135 neque

277 3141 329 3169 stio
339 3150 371 3167 an
381 3138 504 3166 accedere
514 3138 623 3166 debeam
635 3137 779 3166 rationibus
792 3138 969 3163 uotoni-anni.

316 3186 345 3205 a..
365 3179 416 3203 Non
425 3175 441 3203 ὰ
450 3185 487 3202 me
493 3195 503 3210 ‚
516 3185 559 3202 nor,
569 3179 614 3204 isac
622 3175 694 3210 lega]
714 3172 862 3204 Lambinus
872 3172 946 3201 addit
957 3172 1040 3202 trium
1050 3171 1109 3200 mss'.
1119 3170 1239 3212 :tufi-ori·

1288 3067 1343 3087 tate
1353 3079 1361 3092 ,
1374 3069 1407 3084 me
1412 3067 1490 3092 petere
1498 3059 1596 3089 debuisti
1605 3078 1613 3090 ‚
1623 3068 1668 3085 non
1677 3060 1721 3084 hac
1729 3060 1783 3092 lege.
1802 3064 1831 3083 at
1839 3057 1905 3083 nihil
1916 3055 2048 3090 adjefimm
2060 3056 2146 3083 Palat.

1323 3105 1336 3132 3
1346 3117 1351 3122 .
1371 3099 1449 3126 Venit,
1458 3097 1633 3128 ἔτῃσι-[ἑνήρη
1640 3095 1736 3129 tysim]
1743 3092 1899 3121 Mendosum
1909 3092 1978 3121 istud
1987 3092 2076 3124 ass'el'it
2086 3091 2242 3125 Lambinus,

1263 3128 1266 3158 Ι
1286 3130 1621 3168 subitituitqiiegcnu-551izd
1632 3138 1728 3168 praeter
1734 3130 1794 3160 mss.
1804 3130 1917 3158 nosti-os.

2130 3168 2239 3234 ..μμ
