2316 3395
631 111 699 159 M.
769 108 1129 158 TULL11

216 115 302 176 15⁵8

1210 108 1740 158 CrcERonts

211 181 316 217 lentin
328 184 585 218 officilstrae‘tiie,
606 193 668 213 non
680 182 749 212 cum
763 180 798 211 de
810 179 893 210 16ἃο
912 179 976 226 ipso
997 178 1166 218 disputant,
1195 189 1199 224 1
1217 178 1290 210 vero
1309 180 1528 212 medicamenta
1543 181 1698 215 candoris,
1717 178 1894 214 &rubor-is,
1915 178 2177 222 omniarepellenss

211 222 296 260 (nam
309 230 339 260 id
349 229 471 270 quidem
484 237 580 257 unum
593 225 646 264 cst)
658 224 844 266 grammatici
856 224 887 251 in
897 223 994 261 po'etis
1004 241 1012 254 ‚
1028 220 1175 261 eloquen-

212 278 256 301 tes
269 274 301 301 in
311 273 399 302 omni
412 271 444 301 ὃς
453 279 560 311 genere
569 289 576 301 ‚
596 268 628 297 ἅ
638 275 717 306 parte
727 265 889 295 causarum.
951 262 1020 292 uam
1030 264 1114 292 enim
1126 263 1173 291 in-

216 313 360 344 decorum
372 312 414 344 est
425 333 432 346 ,
446 313 482 342 de
494 309 653 341 stillicidiis
664 306 734 337 cum
746 306 822 346 apud
834 304 1074 345 uriumjudicem
1084 303 1173 337 dicas,

215 354 405 395 amplissimis
416 354 512 384 verbis
523 373 531 386 ‚
543 353 574 382 &
587 351 661 380 locis
671 347 941 379 uticommunibus
953 357 958 376 :
977 346 1013 377 de
1025 345 1176 385 majestate

150 407 195 431 22
216 397 321 437 populi
331 400 426 428 Rom.
438 391 592 425 summiste
604 412 612 425 ‚
626 392 658 421 &
669 391 837 421 subtiliter?
860 388 919 419 Hic
927 399 1034 430 genere
1048 396 1128 418 toto:
1150 396 1178 417 at

216 440 342 479 persona
350 439 400 469 3111
410 445 533 477 peccant
544 455 551 468 ,
562 443 610 464 aut
620 434 678 467 sua,
689 431 881 473 autjudicum
894 452 901 465 ‚
915 440 965 461 aut
973 432 1064 461 etiam
1073 429 1178 460 adver-

219 481 380 511 sariorum:
401 489 454 509 nec
465 489 494 508 re
506 476 605 507 solum
617 496 625 510 ‚
646 474 695 505 sed
706 475 779 514 saepe
790 474 894 504 verbo.
919 471 970 503 etsi
982 473 1039 515 fine
1057 482 1084 501 re
1102 472 1179 500 nulla
1196 472 1197 491 ³

218 533 260 551 vis
272 521 351 551 verbi
360 520 403 550 ef}
416 543 422 554 ,
435 530 536 550 tamen
548 518 652 548 eadem
664 527 707 546 res
719 517 790 556 saepe
801 525 849 546 aut
859 515 1008 556 probatur,
1021 523 1070 545 aut
1079 514 1180 553 rejici-

219 573 284 597 tur,
306 564 366 594 alio
377 583 384 597 ‚
406 572 490 603 atque
501 562 560 591 alio
571 560 644 590 elata
653 558 756 589 verbo.
780 560 812 588 in
823 557 1024 598 omnibusque
1036 556 1122 586 rebus
1132 557 1180 585 vi-

221 605 357 636 dendum
377 604 419 634 est
430 625 438 638 ‚
459 612 616 645 quatenus.
639 600 691 631 etsi
703 603 786 630 enim
798 600 865 630 suus
876 601 983 640 cuique
994 598 1104 628 modus
1115 596 1157 627 est
1168 617 1177 630 ‚

221 656 323 678 tzimeii
335 648 430 688 magis
440 644 569 676 offendit
579 644 702 673 nimium
713 664 720 676 ,
739 642 948 684 quamparum.
972 643 1009 671 In
1018 650 1079 681 quo
1089 639 1182 680 Apel-

220 690 263 719 les
273 688 404 729 piStores
413 698 532 728 quoque
542 696 594 717 eos
602 695 720 726 peccare
732 684 848 714 dicebat
858 704 866 718 ‚
881 685 933 724 qui
943 693 1007 713 non
1016 683 1160 713 sentirent
1173 701 1181 715 ‚

220 731 293 771 quid
304 730 375 761 esset
386 731 460 761 stitis.
485 732 613 768 Magnus
624 725 696 757 esset
707 727 790 756 locus
803 727 863 758 hic,
876 728 975 758 Brute,
987 724 1069 765 quod
1079 733 1106 753 16
1117 733 1182 753 11011

220 774 311 814 fugit,
325 774 357 803 &
368 782 513 813 magnum
521 771 669 801 volumen
677 768 758 799 aliud
768 766 917 798 desiderat.
938 767 986 797 sed
999 766 1033 796 ad
1046 766 1088 798 id,
1100 765 1182 806 quod

221 818 316 856 agitur
325 835 333 849 ‚
355 815 431 845 illud
444 812 527 844 satis:
551 812 623 842 cum
634 812 691 841 hoc
702 810 805 840 decere
817 830 824 843 ,
845 808 925 850 quod
938 809 1054 848 semper
1064 808 1184 846 usurpa·
1199 830 1201 834 .

225 867 295 887 mus
315 859 348 887 in
365 856 511 888 omnibus
529 853 617 884 dietis
628 853 660 883 &
670 852 755 882 saetis
766 872 774 885 ‚
796 852 936 881 minimis
949 871 956 883 ,
970 850 1009 883 V&
1020 851 1163 880 maximis
1177 859 1182 876 2

223 898 296 929 cum
307 900 364 929 hoc
376 919 385 933 ‚
405 901 530 939 inquam
542 918 551 930 ,
568 895 670 926 decere
679 894 810 924 dicimus
819 913 826 926 ‚
847 892 923 922 illud
934 902 999 922 non
1008 891 1111 921 decere
1120 911 1128 924 ‚
1151 889 1184 919 δε

224 941 255 971 id
269 942 486 982 usquequaque,
498 947 644 979 quantum
656 935 699 969 sit,
711 944 859 976 appareat:
872 936 906 964 in
917 934 1034 975 alioque
1045 941 1182 973 ponatur,

224 983 366 1024 aliudque
376 992 475 1013 totum
486 979 519 1010 sit
530 1001 537 1014 ,
551 978 653 1009 utrum
664 978 766 1008 decere
778 997 786 1010 ‚
798 987 835 1007 an
846 985 982 1016 oportere
993 975 1085 1005 dicas:
1107 983 1184 1016 opor-

225 1032 280 1054 tere
297 1027 382 1055 enirn
395 1048 403 1059 ‚
423 1022 643 1064 perfeEtionem
664 1020 790 1050 declarat
806 1017 919 1051 officii,
940 1028 1001 1059 quo
1021 1018 1055 1047 &
1073 1017 1187 1056 semper

226 1067 375 1097 utendum
387 1065 429 1096 est
438 1087 446 1100 ,
467 1066 499 1095 &
509 1063 652 1094 omnibus
665 1073 670 1091 ;
687 1061 775 1090 decere
785 1081 793 1094 ‚
815 1059 893 1102 quasi
903 1070 1005 1100 aptum
1016 1057 1074 1089 ess'e
1086 1079 1094 1092 ,
1113 1068 1187 1088 con-

224 1109 461 1149 sentaneumque
471 1105 650 1145 tempori‚&
660 1104 792 1144 personat
804 1102 901 1144 :quod
912 1100 984 1132 cum
995 1102 1028 1130 in
1036 1099 1123 1131 136115
1137 1100 1186 1129 sae-
1204 1105 1205 1115 ¹

225 1150 343 1192 piffime
357 1171 365 1185 ,
377 1159 442 1180 tum
454 1152 486 1178 in
498 1147 584 1178 disiis
593 1147 672 1176 valet
681 1166 689 1179 ‚
703 1147 735 1175 in
746 1145 833 1175 vultu
844 1144 914 1174 deni
937 1154 973 1173 ue
983 1163 991 1177 ‚
1005 1142 1037 1173 &
1046 1141 1141 1184 gestu,
1155 1141 1187 1171 &

227 1192 358 1222 incessu:
377 1200 539 1231 contraque
550 1191 624 1219 item
636 1187 786 1218 dedecere.
820 1186 910 1228 Qod
933 1187 1040 1225 ipoe'ta
1048 1184 1124 1225 fugit
1135 1204 1143 1217 ,
1156 1192 1188 1213 ut
1204 1192 1206 1200 ‘

227 1236 401 1265 maximum
413 1234 525 1263 vitium
537 1252 545 1264 ‚
561 1232 614 1271 qui
623 1238 721 1269 peccat
730 1230 820 1259 etiam
830 1248 838 1261 ‚
860 1226 932 1258 cum
941 1227 1067 1267 probam
1078 1228 1187 1255 oratio-
1204 1234 1206 1240 ¹

227 1286 302 1306 nem
311 1274 427 1317 affingit
438 1273 595 1314 improbo,
612 1272 740 1302 stultove
752 1291 760 1303 ,
781 1271 936 1310 sapientis:
957 1267 976 1298 si
995 1268 1124 1309 denique
1142 1269 1188 1307 pi-

229 1317 295 1348 &or
306 1318 356 1348 ille
368 1317 456 1351 vidit,
468 1316 539 1346 cum
551 1312 738 1344 immolanda
747 1313 900 1353 Iphigenia
913 1309 1002 1341 tristis
1013 1311 1132 1340 Chalcas
1144 1309 1188 1339 es-
1205 1313 1207 1330 ἓ

228 1361 272 1391 set
282 1380 290 1394 ‚
310 1358 446 1390 moestior
456 1356 575 1398 Ulyfl'es
585 1377 593 1390 ‚
616 1363 754 1385 mcereret
764 1354 921 1384 Menelaus
932 1373 940 1386 ‚
958 1351 1188 1382 obvolvendum
1205 1364 1206 1375 2

227 1411 316 1442 caput
325 1401 564 1443 Agamemnonis
575 1396 632 1428 effe
642 1417 650 1431 ‚
664 1398 807 1438 quoniam
814 1396 961 1435 summum
969 1395 1058 1424 illum
1069 1392 1189 1423 1116111111

228 1445 375 1485 penicillo
385 1453 449 1473 non
460 1440 555 1482 poffet
568 1442 697 1470 imitari:
719 1437 740 1468 si
757 1438 887 1479 denique
903 1436 1009 1467 histrio
1020 1457 1028 1470 ‚
1047 1435 1120 1476 quid
1137 1435 1188 1464 de-

229 1495 293 1517 ceat
303 1506 310 1520 ,
323 1487 442 1527 quaerit:

230 1530 289 1559 hoc
299 1549 307 1562 ‚
328 1536 443 1557 tantum

230 1569 318 1601 faciat
329 1590 337 1603 ‚
358 1577 456 1599 orator
473 1567 590 1598 viderit.
622 1564 700 1595 Illud
711 1563 835 1605 quidem
845 1563 1034 1603 perspicuum
1045 1561 1087 1592 est
1098 1582 1106 1595 ,
1126 1571 1190 1590 non

233 1611 330 1642 modo
341 1611 447 1652 parteis
457 1610 612 1641 orationis,
624 1607 672 1637 sed
682 1609 774 1636 etiam
783 1606 880 1636 causas
892 1614 976 1638 10135,
986 1605 1056 1634 alias
1065 1604 1121 1634 alia
1128 1602 1190 1632 for—

167 1670 209 1703 23
235 1665 285 1685 ma
294 1653 415 1684 dicendi
426 1650 485 1682 effe
494 1649 668 1681 tractandas.
691 1649 848 1689 Sequitur,
867 1655 899 1677 ut
916 1646 1056 1687 cujusque
1075 1646 1191 1687 generis

236 1705 306 1727 nota
315 1703 459 1736 quaeratur
469 1715 477 1727 ‚
490 1692 664 1723 &formula
675 1702 680 1719 :
697 1700 843 1730 magnum
853 1698 946 1729 opus,
959 1688 992 1718 &
1002 1688 1127 1718 arduum
1140 1707 1148 1721 ‚
1160 1696 1192 1716 ut

235 1739 379 1779 saepejam
390 1736 526 1766 diximus
540 1746 545 1764 2
562 1733 610 1764 scd
630 1736 924 1763 INGREmENTissus
943 1729 1192 1760 considerandum

235 1780 294 1811 fuit
304 1801 312 1814 ‚
324 1779 397 1820 quid
408 1787 579 1819 ageremus:
598 1786 681 1805 nunc
690 1774 814 1815 quidem
822 1774 885 1814 jam
895 1793 902 1806 ‚
914 1782 1107 1813 quocumque
1117 1771 1193 1801 fere-

236 1833 307 1853 mur
317 1842 324 1855 ,
337 1820 433 1851 danda
441 1821 590 1849 nimirum
601 1818 668 1847 vela
678 1817 756 1846 sunt.
782 1818 824 1846 Ac
834 1814 970 1855 primum
982 1813 1192 1844 informandus

232 1864 279 1895 est
291 1865 342 1894 ille
353 1863 453 1895 nobis,
466 1871 557 1902 quem
568 1860 667 1889 solum
678 1858 801 1899 quidam
811 1866 918 1887 vocant
926 1857 1081 1885 uitricum.
1103 1859 1193 1886 Sum-

236 1905 343 1937 mifl'us
352 1905 405 1938 est,
416 1905 449 1934 &
460 1903 596 1935 humilis,
606 1900 856 1931 consuetudinem
867 1901 1000 1932 1111113115,
1019 1899 1056 1928 ab
1066 1898 1194 1928 indiser-

237 1951 274 1979 tis
287 1959 315 1978 re
325 1947 392 1988 plus
403 1967 411 1980 ,
422 1945 514 1987 quarn
524 1946 669 1984 opinione
679 1963 687 1976 ‚
709 1940 859 1972 differens.
891 1944 991 1981 Itaque
1002 1951 1071 1970 eum
1082 1942 1134 1981 qui
1144 1950 1196 1969 au-

238 1991 328 2021 diunt
337 2009 345 2023 ,
367 1989 503 2030 quamvis
513 1985 565 2026 ipsi
576 1985 707 2015 infantes
717 1982 789 2017 sint,
807 1992 908 2013 tamen
919 1984 973 2012 illo
993 1982 1087 2012 modo
1098 1979 1195 2011 confi-

239 2033 318 2063 dunt
328 2032 355 2062 se
365 2028 448 2072 poffe
456 2029 563 2059 dicere.
580 2038 650 2057 nam
662 2028 806 2056 orationis
816 2025 972 2058 subtilitas,
980 2024 1135 2054 imitabilis
1146 2023 1198 2054 illa

238 2073 365 2116 quidem
382 2071 502 2103 videtur
520 2069 577 2100 effe
596 2068 800 2101 existimanti,
824 2066 873 2097 sed
890 2065 1020 2096 nihilest
1029 2067 1195 2106 experienti

242 2118 356 2146 minus.
375 2112 435 2145 Etsi
446 2114 531 2142 enim
541 2121 605 2142 non
614 2111 738 2151 plurimi
750 2110 900 2150 sanguinis
909 2108 951 2138 est
960 2128 968 2141 ‚
980 2109 1085 2138 habeat
1094 2116 1196 2138 tamen

240 2159 365 2189 succum
374 2157 507 2196 aliquem
516 2161 652 2193 oportet,
667 2160 715 2184 111,
727 2153 816 2180 etiam
828 2149 919 2179 1111115
929 2151 1073 2179 maximis
1082 2149 1197 2179 viribus

241 2207 354 2232 careat,
367 2196 399 2227 sit
409 2198 455 2236 (ut
463 2198 503 2226 ita
512 2195 621 2234 dicam)
632 2196 744 2234 integra
752 2191 927 2222 valitudine.
959 2190 1095 2220 Primum
1108 2192 1199 2231 igitur

241 2251 315 2271 eum
331 2248 472 2280 tanquam
491 2237 507 2267 ὲ
526 2237 656 2267 vinculis
679 2243 876 2264 numerorum
902 2234 1086 2262 eximamus.
1124 2235 1200 2262 Sunt

243 2285 329 2314 enim
341 2280 463 2322 quidam
475 2279 519 2318 (ut
528 2279 596 2318 scis)
615 2278 723 2308 oratori
735 2276 854 2306 numeri
865 2274 913 2313 (de
923 2274 1032 2314 quibus
1042 2283 1117 2303 mox
1131 2283 1198 2314 age-

245 2325 333 2364 mus)
346 2321 545 2353 observandi,
565 2322 678 2350 ratione
687 2317 814 2359 quadam
825 2336 833 2350 ‚
848 2316 895 2347 sed
907 2317 967 2346 alio
977 2317 1008 2345 in
1018 2325 1124 2356 genere
1135 2324 1198 2344 ora-

245 2368 337 2397 tionis
349 2386 358 2399 ,
370 2367 402 2394 in
413 2365 471 2394 hoc
481 2363 611 2392 omnino
622 2359 824 2401 relinquendi.
848 2358 981 2388 solutum
993 2357 1136 2398 quiddam
1147 2355 1179 2386 sit
1189 2376 1197 2390 ,

246 2419 301 2439 1166
310 2417 420 2447 vagum
431 2414 531 2436 tamen
541 2424 549 2437 ‚
564 2412 596 2433 ut
607 2403 722 2444 ingredi
732 2400 824 2431 libere
835 2420 843 2433 ,
855 2410 919 2429 non
928 2409 959 2429 ut
967 2400 1091 2429 licenter
1099 2399 1200 2428 videa*

245 2460 294 2480 tur
303 2440 405 2480 errare.
428 2446 524 2478 Verba
543 2447 634 2475 etiam
648 2444 746 2474 verbis
758 2441 837 2484 quasi
847 2451 1052 2482 coagmentare
1063 2441 1199 2481 negligat.

248 2492 347 2523 Habet
363 2492 447 2520 enim
466 2489 517 2518 ille
528 2497 668 2528 tanquam
678 2487 776 2515 hiatus
787 2484 933 2514 concursu
942 2484 1094 2514 vocalium
1108 2482 1202 2512 molle

245 2533 389 2575 quiddam
399 2553 407 2566 ‚
425 2532 458 2561 &
467 2530 547 2572 quod
557 2529 669 2559 indicet
684 2538 747 2557 non
759 2529 902 2567 ingratam
913 2526 1124 2567 negligentiam
1137 2544 1145 2557 ‚
1165 2524 1201 2553 de

246 2586 277 2605 re
289 2596 296 2609 ,
311 2576 447 2604 hominis
459 2594 467 2606 ‚
480 2574 571 2613 magis
583 2592 591 2605 ,
602 2570 692 2612 quiim
703 2570 738 2600 de
750 2569 847 2599 verbis
858 2588 866 2601 ,
879 2568 1047 2598 laborantis.
1080 2566 1136 2596 Sed
1147 2567 1202 2595 erit

246 2616 415 2648 videndum
426 2615 462 2644 de
474 2615 596 2654 reliquis
607 2633 614 2646 ‚
633 2611 705 2642 cum
717 2612 780 2641 haec
790 2610 850 2640 duo
866 2611 894 2640 ei
913 2609 1051 2639 liberiora
1067 2607 1199 2640 fuerint,

245 2660 387 2690 circuitus
398 2678 406 2690 ‚
417 2656 695 2697 conglutinatioque
706 2653 878 2684 verborum.
900 2652 955 2682 Illa
962 2652 1046 2681 enim
1057 2650 1118 2690 ipsa
1126 2659 1202 2680 con-

249 2699 338 2731 113813
347 2720 354 2733 ,
377 2699 410 2729 &
428 2700 547 2728 minuta
564 2717 572 2731 ,
593 2707 657 2727 non
674 2696 858 2737 negligenter
874 2693 1022 2725 trastanda
1038 2693 1105 2723 sunt
1124 2713 1132 2725 ‚
1154 2691 1202 2722 sed

248 2751 408 2781 QJAEDAM
429 2742 517 2770 etiam
528 2739 710 2780 negligentia
718 2737 760 2767 est
769 2737 908 2778 diligens.
940 2745 1011 2765 nam
1023 2744 1054 2765 ut
1064 2734 1205 2764 mulieres

248 2783 308 2814 ess'e
319 2783 460 2813 dicuntur
469 2781 626 2811 nonnulla:
644 2784 653 2801 ¹
667 2783 810 2810 inornatae
820 2800 827 2812 ,
848 2788 919 2819 quas
937 2777 1067 2817 idipsum
1086 2776 1186 2807 deccat
1198 2786 1203 2804 :

250 2824 288 2855 sic
306 2826 367 2854 haec
383 2824 500 2855 subtilis
519 2824 614 2853 oratio
631 2824 721 2852 etiam
739 2824 872 2851 incomta
890 2819 1027 2850 (16168131.
1058 2821 1105 2849 Fit
1120 2819 1204 2848 enim

249 2866 394 2908 quiddam
413 2868 444 2895 iri
456 2874 580 2905 utroque
592 2885 600 2898 ‚
621 2874 682 2905 quo
703 2862 736 2893 sit
754 2862 906 2893 venustius
917 2882 924 2896 ‚
946 2861 994 2892 sed
1006 2872 1069 2891 non
1079 2870 1111 2891 ut
1119 2870 1204 2900 appa—

248 2918 318 2939 reat.
342 2911 425 2939 Tum
435 2907 640 2937 removebitur
649 2908 751 2936 omnis
761 2903 882 2946 insignis
893 2914 1024 2937 ornatus,
1038 2901 1116 2945 quasi
1127 2913 1205 2932 mar-

246 2951 417 2991 garitarum.
450 2959 489 2979 ne
507 2947 667 2979 calamistri
686 2947 809 2988 quidem
831 2946 1063 2978 adhibebuntur.
1104 2949 1205 2977 Fucati

1205 1427 1207 1434 Ἰ,
1227 1396 1310 1426 causa
1320 1397 1454 1426 sumtum
1465 1417 1473 1430 ,
1485 1406 1551 1426 non
1561 1396 1684 1427 ludendi
1695 1416 1703 1431 ,
1715 1396 1845 1427 videtur.

461 1483 534 1555 (quid
545 1481 719 1512 faciendum
729 1482 839 1511 oratori
849 1488 990 1519 putemus
1003 1481 1013 1507 ?
1030 1477 1085 1509 Sed
1095 1497 1103 1511 ³
1116 1475 1188 1507 Cslm
1205 1480 1207 1519 ζ
1228 1480 1354 1510 licenter
1363 1480 1567 1521 tamen‚quam
1578 1479 1598 1509 fi
1610 1490 1716 1521 genere
1725 1480 1847 1511 dicendi
1859 1489 1988 1510 uteretur
1996 1476 2189 1519 ampliffimo.

472 1537 481 1555 l

484 1535 494 1556 t
505 1536 511 1554 ·.
531 1523 603 1566 quid
613 1525 646 1553 in
656 1521 744 1553 causis
755 1542 764 1556 ‚
785 1531 946 1562 earumque
955 1518 1034 1561 quafi
1045 1519 1190 1549 membris
1206 1532 1207 1546 1

1219 230 1265 253 tur
1277 233 1282 251 :
1294 223 1438 264 elegantia
1449 223 1554 257 modo,
1567 224 1600 254 &
1613 222 1762 254 munditia
1770 223 1947 253 remanebit.
1971 226 2076 254 Sermo
2085 231 2177 263 purus

1217 265 1274 294 erit
1283 285 1291 298 ‚
1304 265 1336 294 &
1347 266 1470 296 Latinus
1482 265 1630 296 :dilucide
1644 286 1652 299 ,
1664 265 1810 305 planeque
1818 263 1934 295 dicetur
1946 275 1952 294 ι
1972 264 2045 306 quid
2055 265 2155 295 deceat
2165 283 2175 298 ‚

1217 307 1482 348 circumspicietur.
1521 310 1630 338 Unum
1649 306 1762 339 aderit,
1781 306 1863 347 quod
1881 315 2019 348 quartum
2038 313 2178 337 numerat
2193 322 2213 348 2

1218 349 1442 389 Theophrastus
1454 352 1486 379 in
1498 351 1643 380 orationis
1653 348 1791 379 laudibus
1802 368 1810 382 ,
1831 358 1971 379 ornatum
1981 349 2056 378 illud
2067 349 2154 379 suave
2165 368 2175 382 ,

1221 390 1253 420 &
1263 390 1389 421 affluens
1401 402 1406 419 τ
1419 400 1522 424 acutae,
1534 391 1700 431 crebraeque
1708 390 1848 429 sententiat
1858 399 2019 431 ponentur,
2032 391 2064 420 &
2075 391 2179 420 nescio

1220 433 1300 463 unde
1311 443 1349 463 ex
1360 433 1462 464 abdito
1473 442 1561 463 erutae
1575 453 1583 466 ,
1597 441 1683 473 atque
1694 434 1727 462 in
1737 433 1795 462 hoc
1804 441 1918 463 oratore
1929 432 2180 463 dominabuntur.

1221 475 1416 505 Verecundus
1426 477 1481 505 erit
1491 476 1559 505 usus
1569 477 1704 504 oratoriae
1713 472 1792 515 quasi
1803 473 2007 514 supelleEtilis.
2035 474 2182 514 supellex

1222 515 1263 546 est
1274 519 1358 546 enim
1368 516 1597 557 quodammodo
1607 514 1705 546 nostra
1715 536 1724 549 ‚
1735 526 1801 556 quae
1812 516 1854 546 est
1863 518 1896 546 in
1907 517 2094 546 ornamentis
2103 535 2112 550 ,
2123 516 2181 547 alia

1221 569 1320 588 rerum
1331 579 1339 593 ‚
1352 559 1408 589 3113
1416 559 1590 590 verborum.
1617 561 1745 588 Ornatus
1756 567 1855 588 autem
1866 558 2040 590 verborum,
2052 557 2182 597 duplex:

1221 610 1299 630 unus
1310 599 1506 641 simplicium,
1516 601 1588 630 alter
1597 600 1826 630 collocatorum.
1851 600 1989 640 Simplex
1999 599 2138 640 probatur
2147 601 2182 629 in

1221 644 1360 683 propriis,
1371 641 1536 684 usitatisque
1546 642 1645 673 verbis
1657 662 1664 676 ,
1677 640 1758 683 quod
1769 651 1818 672 3111
1826 641 1941 682 optime
1952 642 2045 675 sonat,
2056 649 2105 671 aut
2114 650 2180 671 rem

1224 684 1359 715 maxime
1370 685 1514 725 explanat.
1546 688 1583 715 In
1593 685 1699 714 alienis
1711 704 1719 718 ‚
1741 693 1790 714 aut
1800 683 1970 714 transsatum
1979 704 1987 717 ,
2008 692 2058 714 aut
2066 682 2182 713 fafitum

1221 726 1353 760 aliunde,
1365 736 1398 757 ut
1407 726 1516 757 mutuo
1529 737 1534 755 :
1546 726 1715 757 autfaSmm
1727 726 1846 766 abipso,
1859 735 1907 756 aut
1916 735 2034 756 novum
2047 736 2052 754 ·.
2065 733 2113 755 aut
2121 726 2182 765 pri—

1224 769 1320 802 scum,
1333 767 1558 799 &inusitatum.
1583 769 1638 799 Sed
1649 771 1739 798 etiam
1749 766 1884 798 inusitata
1895 789 1902 802 ‚
1915 778 1947 798 ac
1958 768 2060 807 prisca,
2072 767 2185 797 suntin

1223 812 1350 850 propriis
1362 831 1370 844 ‚
1382 809 1437 840 nisi
1448 809 1530 851 quod
1540 809 1605 841 raro
1617 812 1743 841 utimur.
1762 811 1914 840 Collocata
1923 818 2022 840 autem
2032 808 2122 838 verba
2131 809 2186 838 ha-

1225 853 1297 882 bent
1306 861 1447 882 ornatum
1461 873 1469 885 ,
1483 851 1502 882 si
1512 852 1625 893 aliquid
1635 854 1849 882 concinnitatis
1859 850 1996 882 efficiunt
2005 872 2013 885 ‚
2024 849 2106 891 quod
2117 859 2186 880 ver-

1225 894 1271 923 bis
1282 896 1403 923 mutatis
1414 904 1479 924 non
1490 904 1607 924 maneat
1616 915 1624 929 ‚
1639 903 1779 924 manente
1789 894 1942 924 sententia.
1972 895 2053 924 Nam
2065 893 2186 922 senten-

1225 937 1333 965 tiarum
1345 946 1533 970 ornamenta,
1543 947 1609 978 quae
1617 945 1805 977 permanent,
1816 938 1908 966 etiam
1919 934 1939 965 si
1950 935 2039 966 verba
2048 943 2186 964 mutave-

1226 979 1265 1007 ris
1275 997 1282 1010 ,
1296 978 1363 1007 sunt
1372 979 1423 1008 illa
1431 978 1556 1019 quidem
1567 979 1714 1019 permulta
1723 999 1731 1012 ‚
1752 978 1800 1008 sed
1812 999 1820 1011 ,
1863 989 1906 1008 uae
1918 979 2074 1008 emineant
2083 996 2091 1010 ‚
2112 986 2188 1016 pau-

1227 1021 1316 1049 ciora.
1341 1023 1418 1061 Ergo
1428 1021 1481 1050 ille
1491 1022 1590 1050 tenuis
1600 1029 1698 1051 orator
1707 1040 1715 1054 ,
1729 1019 1825 1050 mode)
1837 988 1870 1050 111
1879 1021 1996 1061 elegans
2008 1040 2016 1052 ‚
2034 1029 2090 1048 nec
2102 1021 2133 1048 in
2141 1016 2188 1048 fa-

1227 1061 1343 1091 ciendis
1359 1062 1459 1092 verbis
1473 1062 1634 1093 eritaudax
1644 1082 1653 1096 ‚
1674 1063 1707 1092 &
1719 1064 1750 1092 in
1762 1062 1972 1092 transferendis
1982 1059 2187 1094 verecundus.

1228 1106 1242 1122 2
1255 1103 1287 1133 &
1297 1113 1398 1143 parcus
1408 1105 1440 1133 in
1450 1105 1554 1144 priscis
1565 1116 1573 1138 3
1584 1105 1764 1145 reliquisque
1774 1106 1959 1134 ornamentis
1968 1104 2001 1133 &
2010 1102 2186 1136 verborum,

1230 1145 1262 1175 &
1273 1146 1485 1175 sententiarum
1503 1144 1668 1175 demiffior:
1690 1145 1880 1176 transsatione
1898 1143 2019 1175 fortaffe
2035 1143 2166 1174 crebrior
2176 1162 2188 1177 .

1227 1197 1286 1227 qua
1294 1186 1530 1228 frequentiffime
1548 1188 1646 1217 sermo
1660 1190 1763 1217 omnis
1774 1190 1867 1218 utitur
1876 1197 1940 1217 non
1951 1184 2046 1217 modo
2059 1185 2190 1215 urbano-

1229 1239 1297 1258 rum
1310 1248 1318 1262 ,
1331 1229 1379 1258 sed
1389 1231 1480 1259 etiam
1491 1228 1670 1259 rusticorum
1682 1240 1687 1258 τ
1706 1228 1853 1269 siquidem
1864 1228 1907 1259 cst
1917 1239 2024 1259 eorum
2034 1237 2192 1267 ‚gemmare

1205 1297 1207 1309 ἰ
1228 1272 1328 1303 viteis,
1345 1270 1426 1310 sitire
1441 1281 1522 1311 agros
1540 1292 1548 1304 ,
1569 1271 1644 1300 latas
1663 1270 1711 1309 effe
1723 1272 1824 1311 segetes
1845 1291 1853 1304 ‚
1875 1269 2189 1309 luxuriosa-frumenta.

1229 1313 1319 1343 Nihil
1328 1313 1439 1343 horum
1450 1323 1555 1353 parum
1566 1312 1721 1347 3111136161,
1743 1313 1792 1343 sed
1802 1322 1852 1344 aut
1861 1312 1958 1343 simile
1967 1311 2011 1342 est
2023 1312 2069 1342 illi
2078 1331 2087 1344 ‚
2108 1310 2202 1341 unclex

1228 1353 1398 1384 transferas:
1417 1363 1466 1385 aut
1475 1375 1484 1388 ‚
1496 1354 1516 1384 si
1526 1365 1572 1385 res
1582 1355 1670 1385 suum
1680 1355 1803 1384 nullum
1814 1354 1902 1386 habet
1910 1364 2027 1385 nomen
2037 1373 2046 1387 ,
2059 1351 2191 1383 docendi

1882 1399 1951 1426 Hoc
1961 1403 2141 1426 ornamento
2152 1394 2191 1424 li-

1229 1436 1329 1468 berius
1338 1439 1452 1479 paullo,
1464 1437 1555 1479 quam
1564 1441 1680 1472 ceteris,
1692 1447 1791 1469 utetur
1799 1440 1849 1469 hic
1858 1437 2033 1469 summissus
2044 1448 2049 1466 ·.
2060 1447 2116 1467 1166
2127 1445 2190 1467 tam

1230 1525 1331 1563 Itaque
1341 1522 1417 1552 illud
1427 1522 1606 1552 indecorum
1615 1542 1623 1557 ‚
1649 1522 1751 1563 (quod
1759 1523 1846 1563 quale
1855 1520 1890 1552 sit
1899 1543 1907 1556 ,
1929 1532 1967 1552 ex
1976 1521 2085 1552 decoro
2101 1519 2190 1551 debet

1232 1565 1380 1605 intelligi)
1403 1563 1452 1594 hic
1463 1574 1582 1605 quoque
1592 1562 1710 1605 apparet
1721 1584 1729 1598 ‚
1749 1565 1822 1594 cum
1832 1564 1958 1594 verbum
1967 1562 2090 1604 aliquod
2099 1560 2191 1592 altius

1231 1606 1402 1637 transfertur
1411 1626 1420 1640 ,
1442 1606 1530 1647 idque
1540 1608 1574 1636 in
1584 1608 1719 1636 oratione
1730 1606 1992 1647 humiliponitur„
2013 1604 2094 1646 quod
2104 1603 2190 1635 idem

1230 1651 1262 1678 in
1273 1649 1329 1679 alia
1339 1648 1465 1679 deceret.
1482 1648 1570 1678 Illam
1581 1657 1681 1678 autern
1690 1650 1939 1683 concinnitatem,
1950 1657 2017 1688 quae
2026 1646 2191 1678 verborum

1230 1691 1465 1721 collocationem
1483 1691 1639 1720 illuminat
1656 1691 1703 1720 his
1717 1689 1873 1719 luminibus
1885 1710 1892 1724 ‚
1914 1700 1980 1731 (111-36
1997 1690 2093 1719 Graeci
2111 1685 2192 1729 quasi

1231 1737 1347 1777 aliquos
1357 1735 1454 1777 gestus
1466 1737 1609 1765 orationis
1619 1756 1628 1769 ,
1642 1732 1761 1775 w'uffi'la
1773 1735 1922 1776 appellant
1931 1734 2023 1776 (quod
2033 1733 2116 1764 idem
2124 1741 2195 1763 vei·-

1232 1779 1306 1808 bum
1318 1778 1354 1808 ab
1363 1779 1409 1808 his
1419 1779 1509 1808 etiam
1529 1779 1561 1807 in
1581 1778 1796 1808 sententiarum
1814 1785 1990 1807 ornamenta
2006 1773 2198 1814 transfertur)

1231 1820 1353 1851 adhibet
1371 1819 1496 1861 quidem
1513 1820 1562 1849 hic
1580 1819 1698 1849 subtilis
1714 1839 1723 1853 ‚
1744 1818 1855 1860 (quem
1867 1838 1876 1852 ,
1897 1817 1951 1849 nisi
1970 1816 2052 1858 quod
2071 1817 2170 1847 solum
2181 1834 2193 1850 ‚

1233 1864 1409 1902 ceteroquin
1419 1861 1635 1903 1661611111116111
1646 1870 1756 1892 vocant
1766 1861 1922 1900 Atticum)
1942 1860 1991 1890 sed
2006 1857 2109 1899 paullo
2127 1867 2194 1898 par-

1232 1907 1310 1935 cius.
1342 1906 1422 1934 Nam
1433 1903 1471 1933 sic
1480 1913 1514 1934 ut
1522 1906 1555 1933 in
1563 1903 1709 1945 epularum
1717 1911 1852 1944 apparatu
1864 1923 1872 1936 ‚
1890 1901 1906 1933 a
1917 1900 2138 1944 magnificentia
2147 1909 2194 1930 re·

1233 1947 1341 1977 cedens
1352 1966 1361 1980 ‚
1381 1956 1446 1976 non
1463 1947 1491 1976 se
1507 1955 1629 1985 parcum
1647 1944 1746 1975 solum
1757 1966 1766 1979 ‚
1787 1944 1837 1975 sed
1855 1945 1946 1974 etiam
1962 1944 2129 1984 elegantem
2145 1942 2198 1972 vi·—

1234 1989 1297 2019 deri
1315 1989 1398 2018 volet
1410 1999 1414 2017 :
1431 1988 1522 2029 eliget
1530 1987 1640 2028 quibus
1650 1995 1756 2017 utatur.
1785 1989 1861 2017 Sunt
1869 1988 1953 2016 enim
1962 1986 2109 2026 pleraeque
2118 1990 2194 2024 aptae

1234 2031 1323 2070 hujus
1341 2029 1429 2070 ipsius
1447 2032 1571 2060 oratoris
1582 2050 1590 2062 ‚
1608 2028 1645 2058 de
1663 2039 1724 2070 quo
1743 2029 1870 2070 loquor,
1881 2026 2078 2068 parsimoniae.
2110 2029 2203 2063 Nam*

1235 2073 1287 2103 illa
1296 2092 1304 2106 ‚
1326 2073 1362 2102 de
1372 2072 1482 2113 quibus
1492 2071 1559 2101 ante
1571 2070 1655 2104 dixi,
1676 2072 1746 2100 huic
1756 2079 1842 2100 acuto
1852 2069 1995 2110 fugienda
2007 2069 2077 2098 sunt
2087 2087 2095 2100 ,
2115 2068 2196 2107 paria

1235 2114 1354 2154 paribus
1370 2114 1474 2147 relata,
1494 2113 1526 2142 &
1537 2111 1672 2141 similiter
1681 2111 1837 2144 conclusa,
1859 2109 2028 2150 eodemque
2047 2108 2134 2149 pasto
2145 2118 2196 2138 ca-

1236 2156 1352 2186 dentia:
1365 2155 1396 2184 &
1407 2155 1622 2183 immutatione
1631 2152 1728 2181 littera
1737 2150 1815 2193 quasi
1824 2150 1950 2192 quaesitae
1959 2150 2126 2181 venustates
2136 2162 2145 2185 ;
2155 2160 2196 2180 ne

1236 2196 1383 2227 elaborata
1391 2196 1578 2225 concinnitas
1588 2214 1596 2227 ,
1609 2194 1642 2224 &
1649 2194 1802 2235 quoddam
1812 2195 1974 2233 aucupium
1985 2192 2196 2223 dele&ationis

1238 2235 1397 2267 manifesto
1407 2235 1625 2277 deprehensum
1636 2244 1775 2275 appareat.
1787 2238 1924 2276 Itemque
1934 2234 2022 2276 fiquae
2031 2234 2197 2265 verborum

1235 2279 1395 2309 iterationes
1404 2279 1635 2308 contentionem
1645 2278 1773 2318 aliquam
1785 2298 1794 2310 ‚
1806 2277 1839 2306 &
1846 2278 2012 2307 clamorem
2023 2277 2175 2317 requirent
2183 2293 2195 2309 ,

1236 2329 1323 2351 erunt
1332 2320 1367 2351 ab
1377 2321 1429 2350 hac
1442 2318 1649 2350 summissione
1661 2321 1806 2349 orationis
1817 2319 1920 2349 alienae
1933 2329 1938 2348 :
1957 2320 2061 2349 ceteris
2078 2318 2197 2358 promi-

1239 2362 1306 2393 scut}
1314 2364 1423 2402 p0terit
1433 2364 1476 2391 uti
1488 2374 1496 2395 ;
1514 2363 1777 2391 continuationem
1786 2360 1948 2391 verborum
1959 2358 2054 2390 modo
2063 2361 2176 2389 relaxet
2184 2377 2196 2393 ‚

1240 2405 1272 2434 &
1282 2404 1395 2434 dividat
1405 2424 1413 2437 ‚
1427 2412 1581 2443 utaturque
1592 2402 1690 2433 verbis
1700 2402 1792 2444 quam
1802 2401 1993 2432 usitatissimis
2003 2421 2011 2435 ,
2031 2401 2198 2432 transsatio—

1238 2446 1327 2476 nibus
1337 2446 1426 2487 quam
1439 2443 1641 2475 molliffimis:
1665 2447 1757 2475 etiam
1778 2444 1830 2474 illa
1849 2444 2064 2474 sententiarum
2080 2443 2199 2473 lumina

1239 2487 1382 2522 3111111131,
1400 2498 1466 2528 quae
1477 2497 1540 2518 non
1551 2496 1638 2517 erunt
1647 2484 1986 2516 vehementerillustria.
2018 2487 2093 2515 Non
2109 2483 2200 2515 faciet

1218 2550 1219 2559 1
1241 2539 1335 2569 remp.
1349 2531 1543 2570 loquentem,
1566 2539 1620 2559 nec
1638 2529 1674 2558 ab
1690 2527 1795 2559 inferis
1812 2536 1948 2558 mortuos
1964 2526 2124 2560 excitabit,
2142 2535 2200 2556 nec

1237 2574 1395 2602 acervatim
1418 2572 1514 2601 multa
1529 2570 1720 2611 frequentans
1738 2590 1746 2604 ‚
1776 2580 1836 2600 una
1854 2569 2069 2609 complexione
2090 2567 2200 2598 devin-

1239 2615 1308 2643 ciet.
1340 2613 1551 2644 Valentiorum
1570 2614 1633 2642 haec
1651 2612 1778 2642 laterum
1797 2612 1885 2645 sunt,
1904 2621 1960 2642 nec
1968 2611 2003 2641 ab
2012 2611 2088 2644 hoc,
2107 2618 2203 2650 quem

1243 2654 1446 2685 informamus
1457 2675 1465 2689 ‚
1485 2663 1534 2684 aut
1550 2653 1764 2695 exspeEtanda,
1781 2663 1830 2684 aut
1840 2652 2023 2692 postulanda.
2048 2652 2200 2681 eritenim

1242 2706 1275 2726 ut
1284 2707 1377 2731 voce,
1399 2696 1436 2727 fic
1453 2698 1543 2726 etiam
1562 2698 1696 2726 oratione
1715 2694 1899 2736 suppreffior.
1931 2694 1988 2725 Sed
2005 2694 2143 2734 pleraque
2161 2700 2202 2722 ex

1244 2739 1305 2768 illis
1324 2741 1508 2769 convenient
1523 2740 1613 2768 etiam
1632 2738 1704 2767 huic
1723 2739 1877 2768 tenuitati:
1893 2746 2075 2778 quamquam
2091 2734 2203 2765 iisdem

1245 2784 1429 2811 ornamentis
1445 2789 1544 2811 utetur
1557 2778 1718 2809 horridius.
1743 2779 1831 2809 talem
1843 2781 1928 2808 enim
1937 2779 2120 2809 inducimus.
2143 2779 2206 2806 Ac·-

1244 2822 1322 2852 cedit
1332 2822 1410 2853 aEtio
1422 2833 1485 2853 non
1495 2822 1619 2863 tragica,
1642 2831 1697 2850 nec
1708 2821 1817 2854 scenae,
1840 2820 1888 2851 sed
1907 2821 2027 2850 modica
2041 2818 2204 2859 jactatione

1246 2867 1378 2904 corporis
1387 2885 1395 2898 ‚
1409 2865 1495 2895 vultu
1507 2873 1606 2894 tamen
1619 2862 1713 2892 multa
1722 2861 1886 2892 conficiens
1899 2872 1904 2891 :
1924 2873 1989 2892 non
1998 2863 2055 2892 hoc
2066 2882 2074 2895 ‚
2085 2870 2146 2901 quo
2157 2859 2204 2889 di-

1246 2916 1354 2936 cuntur
1364 2917 1397 2936 os
1411 2907 1518 2937 ducere
1531 2927 1538 2939 ,
1560 2905 1607 2935 sed
1618 2905 1672 2934 illo
1683 2925 1691 2938 ,
1711 2914 1772 2945 quo
1791 2902 1955 2945 significant
1972 2902 2103 2944 ingenue
2115 2922 2123 2936 ‚
2143 2910 2205 2942 quo

1245 2949 1329 2979 sensu
1338 2949 1471 2990 quidque
1479 2949 1687 2989 pronuntient.

2101 2993 2209 3027 gentur

290 3057 313 3074 1.
332 3051 448 3074 [narnatae
459 3067 467 3079 ‚
478 3058 537 3082 quas
547 3048 572 3073 id
580 3048 652 3081 ipficm
662 3048 764 3083 decenn]
778 3048 959 3075 Palatium-um
970 3047 1034 3080 duo,
1045 3057 1085 3085 pr.
1096 3049 1123 3074 ὃ(
1136 3048 1203 3074 sext.

247 3085 317 3118 quast
329 3103 336 3115 ‚
348 3085 466 3120 egregie.
485 3083 546 3110 ideo
556 3085 625 3110 enim
639 3084 798 3120 potisliniuin
810 3094 861 3110 iion
873 3084 923 3111 sese
933 3093 1031 3111 ornant
1043 3103 1052 3117 ‚
1071 3084 1141 3120 quod
1153 3085 1206 3120 ipso

249 3119 389 3147 videantur
409 3120 576 3147 formosiores
589 3139 597 3152 ‚
616 3120 649 3146 fic
659 3120 767 3147 Tacitus
786 3120 818 3147 de
830 3122 939 3157 Poppaea
958 3121 1004 3147 lib.
1017 3130 1087 3147 xxti.
1108 3121 1208 3148 Aiiiial.

250 3164 326 3193 cap.4
330 3166 355 3193 5.
366 3159 528 3191 velatapartc
536 3158 593 3190 oris,
603 3157 740 3191 nefarias-et
750 3159 842 3193 aspeflu
851 3169 860 3191 >⁴
871 3159 913 3183 vel
919 3159 1017 3193 qulafic
1026 3158 1130 3186 decebat.

1286 3057 1315 3075 2.
1334 3052 1366 3074 Et
1372 3055 1462 3081 parcus
1472 3052 1497 3074 in
1502 3049 1596 3082 priscis,-
1605 3048 1768 3083 reliquifipce]
1781 3049 1821 3074 Ita
1831 3056 1864 3072 ex
1877 3046 2018 3072 veterrima
2027 3044 2145 3071 editione
2155 3045 2209 3070 Ri-

1252 3086 1308 3111 vius
1322 3105 1329 3117 ‚
1341 3085 1480 3120 firmatque
1495 3085 1684 3113 Memmiauus.
1711 3084 1800 3121 postea
1808 3082 1874 3112 editi
1885 3101 1894 3116 ι
1904 3083 2042 3117 &FN‘W‘
2054 3080 2210 3115 &fnlmfik

1252 3123 1389 3158 rcliquisque
1400 3140 1409 3155 ‚
1420 3120 1492 3158 quod
1502 3122 1527 3148 ὅ(
1539 3122 1567 3150 111
1577 3121 1646 3150 Pau.

2073 3196 2099 3217 ι.
2108 3187 2215 3220 Mma‘um

1731 2947 1812 2976 Huic
1821 2947 1923 2987 generi
1931 2947 2077 2976 orationis
2086 2944 2121 2974 ad
2126 2944 2142 2973 s
2137 2953 2204 2983 per·
2222 2948 2269 2986 26
