2339 3379
574 146 1069 192 PH1L1PP10A
1138 147 1801 203 DECIMATERTxA.

167 233 190 267 4
211 228 241 252 tu
252 239 261 256 2
282 227 310 252 at
326 218 443 250 virtutis
461 218 543 248 laude
561 219 702 248 vivemus.
747 219 787 247 At
801 219 883 248 enim
899 227 957 248 nos
969 219 1012 247 M.
1024 217 1169 257 Lepidus,

207 265 371 303 imperator
387 264 516 294 iterum,
536 259 678 300 pontifex
695 261 848 289 maximus
862 280 870 292 ,
891 259 1006 299 optime
1022 263 1167 299 proximo

207 306 293 336 civili
304 304 384 334 bello
394 303 430 333 de
440 312 499 342 rep.
512 303 638 331 meritus
650 321 659 335 ‚
677 301 712 331 ad
722 311 823 341 pacem
838 301 1018 332 adhortatur.
1043 301 1168 332 Nullius

207 346 286 387 apud
304 355 372 379 me,
390 353 484 384 patres
502 343 682 382 conscripti,
703 343 860 373 auzstoritas
879 343 976 383 major
994 341 1058 376 est,
1075 352 1167 383 quam

207 387 366 427 M.Lepidi
377 406 386 420 ,
397 386 445 416 vel
456 394 574 425 propter
583 383 635 424 ipfi
641 395 673 415 us
683 387 825 415 virtutem
837 405 846 419 ,
857 386 904 415 vel
914 392 1034 425 propter
1044 383 1167 414 familiae

209 430 397 471 dignitatem.
419 426 562 457 accedunt
571 427 679 457 eodem
691 428 785 457 multa
794 429 922 467 privata:
942 435 1048 467 magna
1059 426 1123 464 ejus
1134 428 1165 455 in

205 481 258 501 me
267 472 372 500 merita
382 489 395 502 r
403 479 434 500 ac
445 479 511 498 mea
519 468 656 509 quaedam
669 471 702 499 in
714 469 813 499 illum.
836 469 1008 498 maximum
1019 466 1092 497 vero
1103 469 1165 507 ejus

205 510 393 543 beneficium
407 521 536 541 numero
550 531 558 544 ‚
578 510 661 551 quod
675 512 732 541 hoc
746 513 850 541 animo
864 512 897 540 in
910 519 1004 549 remp.
1019 508 1079 539 est:
1100 519 1166 550 quae

203 554 283 583 mihi
294 553 361 582 vita
372 562 439 582 mea
448 553 564 593 semper
572 553 632 583 fuit
640 555 828 584 carior.Nam
838 562 909 582 cum
920 554 1063 596 Magnum
1074 554 1166 581 Pom-

202 596 307 635 pejum
319 615 327 628 ‚
339 593 537 625 clarissimum
548 595 763 626 adolescentem
776 615 785 629 ‚
807 592 1039 634 praestantissimi
1049 594 1107 623 viri
1128 591 1165 622 fi-

202 638 282 667 lium
291 657 299 671 ‚
310 635 482 668 au&01·itate
493 636 619 667 adduxit
630 638 665 668 ad
675 647 777 677 pacem
788 657 801 671 ‚-
808 645 933 676 remque
942 634 1094 675 publicam
1104 633 1164 680 sine

201 681 304 713 armis,
316 681 452 708 maximo
461 679 560 709 civilis
572 679 645 709 belli
653 679 788 719 periculo
796 678 949 707 liberavit:
963 685 1028 705 tum
1039 686 1089 705 me
1100 685 1163 715 ejus

200 719 351 750 beneficio
361 721 428 760 plus
438 731 528 761 quam
538 730 592 760 pro
601 721 683 751 virili
691 729 770 760 parte
781 719 946 759 obligatum
957 725 1041 756 put0.
1055 720 1159 757 Itaque

201 763 230 792 ei
246 762 280 792 &
291 764 422 793 honores
435 763 563 796 decrevi,
575 772 664 803 quam
674 762 760 802 potui
770 757 968 799 ampliffimos
982 768 987 787 :
1010 760 1043 787 in
1053 760 1162 799 quibus

203 813 258 834 vos
268 805 348 834 mihi
362 803 431 837 estis
441 802 542 841 affenfi
555 815 561 833 ;
583 814 639 834 nec
649 811 792 843 umquam
803 801 839 830 de
852 800 907 829 illo
918 799 951 829 δε
960 799 1071 839 sperare
1082 802 1161 840 opti-

201 845 253 876 me
265 866 273 879 ,
286 846 318 876 &
328 847 414 886 loqui
423 845 532 876 destiti.
555 846 670 885 magnis
681 864 689 878 ‚
702 845 735 873 &
745 842 848 872 multis
859 842 1035 883 pignoribus
1047 843 1093 871 M.
1104 844 1162 872 Le-

199 888 306 928 pidum
318 889 393 927 resp.
403 888 553 928 illigatum
565 894 657 915 tenet.
678 886 797 915 summa
807 884 948 913 nobilitas
960 882 1001 913 est
1011 884 1159 918 hominis,

198 930 313 960 summi
325 931 474 962 honores,
492 925 709 966 amplissimum
730 925 927 956 sacerdotium
941 945 949 958 ‚
973 925 1102 965 plurima
1111 936 1161 955 ur-

198 970 244 1001 bis
255 978 429 1001 ornamenta
439 989 448 1003 ,
468 967 556 1009 ipsius
566 988 574 1002 ‚
589 967 685 998 fratris
695 988 704 1002 ,
721 977 932 1008 majorumque
944 977 1157 997 monumenta:

197 1011 398 1053 probatiffima
407 1020 504 1044 uxor,
525 1008 698 1050 optatiffimi
718 1010 827 1043 liberi,
845 1019 891 1039 res
913 1008 1069 1039 familiaris
1086 1008 1158 1039 cum

197 1054 304 1094 ampla,
317 1062 381 1083 tum
392 1051 468 1083 casta
476 1052 492 1082 a
501 1062 605 1082 cruore
615 1052 709 1082 civili.
733 1061 826 1081 nemo
836 1051 872 1081 ab
881 1061 918 1080 eo
928 1052 1004 1080 civis
1014 1051 1158 1085 violatus,

196 1097 287 1125 multi
298 1093 495 1128 beneficim&
509 1093 713 1124 misericordia
722 1091 848 1122 liberati.
870 1093 972 1123 Talisi
996 1094 1053 1123 itur
1062 1093 1158 1126 vim&

193 1138 269 1167 civis
281 1156 289 1171 ,
310 1137 457 1176 opinione
467 1136 526 1168 labi
538 1134 634 1176 potest
644 1155 652 1169 ,
664 1136 819 1166 voluntate
828 1134 844 1165 a
853 1144 914 1174 rep.
929 1133 960 1164 di
984 1133 1062 1164 idere
1072 1135 1159 1165 nullo

192 1178 280 1218 paeto
298 1177 402 1218 potest.
432 1181 537 1208 Pacem
556 1178 622 1208 vult
631 1179 675 1207 M.
685 1177 827 1216 Lepidus.
850 1175 988 1207 Praeclare
1001 1186 1006 1205 :
1027 1175 1048 1205 si
1067 1177 1157 1207 talem

190 1219 289 1260 potest
297 1219 414 1250 efficere
424 1240 432 1253 ,
446 1219 565 1260 qualem
578 1229 672 1259 nuper
681 1217 796 1249 effecit:
809 1228 867 1259 qua
875 1227 946 1258 pace
956 1220 1156 1258 Cn-Pompeii

192 1260 293 1292 filium
304 1263 377 1302 resp.
389 1262 547 1301 adspiciet,
568 1262 679 1302 suoque
691 1259 754 1290 sinu
765 1281 775 1295 ,
792 1261 1015 1300 complexuque
1024 1262 1155 1301 recipiet:

192 1314 294 1344 neque
306 1303 404 1333 solum
416 1304 505 1333 illum
519 1323 527 1337 ,
547 1303 597 1333 sed
614 1313 684 1333 cum
702 1303 758 1332 illo
777 1302 901 1342 seipsam
919 1300 973 1331 sibi
991 1300 1156 1332 restitutam

191 1345 316 1385 putabit.
332 1347 405 1375 Haec
414 1345 497 1375 causa
506 1343 564 1374 fuit
574 1364 582 1378 ‚
592 1354 645 1374 cur
652 1344 849 1374 decerneretis
859 1343 984 1377 statuam
994 1345 1027 1373 in
1038 1343 1156 1374 Rostris

190 1397 261 1418 cum
273 1387 468 1426 inscriptione
478 1386 632 1425 praeclara:
655 1396 707 1415 cur
716 1384 825 1425 absenti
839 1386 1025 1423 triumphum.
1048 1395 1156 1425 quam-

189 1438 282 1469 quam
301 1430 386 1458 enim
405 1437 524 1468 magnas
539 1437 585 1457 res
599 1427 720 1457 bellicas
732 1425 870 1468 gesserat,
894 1427 1095 1467 &triumpho
1109 1427 1155 1457 di-

189 1480 261 1511 gnas
273 1489 282 1503 ‚
301 1479 366 1499 non
377 1477 438 1499 erat
448 1478 550 1499 tamen
560 1470 589 1499 ei
599 1469 795 1499 tribuendum
808 1489 817 1503 ‚
836 1468 920 1509 quod
938 1479 993 1499 nec
1004 1471 1043 1498 L.
1054 1471 1155 1499 AEmi-

188 1513 233 1542 lio
243 1531 252 1546 ,
273 1521 328 1542 nec
338 1511 507 1541 AEmiliano
517 1512 671 1551 Scipioni,
692 1520 747 1541 nec
758 1511 902 1551 superiori
913 1509 1057 1541 Africano
1069 1531 1079 1545 ,
1098 1520 1154 1541 nec

187 1554 288 1583 Mario
298 1572 306 1585 ‚
327 1563 383 1583 nec
403 1553 550 1592 Pompe'o
560 1573 568 1586 ,
589 1554 642 1593 qui
662 1553 776 1591 majora
796 1553 871 1583 bella
891 1551 1039 1594 gefferunt
1051 1563 1057 1581 :
1079 1552 1128 1583 sed
1139 1573 1148 1587 ‚

185 1593 268 1636 quod
281 1594 394 1635 filentio
410 1595 501 1625 civile
538 1595 632 1624 ellum
646 1594 814 1625 confecerat
835 1615 844 1628 ‚
866 1593 1001 1635 primum
1014 1595 1151 1630 ut'licuit,

145 1643 168 1674 5
187 1637 318 1667 honores
328 1638 361 1666 in
371 1646 443 1667 eum
455 1638 607 1667 maximos
618 1635 789 1667 contulistis
835 1635 1037 1668 Existimasne
1045 1637 1148 1678 igitur,

185 1678 348 1719 M.Lepide
357 1698 366 1713 ‚
378 1679 502 1719 qualem.
509 1679 691 1719 Pompejum
702 1679 776 1719 resp.
789 1677 923 1709 habitura
932 1676 966 1708 sit
975 1680 1075 1708 civem
1085 1698 1094 1713 ,
1109 1687 1153 1709 ta-

185 1720 242 1752 leis
251 1719 370 1751 futuros
385 1722 559 1751 Antonios?
577 1723 610 1751 in
620 1721 716 1751 altero
723 1720 822 1761 pudor
831 1740 840 1755 ,
853 1721 978 1763 gravitas
989 1740 998 1754 ,
1013 1720 1152 1751 modera-

184 1763 230 1792 tio
240 1782 250 1796 ‚
272 1763 440 1803 integritas:
462 1764 495 1792 in
507 1763 569 1793 illis
582 1762 627 1802 (ὃς
636 1772 706 1793 cum
718 1764 773 1793 hos
791 1762 947 1803 compello
961 1782 970 1797 ‚
987 1766 998 1782 ¹
1010 1772 1151 1802 praetereo

185 1805 319 1834 omnino
337 1812 376 1834 ex
392 1813 478 1844 grege
494 1804 644 1835 latrocinii
662 1805 834 1844 neminem)
845 1804 988 1834 libidines
1000 1823 1008 1838 ‚
1029 1805 1147 1839 scelera,

186 1845 223 1876 ad
241 1855 336 1875 omne
352 1843 468 1876 facinus
487 1846 633 1876 immanis
651 1846 780 1877 audacia.
803 1845 925 1876 Deinde
936 1845 1060 1875 obsecro
1081 1856 1152 1879 vos,

186 1895 281 1927 patres
293 1887 473 1926 conscripti,
491 1890 559 1927 quis
573 1889 631 1918 hoc
640 1886 775 1918 vestrum
786 1897 851 1917 non
861 1887 965 1920 videt,
984 1887 1067 1927 quod
1078 1890 1151 1918 For—

186 1937 260 1959 tuna
269 1929 329 1968 ipsa
343 1948 354 1962 ‚
371 1937 436 1969 quae
453 1928 564 1958 dicitur
579 1939 646 1958 caca
657 1949 666 1962 ,
686 1929 785 1959 vidit?
808 1928 896 1959 salvis
905 1930 989 1958 enim
1001 1928 1075 1959 abiis
1086 1931 1151 1959 Cae-

186 1970 256 2001 saris
267 1990 276 2004 ,
295 1980 363 2011 quae
371 1969 542 2000 concordiae
555 1971 637 2001 caufii
647 1969 839 2001 defendimus
852 1991 861 2004 ‚
879 1971 1025 2010 Pompejo
1034 1971 1053 2001 s
1050 1980 1084 2001 ua
1093 1970 1150 2001 do-

187 2022 256 2042 mus
267 2011 380 2052 patebit
392 2022 398 2041 τ
414 2022 542 2053 eamque
552 2022 617 2042 non
628 2015 757 2043 minoris
769 2032 778 2046 ,
797 2012 888 2053 quam
900 2014 976 2042 emit
984 2014 1148 2047 Antonius,

185 2053 332 2084 redimet:
347 2053 495 2088 redimet,
508 2056 630 2095 inquam
642 2075 650 2088 ‚
663 2055 859 2094 Cn-Pompeii
870 2053 999 2084 domum
1012 2053 1103 2085 filius.
1123 2057 1149 2085 O

186 2104 255 2126 rem
267 2095 402 2126 acerbam
415 2098 420 2125 !
443 2095 503 2126 Sed.
512 2096 575 2126 haec
585 2096 652 2126 satis
661 2096 713 2126 diu
724 2116 732 2131 ,
747 2097 943 2137 multumque
953 2095 1060 2127 defleta
1070 2097 1146 2127 sunt.

185 2135 371 2167 Decrevistis
381 2145 494 2168 tantam
503 2139 664 2177 pecuniam
674 2139 821 2179 Pompe-jo
829 2158 839 2173 ,
857 2147 998 2179 quantam
1010 2148 1049 2169 ex
1059 2139 1149 2169 bonis

182 2179 285 2219 patriis
294 2180 328 2209 in
338 2178 445 2218 praedae
458 2178 645 2219 diffipatione
654 2181 798 2211 inimicus
809 2179 906 2211 vietor
913 2179 1077 2222 redegisset.
1090 2180 1148 2212 Sed

180 2221 259 2250 hanc
278 2221 357 2250 mihi
374 2220 628 2262 dispensationem
646 2232 701 2262 pro
718 2231 837 2263 paterna
857 2220 1095 2257 rieceffitudine,
1116 2223 1149 2253 &

182 2263 254 2302 conj
259 2260 404 2292 unctione
413 2262 543 2302 deposco
554 2274 559 2292 z
570 2263 698 2295 redimet
706 2265 821 2300 hortos,
835 2264 935 2298 aedeis,
949 2265 1059 2295 urbana
1067 2274 1149 2305 quae-

180 2303 252 2334 dam
269 2323 278 2339 ,
296 2314 363 2345 quae
381 2303 510 2344 postidet
523 2307 686 2335 Antonius.
717 2316 787 2338 nam
805 2315 961 2348 argentum
981 2326 990 2340 ‚
1011 2306 1126 2337 vestem
1137 2326 1146 2341 ,

182 2345 420 2386 suppelletfilzilem
431 2366 439 2380 ,
452 2348 560 2377 vinum
572 2349 690 2378 amittet
702 2357 790 2389 aequo
798 2351 905 2379 animo
915 2367 924 2382 ‚
945 2358 1010 2389 quae
1021 2349 1072 2378 ille
1082 2349 1148 2378 hel-

183 2387 236 2418 luo
252 2385 409 2428 diffipavit.
432 2388 586 2419 Albanum
597 2408 605 2423 ,
627 2391 805 2420 Firmanum
820 2389 836 2420 a
849 2390 1009 2421 Dolabella
1024 2400 1147 2431 recupe—

181 2428 275 2459 rabit:
295 2431 387 2461 etiam
405 2430 442 2460 ab
460 2432 599 2461 Antonio
618 2431 838 2462 Tusculanum.
860 2432 954 2473 hique
964 2451 973 2466 ‚
995 2436 1047 2473 qui
1066 2442 1147 2464 nunc

183 2472 338 2501 Mutinam
350 2481 524 2514 oppugnant
534 2492 543 2506 ,
552 2475 722 2504 D.Brutum
732 2472 868 2505 obfident
879 2495 888 2508 ,
900 2475 936 2505 de
946 2474 1072 2504 Falerno
1082 2477 1147 2505 An—

183 2512 260 2544 seres
270 2513 467 2553 depellantur.
489 2517 566 2546 Sunt
573 2515 623 2545 alii
633 2515 733 2556 plures
742 2514 860 2547 fortasse
872 2527 877 2545 z
889 2515 938 2546 sed
948 2526 1015 2547 mea
1024 2526 1145 2547 memo-

182 2555 226 2585 ria
235 2554 419 2586 dilabuntur.
443 2558 508 2597 Ego
522 2558 612 2587 etiam
634 2567 685 2587 eos
701 2557 790 2591 dico,
808 2559 859 2598 qui
869 2557 1005 2588 hostium
1016 2568 1146 2589 numero

182 2606 249 2627 non
258 2597 327 2627 sunt
337 2616 344 2630 ‚
356 2599 551 2637 Pompejanas
560 2597 754 2639 poffeffiones
766 2619 774 2633 ,
792 2601 896 2640 quanti
913 2602 1042 2630 emerint
1051 2620 1060 2633 ‚
1081 2599 1146 2631 filio

182 2638 364 2669 reddituros.
386 2641 462 2670 Satis
471 2639 678 2671 inconsiderati
689 2640 748 2671 fuit
757 2661 767 2674 ‚
779 2651 817 2671 ne
827 2641 925 2671 dicam
933 2641 1051 2672 audacis
1061 2661 1070 2676 ‚
1080 2652 1145 2673 rem

181 2680 278 2711 ullam
290 2690 326 2711 ex
338 2681 398 2711 illis
408 2683 560 2723 attingere.
583 2684 710 2713 retinere
719 2681 793 2714 verb
802 2685 870 2723 quis
880 2685 1007 2723 poterit,
1023 2683 1146 2715 clarifli-

182 2731 237 2753 mo
247 2722 377 2753 domino
386 2722 523 2754 restituto
533 2724 543 2750 ?
553 2727 603 2755 An
614 2726 637 2754 is
648 2733 712 2754 non
730 2724 834 2755 reddet
848 2745 856 2759 ,
867 2727 918 2766 qui
929 2724 1050 2756 domini
1059 2728 1148 2766 patri-

182 2767 327 2795 monium
345 2766 585 2805 circumplexus,
604 2764 684 2807 quasi
706 2767 869 2807 thesaurum
885 2766 965 2797 draco
977 2787 986 2801 ,
1009 2770 1147 2808 Pompeii

181 2806 293 2841 servus,
306 2805 429 2837 libertus
438 2808 568 2842 Caesaris,
580 2809 640 2850 agri
650 2810 766 2839 Lucani
775 2807 969 2849 possessiones
979 2812 1147 2851 occupavit?

182 2849 282 2889 Atque
297 2848 374 2879 illud
390 2849 497 2890 septies
511 2851 626 2881 millies
637 2870 646 2884 ,
667 2850 748 2891 quod
758 2851 940 2882 adolescenti
953 2871 961 2885 ‚
981 2854 1012 2883 P.
1023 2854 1057 2881 C.
1078 2853 1147 2892 spo-

181 2889 330 2929 pondistis
341 2911 349 2925 ‚
361 2893 402 2922 ita
411 2891 577 2927 describite,
590 2902 622 2923 ut
631 2894 766 2924 videatur
774 2893 790 2924 a
800 2893 887 2924 vobis
899 2896 1098 2934 Cn.Pompeii
1110 2893 1146 2924 fi-

181 2931 242 2960 lius
262 2933 296 2961 in
312 2935 498 2972 patrimonio
517 2935 571 2965 suo
592 2935 766 2966 collocatus.
792 2937 865 2966 Haec
884 2935 1010 2966 senatus.
1033 2936 1148 2977 reliqua

180 2972 310 3011 populus
319 2976 412 3004 Rom.
422 2977 456 3005 in
467 2974 633 3011 eafamilia‚
646 2987 736 3018 quam
746 2977 825 3008 vidit
835 2976 1063 3018 amphflimam,
1079 2988 1145 3017 per-

177 3013 334 3054 sequetur:
353 3018 386 3046 in
394 3018 502 3057 primis
510 3027 669 3058 paternum
686 3029 842 3062 auguratus
861 3020 965 3050 locum
980 3040 988 3054 ‚
1008 3022 1041 3050 in
1051 3029 1144 3061 quem

217 3124 241 3155 1..
260 3118 372 3141 Praerereo
380 3120 469 3143 omnino
479 3128 508 3144 ex
519 3129 585 3154 grege
594 3124 715 3148 latrocinii
732 3124 871 3158 neminem]
894 3122 966 3150 Illud
977 3126 1066 3150 omnim
1083 3123 1137 3149 hm-

177 3157 219 3191 ret
230 3161 257 3177 in
268 3160 350 3186 nuper
360 3152 438 3180 editis
448 3156 570 3183 omnibus
582 3177 590 3190 ‚
609 3157 652 3184 sed
662 3159 698 3185 est
708 3166 795 3187 tamen
806 3161 821 3186 ii
841 3160 998 3195 conjeftura
1009 3160 1140 3186 Ferrarii.

177 3196 250 3222 prius
261 3188 323 3222 cusi,
329 3196 371 3222 pr.
382 3191 445 3216 mim
455 3199 552 3225 exgrege
564 3211 573 3226 ,
590 3193 641 3226 (ἔνο.
665 3194 801 3230 quomodo
810 3196 875 3225 item
894 3196 998 3232 aliquot
1008 3196 1079 3225 Pau.
1098 3195 1140 3224 sed

590 3237 598 3247 Ὀ

2075 158 2167 222 623

1214 230 1268 260 ego
1281 231 1351 251 eum
1364 241 1372 255 ,
1384 230 1416 253 ut
1427 242 1435 256 ,
1447 223 1528 263 quod
1539 224 1553 254 a
1563 233 1643 264 patre
1652 228 1750 267 accepi
1761 226 1838 266 ,filio
1849 226 1975 263 reddam,
1992 237 2060 259 mea
2068 231 2174 261 nomi-

1213 264 1334 293 natione
1344 265 1500 304 cooptabo.
1519 268 1629 296 Utrum
1639 270 1731 308 igitur
1740 279 1880 311 augurem
1888 271 1973 312 Jovis
1984 272 2093 311 optimi
2105 281 2171 302 ma-

1213 306 1290 334 ximi
1302 325 1311 338 ,
1328 307 1413 345 cujus
1423 308 1615 347 interpretes,
1638 311 1879 352 internuntiique
1887 311 2043 344 constituti
2054 313 2171 348 sumus,

1212 353 1312 375 utrum
1332 348 1460 386 populus
1480 351 1574 379 Rom.
1594 350 1738 382 libentius
1756 353 1885 388 sanciet,
1906 356 2107 394 Pompnjum,
2130 365 2169 386 an

1212 388 1383 432 Antonium
1397 392 1408 418 ἲ
1432 391 1511 420 Mihi
1527 391 1649 431 quidem
1668 396 1795 425 numine
1808 395 1935 426 deorum
1946 397 2168 428 immortalium

1210 426 1327 473 videtur
1337 431 1395 460 hoc
1405 430 1525 462 fortuna
1536 433 1663 464 voluifl'e
1675 455 1684 468 ‚
1701 445 1733 466 ut
1742 436 1814 467 affis
1824 438 1942 468 Caesaris
1953 437 2049 468 firmis
2060 459 2068 472 ,
2080 449 2113 469 ac
2123 449 2170 469 ra-

1211 477 1248 497 tis
1260 471 1489 516 ,HCn.Pompeii
1508 472 1588 504 filius
1605 474 1699 515 poss'et
1716 478 1748 508 ὃς
1765 478 1939 520 dignitatem
1952 499 1960 513 ,
1982 480 2014 510 &
2033 479 2166 511 fortunas

1208 518 1312 549 patrias
1323 521 1502 551 recuperare.
1535 518 1577 545 Ac
1586 526 1624 546 ne
1634 518 1710 548 illud
1720 521 1842 560 quidem
1855 520 1972 551 silentio
1985 542 1993 555 ‚
2006 524 2036 552 P.
2048 525 2080 552 C.
2091 532 2166 562 prae-
2185 518 2207 549 6

1208 552 1387 582 tereundum
1397 563 1469 592 puto
1482 575 1490 588 ‚
1510 556 1593 596 quod
1611 558 1761 591 clarissimi
1782 564 1839 592 viri
1859 563 1966 603 legati,
1985 565 2020 593 L.
2034 564 2166 599 Paullus,

1210 594 1420 633 QThermus‚
1433 598 1601 628 GFanmus
1611 619 1618 633 ,
1628 610 1756 640 quorum
1770 604 1882 635 habetis
1891 608 2039 645 cognitam
2052 606 2167 636 volun-

1208 643 1298 682 tatem
1317 638 1350 665 in
1370 637 1509 676 rempub.
1521 649 1646 680 eamque
1664 652 1833 683 perpetuam
1845 665 1853 678 ,
1873 655 1959 687 atque
1968 646 2167 681 constantem,

1208 685 1366 722 nuntiant,
1388 678 1417 707 se
1431 682 1568 720 Pompeii
1585 686 1787 715 conveniendi
1804 688 1887 718 causa
1903 687 2054 718 divertisse
2066 688 2168 719 Malli-

1206 718 1277 747 liam
1289 738 1298 752 ,
1317 729 1448 760 eumque
1458 721 1631 760 cognoviss'e
1640 725 1821 763 paratillimo
1832 731 1958 764 animo,
1982 739 2013 761 ut
2024 740 2094 761 cum
2106 731 2166 761 suis

1205 761 1300 799 copiis
1316 761 1372 790 iret
1384 762 1419 791 ad
1430 764 1582 793 Mutinam
1594 784 1603 797 ,
1623 767 1654 794 ni
1669 776 1816 798 vereretur
1825 780 2033 802 veteranorum
2045 775 2166 802 animos

1207 800 1372 831 offendere.
1397 802 1448 833 Est
1457 803 1530 834 vero
1542 806 1605 844 ejus
1615 809 1702 846 patris
1715 806 1795 839 filius
1808 830 1815 843 ,
1827 814 1879 841 ciui
1891 813 2033 851 sapienter
2043 813 2170 844 faciebat.

1206 852 1269 873 non
1281 842 1385 873 minus
1399 845 1494 876 multa
1503 866 1511 880 ‚
1522 847 1612 886 quam
1625 847 1750 879 fortiter.
1765 845 1867 892 Itaque
1878 853 2046 895 intelligitis
2058 856 2089 885 8<
2099 857 2169 886 ani—

1205 895 1292 916 mum
1313 887 1341 915 ei
1359 886 1466 925 praesto
1485 887 1593 922 fuisse,
1614 900 1670 920 nec
1682 890 1842 922 consilium
1857 893 1990 925 defuisse.
2014 900 2114 937 Atque
2123 906 2168 927 et—

1203 929 1262 956 iam
1273 927 1331 974 hoc
1340 929 1384 957 M.
1396 929 1514 974 Lepido
1524 931 1748 970 providendum
1759 933 1801 965 est
1810 955 1818 968 ,
1838 945 1874 965 ne
1884 936 1958 976 quid
1969 940 2165 978 arrogantius„

1202 968 1293 1009 quam
1304 979 1328 1008 eJ
1336 979 1368 999 us
1378 980 1478 1001 mores
1488 972 1599 1007 rerunt,
1613 973 1707 1005 facere
1717 976 1862 1007 videatur.
1879 979 1909 1008 Si
1920 980 2002 1008 enim
2016 990 2071 1009 nos
2080 990 2167 1010 exer-

1202 1012 1262 1040 citu
1274 1019 1361 1041 terret
1372 1032 1380 1044 ,
1397 1022 1460 1043 non
1472 1016 1616 1045 meminit
1626 1036 1634 1049 ‚
1647 1017 1736 1047 illum
1749 1021 1915 1049 exercitum
1928 1039 1936 1053 ,
1953 1020 2067 1051 senatus
2080 1041 2088 1054 ,
2110 1021 2166 1061 po'-

1202 1053 1325 1093 pulique
1334 1055 1430 1084 Rom.
1441 1064 1526 1095 atque
1537 1058 1680 1088 universa:
1691 1061 1762 1099 reip.
1773 1058 1830 1090 esse
1841 1081 1850 1094 ,
1874 1071 1937 1091 non
1960 1072 2040 1091 uum.
2066 1065 2106 1092 At
2120 1064 2164 1093 uri

1201 1094 1298 1134 potest
1308 1104 1362 1140 pro
1373 1095 1436 1125 suo.
1459 1098 1541 1138 Qid
1553 1107 1617 1129 tum
1632 1105 1642 1131 ?
1659 1110 1822 1131 OMNlANE
1838 1104 1910 1133 viris
1921 1104 2010 1134 bonis
2022 1125 2031 1137 ,
2048 1104 2167 1144 quaefa-

1201 1146 1266 1166 cei‘e
1275 1135 1415 1181 poliunt,
1425 1137 1560 1169 facienda
1569 1140 1637 1171 sunt
1648 1147 1658 1173 ?
1668 1144 1799 1173 etiamne
1810 1142 1829 1174 fi
1842 1147 1937 1184 turpia
1947 1165 1955 1179 ,
1969 1145 1990 1174 si
2000 1147 2167 1185 perniciosa

1202 1187 1288 1209 erunt
1301 1182 1312 1207 ἓ
1331 1177 1351 1208 fi
1365 1181 1461 1210 iacere
1472 1183 1604 1212 omnino
1625 1193 1689 1214 non
1699 1184 1823 1215 licebit?
1840 1187 1913 1227 quid
1923 1196 2024 1217 autem
2036 1189 2163 1228 turpiuS.

1201 1229 1251 1250 aut
1260 1219 1370 1251 foedius
1379 1241 1388 1255 ‚
1399 1230 1448 1252 aut
1457 1223 1540 1263 quod
1552 1224 1656 1255 minus
1668 1225 1786 1261 deceat,
1800 1228 1890 1269 quam
1901 1238 2005 1259 contra
2016 1229 2163 1264 senatum,

1201 1264 1303 1293 contra
1311 1264 1404 1293 civeis
1416 1283 1424 1297 ,
1435 1274 1538 1295 contra
1545 1269 1669 1305 patriam
1682 1271 1850 1300 exercitum
1864 1270 1970 1300 ducere
1984 1274 1994 1300 ?
2009 1271 2082 1312 quid
2092 1272 2165 1302 verb

1201 1305 1294 1343 magis
1305 1306 1535 1345 vituperandum
1547 1327 1555 1341 ,
1566 1308 1657 1349 quam
1670 1310 1700 1340 id
1715 1311 1809 1341 iacere
1818 1331 1827 1345 ,
1839 1311 1920 1353 quod
1930 1324 1981 1342 novt
1991 1313 2096 1343 tiz-eat?
2111 1315 2165 1344 Li-

1200 1354 1245 1375 cet
1255 1355 1355 1376 autem
1366 1350 1484 1378 nemini
1496 1359 1596 1380 contra
1607 1353 1732 1390 patriam
1743 1352 1849 1383 ducere
1860 1356 2025 1385 exercitum
2039 1365 2044 1384 :
2065 1354 2087 1384 sl
2096 1357 2165 1396 qui-

1199 1386 1268 1417 dem
1280 1387 1361 1417 licere
1369 1389 1498 1420 dicimus
1507 1411 1516 1425 ,
1527 1392 1609 1432 quod
1622 1393 1751 1434 legibus,
1761 1395 1842 1435 quod
1854 1405 1940 1426 more
1950 1397 2102 1436 majorum
2114 1399 2163 1427 in-

1197 1428 1365 1471 stitutisque
1374 1432 1562 1462 conceditur.
1587 1436 1694 1476 Neque
1704 1439 1788 1466 enirn
1799 1457 1807 1470 ‚
1823 1437 1905 1478 quod
1915 1437 2041 1478 quisque
2051 1438 2157 1478 potest,

1198 1471 1229 1501 id
1239 1473 1265 1500 ei
1276 1471 1347 1502 licet
1359 1483 1364 1501 :
1385 1483 1441 1504 nec
1452 1493 1461 1506 ‚
1473 1472 1493 1504 (ι
1503 1484 1567 1505 non
1578 1475 1711 1507 obstatur
1722 1498 1730 1511 2
1742 1479 1898 1519 propterea
1908 1481 1998 1510 etiam
2011 1482 2163 1519 permitti-

1196 1521 1253 1542 tur.
1278 1513 1333 1544 tibi
1349 1516 1434 1544 enim
1453 1518 1619 1548 exercitum
1631 1538 1640 1551 ,
1662 1520 1798 1559 Lepide,
1818 1529 1974 1561 tamquam
1992 1521 2161 1560 majoribus

1197 1556 1255 1585 tuis
1265 1575 1273 1589 ‚
1292 1557 1383 1595 patria
1393 1566 1447 1597 pro
1458 1557 1486 1587 se
1496 1558 1589 1588 dedit.
1614 1561 1672 1591 hoc
1683 1570 1714 1591 tu
1725 1562 1836 1592 arcebis
1847 1561 1966 1593 hostem
1979 1573 1984 1592 :
2004 1561 2091 1593 fineis
2102 1565 2164 1593 im-

1197 1598 1273 1636 perii
1283 1598 1458 1639 propagabis
1470 1599 1609 1635 :senatui,
1620 1603 1795 1644 populoque
1805 1605 1899 1634 Rom.
1910 1604 2036 1644 parebi3‚
2047 1603 2160 1646 siquam

1196 1638 1232 1668 ad
1245 1639 1333 1669 aliam
1347 1650 1412 1670 rem
1429 1649 1457 1671 te
1474 1640 1552 1672 forte
1566 1643 1738 1674 traduxerit.
1784 1647 1857 1675 Haec
1869 1643 1889 1675 fi
1901 1648 2029 1687 cogitas,
2053 1656 2084 1677 es
2095 1667 2104 1680 ‚
2116 1649 2161 1677 M.
2184 1655 2203 1686 7

1195 1680 1309 1720 Lepide
1318 1701 1327 1714 ,
1337 1681 1479 1721 pontifex
1490 1686 1644 1715 maximus
1654 1705 1663 1720 ‚
1676 1687 1835 1726 M.Lepidi
1846 1707 1855 1721 ,
1866 1687 2018 1728 pontificis
2029 1691 2159 1719 maxim-i

1193 1731 1356 1768 pronepos.
1379 1722 1422 1754 fin
1432 1725 1612 1757 hominibus
1623 1736 1740 1758 tantum
1756 1729 1967 1769 licerejudicas
1979 1750 1987 1764 ,
2006 1740 2157 1771 quantum

1193 1763 1332 1804 poflunt:
1347 1765 1416 1796 vide
1426 1786 1435 1800 ,
1450 1777 1488 1797 ne
1498 1768 1605 1798 alienis
1616 1770 1764 1810 exemplis
1774 1790 1783 1804 ‚
1796 1771 1889 1812 iisque
1901 1773 2071 1802 recentibus
2085 1792 2093 1806 ,
2105 1775 2160 1806 uti,

1193 1805 1284 1846 quam
1305 1807 1339 1838 &
1355 1810 1505 1850 antiquis,
1528 1810 1562 1840 ὃς
1575 1810 1750 1842 domesticis
1770 1813 1862 1843 malle
1882 1813 2009 1844 videare.
2032 1815 2124 1855 Qod
2141 1813 2163 1844 fi

1193 1847 1401 1880 auCtoritatem
1411 1852 1581 1891 interponis
1594 1851 1654 1883 fine
1664 1855 1755 1884 armis
1767 1873 1776 1887 ‚
1796 1856 1890 1894 magis
1898 1855 2040 1895 equidem
2053 1852 2160 1886 laudo:

1193 1889 1242 1919 sed
1264 1890 1334 1920 vide
1357 1911 1366 1924 ‚
1402 1902 1441 1922 ne
1464 1893 1522 1923 hoc
1547 1894 1645 1933 ipsum
1669 1905 1733 1925 non
1755 1894 1789 1925 fit
1809 1894 1933 1926 necesse.
1969 1900 2165 1939 Qamquam

1194 1932 1278 1960 enim
1296 1931 1338 1961 est
1357 1941 1435 1964 tanta
1452 1935 1486 1964 in
1506 1943 1534 1965 te
1552 1935 1713 1966 auctoritas
1724 1956 1732 1970 2
1756 1946 1865 1978 quanta
1877 1937 1965 1969 debet
1980 1941 2015 1969 in
2031 1940 2161 1970 homine

1192 1971 1404 2006 nobiliffimo:
1421 1984 1522 2006 tamen
1541 1977 1660 2008 senatus
1681 1978 1710 2008 se
1729 1979 1791 2018 ipse
1809 1989 1874 2010 non
1893 1983 2082 2011 contemnit:
2103 1991 2161 2012 nec

1191 2012 1265 2044 vero
1282 2013 1342 2045 fuit
1360 2026 1504 2057 umquam
1524 2021 1643 2059 gravior
1659 2039 1667 2053 ‚
1691 2020 1877 2051 constantior
1894 2042 1903 2055 ,
1933 2021 2052 2053 fortior.
2095 2033 2106 2053 1
2120 2033 2160 2052 N-

1193 2065 1212 2085 c
1224 2066 1243 2086 ε
1254 2066 1273 2086 N
1283 2067 1296 2086 s
1308 2066 1319 2086 1
1340 2067 1448 2088 omnes
1459 2061 1592 2099 rapimur
1600 2060 1636 2091 ad
1648 2061 1817 2093 libertatem
1829 2064 2077 2103 recuperandam:
2093 2075 2160 2095 non

1190 2097 1289 2138 potest
1308 2099 1398 2130 ullius
1418 2099 1590 2132 auctoritate
1611 2111 1710 2134 tantus
1729 2104 1867 2138 senatus,
1885 2107 2050 2147 populique
2063 2109 2159 2137 Rom,

1190 2140 1275 2171 ardor
1296 2140 1446 2183 exstingui
1459 2153 1464 2171 :
1484 2143 1625 2173 odimus:
1646 2147 1712 2176 irati
1722 2156 1908 2188 pugnamus:
1929 2149 2103 2189 extorqueri
2123 2148 2161 2178 de

1191 2182 1334 2213 manibus
1353 2194 1434 2214 arma
1453 2194 1518 2215 non
1535 2184 1675 2225 poffunt:
1695 2191 1823 2228 receptui
1843 2187 1960 2230 fignum
1972 2210 1981 2223 ,
2003 2199 2053 2221 aut
2070 2200 2158 2221 revo-

1187 2227 1338 2255 cationem
1356 2225 1372 2256 a
1384 2225 1466 2256 bello
1476 2227 1579 2257 audire
1591 2238 1656 2258 non
1665 2229 1821 2269 poss'umus
1833 2241 1838 2259 z
1860 2232 2010 2271 speramus
2022 2234 2138 2272 optima
2150 2242 2156 2261 :

1188 2268 1247 2307 pati
1265 2267 1314 2297 vel
1331 2265 1516 2298 difficillima
1533 2270 1711 2305 malumus„
1723 2272 1815 2313 quam
1823 2272 1938 2312 servire.
1971 2274 2064 2305 Caesar
2077 2284 2154 2306 con-

1186 2309 1259 2339 fecit
1277 2308 1429 2340 invifflmm
1448 2313 1613 2342 exercitum
1644 2323 1650 2341 t
1673 2312 1734 2344 duo
1761 2313 1917 2345 fortissimi
1933 2317 2074 2346 consules
2102 2315 2155 2346 ad-

1188 2350 1255 2381 sunt
1272 2360 1343 2381 cum
1363 2353 1459 2391 copiis
1475 2362 1481 2381 :
1503 2354 1539 2383 L.
1550 2354 1650 2384 Planci
1666 2356 1799 2386 consulis
1818 2355 1979 2397 defigam,
1999 2359 2096 2392 varia,
2117 2356 2154 2388 δε

1189 2402 1296 2434 magna
1317 2394 1430 2423 auxilia
1449 2404 1514 2425 non
1532 2395 1640 2426 desunt
1661 2407 1666 2426 :
1697 2397 1734 2428 de
1755 2400 1795 2428 D.
1807 2400 1890 2429 Bruti
1909 2399 1999 2430 salute
2018 2408 2156 2431 certatur.

1189 2444 1267 2465 unus
1285 2434 1416 2466 furiosus
1435 2436 1581 2478 gladiator
1599 2448 1669 2468 cum
1684 2442 1915 2471 taeterrimorum
1926 2441 2078 2472 latronum
2089 2451 2154 2472 ma-

1188 2487 1230 2507 nu
1244 2496 1253 2511 ‚
1274 2487 1378 2509 contra
1397 2480 1522 2518 patriam
1537 2499 1546 2514 ‚
1566 2489 1669 2511 contra
1687 2481 1759 2512 deos
1780 2484 1930 2521 penateis,
1950 2493 2052 2514 contra
2070 2493 2152 2519 aras,

1189 2519 1222 2549 &
1231 2518 1317 2550 focos
1328 2539 1339 2554 ,
1349 2529 1452 2550 contra
1462 2530 1602 2561 quattuor
1611 2523 1749 2553 consules
1758 2525 1833 2564 gerit
1845 2524 1971 2554 bellum.
2002 2527 2086 2556 Huic
2101 2536 2153 2557 ce-

1187 2561 1292 2592 damus
1311 2565 1323 2591 ?
1343 2562 1432 2601 hujus
1453 2563 1646 2593 conditiones
1667 2564 1823 2594 audiamus
1842 2569 1852 2590 ?
1881 2575 1951 2596 cum
1969 2568 2027 2598 hoc
2045 2577 2151 2609 pacem

1187 2602 1251 2633 fieri
1269 2601 1350 2643 posse
1359 2603 1515 2634 credamus
1528 2608 1539 2634 ἲ
1562 2608 1602 2634 At
1614 2607 1783 2645 periculum
1797 2605 1839 2636 est
1850 2626 1858 2640 ,
1877 2617 1915 2637 ne
1931 2608 1966 2638 ab
1982 2609 2039 2639 hoc
2049 2612 2151 2650 oppri-

1188 2655 1318 2675 mamur.
1345 2647 1419 2675 Non
1430 2654 1546 2680 metu0,
1559 2656 1597 2676 ne
1607 2649 1632 2676 is
1645 2667 1654 2680 ,
1668 2648 1790 2688 quisuis
1803 2647 1993 2688 ampliffimis
2005 2650 2147 2687 fortunis,
2171 2659 2190 2694 g

1189 2685 1245 2716 nifi
1259 2687 1349 2717 bonis
1368 2687 1456 2717 salvis
1467 2707 1476 2721 ,
1495 2686 1556 2718 frui
1568 2698 1632 2718 non
1644 2688 1741 2728 potest
1753 2709 1761 2724 ,
1787 2691 1893 2731 prodat
1907 2691 2033 2723 salutem
2053 2694 2148 2725 suam.

1190 2730 1295 2759 Bonos
1314 2730 1408 2759 civeis
1420 2729 1556 2769 primum
1575 2738 1680 2762 natura
1692 2730 1805 2765 efficit,
1828 2732 1948 2773 adjuvat
1966 2734 2076 2765 deinde
2085 2735 2150 2766 for-

1189 2780 1271 2801 tuna.
1295 2771 1440 2801 omnibus
1450 2773 1532 2802 enim
1546 2772 1636 2802 bonis
1645 2773 1768 2814 expedit
1777 2793 1785 2808 ‚
1805 2774 1914 2805 salvam
1926 2775 1984 2806 effe
1993 2787 2087 2817 remp.
2100 2779 2149 2809 sed

1187 2815 1221 2843 in
1233 2814 1270 2843 iis
1280 2833 1289 2848 ,
1309 2814 1361 2854 qui
1372 2811 1517 2844 fortunati
1529 2814 1596 2844 sunt
1607 2835 1616 2848 ‚
1627 2818 1724 2856 magis
1734 2816 1764 2846 id
1774 2826 1902 2857 apparet.
1926 2820 2002 2859 Qis
2012 2819 2149 2851 fortuna-

1188 2856 1248 2884 tior
1259 2855 1375 2895 Lepido
1387 2875 1396 2888 ,
1418 2855 1528 2886 utante
1544 2855 1634 2886 dixi?
1654 2859 1722 2898 quis
1736 2858 1844 2889 eodem
1857 2856 1976 2890 sanior.5
1994 2861 2070 2892 vidit
2083 2863 2149 2897 eius

1187 2896 1383 2931 moestitiam,
1403 2907 1490 2938 atque
1508 2899 1650 2938 lacrymas
1659 2900 1787 2940 populus
1805 2903 1900 2931 Rom.
1914 2899 2146 2942 Lupercalibus:

1186 2939 1263 2969 vidit
1276 2958 1284 2972 ,
1303 2938 1394 2979 quam
1404 2938 1555 2974 abjeews,
1575 2940 1666 2981 quam
1677 2941 1832 2973 consedius
1843 2942 1914 2974 elset
1924 2964 1932 2977 ,
1953 2954 2023 2975 cum
2041 2947 2146 2976 Caesari

1186 2979 1324 3010 diadema
1334 2982 1498 3020 imponens
1509 2984 1661 3014 Antonius
1670 3003 1679 3018 ‚
1695 2984 1811 3015 servum
1824 2985 1851 3015 se
1866 2986 1950 3016 illius
1959 3007 1966 3019 ,
1979 2987 2069 3027 quam
2081 2988 2147 3019 col-

1186 3021 1282 3062 legam
1303 3020 1359 3052 esse
1371 3023 1510 3055 malebat.
1533 3026 1586 3065 qui
1605 3023 1757 3068 sireliquis
1776 3026 1913 3069 flagitiis,
1936 3029 1968 3059 Sc
1987 3030 2147 3060 sceleribus

2056 3071 2148 3102 absti-

1187 3123 1234 3150 scc.
1247 3124 1324 3151 habet
1338 3132 1447 3158 praetereo
1456 3135 1519 3156 anno
1528 3137 1557 3157 ex
1569 3137 1635 3165 grege
1646 3131 1769 3159 latrocinio
1789 3136 1916 3167 mmmm-1,-
1939 3132 2094 3169 tir-gulaque
2105 3132 2148 3158 in·-

1186 3161 1288 3189 cumbit
1298 3161 1340 3191 illi
1350 3171 1422 3191 anno.

2070 3239 2158 3273 »κιρ
