2297 3389
560 151 605 208 Ο
628 164 661 197 a
686 165 716 197 A
741 164 775 198 *r
800 165 817 198 1
841 166 871 197 ο
925 164 953 198 1⁵
978 164 1013 199 a
1035 167 1078 207 or

61 240 86 276 6
104 237 212 279 Arguis
222 235 354 268 occisum
363 231 492 266 effe‘aC-
504 233 629 265 Rabirio
645 236 677 265 L.
688 235 902 265 Saturninum:
922 233 956 264 &
974 234 1005 264 id
1029 232 1062 264 C.
1080 225 1082 227 ¹

107 281 249 312 Rabirius
259 278 428 310 multorum
449 275 634 307 testimoniis
644 297 652 309 ‚
673 275 892 318 QHortenfio
901 274 1063 315 copiosiffi—

108 321 162 352 me
181 320 360 352 defendente
369 338 378 352 ,
397 326 482 349 antea
493 317 602 348 falsum
616 316 673 348 effe
684 319 796 348 docuit.
828 321 893 359 Ego
901 327 1001 347 autem
1012 336 1021 350 ,
1041 315 1062 346 fi

106 364 188 393 mihi
205 361 279 393 effet
293 363 444 401 integrum
455 380 464 394 ,
479 360 645 401 susciperem
654 361 702 389 hoc
711 359 813 388 crimen
824 379 832 392 ,
857 359 1060 400 agnoscerem,

106 404 274 436 confiterer.
294 403 420 433 Utinam
432 402 505 432 hanc
515 402 592 432 mihi
600 400 770 432 facultatem
781 401 865 431 causa
873 399 1060 433 concederet,

107 456 142 478 ut
158 443 274 486 possem
291 443 516 484 hocpraedicare
533 464 542 477 ,
574 446 606 474 C.
618 444 734 474 Rabirii
744 452 836 474 manu
848 464 856 476 ,
877 445 915 473 L.
926 443 1061 473 saturni-

105 496 202 521 num,
224 485 342 516 hostem
352 486 457 526 populi
466 487 561 516 Rom.
581 484 787 516 interfefihxm.
821 484 910 515 Nihil
930 493 981 514 me
1000 483 1060 513 cla-

104 539 177 560 mor
192 527 246 559 iste
258 536 459 561 commovet,
486 527 535 558 sed
563 527 753 560 consolatur,
784 536 856 557 cum
874 526 987 556 indicat
1002 523 1060 555 effe

103 570 250 612 quosdam
259 571 352 600 civeis
370 570 547 609 imperitos.
570 569 619 600 sed
636 579 701 600 non
720 569 846 599 multos.
870 577 1058 608 numquam,

105 614 185 643 mihi
198 611 308 642 credite
321 631 330 645 ,
350 611 480 651 populus
489 613 548 642 Ro.
561 612 612 642 hic
626 631 634 645 ‚
661 613 714 653 qui
724 609 788 641 filet
802 631 810 644 ,
836 610 994 642 consulem
1008 618 1059 638 me

101 652 235 688 feciffet,
269 651 290 683 si
313 652 413 683 vestro
430 653 562 684 clamore
579 653 782 694 perturbatum
800 653 838 682 iri
862 651 1058 682 arbitraretur.

102 698 227 736 Qanto
230 697 295 736 jam
309 695 407 725 levior
415 694 458 726 est
466 695 638 726 acclamatio
649 697 655 724 !
676 696 753 736 quin
762 694 927 724 continetis
936 701 1056 726 vocem,

101 738 237 768 indicem
246 736 379 768 stultitiae
390 736 491 767 vestl‘ae
503 757 511 771 ‚
528 736 633 767 testem
643 737 815 777 paucitatis?
831 734 994 767 Libenter,
1010 735 1059 763 in-

101 788 193 821 quam
206 800 214 813 ‚
234 778 394 810 confiterer
404 799 413 812 ,
437 777 458 808 sl
469 778 538 809 vere
547 777 664 819 poffem
679 797 688 811 ,
707 785 758 807 aut
766 777 857 807 etiam
868 774 888 805 s1
898 776 976 805 mihi
987 773 1060 806 esset

100 823 254 863 integrum
266 842 274 854 ‚
296 823 333 851 C.
348 821 464 851 Rabirii
474 830 567 850 manu
577 822 612 850 L.
623 820 819 850 Saturninum
832 816 890 848 ess'e
902 818 1037 848 occisum
1051 828 1057 846 :

103 863 177 894 &id
188 864 306 903 facinus
317 884 325 896 ,
343 862 560 904 pulcherrimum
570 860 629 891 esse
637 861 807 891 arbitrarer:
827 859 875 890 sed
887 879 895 893 ,
910 860 1057 900 quoniam

100 906 132 935 id
143 905 236 935 facere
247 914 311 935 non
321 902 439 944 possum
450 923 459 937 ,
484 901 654 933 confitebor
662 902 692 932 id
707 922 715 936 ,
730 902 814 943 quod
822 901 859 932 ad
869 901 987 932 laudem
999 903 1059 931 mi-

99 957 159 978 nus
168 947 291 980 valebit,
303 946 337 976 ad
346 947 464 975 crimen
475 954 538 974 non
548 946 662 974 minus.
686 941 1058 977 Confiteor,interficiendi

99 990 252 1019 Saturnini
262 988 343 1017 causa
353 1006 361 1020 ,
375 989 407 1017 C.
417 986 580 1016 Rabirium
590 996 670 1016 arma
685 984 802 1025 cepiss'e.
834 984 916 1026 Qid
927 984 969 1015 est
979 1004 988 1019 ,
1001 986 1058 1015 La—

98 1031 210 1060 biene?
226 1039 316 1070 quam
334 1028 349 1059 a
366 1038 415 1058 me
425 1029 593 1069 graviorem
615 1026 833 1058 confeffionem
846 1046 855 1061 ,
874 1026 1058 1067 autquodin

98 1073 183 1102 hunc
201 1072 297 1105 maius
316 1072 433 1100 crimen
456 1069 628 1110 exspeEtas?
652 1068 718 1099 Nisi
738 1068 811 1099 vero
828 1069 1057 1099 INTERESSE

97 1113 298 1154 ,ALIQJID
315 1120 399 1152 putas
421 1113 502 1141 inter
515 1122 585 1141 eum
598 1131 608 1145 ,
629 1112 681 1152 qui
701 1112 862 1141 hominem
873 1110 1004 1145 occidit,
1022 1111 1055 1141 δε

96 1165 169 1185 eum
180 1175 189 1189 ,
205 1156 336 1196 quicum
346 1154 407 1184 telo
414 1153 573 1184 occidendi
583 1155 718 1183 hominis
729 1153 812 1183 causa
820 1151 888 1183 fuit.
925 1154 955 1183 Si
964 1155 1057 1182 inter-

98 1195 148 1227 fici
160 1199 354 1227 Saturninum
366 1195 448 1225 nefas
457 1194 534 1225 fuit:
549 1205 631 1226 arma
642 1195 735 1226 sumta
747 1193 804 1225 ess'e
812 1203 916 1224 contra
926 1196 1059 1224 Saturni-

98 1237 252 1272 num,s1ne
264 1238 370 1268 scelere
379 1248 443 1268 non
454 1235 584 1277 possunt.
607 1236 626 1266 fi
637 1247 717 1266 arma
725 1238 790 1277 jure
800 1236 896 1268 sumta
903 1236 1056 1267 concedis:

92 1283 108 1321 J
120 1279 317 1311 interfcfmm
324 1280 393 1321 jure
402 1279 546 1310 concedas
555 1278 658 1310 neceiir
654 1289 669 1308 e
680 1278 732 1309 est.

319 1364 446 1394 paucula
458 1363 584 1405 quadam
593 1362 674 1401 deesse
683 1362 825 1393 videntur.

59 1459 78 1492 7
96 1448 144 1481 Fit
153 1451 182 1480 S.
195 1450 226 1480 C.
239 1456 273 1479 ut
281 1450 315 1479 C.
328 1449 442 1478 Marius
455 1468 463 1482 ,
482 1450 518 1478 L.
530 1447 665 1478 Valerius
676 1467 684 1481 ‚
703 1446 843 1478 consules
855 1466 863 1480 ‚
876 1444 1055 1476 adhiberent

94 1491 232 1522 tribunos
249 1491 290 1530 pl.
311 1490 512 1530 &praetores,
529 1499 606 1531 quos
623 1492 667 1519 eis
686 1489 852 1519 videretur:
873 1498 1055 1528 operamque

93 1532 198 1564 darent
207 1552 215 1566 ‚
232 1543 277 1563 ur
293 1542 479 1562 *IMPERIUM
489 1532 594 1572 populi
605 1534 741 1562 Romani
754 1551 762 1565 ,
774 1529 968 1571 majestasque
980 1539 1054 1559 con·-

89 1573 262 1607 servaretur.
285 1574 567 1604 Adhibentomneis
583 1577 598 1593 ²
611 1573 747 1604 tribunos
755 1573 1053 1613 plpraetersatumi-

90 1626 186 1650 num,
196 1625 449 1657 praetorespraeter
463 1616 633 1646 Glauciam:
660 1617 713 1656 qui
722 1615 859 1655 rempub.
872 1614 981 1645 salvam
993 1612 1053 1643 effe

89 1658 225 1697 vellent,
244 1669 325 1689 arma
334 1668 434 1698 capere
445 1677 453 1692 ‚
474 1659 507 1688 &
523 1659 554 1688 se
568 1658 649 1698 sequi
666 1658 786 1697 jubent..
810 1659 916 1687 Parent
933 1665 1050 1686 omnes.

88 1701 129 1730 ἐκ
138 1699 274 1730 aedificiis
284 1700 579 1741 armamentariisque
597 1699 726 1740 publicis
735 1709 817 1729 arma
826 1698 942 1739 populo
953 1699 1049 1728 Rom.

89 1743 127 1772 C.
138 1743 237 1772 Mario
246 1743 369 1773 consule
380 1741 577 1772 distribuente
591 1762 600 1776 ,
612 1741 729 1772 dantur.
753 1740 882 1781 Hicjam
893 1761 903 1773 ‚
915 1748 949 1770 ut
956 1741 1051 1770 omit-

90 1791 154 1814 tam
164 1792 276 1817 cetera,
305 1784 342 1814 de
351 1784 464 1824 teipso,
485 1784 637 1817 Labiene,
660 1793 761 1825 quaero
774 1793 779 1812 :
792 1781 862 1813 cum
874 1784 1052 1813 Saturninus

93 1825 281 1865 Capitolium
294 1834 407 1856 teneret
419 1835 550 1856 armatus
563 1846 571 1860 ,
584 1824 654 1855 effet
663 1826 722 1855 una
732 1828 764 1856 C.
776 1825 900 1855 Glaucia
909 1844 918 1858 ,
932 1826 965 1854 C.
978 1827 1051 1854 Sau-

90 1866 169 1907 fejus
180 1887 189 1901 ,
209 1868 302 1898 etiam
315 1867 367 1897 ille
377 1877 416 1897 ex
429 1867 628 1908 compedibus
638 1877 724 1909 atque
734 1866 879 1908 ergastulo
890 1867 1049 1896 Gracchus:

91 1908 202 1939 addam
220 1910 378 1950 (quoniam
389 1911 429 1940 ita
438 1911 498 1949 vis)
520 1909 631 1939 eodem
643 1909 871 1949 QLabienum
883 1928 892 1942 ,
908 1916 1048 1948 patruum

92 1959 182 1981 tuum
194 1961 198 1980 :
218 1952 253 1981 in
262 1950 330 1981 foro
339 1959 440 1981 autem
451 1954 483 1981 C.
496 1952 610 1981 Marius
620 1971 629 1985 ,
649 1952 682 1981 ὃ(
701 1952 738 1981 L.
749 1951 886 1981 Valerius
905 1950 1025 1980 Flaccus
1036 1970 1045 1984 ‚

91 1992 260 2033 Coss.pbst
268 1992 395 2023 cunetus
414 1993 548 2027 senatus,
567 2002 653 2034 atque
672 1992 724 2022 ille
740 1993 874 2025 senatus,
892 2001 988 2032 quern
1005 2000 1050 2021 et-

89 2035 153 2065 iam
164 2045 219 2065 vos
227 2034 296 2076 ipsi,
313 2036 364 2076 qui
374 2035 429 2064 hos
438 2037 534 2066 Patres
543 2035 726 2074 conscriptos
737 2053 745 2069 ,
763 2036 816 2075 qui
825 2043 907 2063 nunc
916 2033 984 2064 sunt
994 2053 1002 2066 ,
1013 2034 1048 2063 in

88 2077 241 2107 invidiam
261 2079 392 2110 vocatis,
418 2087 480 2117 quo
498 2076 615 2106 facilius
633 2076 670 2106 de
690 2077 748 2107 hoc
776 2076 878 2106 senatu
897 2075 1049 2106 detrahere

87 2117 203 2159 poffitis
212 2119 349 2152 ,laudare
361 2118 556 2148 consuevistis
574 2117 663 2149 :cum
677 2117 811 2159 equester
820 2117 911 2147 ordo:
931 2126 960 2147 at
969 2126 1046 2157 quo—

88 2170 160 2191 rum
179 2163 317 2202 equitum
328 2164 422 2191 Rom.
443 2160 487 2190 dii
505 2160 712 2191 immortales!
732 2169 848 2200 patrum
859 2158 1044 2192 nostrorum,

86 2203 176 2244 atqiie
188 2205 254 2243 ejus
267 2204 358 2233 aetatis
368 2222 376 2236 ‚
396 2212 461 2243 quae
472 2210 537 2231 turn
551 2212 691 2243 magnam
701 2211 815 2242 partem
827 2202 899 2241 reip.
910 2209 996 2242 atque
1010 2211 1045 2230 o-

86 2254 197 2277 mnem
214 2244 393 2287 dignitatem
407 2243 597 2284 judiciorum
619 2243 739 2275 tenebat
758 2254 765 2273 ;
796 2241 868 2273 cum
886 2252 995 2272 omnes
1013 2252 1049 2272 o-

87 2288 212 2318 mnium
222 2286 366 2317 ordinum
384 2286 546 2319 homines,
566 2287 619 2326 qui
640 2285 669 2314 in
681 2285 777 2325 salute
794 2283 900 2326 reipub.
918 2284 1045 2324 fizlutem

77 2329 169 2370 suam
185 2328 331 2370 repositam
350 2327 398 2365 effi
414 2327 645 2361 arbitrabantur,
675 2337 756 2357 arma
781 2325 942 2366 cepiffcnt:
970 2326 1043 2366 quid

84 2370 207 2401 tandem
219 2373 250 2400 C.
262 2370 389 2400 Rabirio
405 2368 578 2400 faciendum
592 2368 673 2399 fuit?
693 2371 742 2399 De
752 2377 780 2399 te
790 2370 855 2409 ipso
865 2388 873 2402 ,
894 2370 1019 2409 inquam
1032 2388 1041 2402 ,
1064 2395 1066 2398 .

82 2413 237 2446 Labiene,
256 2422 375 2453 quaero:
395 2410 467 2443 αὐτη
477 2411 513 2442 ad
521 2412 752 2442 armaconsules
762 2421 800 2442 ex
821 2413 885 2442 S-C.
903 2410 1040 2441 vocavis-

80 2454 148 2484 sent
160 2465 166 2483 ι
185 2452 256 2485 cum
267 2463 397 2484 armatus
407 2455 450 2483 Μ.
462 2453 607 2484 AEmilius
619 2474 627 2487 ,
647 2455 782 2494 princeps
797 2454 914 2484 senatus
924 2454 977 2487 ,in
988 2462 1041 2483 co-

84 2497 176 2526 mitio
185 2494 379 2526 constitisset:
400 2495 535 2537 quicum
549 2495 663 2536 ingredi
672 2497 726 2525 vix
735 2494 831 2535 poss'et
842 2516 851 2529 ‚
869 2504 935 2524 non
944 2494 981 2525 ad
993 2496 1041 2524 in-

83 2537 275 2579 sequendum
287 2536 339 2567 fibi
350 2537 513 2568 tarditatem
523 2537 637 2577 pedum
645 2557 654 2571 ,
665 2537 714 2567 sed
721 2537 756 2567 ad
767 2536 944 2579 fugiendum
956 2557 966 2570 ‚
978 2538 1041 2566 im-

84 2580 263 2620 pedimento
274 2578 338 2609 fore
346 2579 482 2619 putabat:
505 2578 578 2609 cum
595 2579 727 2620 denique
744 2579 942 2620 Qcaevolzh
965 2588 1041 2609 con-

80 2621 179 2652 feGms
191 2620 342 2654 sene&ute
352 2640 361 2655 ,
381 2620 559 2662 praepeditus
573 2620 684 2651 morbo
697 2641 706 2654 ,
724 2631 847 2651 mancus
858 2640 867 2655 ,
888 2620 922 2650 &
940 2630 1042 2650 mern-

81 2663 145 2694 bris
160 2663 306 2693 omnibus
320 2671 424 2702 caprus
441 2683 449 2697 ‚
470 2673 504 2694 ac
514 2662 623 2693 debilis
633 2683 642 2697 ,
670 2662 876 2699 hastilinixru‚
894 2662 928 2692 ὃς
943 2664 1040 2692 animi

80 2705 193 2737 vim&
209 2703 418 2735 infirmitatem
434 2707 568 2745 corporis
584 2704 770 2735 ostenderet:
790 2704 862 2735 cum
880 2706 914 2734 L.
928 2704 1037 2734 Metel-

82 2748 130 2778 ius
143 2767 152 2781 ,
170 2746 356 2781 Ser-Galba,
384 2749 418 2777 C.
433 2750 591 2781 Serranus,
618 2749 648 2778 P.
661 2747 815 2781 Rutilius,
842 2749 874 2776 C.
888 2745 1038 2780 Fimbria,

80 2789 273 2829 QCatulus,
293 2789 478 2829 omnesque,
498 2789 549 2829 qui
567 2797 634 2818 tum
653 2797 736 2819 erant
748 2809 758 2823 ,
778 2788 946 2819 consulares
959 2808 967 2820 ‚
985 2797 1040 2827 pro

80 2832 173 2863 salute
183 2832 351 2863 communi
368 2841 450 2862 arma
465 2828 609 2872 cepissent
628 2841 634 2860 t
658 2829 731 2861 cum
753 2841 859 2861 ornnes
875 2839 1017 2870 praetores
1030 2849 1038 2863 ,

79 2872 188 2903 cundia
197 2873 339 2904 nobilitas
350 2893 359 2907 ,
371 2873 554 2912 acjuventus
565 2882 737 2906 accurreret,
764 2876 776 2901 3
789 2876 823 2904 C.
835 2872 869 2903 &
878 2874 912 2902 L.
925 2873 1041 2902 Domi—

80 2917 162 2949 tiuS,
181 2917 218 2946 L.
239 2912 372 2950 craffus,
393 2916 582 2955 Qffliicius,
603 2917 635 2946 C.
656 2915 817 2950 Claudius,
843 2917 888 2945 M.
904 2914 1039 2945 Drusus:

1121 149 1581 198 GRAnrRro.
1964 163 2061 218 ‘393

1107 231 1178 263 cum
1199 243 1308 264 omnes
1325 233 1464 269 oetavii,
1494 232 1613 264 Metelli
1630 252 1639 267 ,
1658 231 1736 275 Juffl
1754 251 1763 267 ‚
1783 231 1893 264 Cassii,
1915 232 2057 261 Catones,

1106 277 1244 314 Pompeii
1256 286 1261 304 1
1283 275 1356 307 curn
1368 278 1404 307 L.
1416 277 1588 317 Philippus,
1603 277 1638 306 L.
1648 276 1767 315 Scipio,
1778 273 1851 306 cum
1861 276 1905 304 M.
1918 271 2060 312 Lepidus.

1106 314 1179 345 cum
1190 319 1230 346 D.
1242 319 1348 348 Brutus
1358 338 1368 352 ‚
1388 317 1460 348 cum
1471 319 1521 348 hic
1531 319 1595 358 ipse
1607 320 1637 348 P.
1649 317 1794 348 Servilius
1804 336 1812 351 ,
1833 325 1895 357 quo
1913 323 1945 344 tu
1960 315 2060 352 impeu

1105 365 1220 390 rawre,
1244 359 1375 389 Labiene
1386 380 1395 394 ‚
1413 359 1567 390 meruisti:
1585 358 1659 390 curn
1675 360 1724 389 hic
1741 358 1931 400 QCatulus,
1951 355 2058 386 admo-

1105 398 1180 427 dum
1200 407 1265 429 tum
1285 400 1475 435 adolescens,
1501 400 1573 432 cum
1592 402 1643 431 hic
1659 403 1690 431 C.
1703 403 1816 434 Cui-io,
1838 398 1911 431 cum
1927 398 2060 438 denique

1104 448 1213 469 omnes
1220 441 1381 471 'clarissimi
1391 445 1446 472 viri
1455 453 1525 473 cum
1537 443 1713 473 consulibus
1724 441 1835 473 ess'ent:
1852 440 1926 482 quid
1935 438 2058 470 tandem

1104 483 1140 511 C.
1153 480 1312 511 Rabirium
1323 481 1417 513 facere
1425 484 1590 516 convenit?
1608 483 1710 515 utrum
1721 484 1874 514 inclusum
1885 503 1894 516 ,
1906 491 1992 523 atque
2004 480 2058 511 ab—

1103 522 1202 553 ditum
1221 522 1311 553 latere
1330 526 1363 553 in
1378 525 1514 559 occulto,
1537 535 1623 567 atque
1641 527 1790 566 ignaviam
1802 526 1887 566 fitam
1897 544 1905 559 ,
1924 522 2060 554 tenebra-

1103 574 1172 595 rum
1189 584 1198 598 ‚
1222 574 1255 595 ac
1262 566 1409 605 parietum
1420 566 1564 596 custodiis
1575 577 1685 608 tegere:
1704 578 1742 597 an
1752 569 1785 597 in
1796 567 1980 608 Capitolium
1990 574 2059 605 per-

1103 616 1172 647 gere
1181 625 1189 640 ,
1201 615 1288 648 atque
1296 607 1340 637 ibi
1349 607 1377 637 se
1390 617 1460 638 cum
1477 616 1529 638 tuo
1539 616 1644 648 patruo
1659 628 1666 642 ,
1686 609 1718 639 &
1727 611 1832 639 ceteris
1842 629 1850 644 ,
1865 608 1900 639 ad
1909 616 2055 643 mortem,

1103 656 1224 688 propter
1232 651 1301 679 vitae
1316 649 1559 689 turpitudinem,
1580 649 1825 691 confugientibus
1838 671 1846 684 ,
1867 653 2058 691 congregare?

1102 698 1217 720 ancum
1228 692 1326 720 Mario
1337 711 1345 724 ,
1366 694 1475 721 Scauro
1486 711 1495 724 ,
1506 692 1613 721 Catulo
1625 710 1633 725 ‚
1654 692 1779 722 Metello
1790 712 1799 725 ,
1820 692 1950 723 Scaevola
1959 711 1969 724 ‚
1982 700 2055 720 cum

1104 730 1195 761 bonis
1204 731 1335 773 denique
1353 733 1500 763 omnibus
1516 734 1597 763 coire
1613 743 1677 763 non
1693 732 1787 763 modi>
1806 734 1925 767 salutis,
1945 731 2053 762 verum

1102 774 1193 804 ctiam
1207 775 1331 813 periculi
1343 775 1511 805 societatem
1523 777 1534 804 ?
1545 778 1596 805 Tu
1606 774 1735 814 denique
1748 794 1756 807 ‚
1768 774 1916 808 Labiene,
1928 774 2001 816 quid
2011 773 2082 804 far-‘3

1101 824 1181 845 ceres
1200 816 1250 846 tali
1272 818 1306 846 in
1328 827 1378 850 re,
1405 826 1438 847 ac
1458 826 1594 857 tempore
1611 822 1620 848 ?
1646 815 1719 846 cum
1739 817 1863 856 ignaviae
1881 826 1954 847 ratio
1973 825 2002 845 te
2022 817 2055 845 in

1101 855 1222 898 fugam,
1241 858 1696 899 atqueinlatebrasimpelleret:
1715 858 1910 897 improbitas,
1930 857 2055 887 &suroe

1102 900 1139 929 L.
1149 901 1301 930 Saturnini
1321 902 1352 930 in
1363 901 1547 940 Capitolium
1555 899 1722 933 arcesseret,
1746 900 1885 929 consules
1899 898 1934 929 ad
1956 902 2056 939 patri-az

1101 940 1225 972 salutern
1236 961 1245 975 ,
1265 952 1296 972 ac
1304 942 1472 972 libertatem
1482 951 1639 973 vocarent:
1659 951 1750 982 quam
1761 941 1882 971 tandem
1898 940 2056 971 auctorita—

1101 990 1163 1012 tem
1175 1003 1183 1016 ,
1195 993 1285 1024 quam
1296 994 1404 1014 vocem
1414 1004 1422 1018 ,
1442 986 1526 1024 cujus
1537 982 1646 1023 sesiam
1649 984 1732 1024 sequi
1742 1003 1750 1016 ,
1770 983 1854 1021 cujus
1863 984 1991 1023 imperio
2001 991 2053 1022 pa-

1098 1023 1162 1054 rere
1177 1023 1368 1065 potiffimum
1385 1026 1479 1056 velles
1499 1029 1510 1055 ?
1545 1029 1666 1057 Patruus
1685 1045 1693 1059 ‚
1711 1027 1812 1066 inquit
1828 1044 1837 1058 ,
1856 1033 1963 1056 meus,
1982 1033 2055 1054 cum

1100 1069 1261 1099 Saturnino
1279 1067 1346 1098 fuit.
1378 1068 1480 1110 Qid?
1499 1077 1579 1108 pater
1598 1070 1759 1109 qui-cum?
1778 1066 1874 1108 quid?
1891 1067 2055 1107 propinqui

1098 1107 1186 1138 vestri
1201 1129 1210 1142 ,
1230 1111 1344 1150 equites
1353 1111 1511 1141 Romani?
1527 1109 1621 1151 quid?
1638 1111 1739 1140 omnis
1750 1107 1941 1150 praefedfflra,
1959 1117 2054 1150 regio,

1098 1152 1236 1181 vicinitas
1246 1151 1359 1182 vestra?
1375 1152 1469 1193 quid?
1488 1162 1556 1194 ager
1564 1154 1689 1182 Picenus
1698 1151 1871 1184 universus,
1887 1148 1991 1180 utrum
2002 1150 2056 1179 tri·

1099 1191 1255 1223 bunitium
1274 1193 1427 1227 furorem,
1448 1204 1486 1224 an
1505 1194 1694 1225 consularem
1713 1192 1922 1224 au&0ritatem
1936 1192 2054 1222 secutus

1097 1233 1161 1264 est?
1180 1235 1332 1275 Equidem
1342 1237 1401 1266 hoc
1409 1234 1529 1266 affirmo
1541 1257 1550 1270 ,
1570 1235 1652 1277 quod
1670 1245 1702 1266 tu
1724 1245 1806 1265 nunc
1824 1235 1862 1264 de
1878 1244 1931 1264 tuo
1947 1242 2053 1274 patruo

1097 1276 1247 1316 praedicas,
1259 1279 1417 1308 neminem
1429 1288 1574 1319 umquam
1584 1278 1679 1308 adhuc
1689 1277 1725 1308 de
1736 1277 1794 1307 sese
1803 1275 1860 1306 effe
1869 1273 2050 1307 confessum.

1100 1328 1192 1348 nemo
1213 1318 1275 1354 est,
1294 1321 1418 1361 inquam
1430 1341 1438 1353 .
1458 1322 1600 1350 inventus
1618 1329 1678 1350 tam
1693 1318 1867 1359 profligatus
1880 1339 1889 1351 ,
1909 1327 1969 1348 tarn
1984 1327 2051 1357 per-

1098 1359 1177 1390 ditus
1187 1381 1195 1394 ,
1214 1369 1273 1392 tam
1284 1362 1320 1391 ab
1331 1365 1418 1392 omni
1428 1372 1493 1392 non
1504 1361 1598 1392 modo
1610 1361 1761 1392 honestate
1771 1381 1779 1394 ,
1804 1360 1853 1391 sed
1865 1359 2054 1400 etiamssmu-

1094 1401 1201 1432 tatione
1216 1402 1358 1439 umidioris
1374 1403 1512 1438 reli&us,
1542 1406 1595 1445 qui
1612 1405 1638 1434 se
1658 1405 1691 1434 in
1711 1402 1861 1443 Capitolio
1875 1399 1963 1431 fuisse
1981 1411 2054 1431 cum

1096 1446 1258 1474 Saturnino
1275 1446 1423 1475 fateretur.
1461 1450 1502 1476 At
1525 1445 1583 1476 fuit
1600 1445 1697 1476 vester
1711 1454 1840 1486 patruus-
1874 1445 1990 1474 Fuerit:
2018 1443 2052 1473 δε

1095 1485 1188 1516 fuerit
1209 1487 1293 1516 nulla
1308 1487 1512 1527 desperatione
1528 1498 1629 1518 rerum
1655 1488 1772 1518 suarum
1785 1506 1793 1520 ,
1823 1486 1918 1516 nullis
1944 1485 2054 1515 dorne-

1096 1527 1178 1558 sticis
1191 1529 1368 1559 vulneribus
1385 1529 1523 1559 coadius:
1541 1530 1695 1560 induxerit
1711 1539 1782 1559 eum
1796 1530 1834 1559 L.
1844 1528 1997 1558 Saturnini
2008 1526 2053 1557 fa·-

1095 1570 1270 1605 miliaritas‚
1297 1580 1330 1601 ut
1352 1572 1515 1601 amicitiam
1532 1573 1631 1613 patria
1643 1578 1815 1614 praeponeret.
1847 1569 1999 1600 idcircone
2016 1579 2053 1598 o—

1094 1614 1209 1653 portuit
1221 1615 1254 1643 C.
1267 1613 1427 1644 Rabirium
1438 1613 1597 1644 desciscere
1606 1614 1622 1644 a
1631 1613 1803 1654 republica?
1822 1621 1886 1641 non
1895 1621 2051 1651 compare-

1093 1655 1227 1685 reinilla
1240 1664 1350 1686 armata
1365 1655 1564 1686 multitudine
1583 1655 1758 1686 bonorum?
1776 1653 1939 1685 consulum
1963 1654 2052 1687 voci,

1094 1699 1313 1738 atqueimperio
1321 1708 1388 1728 non
1396 1697 1519 1728 obedire
1531 1700 1540 1727 ?
1557 1699 1649 1738 Atqui
1660 1697 1798 1727 videmus
1808 1716 1817 1730 ‚
1833 1696 1894 1725 haec
1903 1697 1937 1724 in
1947 1705 2051 1726 rerum

1094 1748 1197 1769 natura
1215 1742 1269 1769 tria
1284 1738 1390 1770 fuifl'e:
1410 1748 1443 1770 ut
1462 1749 1511 1770 aut
1526 1749 1596 1770 cum
1614 1740 1773 1770 Saturnino
1793 1736 1883 1771 effet,
1910 1746 1960 1767 aut
1977 1746 2049 1767 cum

1094 1781 1249 1815 bonis,aut
1259 1782 1370 1812 lateret.
1386 1781 1614 1816 Latere‚mortis
1625 1789 1685 1811 erat
1695 1780 1787 1810 instar
1795 1777 2051 1820 turpiffimae2cum

1094 1825 1257 1860 Saturnino
1268 1822 1341 1857 effe,
1354 1823 1465 1854 furoris
1475 1844 1482 1857 ,
1494 1824 1527 1854 δε
1537 1824 1652 1854 sceleris
1664 1834 1669 1852 ;
1681 1825 1775 1853 virtus
1787 1842 1795 1855 ,
1808 1822 1840 1851 ὃς
1854 1820 2003 1853 honestas,
2017 1821 2052 1852 δε

1093 1865 1192 1905 pudor
1199 1875 1270 1896 cum
1280 1865 1455 1896 consulibus
1466 1864 1525 1896 effe
1532 1865 1740 1906 cogebat-Hoc
1750 1874 1782 1895 tu
1791 1866 1882 1905 igitur
1890 1865 1923 1893 in
1933 1864 2051 1894 crimen

1094 1917 1181 1937 vocas
1192 1927 1200 1941 ,
1220 1906 1305 1948 quod
1320 1917 1392 1938 cum
1402 1909 1439 1938 iis
1451 1906 1542 1938 fuerit
1556 1910 1590 1937 C.
1599 1907 1740 1937 Rabirius
1750 1926 1759 1940 ‚
1779 1915 1854 1947 quos
1865 1926 1872 1939 ,
1886 1903 2052 1935 amentiffi-

1094 1959 1164 1979 mus
1182 1948 1297 1983 fuiss'et,
1318 1948 1340 1979 fi
1358 1947 1569 1991 oppugnafl'et:
1598 1947 1800 1989 tuipiffimus,
1821 1945 1842 1976 si
1862 1945 2051 1987 reliquisset?

1094 1994 1134 2021 At
1142 1993 1175 2021 C.
1185 1993 1355 2025 Decianus,
1377 1992 1413 2021 de
1423 2001 1484 2033 quo
1494 2000 1526 2021 tu
1537 1991 1609 2031 saepe
1618 1998 1842 2021 commemoras
1853 2008 1861 2023 ,
1875 1991 1944 2029 quia
1957 2009 1965 2022 ,
1976 1998 2047 2018 cum
2063 1994 2087 2028 9

1092 2034 1256 2063 hominem
1282 2033 1429 2063 omnibus
1450 2031 1502 2063 infi
1525 2042 1595 2062 nem
1610 2034 1691 2063 notis
1708 2030 1923 2072 turpitudinis,
1943 2033 1973 2061 P.
1989 2033 2049 2060 Fu-

1091 2076 1171 2105 rium
1182 2094 1190 2108 ,
1213 2075 1510 2105 accusaretsummoi
1526 2074 1598 2105 udio
1615 2074 1768 2104 bonorum
1784 2074 1928 2103 omnium
1939 2092 1947 2106 ,
1967 2071 2050 2113 queri

1092 2115 1135 2146 es‘?
1145 2116 1230 2156 ausus
1241 2118 1275 2146 in
1288 2119 1438 2147 concione
1456 2116 1492 2146 de
1517 2125 1616 2146 morte
1632 2116 1805 2148 Saturnini,
1828 2114 2049 2144 condemnatus

1091 2157 1150 2188 est:
1171 2160 1281 2189 &Sere
1292 2160 1395 2189 Titius
1406 2178 1414 2192 ,
1435 2157 1516 2199 quod
1536 2158 1642 2188 habuit
1659 2159 1825 2199 imaginem
1844 2158 1880 2186 L.
1895 2157 2050 2186 Saturnini

1090 2200 1244 2231 domisuae
1258 2220 1267 2234 ,
1287 2199 1506 2230 condemnatus
1515 2199 1566 2230 est.
1591 2202 1762 2230 statuerunt
1780 2200 1894 2239 equites
1911 2198 2049 2228 Romani

1090 2242 1144 2273 illo
1151 2242 1286 2282 judicio,
1307 2242 1484 2282 improbum
1503 2243 1603 2271 civem
1615 2241 1673 2272 esse
1687 2262 1696 2276 ,
1713 2241 1747 2271 ὃς
1765 2251 1831 2270 non
1851 2239 2048 2271 retinendum

1088 2286 1121 2313 in
1132 2286 1267 2318 civitate,
1288 2286 1340 2325 qui
1359 2285 1516 2317 hominis,
1544 2283 1687 2314 hostilem
1706 2285 1739 2313 in
1753 2282 1883 2313 modum
1904 2280 2048 2317 seditiosi,

1087 2327 1220 2368 imagine
1238 2335 1288 2356 aut
1306 2335 1440 2356 mortem
1458 2327 1523 2367 ejus
1548 2325 1717 2356 honestaret
1728 2345 1737 2360 ,
1759 2334 1809 2355 aut
1827 2323 1967 2355 defideria
1984 2326 2049 2355 irn-

1085 2370 1253 2408 peritorum
1271 2368 1474 2398 misericordia
1491 2376 1720 2402 commoveret,
1740 2376 1789 2397 aut
1806 2367 1889 2398 suam
1901 2365 2048 2407 significa-

1085 2419 1130 2440 ret
1146 2410 1288 2439 imitandae
1305 2409 1490 2451 improbitatis
1508 2410 1708 2441 voluntatem.
1731 2411 1833 2450 Itaque
1843 2410 1921 2439 mihi
1931 2411 2047 2439 mirum

1086 2452 1222 2486 videtur,
1245 2452 1325 2483 unde
1345 2454 1421 2483 hanc
1438 2462 1469 2483 tu
1482 2473 1490 2486 ,
1511 2452 1643 2483 Labiene
1655 2473 1665 2486 ‚
1680 2453 1845 2493 imaginem
1856 2471 1865 2484 ,
1885 2461 1977 2491 quarn
1995 2452 2048 2481 ha—

1087 2494 1138 2524 bes
1152 2514 1161 2529 ,
1186 2497 1350 2525 inveneris.
1373 2504 1444 2524 nam
1457 2498 1527 2525 Sex.
1538 2496 1627 2524 Titio
1646 2494 1808 2526 damnato,
1827 2494 1879 2533 qui
1895 2491 1981 2522 istam
1995 2493 2048 2523 ha-

1087 2536 1156 2567 bere
1174 2536 1313 2570 auderet,
1340 2539 1484 2567 inventus
1503 2535 1546 2566 est
1568 2545 1672 2566 nemo.
1704 2534 1795 2577 Qiod
1814 2543 1846 2564 tu
1864 2532 1885 2563 fi
1898 2532 2023 2564 audiss'es
2034 2553 2044 2568 ,

1085 2576 1163 2609 autfi
1173 2588 1226 2619 per
1234 2588 1349 2610 aetatem
1359 2579 1431 2609 scire
1441 2576 1583 2618 potuiffes
1595 2588 1601 2607 :
1620 2586 1790 2618 numquam
1809 2574 1946 2617 profeffl)
1956 2574 2044 2607 istam

1085 2622 1252 2662 imaginem
1264 2641 1272 2655 ,
1283 2631 1348 2662 quae
1360 2621 1446 2651 domi
1460 2617 1551 2659 posita
1562 2639 1571 2653 ,
1590 2618 1704 2659 pestem
1718 2639 1727 2652 ,
1738 2627 1825 2659 atque
1833 2617 1963 2648 exilium
1973 2620 2043 2648 Sex.

1084 2665 1171 2693 Titio
1180 2661 1322 2693 attulisset
1331 2683 1340 2696 ,
1363 2665 1396 2692 in
1416 2661 1508 2691 rostra
1518 2681 1527 2695 ,
1547 2670 1635 2701 atque
1645 2663 1677 2691 in
1687 2662 1870 2690 concionem
1880 2658 2024 2690 attulisses
2033 2680 2044 2694 ,

1085 2714 1142 2735 nec
1160 2714 1224 2735 tuas
1243 2714 1387 2745 umquam
1407 2705 1536 2734 rationes
1554 2703 1590 2732 ad
1607 2712 1659 2732 eos
1672 2701 1797 2745 scopulos
1807 2699 1965 2743 appulisses
1976 2721 1984 2736 ‚
2006 2702 2044 2733 ad

1086 2756 1163 2787 quos
1172 2749 1243 2776 Sex.
1255 2749 1332 2776 Titii
1346 2745 1488 2775 afflictam
1504 2754 1612 2775 navem
1623 2764 1632 2778 ‚
1654 2744 1730 2774 &in
1739 2743 1849 2785 quibus
1869 2746 1901 2774 C.
1913 2745 2044 2775 Deciani

1085 2787 1274 2829 naufragium
1284 2787 1474 2818 fortunarum
1484 2786 1609 2816 videres.
1633 2785 1690 2816 Sed
1701 2788 1733 2816 in
1743 2787 1789 2816 his
1797 2785 1885 2816 rebus
1896 2785 2045 2816 omnibus

1082 2830 1271 2872 imprudentia
1288 2828 1392 2858 laberis.
1421 2829 1537 2859 causam
1558 2830 1643 2858 enim
1666 2826 1816 2868 sustepisti
1837 2828 2042 2868 antiquiorem

1084 2874 1234 2902 memoria
1248 2881 1312 2902 tua:
1329 2881 1396 2912 quae
1404 2871 1487 2901 causa
1504 2869 1572 2900 ante
1584 2879 1702 2900 mortua
1711 2869 1754 2900 est
1765 2890 1772 2896 -
1795 2869 1886 2911 quam
1904 2879 1936 2900 tu
1957 2879 2045 2900 natus

1082 2911 1167 2944 esses.
1191 2923 1248 2955 qua
1257 2916 1290 2944 in
1299 2913 1381 2944 causa
1391 2921 1451 2943 tute
1458 2911 1597 2953 Ρῑοὶεᾶὸ
1616 2911 1718 2944 fuisses
1731 2931 1741 2946 ,
1761 2910 1781 2942 fi
1790 2921 1842 2953 per
1854 2920 1971 2943 aetatem
1984 2910 2044 2942 esse

1930 2953 2048 2995 potuis-

119 3049 145 3069 1.
164 3042 313 3075 Interfeffum
323 3043 381 3076 jure
398 3041 506 3067 conceda
515 3041 598 3073 neceffe
608 3042 668 3077 eff]
690 3043 721 3069 ln
734 3042 835 3069 vetuste
847 3040 974 3077 impreffis
986 3048 1045 3068 tan·
1063 3056 1066 3074 4
1086 3040 1126 3068 bri
1139 3041 1226 3078 scripti
1237 3041 1416 3067 destituuntur
1426 3038 1475 3065 illo
1481 3039 1675 3072 praetores,f0rte
1685 3039 1756 3076 quod
1767 3039 1916 3076 expressum
1926 3038 1990 3065 effer
2000 3038 2048 3065 lit-

82 3085 140 3106 tam
152 3077 187 3103 est
196 3079 268 3103 imtr-
289 3084 318 3103 ut
327 3079 354 3104 ὃ(
366 3078 394 3104 in
405 3077 473 3103 Pall.
483 3078 528 3113 qui
540 3077 617 3104 ambo
632 3085 764 3105 annotant
783 3079 915 3113 integram
934 3077 1048 3104 deficere
1064 3075 1066 3104 i
1086 3078 1151 3104 teris
1161 3076 1341 3112 binissequiri
1354 3075 1524 3107 ranien‚ratio
1535 3075 1732 3112 clainat.itaque
1742 3075 1844 3102 secutus
1854 3075 2048 3102 sumManut'm-

81 3115 203 3179 ffiinam
214 3113 241 3139 in
251 3112 341 3138 codice
352 3113 454 3140 vetusto
467 3133 476 3146 ‚
493 3113 637 3150 medioque
655 3115 710 3151 ejus
730 3114 871 3142 collocatas
882 3113 962 3141 habet
971 3113 1046 3140 binas
1086 3123 1157 3140 nam.
1169 3123 1228 3140 nam
1242 3112 1385 3138 Lambinus
1396 3118 1523 3147 practerea
1531 3110 1864 3144 adsumsit,0mms,volente
1874 3110 2012 3137 Turnebo.

142 3158 218 3175 voces
247 3150 311 3175 nobu-
320 3149 396 3176 dabit.

117 3195 147 3215 2,
157 3168 442 3219 Trjbn’msplabjapraeaer
450 3187 729 3219 saturn.³nrm‚„oraetores
735 3192 821 3219 pram
829 3185 983 3221 Glauciam]
996 3185 1046 3215 Li-

1123 3158 1136 3185 3
1144 3169 1150 3175 .
1169 3152 1198 3175 C.
1208 3150 1236 3180 (17
1246 3151 1277 3175 L.
1288 3148 1430 3182 Domitius]
1450 3149 1519 3174 Bene
1539 3156 1631 3175 monet
1643 3148 1751 3184 Pighius
1769 3149 1797 3178 in
1808 3147 1889 3176 Fastis
1907 3146 1940 3175 ad
1949 3154 2048 3175 annum

1086 3185 1125 3214 U.
1135 3186 1172 3214 C.
1181 3193 1283 3213 nemi.
1295 3183 1437 3221 legendum
1448 3186 1493 3212 Cn.
1501 3184 1533 3216 ὼ
1542 3186 1573 3209 L.
1584 3187 1689 3212 Domitii„

1529 3219 1610 3248 Dela
1950 3217 2046 3247 Led&
