2337 3400
197 109 287 174 998
600 98 668 147 Μ.
751 95 1114 142 TULL11

195 190 335 222 Afranius
347 189 356 205 ¹
370 184 384 214 ἃ
395 179 562 213 Menandro
574 179 657 209 solet.
677 185 733 206 ncc
741 174 813 206 vero
826 195 834 207 ,
846 183 878 204 ut
889 172 988 204 noster
999 171 1148 203 Lucilius,

198 229 354 263 recusabo,
374 235 434 266 quo
453 221 554 252 minus
576 227 684 249 ornnes
705 227 770 247 mea
783 218 888 258 legant.
912 218 1063 245 ²Ut1nam
1081 211 1150 242 esset

196 274 248 303 illc
266 268 394 300 Persius:
415 267 514 303 Scipio
533 259 603 291 vero
615 280 623 293 ,
645 259 677 289 &
690 259 825 290 Rutilius
836 258 934 288 multo
944 259 1032 286 etiam
1045 257 1149 296 magis:

199 320 328 352 quorum
344 309 393 337 ille
401 307 411 344 j
419 306 551 335 udicium
563 301 775 333 reformidans,
788 299 945 329 Tarentinis
954 298 1029 337 aits}
1039 297 1073 329 ὼ-
1084 299 1151 326 Con-

191 356 310 395 finnms
323 371 330 384 ‚
362 350 397 381 (y
414 343 649 384 Si'ctn'iss'tri'bei·e.
674 343 776 373 Facete¹
793 345 816 371 is
826 342 950 382 quidem
964 361 972 373 ‚
993 339 1153 370 sicutalias:

197 395 244 426 scd
268 403 323 422 nec
337 400 396 421 tam
407 387 489 418 doen
499 396 571 416 tunc
580 394 662 415 crant
673 405 680 419 ‚
701 385 736 414 ad
748 394 876 425 quorum
889 382 1037 422 judicium
1051 380 1154 410 elabo-

197 443 288 468 raret,
308 433 339 463 δε
354 433 420 462 sunt
433 430 512 459 illius
526 429 628 467 scripta
640 430 749 456 leviora
760 446 768 459 ,
789 435 821 455 ut
830 423 1096 463 urbanitassumma
1104 432 1153 462 ap*

196 485 307 519 pareat,
326 472 453 504 doersum
463 470 614 499 msdiocris.
638 471 702 510 Ego
711 477 811 498 autem
821 477 913 509 quem
924 469 1048 497 timeam
1061 463 1155 494 lea-o-

196 529 260 550 rem
272 537 279 551 ,
298 516 370 547 cum
388 514 422 544 ad
433 523 480 545 te,
499 522 537 541 ne
549 513 660 541 Graecis
671 510 795 551 quidem
805 509 962 540 cedentem
975 510 1005 538 in
1020 506 1154 547 philoso-

196 563 285 602 phia,
306 558 429 589 audeam
448 554 591 585 scribere?
610 555 801 593 Qamquam
821 551 837 581 a
856 560 884 581 te
904 551 969 591 ipso
989 549 1020 579 id
1031 548 1153 589 quidem

197 603 296 636 facio,
319 605 496 640 provocatus
517 593 679 635 gratillimo
709 593 892 626 mihilibro,
911 602 1004 633 quem
1015 592 1050 621 ad
1060 590 1155 620 mede

199 652 354 676 viru-ure
375 637 488 670 misisti.
512 636 567 668 Sed
587 646 624 666 cx
643 646 679 666 eo
689 635 779 666 credo
789 634 968 676 quibusdam
982 632 1154 664 usuvenire,

199 696 233 716 ut
255 686 429 716 abhorreant
448 681 463 711 a
484 680 600 709 Latinis
614 698 623 711 ,
638 677 722 719 quod
735 678 895 708 inciderint
908 679 939 705 in
952 676 1064 705 inculta
1074 684 1156 715 quae-

197 728 282 760 darn,
301 726 332 756 δε
343 722 480 755 horrida,
500 721 536 751 de
547 720 755 750 malisGraecis
778 720 884 749 Latine
897 719 1002 757 scripta
1015 715 1156 747 deterius.

197 770 307 811 quibus
327 776 381 808 ego
400 763 539 796 ass'entior
551 783 559 796 ,
580 760 755 792 dummodo
774 761 789 791 Ξι
808 761 837 791 se
854 760 891 790 de
904 760 1010 789 iisdem
1021 758 1108 788 rebus
1120 767 1157 787 ne

201 814 322 842 Graecos
341 807 464 850 quidem
483 804 628 846 legendos
642 812 759 844 putent.
784 811 843 833 mss
855 800 942 833 veno
954 801 1045 831 bonas
1056 799 1156 830 verbis

199 852 302 884 elerstis
312 872 319 886 ,
338 851 465 891 graviter
475 867 482 881 ,
498 850 510 874 3
522 855 683 886 ornateque
693 844 816 875 difinias
826 865 834 878 ,
846 846 913 885 quis
924 853 987 873 non
999 843 1025 872 le
1047 851 1073 872 at
1085 839 1158 871 ?nisi

197 897 251 936 qui
270 894 298 924 sc
316 893 403 934 plane
421 892 561 920 Graecum
582 887 642 918 dici
652 887 742 917 velit:
761 890 777 913 4
791 896 822 916 ut
836 885 1014 916 aScaevolae
1052 892 1159 924 praetor

196 938 336 968 salutatus
359 933 487 965 Athenis
507 930 659 960 Albucius.
693 932 805 969 5quem
819 927 944 968 quidem
965 927 1068 956 locum
1087 934 1158 955 curn

199 980 296 1008 multa
307 974 461 1008 venustate
471 993 479 1006 ‚
502 972 534 1003 &
545 972 633 1002 omni
644 970 700 1002 sale
711 971 794 1001 idem
807 970 942 1000 Lucilius
954 979 960 998 ι
979 967 1055 1009 apud
1066 976 1158 1009 quem

198 1020 335 1062 praeclare
355 1015 496 1049 Scaevola,

294 1062 418 1093 Gracum
432 1066 459 1087 re
479 1076 487 1090 ‚
505 1053 622 1085 Albuci
633 1075 642 1089 ‚
660 1049 749 1096 qultm
766 1056 926 1084 Romanum
937 1072 946 1087 ‚
969 1059 1057 1093 arque
1075 1049 1161 1081 Sabi-

356 1111 424 1130 num
435 1120 443 1133 5

296 1144 475 1184 Municipem
493 1137 509 1160 ⁶
521 1140 635 1173 Pontii,
657 1139 790 1169 Tritanni
802 1159 810 1173 ‚
831 1137 1023 1167 centurionum
1035 1156 1043 1169 ,

292 1186 488 1217 Praclarorum
505 1183 648 1211 hominum
661 1203 670 1215 ‚
687 1192 721 1210 ac
735 1182 891 1222 primorum
903 1199 911 1213 ,
924 1178 1156 1219 signtjerumque,

290 1225 430 1262 Malmsti
449 1226 516 1255 circi.
541 1224 631 1254 Graece'
652 1233 713 1264 ergo
730 1230 825 1263 prator
843 1221 982 1253 Athenis,

290 1270 327 1300 Id
345 1268 422 1311 quod
439 1267 584 1304 maluisti,
616 1272 660 1300 te,
693 1263 757 1294 ciam
779 1264 817 1293 ad
833 1274 876 1291 me
895 1261 1004 1291 accedi*
1025 1281 1033 1295 ‚
1048 1260 1158 1300 fizluto:

291 1313 386 1349 Χαῖρε,
402 1312 521 1350 inquam
531 1330 540 1345 ‚
563 1307 644 1337 Tite:
664 1305 790 1341 uetares,
812 1313 907 1335 turma
925 1303 1012 1334 omni'
1024 1324 1033 1337 ,
1054 1302 1159 1342 cohors-

378 1362 412 1381 ue
428 1373 436 1385 .
1135 1363 1139 1367 -

292 1363 388 1430 7Χαῑζε
409 1395 472 1424 Tire
483 1414 491 1428 ‚
510 1393 574 1424 hinc
591 1390 672 1429 hostis
691 1391 732 1421 mi
741 1389 890 1420 ,Albucius
901 1409 910 1424 ,
934 1388 998 1418 hinc
1013 1386 1158 1416 inimicm.

201 1438 250 1472 sed
266 1439 332 1479 jure
351 1437 482 1466 Mucius.
507 1439 571 1477 Ego
589 1444 688 1465 autem
701 1435 876 1464 mirarinon
887 1441 965 1473 queo
977 1450 986 1464 ,
1010 1429 1088 1459 unde
1100 1429 1159 1458 hoc

200 1481 235 1512 sit
243 1490 304 1511 tam
317 1478 450 1508 insolens
459 1477 668 1514 domesticarum
678 1485 770 1505 rerum
775 1473 929 1514 fastidium
941 1493 950 1506 ,
962 1481 1026 1502 non
1036 1470 1078 1500 est
1089 1479 1158 1501 om-

199 1525 278 1554 nino
305 1519 354 1550 hic
373 1519 503 1550 docendi
521 1520 625 1550 locus:
644 1518 743 1548 sedita
755 1517 870 1549 sentio,
892 1515 925 1545 ὃς
939 1514 1013 1553 saepe
1024 1510 1159 1545 disserui,

201 1566 342 1596 Latinam
356 1561 490 1602 linguam
502 1571 566 1592 non
578 1558 672 1590 modo
685 1568 748 1589 nou
763 1560 887 1598 inopem
900 1576 908 1590 ‚
929 1564 961 1586 ut
972 1554 1063 1596 vulgo
1073 1562 1158 1593 puta-

201 1614 271 1638 rent
281 1625 289 1638 ‚
304 1602 350 1634 sed
362 1603 589 1643 locupletiorem
602 1603 689 1631 etiam
701 1599 769 1634 effe,
782 1602 874 1640 quam
885 1599 1031 1628 Graecam.
1054 1597 1157 1636 Qan-

202 1648 244 1678 do
252 1648 335 1676 enim
350 1640 364 1664 8
375 1645 423 1675 vel
433 1644 523 1674 nobis
533 1643 629 1674 dicam
640 1662 649 1677 ‚
671 1651 720 1672 aut
731 1640 899 1672 oratoribus
908 1639 996 1669 bonis
1007 1657 1015 1672 ,
1027 1646 1076 1667 aut
1085 1637 1160 1677 poe--

202 1691 241 1720 tis
254 1708 262 1722 ,
274 1686 375 1728 postea
383 1686 507 1727 quidem
522 1686 611 1726 quam
619 1684 677 1714 fuit
686 1693 777 1725 quem
788 1683 971 1712 imitarentur
982 1701 990 1712 ‚
1002 1679 1083 1709 ullus
1094 1688 1160 1708 ora-

166 1737 191 1769 4
205 1732 297 1762 tionis
309 1729 357 1759 vel
367 1727 496 1767 copiosae
506 1747 515 1761 ,
527 1727 576 1757 vel
585 1727 726 1766 elegantis
737 1733 857 1755 ornatus
868 1723 965 1754 defuit
978 1726 987 1748 ?
1000 1724 1063 1762 Ego
1073 1719 1158 1752 vero,

202 1772 273 1804 cum
283 1768 451 1801 forensibus
461 1771 558 1808 operis
569 1788 577 1802 ,
589 1767 742 1798 laboribus
752 1786 760 1800 ,
775 1766 915 1806 periculis
926 1784 935 1797 ,
947 1773 1010 1794 non
1021 1761 1161 1801 deseruzffe

202 1815 283 1846 milii
301 1811 405 1842 videor
415 1810 586 1852 presidium,
609 1811 642 1839 in
653 1809 816 1849 quoapop.
841 1808 935 1836 Rom.
958 1805 1070 1835 locatus
1083 1803 1158 1833 sum:

203 1855 300 1887 debeo
321 1851 456 1894 profecit)
471 1873 479 1886 ‚
499 1859 790 1893 quamtumcumque
805 1846 912 1888 poffim
926 1867 934 1880 ,
954 1848 987 1876 in
996 1855 1032 1875 eo
1040 1855 1160 1885 quoque

202 1897 337 1928 laborare
349 1916 358 1929 ‚
379 1904 411 1925 ut
436 1893 490 1924 [int
500 1903 589 1934 opera
599 1912 607 1927 2
627 1891 727 1923 studio
740 1911 749 1925 ‚
767 1891 867 1921 labore
878 1898 948 1919 meo
957 1886 1107 1918 dofflores
1118 1889 1162 1916 ci-

203 1949 257 1969 ves
269 1940 349 1971 mei,
370 1946 426 1966 nec
435 1946 504 1966 curn
516 1935 579 1966 istis
589 1943 740 1974 tantopere
749 1941 877 1974 pugnare
887 1950 896 1964 ,
909 1931 962 1972 qui
971 1932 1074 1960 Graeca
1083 1929 1160 1970 lege-

200 1991 232 2012 re
243 1981 371 2011 malint:
391 1977 486 2009 modo
497 1979 595 2019 legant
606 1977 658 2007 illa
667 1976 726 2016 ipsa
737 1995 745 2009 ,
766 1984 821 2005 nec
832 1972 991 2003 simulent:
1013 1971 1046 2001 &
1058 1972 1095 2000 iis
1105 1972 1162 2001 ser-

203 2025 268 2053 vire
277 2042 286 2056 ,
307 2023 360 2063 qui
369 2020 417 2050 vel
429 2020 560 2061 utrisque
571 2020 664 2049 literis
674 2019 717 2048 uti
729 2017 843 2049 velint,
855 2015 924 2049 vel,
938 2012 958 2044 si
968 2013 1030 2044 suas
1039 2012 1160 2046 habent,

202 2065 269 2095 illas
288 2073 352 2094 non
372 2071 552 2102 magnopere
568 2059 745 2091 desiderent.
767 2059 828 2097 Qui
846 2066 947 2088 autem
966 2056 1023 2086 alia
1043 2055 1163 2085 malunt

204 2106 293 2137 scribi
311 2105 327 2135 a
350 2104 458 2136 nobis,
481 2105 558 2144 aequi
576 2101 634 2132 effe
651 2101 779 2134 debent,
804 2099 888 2141 quod
910 2097 1058 2137 &scripta
1068 2097 1163 2127 multa

203 2148 295 2181 sunt3
316 2145 354 2176 sic
375 2155 406 2175 ut
426 2146 509 2185 plura
519 2142 784 2176 neminienostris
797 2162 806 2176 ‚
829 2136 1161 2172 &scribenturfortaffe

203 2189 291 2230 plura
302 2209 309 2222 ,
330 2187 419 2218 sivita
429 2187 576 2227 suppetet:
601 2186 635 2217 δε
649 2194 750 2216 tamen
758 2183 982 2225 quidiligenter
991 2182 1072 2215 haec,
1096 2190 1162 2221 quae

202 2231 242 2262 de
252 2230 442 2270 philosophia
451 2230 558 2259 litteris
569 2227 746 2258 mandamus
758 2247 766 2260 ,
788 2226 882 2267 legere
894 2223 1050 2255 assueverit
1059 2243 1068 2256 ,
1077 2222 1162 2263 judi—

204 2273 285 2304 cabit
303 2272 384 2301 nulla
399 2270 438 2300 ad
453 2270 596 2311 legendum
613 2270 657 2299 his
673 2270 721 2310 esse
725 2269 845 2310 potiora.
870 2276 957 2305 Qm
968 2275 1023 2295 iasa·
1033 2266 1162 2295 enimin

204 2317 267 2346 vita
283 2323 435 2353 tantopere
444 2313 639 2353 quaerendum
651 2331 660 2345 ,
683 2315 773 2352 quam
785 2309 856 2340 cum
868 2310 972 2339 omnia
981 2309 1013 2337 in
1027 2306 1162 2347 philoso—

204 2358 274 2398 phia
286 2376 295 2389 ,
306 2364 370 2386 tum
382 2355 412 2385 id
423 2375 432 2389 ,
443 2354 523 2395 quod
535 2355 580 2383 his
589 2353 674 2384 libris
683 2354 842 2393 quaeritur,
853 2350 927 2392 quid
938 2349 972 2380 sit
984 2348 1054 2379 finis
1065 2368 1072 2382 ,
1083 2346 1161 2389 quid

204 2407 378 2429 extremum
391 2417 400 2430 ‚
421 2395 493 2437 quid
504 2397 648 2426 ultimum
661 2414 669 2429 ‚
680 2394 741 2435 quo
753 2392 808 2424 sint
818 2394 922 2423 omnia
935 2391 1011 2421 bene
1021 2390 1161 2422 vivendi,

203 2439 343 2481 sciteque
356 2437 487 2469 faciendi
497 2435 618 2468 consilia
628 2435 782 2467 referenda
794 2439 804 2465 ?
818 2434 890 2476 quid
901 2434 1036 2474 sequatur
1046 2440 1162 2465 natura,

1194 93 1738 142 CicERON1s

1196 179 1226 201 ut
1245 171 1400 201 summum
1422 180 1460 201 ex
1472 171 1558 202 rebus
1571 174 1766 213 expetendis?
1784 174 1856 217 quid
1867 175 1959 217 fugiat
1972 196 1980 211 ,
2000 182 2145 208 utextre-

1196 223 1281 260 muni
1297 213 1464 260 malorum?
1479 223 1536 253 qua
1545 213 1581 243 de
1593 224 1622 244 re
1632 215 1703 246 ciim
1713 215 1746 246 sit
1756 219 1833 248 iuter
1842 217 2029 249 dofitiffimos
2039 228 2147 260 magna

1194 253 1355 303 &steps-¹⁰7
1374 264 1442 295 quis
1465 256 1599 302 alienum
1618 265 1700 296 putet
1722 256 1786 297 ejus
1803 257 1852 300 ‘esse
1869 261 2038 302 dignitatis,
2057 270 2148 301 quam

1196 298 1273 327 mihi
1291 297 1417 337 quisque
1436 296 1559 342 tribuit,
1602 297 1662 328 uod
1687 300 1719 328 in
1736 304 1824 331 omni
1839 312 1964 333 munere
1983 304 2052 332 vita:
2068 303 2149 342 opti-

1197 348 1305 384 mum,
1325 338 1358 368 &
1377 337 1561 368 vei-iffimum
1593 347 1614 368 it
1627 358 1635 371 ,
1656 342 1810 380 exquirere
1822 347 1833 369 ἓ
1850 347 1897 374 An
1910 363 1918 378 ‚
1934 352 2034 386 partus
2045 343 2149 372 ancilla

1192 380 1267 422 fitne
1277 378 1407 417 infi‘ucfffu
1418 378 1556 408 habendus
1566 399 1575 414 ‚
1601 378 1754 411 disseretur
1765 383 1842 413 inter
1849 388 1997 426 principes
2009 387 2152 418 civitatis,

1201 426 1229 453 P.
1243 422 1406 453 Scaevolam
1417 442 1426 456 ,
1451 423 1508 450 Μ’.
1520 422 1683 452 Manilium
1695 422 1751 453 ?ab
1759 422 1862 464 hisque
1872 428 1915 456 M.
1926 430 2032 457 Brutus
2043 425 2153 458 diffen-

1199 466 1251 494 tiet
1262 484 1270 498 ,
1290 462 1372 504 quod
1384 463 1417 493 &
1427 472 1545 493 acutum
1561 473 1654 504 genus
1665 462 1707 493 est
1717 483 1725 497 ‚
1739 464 1772 494 &
1781 466 1815 495 ad
1827 466 1894 496 usus
1902 469 2016 498 civium
2028 477 2091 499 non
2106 470 2154 498 in-

1200 506 1273 536 utile
1289 516 1295 534 :
1315 505 1430 546 nosque
1440 515 1473 535 ea
1483 505 1586 545 scripta
1598 525 1606 539 ‚
1618 505 1788 546 reliquaque
1798 507 1931 546 ejusdem
1943 513 2056 550 generis
2067 511 2100 540 δε
2111 510 2154 539 le—

1200 549 1300 588 gimus
1325 547 1454 592 libenter
1465 566 1473 580 ‚
1498 547 1531 576 &
1551 548 1704 588 legemus:
1735 549 1786 576 haec
1796 568 1805 581 ,
1833 558 1892 590 qux
1910 551 2005 579 viram
2015 552 2152 581 continent

1199 599 1304 618 omnem
1315 609 1323 623 ,
1343 588 1541 629 negligentur?
1559 598 1627 619 narn
1639 608 1648 622 ‚
1669 598 1701 618 ut
1712 587 1768 619 sint
1788 590 1839 620 illa
1855 591 2056 623 vendibiliora
2067 613 2074 626 ‚
2095 594 2156 624 haec

1201 631 1340 662 uberiora
1356 632 1438 661 certe.
1455 631 1532 661 sunt.
1555 640 1735 671 quamquam
1747 631 1779 661 id
1788 632 2027 672 quidemlicebit
2040 635 2077 664 iis
2088 636 2155 665 exi-

1203 672 1320 703 stimare
1333 692 1342 707 ‚
1357 673 1412 714 qui
1432 672 1569 713 legerint.
1593 674 1661 703 Nos
1677 681 1776 703 autern
1787 674 1865 704 hanc
1876 684 2002 705 omnem
2015 675 2155 716 quaestio-

1204 725 1277 745 nem
1288 714 1324 745 de
1337 713 1447 744 finibus
1460 716 1614 744 bonorum
1625 713 1659 744 &
1670 715 1820 747 mal-orum
1833 735 1841 748 ‚
1861 715 1923 746 fere
1935 716 2048 747 anobis
2058 717 2158 757 expli-

1201 766 1294 787 catam
1315 755 1374 786 essc
1384 758 1421 786 iis
1431 756 1538 786 litteris
1547 755 1723 786 arbitramur
1733 776 1741 791 ,
1762 759 1796 787 in
1805 757 1915 798 quibus
1925 779 1933 792 ,
1945 767 2091 799 qnantum
2101 768 2157 799 po-

1202 801 1316 829 tuimus
1327 819 1336 833 ,
1348 808 1411 829 non
1426 795 1521 828 modo
1532 797 1604 839 quid
1616 797 1704 827 nobis
1716 798 1889 838 probaretur
1899 820 1907 834 2
1920 800 1967 831 sed
1979 803 2071 830 etiam
2085 799 2157 841 quid

1201 841 1216 871 ὲ
1227 839 1348 882 singulis
1365 844 1379 868 9
1389 840 1588 881 philosophia:
1597 839 1764 879 disciplinis
1775 840 1922 872 diceretur
1931 863 1939 876 ‚
1957 842 2099 883 persecuti
2110 842 2159 873 su-

1203 892 1284 913 mus.
1307 885 1349 913 Ut
1360 891 1461 913 autem
1472 878 1642 920 &facillimis
1652 881 1798 911 ordiamur
1806 904 1814 917 ‚
1833 885 1929 923 prima
1939 885 2038 915 veniat
2047 886 2080 914 in
2091 893 2158 916 me-

1201 925 1287 955 dium
1300 927 1324 955 E
1347 925 1421 955 icuri
1440 925 1514 954 ratio
1525 944 1534 957 ,
1558 933 1624 964 quae
1641 924 1788 965 plerisque
1799 925 1952 957 notissima
1961 925 2002 956 est
2015 936 2020 955 :
2043 925 2132 967 quam
2143 925 2162 956 ‘a

1207 966 1295 997 nobis
1335 976 1351 996 c
1370 966 1518 1008 intelliges
1532 963 1695 1005 expositam
1708 985 1717 999 ,
1740 966 1818 996 utab
1828 966 1896 1007 ipsis
1907 987 1914 1000 ‚
1934 970 2060 1009 quieam
2070 967 2160 998 disci-

1202 1009 1317 1049 plinam
1336 1008 1461 1049 probant
1473 1028 1482 1041 ,
1503 1017 1566 1037 non
1577 1007 1667 1037 soleat
1677 1007 1844 1038 accuratius
1857 1010 2012 1049 explicari.
2037 1019 2160 1040 venum

1205 1052 1290 1081 enim
1314 1051 1453 1080 invenire
1464 1049 1608 1078 volumus
1619 1068 1628 1081 .
1652 1058 1715 1078 non
1723 1057 1877 1090 tamquam
1888 1051 2094 1082 adversarium
2107 1052 2163 1081 ali-

1205 1101 1297 1132 quem
1308 1093 1498 1121 convincere.
1521 1089 1663 1120 Accurate
1674 1099 1773 1120 autem
1784 1092 1939 1132 quondam
1949 1093 1965 1123 a
1974 1094 2009 1123 L.
2022 1096 2162 1134 Torqua-

1204 1143 1236 1164 to
1246 1152 1254 1166 ,
1275 1134 1404 1163 homine
1421 1132 1509 1162 omni
1530 1130 1667 1161 doetrina
1689 1132 1806 1162 erudito
1817 1153 1826 1167 ,
1846 1133 1966 1164 defensa
1988 1134 2030 1165 est
2041 1136 2162 1175 Epicuri

1205 1175 1349 1205 sententia
1372 1173 1408 1204 de
1428 1173 1591 1215 voluptate:
1609 1173 1625 1203 a
1644 1183 1752 1214 meque
1771 1175 1799 1204 ei
1812 1175 1986 1214 responsum
1998 1196 2007 1210 ,
2026 1173 2098 1207 cum
2125 1178 2162 1207 C.

1203 1218 1340 1247 Triarius
1351 1235 1359 1249 ‚
1372 1218 1405 1246 in
1415 1216 1521 1256 primis
1533 1217 1640 1256 gravis,
1652 1215 1684 1245 δε
1696 1214 1803 1245 ἀοέὶυε
1812 1216 1984 1247 adolescens
1998 1237 2007 1251 ,
2020 1220 2046 1247 ei
2058 1217 2160 1258 dispu-

1203 1255 1479 1289 tationiinteresset.
1503 1266 1575 1287 riam
1591 1255 1664 1287 cum
1682 1257 1718 1288 ad
1729 1267 1779 1287 me
1791 1259 1824 1288 in
1835 1261 2006 1289 Cumanum
2020 1258 2164 1290 salutandi

1203 1301 1286 1332 caula
1303 1308 1426 1341 uterque
1445 1297 1587 1333 veniffet,
1606 1308 1697 1339 pauca
1706 1299 1807 1339 primo
1832 1302 1912 1331 inter
1924 1311 1979 1331 nos
1998 1300 2162 1335 delittens,

1202 1352 1329 1385 quarum
1350 1342 1507 1373 summum
1530 1350 1589 1371 erat
1601 1343 1633 1371 in
1644 1350 1772 1382 utroque
1783 1340 1936 1372 studium:
1959 1342 2067 1373 deinde
2082 1345 2166 1374 Tor-

1200 1385 1471 1427 quatusonniam
1485 1382 1565 1414 naffl
1575 1384 1835 1423 te,inquit,sumus
1845 1384 2005 1425 aliquando
2015 1385 2159 1419 otiosum,

1200 1426 1278 1458 certe
1287 1427 1405 1457 audiam
1418 1446 1427 1459 ,
1447 1425 1520 1466 quid
1533 1424 1567 1454 fit
1580 1444 1588 1458 ‚
1609 1425 1690 1466 quod
1702 1427 1732 1444 ¹0
1741 1427 1907 1465 Epicurum
1918 1425 2053 1457 nostrum
2066 1447 2075 1460 ,
2095 1418 2162 1457 non

1201 1478 1232 1500 tu
1248 1468 1372 1510 quidem
1392 1467 1497 1500 oderis,
1518 1476 1550 1496 ut
1568 1465 1629 1496 fere
1649 1466 1781 1500 faciunt,
1806 1470 1858 1508 qui
1869 1468 1905 1498 ab
1915 1478 1952 1498 eo
1969 1466 2161 1501 dissentiunt,

1201 1510 1249 1541 sed
1259 1510 1337 1541 certe
1350 1519 1414 1540 non
1423 1508 1542 1549 probes,
1552 1518 1731 1548 eum,quem
1742 1519 1797 1549 ego
1807 1510 1935 1540 arbitror
1948 1519 2042 1540 unum
2053 1509 2161 1540 vidiss'e

1202 1562 1326 1585 verum,
1344 1550 1547 1591 maximisque
1566 1550 1715 1580 erroribus
1739 1551 1909 1581 hominum
1924 1553 2045 1582 animos
2055 1551 2166 1583 libera-

1201 1592 1275 1625 viffe
1285 1614 1294 1628 ‚
1315 1593 1349 1623 &
1358 1594 1462 1623 omnia
1471 1589 1619 1622 tradidisse
1630 1612 1639 1625 ‚
1658 1602 1723 1633 quae
1734 1592 1960 1632 pertinerentad
1972 1593 2049 1623 bene
2061 1593 2159 1623 beate-

1200 1646 1258 1676 que
1268 1634 1449 1665 vivendum:
1472 1633 1520 1664 sed
1530 1633 1674 1664 existimo
1688 1654 1696 1667 ‚
1709 1644 1737 1664 te
1748 1654 1756 1667 ‚
1769 1632 1839 1665 ficut
1848 1634 1986 1665 nostrum
1996 1636 2162 1668 Triarium,

1204 1682 1229 1697 ¹¹
1243 1676 1347 1707 minus
1366 1676 1402 1706 ab
1412 1686 1448 1706 eo
1458 1674 1598 1706 deletiari
1609 1695 1617 1708 ‚
1639 1674 1723 1716 quod
1745 1675 1798 1706 ista
1807 1677 1960 1710 Platonis,
1982 1675 2162 1710 Aristotelis,

1203 1717 1403 1758 Theophrasti
1422 1716 1555 1746 orationis
1565 1724 1727 1746 ornamenta
1737 1717 1912 1758 neglexerit.
1931 1727 2001 1748 nam
2012 1719 2084 1748 illuc
2093 1719 2166 1759 qui-

1198 1760 1216 1790 d
1225 1770 1272 1790 em
1284 1759 1390 1790 adduci
1400 1760 1454 1788 vix
1462 1755 1582 1798 possum
1599 1777 1607 1791 ,
1626 1766 1699 1788 urea
1709 1777 1717 1791 ,
1739 1768 1805 1799 quae
1816 1759 1998 1789 senseritille
2009 1779 2017 1793 ,
2029 1760 2086 1789 tibi
2101 1768 2166 1790 non

1202 1811 1269 1832 vera
1289 1800 1458 1831 videantur.
1482 1798 1560 1829 Vide
1577 1809 1726 1840 quantum
1737 1819 1746 1833 ,
1766 1802 1891 1842 inquam
1903 1820 1912 1834 ‚
1933 1799 2036 1832 fallare
2047 1821 2056 1835 ‚
2078 1803 2161 1832 Tor-

1204 1852 1300 1885 quate.
1324 1844 1419 1872 oratio
1439 1851 1489 1871 me
1508 1840 1594 1871 istius
1615 1841 1791 1882 philosophi
1802 1852 1867 1872 non
1876 1840 2016 1873 offendit.
2040 1852 2110 1873 nam
2122 1842 2158 1873 &

1205 1883 1417 1925 compleffitur
1434 1882 1536 1914 verbis
1548 1903 1557 1917 ,
1575 1883 1658 1924 quod
1668 1884 1734 1913 vult
1746 1895 1751 1913 2
1770 1884 1802 1914 &
1812 1884 1885 1915 dicit
1894 1884 1982 1925 plane
1993 1904 2002 1918 ,
2021 1884 2104 1925 quod
2114 1885 2167 1914 in-

1203 1927 1354 1969 telligam:
1379 1925 1412 1956 &
1429 1934 1531 1956 tamen
1552 1925 1568 1955 a
1592 1925 1775 1965 philosopho
1784 1945 1793 1960 ‚
1808 1925 1838 1967 fi
1850 1927 1955 1967 afferat
1965 1926 2164 1968 eloquentiam,

1204 1979 1257 1998 non
1266 1968 1387 2008 asperner
1396 1978 1408 1995 .·
1422 1967 1452 2009 fi
1459 1978 1510 1997 non
1521 1965 1623 1996 habeat
1634 1988 1642 2001 ‚
1665 1978 1716 1996 non
1725 1967 1872 1997 admotum
1876 1968 2023 2008 flagitem.
2046 1978 2077 1999 re
2086 1969 2165 1998 mihi

1206 2021 1271 2042 non
1287 2010 1373 2051 aeque
1393 2008 1534 2040 satisfacit
1545 2029 1554 2042 ,
1579 2010 1612 2040 &
1633 2009 1758 2050 quidem
1770 2010 1845 2040 locis
1853 2010 1999 2051 pluribus.
2023 2010 2071 2041 sed
2084 2019 2170 2049 Quo-r

1203 2062 1360 2083 nommt-:s
1379 2062 1443 2082 Tor
1464 2060 1676 2081 sENTEerffi.
1688 2050 1752 2081 falli
1764 2053 1854 2093 igitur
1863 2051 2030 2092 possumus.
2053 2044 2171 2092 Qiafn-

1202 2095 1307 2125 obrem
1319 2094 1440 2125 tandem
1452 2113 1461 2128 ,
1479 2095 1599 2134 inquit,
1623 2103 1688 2123 non
1706 2093 1868 2124 satisfacit?
1890 2103 1918 2125 te
1937 2094 2164 2133 enimjudicem

1206 2146 1326 2178 aequum
1341 2145 1414 2177 puto
1426 2146 1432 2165 :
1445 2135 1621 2174 modo,quae
1631 2135 1858 2170 dicatille,bene
1866 2137 1960 2166 noris.
1973 2138 2000 2155 ¹2
2013 2134 2077 2166 Nifi
2089 2137 2170 2166 mihi

1208 2179 1370 2210 Phaedrum
1380 2197 1388 2212 ‚
1399 2179 1523 2219 inquam
1536 2196 1544 2211 ,
1559 2178 1723 2208 mentitum
1735 2197 1743 2211 ‚
1759 2187 1808 2208 aut
1818 2178 1979 2208 Zenonem
1987 2186 2071 2218 putas
2080 2178 2170 2218 (quo-

1207 2231 1276 2252 rum
1288 2229 1448 2261 utrumque
1461 2218 1583 2253 audivi,
1603 2217 1675 2249 cum
1689 2220 1768 2249 mihi
1777 2220 1854 2249 nihil
1866 2219 1933 2249 stane
1945 2228 2048 2260 praeter
2058 2219 2169 2250 seduli-

1208 2273 1298 2294 tatem
1313 2262 1486 2303 probarent)
1500 2264 1637 2292 ¹3omnes
1648 2261 1725 2291 mihi
1737 2263 1858 2301 Epicuri
1872 2261 2024 2291 sententiae
2034 2260 2099 2291 satis
2112 2271 2170 2291 no—

1208 2315 1243 2336 tae
1266 2305 1342 2335 sunt.
1366 2312 1453 2345 atque
1472 2313 1524 2333 eos
1535 2323 1543 2337 ,
1565 2312 1640 2344 quos
1662 2304 1819 2333 nominavi
1832 2323 1840 2337 ,
1863 2312 1932 2332 cum
1945 2304 2047 2332 Attico
2066 2301 2169 2334 nostro

1208 2347 1379 2387 frequenter
1401 2345 1502 2376 audivi
1516 2357 1523 2379 3
1543 2344 1615 2376 cum
1628 2345 1784 2374 miraretur
1796 2345 1847 2374 ille
1857 2343 1981 2384 quidem
1993 2353 2166 2386 utrumque,

1206 2388 1364 2419 Phaedrum
1385 2396 1485 2418 autem
1508 2397 1597 2416 etiam
1619 2394 1746 2416 amaret:
1764 2387 1958 2427 quotidieque
1971 2388 2049 2416 inter
2058 2397 2113 2416 nos
2125 2396 2169 2421 ea,

1209 2440 1275 2471 quae
1291 2428 1488 2460 audiebamus
1499 2448 1508 2463 ,
1539 2427 1787 2459 conferebamus:
1824 2438 1921 2468 neque
1945 2437 2004 2458 erat
2022 2437 2171 2470 umquam

2092 2480 2169 2501 con-

203 2519 2163 2539 W

245 2559 268 2576 1.
285 2547 535 2581 AMenandr·ofi›let.]
558 2548 679 2582 Voxfhlet
693 2566 700 2580 ,
721 2555 775 2574 non
796 2545 871 2572 estin
892 2545 975 2571 veteri
995 2544 1064 2571 libro
1082 2553 1163 2580 quem

204 2585 337 2612 consuluit
347 2585 474 2619 Scaliger.

244 2631 273 2648 2.
295 2624 390 2647 Utinam
400 2622 450 2653 effer
460 2622 494 2645 ille
503 2620 623 2654 Persius]
645 2617 781 2645 Revocavi
793 2616 941 2644 dictionem
957 2617 1008 2650 efflt
1020 2635 1028 2647 ,
1045 2615 1168 2651 urgenti-

209 2656 255 2683 bus
270 2658 336 2684 l'all.
347 2659 373 2683 &
387 2656 504 2688 Toiano,
515 2666 593 2692 quein
605 2655 716 2681 excussit
727 2654 890 2681 Gulielmius
902 2662 910 2683 ;
933 2661 1018 2688 neque
1029 2651 1099 2679 secus
1109 2651 1168 2678 edi-

209 2693 248 2719 tio
259 2693 321 2720 Aldi
334 2694 446 2720 Manutii
457 2702 482 2718 ax
491 2694 509 2718 i.
529 2693 649 2719 ceterum
662 2692 718 2717 Pal.
728 2700 769 2727 pr.
781 2690 872 2717 habuit
883 2692 896 2715 a
909 2698 986 2716 manu
999 2689 1094 2725 prima,
1103 2690 1147 2714 ildi.

247 2737 272 2763 3.
292 2734 423 2763 Omniaque
432 2730 563 2763 diffamia]
585 2727 729 2754 Lambinus
739 2728 828 2759 dit‘lar,
842 2725 882 2752 sed
895 2725 987 2752 invitis
1000 2745 1008 2757 ‚
1019 2733 1049 2752 ut
1059 2724 1169 2761 ipsemet

208 2763 308 2792 fatetur
319 2765 403 2791 libris.
424 2765 586 2791 Gulielmius
597 2772 748 2795 annotarat,
762 2762 905 2798 legendum
917 2764 1037 2788 traflata.

246 2807 274 2832 4.
295 2805 322 2826 Ut
332 2801 346 2826 ii
357 2803 455 2827 sttvola
465 2804 589 2833 capram·
595 2802 725 2833 salutatur
735 2802 759 2826 A
770 2800 846 2831 hcm's,
859 2799 926 2833 &c.]
948 2798 1068 2825 Omnino
1078 2796 1170 2832 legen-

212 2834 274 2862 dnm
290 2844 384 2869 pretore
405 2856 412 2867 ‚
441 2836 511 2873 quod
531 2838 557 2863 ὅ(
580 2837 682 2863 monuit
702 2837 728 2862 in
757 2806 836 2863 lastis
857 2835 906 2861 suis
925 2834 957 2860 ad
978 2843 1075 2860 annum
1095 2832 1168 2860 urbis

211 2880 350 2912 Dcsxxii.
371 2874 478 2907 Pigaius
494 2874 590 2900 noster.
612 2872 730 2908 Scaliger
739 2870 878 2900 annotavit
896 2880 948 2898 non
969 2879 1122 2906 comparere
1141 2869 1169 2898 in

211 2916 323 2942 antiquo
333 2908 380 2933 illo
390 2908 536 2935 ditstionem
547 2909 669 2937 eAthem‘e.

250 2953 276 2977 5.
297 2945 369 2975 Qem
379 2944 471 2976 quidem
479 2946 577 2979 Iocum]
599 2944 727 2980 Scaligeri
740 2942 820 2974 nostri
832 2942 879 2970 ms.
889 2944 980 2978 jotrum.

215 3016 222 3021 ·
247 2979 276 3004 6.
295 2981 374 3004 'Pontii
387 2997 393 3009 ‚
405 2981 522 3019 ‘'Tritanni
534 3000 540 3010 ‚
559 2981 625 3015 eyn]
647 2983 688 3007 Sic
709 2978 766 3008 ferti
787 2980 873 3008 nostra
887 2978 1050 3016 exemplaria
1068 2976 1170 3010 omnia,

210 3022 279 3043 atem
291 3014 422 3041 Tui-nebi.
445 3015 556 3049 vulgati,
566 3021 646 3049 Ponti,
656 3020 715 3048 Titi,
725 3020 802 3045 Anni.

246 3052 366 3092 72X⁴³2³
385 3051 435 3075 Tite
448 3069 454 3079 ,
474 3052 526 3075 hm:
546 3053 608 3083 hostis
628 3055 659 3078 mi
675 3053 830 3087 albucius]
852 3053 894 3078 Ita
912 3050 997 3078 editio
1006 3049 1169 3081 Camerarii,

206 3096 332 3127 proximu
349 3097 371 3112 ni
377 3087 405 3112 ss.
417 3086 528 3112 nostros.
541 3096 598 3112 nain
611 3088 714 3114 vietor.
726 3094 803 3124 κῦρε.
813 3091 868 3115 hinc
876 3088 941 3120 hostio·
951 3090 1037 3115 Mum.
1047 3088 1173 3117 Alam-im,

210 3123 318 3150 excluso
327 3124 376 3148 ‘rm
388 3141 396 3152 ‚
415 3121 484 3157 quod
498 3122 523 3148 in
534 3123 657 3149 omnibus
671 3125 841 3151 membranis.
862 3124 971 3160 Pighius
992 3123 1095 3158 legebat
1106 3128 1172 3158 χιᾶξε

203 3161 268 3189 at‘u.
286 3161 341 3187 hinc
350 3161 435 3188 OE‘uci
445 3160 500 3193 jam
509 3159 639 3187 {Albucme
649 3161 684 3184 ef!
695 3162 815 3186 inimicus.
835 3160 953 3195 Scaliger
965 3158 1070 3186 videtur
1080 3167 1173 3185 emcn-

1213 2541 1282 2568 dasl'e
1294 2552 1300 2568 ι
1323 2545 1432 2574 xviros-rev
1441 2549 1528 2567 omnes.
1550 2544 1617 2572 χῶρε
1627 2541 1685 2565 77η.
1705 2541 1766 2564 Hinc
1774 2541 1895 2569 inimicus,
1899 2538 1944 2571 fid
1942 2540 2001 2571 jure
2009 2540 2118 2564 Mucius.

1251 2577 1278 2603 8.
1299 2578 1409 2603 Velnobis
1419 2577 1523 2611 dicam]
1544 2576 1691 2602 Lambinus
1705 2595 1712 2607 ,
1731 2584 1760 2600 ne
1768 2576 1831 2600 nobis
1841 2576 1928 2600 dicam.
1948 2582 2042 2600 contra
2059 2573 2103 2599 sex
2114 2571 2172 2598 mss.

1214 2613 1282 2639 Pali.
1302 2613 1328 2639 in
1342 2613 1439 2649 quibus
1459 2613 1540 2639 haeret
1550 2612 1664 2638 alterum
1677 2632 1684 2644 ,
1705 2610 1850 2646 omnesque
1868 2611 1930 2637 edd.
1942 2611 1997 2636 imo
2017 2607 2172 2635 &austeris

1214 2657 1330 2677 mentem
1343 2659 1351 2680 3
1372 2658 1430 2685 qua:
1441 2650 1525 2686 magis
1536 2655 1640 2686 pateret
1650 2668 1659 2682 ‚
1683 2649 1701 2676 fi
1712 2647 1776 2675 trias
1794 2648 1889 2674 horum
1903 2646 2040 2674 verborum
2051 2643 2173 2671 include-

1214 2694 1289 2713 retur
1302 2685 1458 2721 parenthesi.

1249 2731 1278 2758 9.
1289 2724 1434 2755 Philoftphiae
1444 2721 1598 2755 disciplinis]
1611 2720 1729 2757 Scaliger
1739 2719 1770 2746 ad
1780 2729 1854 2746 oram
1866 2718 1927 2745 libri
1937 2716 2038 2743 adlevit
2049 2715 2174 2748 discipulis.

1254 2767 1284 2785 io
1299 2761 1428 2792 Epicurum
1437 2760 1538 2791 nostrum
1548 2767 1604 2789 nnn,
1615 2757 1681 2791 εἶχε.)
1703 2756 1760 2783 Pal.
1771 2756 1851 2792 prim.
1863 2754 1974 2789 :implius
1985 2751 2063 2778 habet
2074 2754 2176 2785 institor,

1215 2795 1255 2822 vel
1270 2795 1353 2821 simile
1371 2793 1447 2830 quid.
1467 2803 1526 2821 nam
1538 2792 1637 2829 syllaba
1655 2793 1786 2829 postrema
1807 2790 1909 2826 virgula
1927 2788 1963 2815 est
1982 2787 2107 2814 incubans
2128 2788 2175 2814 lit-

1215 2839 1277 2858 tel'ae
1296 2838 1316 2857 t.

1254 2877 1263 2894 i
1273 2876 1295 2894 1.
1317 2870 1404 2894 Minui·
1415 2868 1446 2893 ab
1464 2876 1486 2892 eo
1497 2864 1639 2898 dei'el‘lcrisfl
1660 2863 1776 2891 Coactus
1787 2861 1842 2888 sum
1854 2860 1973 2897 recipere
1985 2859 2050 2885 lianc
2062 2858 2176 2896 scriptu-

1214 2913 1287 2935 ram,
1310 2903 1344 2930 ob
1364 2902 1407 2929 sex
1428 2902 1609 2928 Palatinoruin
1629 2898 1809 2927 concordiam.
1841 2898 1947 2932 vulgata
1970 2896 2070 2932 alioqui
2089 2895 2174 2922 nihilo

1214 2941 1287 2977 pejus
1299 2949 1308 2970 τ,
1330 2942 1409 2964 minus
1420 2948 1442 2964 eo
1452 2938 1578 2964 deleaeris.
2152 2932 2155 2936 ”

1254 2985 1296 3003 12.
1318 2976 1434 3010 Niſsmihi
1449 2973 1573 2999 Phaedrum
1585 2990 1593 3001 ‚
1612 2969 1737 3005 inquam]
1760 2969 1803 2995 13st
1825 2970 1838 2995 ὰ
1853 2968 1978 2995 Palatinis
1999 2974 2069 2994 notae
2079 2966 2176 2994 melio—

1215 3014 1251 3040 ris
1262 3012 1360 3039 tribus.
1381 3019 1434 3036 tres
1446 3009 1514 3035 enim
1527 3007 1622 3042 reliqui
1635 3018 1641 3033 ι
1662 3010 1707 3032 Hic
1716 3006 1903 3032 mihiPhdr-um
1913 3008 2020 3039 inquam.
2041 3002 2176 3040 quomodo

1215 3050 1242 3075 Sc
1255 3047 1401 3075 Camerarii
1419 3044 1519 3072 editio:
1543 3052 1602 3070 nam
1614 3042 1680 3068 Aldi
1694 3049 1766 3068 vetus
1779 3053 1784 3068 :
1807 3043 1843 3068 hit·
1852 3043 1898 3075 ntfi
1906 3043 1971 3067 mihi.
1999 3039 2116 3066 Victorii
2127 3039 2180 3072 Nfi

1215 3093 1241 3111 tu
1251 3083 1383 3110 Phaedrum.

1255 3128 1294 3155 13,
1317 3123 1398 3144 Omnes
1407 3117 1465 3143 mihi
1473 3115 1571 3149 Epicuri
1582 3114 1789 3149 finientiae,&t.]
1811 3112 1973 3149 Scaligerani
1991 3111 2054 3139 libri
2068 3119 2175 3146 margo,

1215 3156 1291 3183 omnes
1302 3156 1362 3180 enim
1372 3155 1418 3185 ET.

2118 3189 2139 3208 Ι.
2151 3182 2179 3206 In
