2297 3389
454 166 716 213 Ome-1⁴10
765 175 843 208 AD
894 162 1226 227 Quam-Es
1275 179 1427 211 Pos'r
1475 166 1804 216 Ram-rma.

149 249 199 282 sed
219 249 310 281 etiam
326 257 397 279 curn
414 245 535 276 fortuna
553 243 790 285 belligerandum
809 243 886 274 fuit:
912 253 983 274 eum
1004 251 1105 274 tamen

150 292 234 325 vidi,
253 289 324 321 curn
335 287 405 319 effet
414 288 532 318 summa
542 286 692 316 senectute
703 306 711 320 ,
734 290 743 305 ¹
757 295 821 316 non
833 285 927 316 modo
939 295 1004 315 non
1013 285 1107 316 infra-

152 333 203 364 Εὶο
214 334 318 363 animo
329 338 448 371 propter
462 328 703 370 magnitudinem
714 328 890 358 calamitatis
899 348 908 362 ‚
929 327 978 357 sed
993 325 1107 357 confir-

153 383 237 405 mato
253 382 338 413 atque
356 378 497 400 renovato.
521 380 611 411 quem
627 380 747 411 egomet
760 371 857 400 dicere
869 369 989 402 audivi,
1014 372 1028 388 ²
1040 377 1106 399 tum

150 418 181 449 se
191 413 276 446 fuiffe
286 413 429 444 miserum
446 434 454 446 ‚
474 412 545 442 cum
557 421 665 442 careret
674 414 764 451 patria
773 432 781 446 ,
801 422 892 453 quam
903 409 1059 441 obsidione
1071 410 1108 439 li-

152 453 322 489 beravisset:
340 453 411 484 cum
432 455 480 484 sua
498 454 576 484 bona
592 452 733 493 possideri
751 454 786 484 ab
802 455 955 486 inimicis,
976 463 1008 483 ac
1018 452 1108 492 diripi

152 498 280 530 audiret:
296 495 367 526 cum
378 496 597 526 adolescentem
611 495 709 526 filiurn
720 496 837 526 videret
846 495 979 535 ejusdem
990 495 1108 525 socium

150 539 326 571 calamitatis
346 549 351 567 2
374 537 446 568 cum
467 540 500 568 in
519 537 677 578 paludibus
697 538 847 568 demersus
862 557 870 571 ‚
890 537 1056 569 concursu,
1077 545 1110 566 ac

151 580 357 612 misericordia
368 578 624 617 Minturnensium
640 590 747 620 corpus
758 600 765 614 ‚
788 589 821 609 ac
837 581 930 609 vitam
941 579 1021 609 suam
1033 587 1110 607 con—

149 620 288 654 servaffet
297 642 306 655 ,
326 621 398 651 cum
413 626 426 649 3
436 631 525 662 parva
535 623 671 652 navicula
680 621 819 660 trajectus
828 623 862 651 in
874 619 1005 650 Africam
1018 640 1031 665 ’.
1041 621 1110 666 qui-

150 664 207 696 bus
216 674 299 704 regna
309 664 363 704 ips}
371 664 481 693 dederat
493 685 501 697 ‚
519 664 554 694 ad
567 674 617 694 eos
635 666 723 704 inops
734 683 742 697 ,
761 663 942 703 supplexque
963 661 1108 691 veniflet:

149 715 318 746 recuperata
334 706 407 735 vero
423 707 472 736 sua
489 706 631 748 dignitate
642 726 650 739 ‚
669 706 697 735 se
711 715 775 735 non
792 701 1023 733 commissurum
1036 722 1044 735 ‚
1066 710 1109 749 ut,

150 747 223 778 cum
234 758 268 778 ea
279 768 287 781 ,
305 758 370 788 quae
379 748 514 778 amiserat
524 768 532 781 ,
552 747 605 777 sibi
615 746 747 776 restituta
756 744 848 775 ess'ent
857 764 866 777 ,
889 746 1033 774 virtutem
1044 754 1109 774 ani-

150 790 197 819 mi
208 800 272 820 non
282 790 403 820 haberet
414 810 423 824 ,
443 800 534 830 quam
543 797 710 828 numquam
722 785 902 826 perdidiss'et-
925 786 980 816 Sed
993 787 1051 816 hoc
1062 787 1110 815 in—

150 840 195 861 ter
205 841 256 861 me
266 852 274 866 ‚
293 841 379 873 atque
389 832 477 861 illum
488 829 625 861 interest:
644 827 728 869 quod
740 828 791 857 ille
802 848 810 861 ‚
829 838 885 868 qua
896 837 925 857 re
937 826 1108 867 plurimum

149 876 268 913 potuit,
287 883 320 903 ea
335 874 396 913 ipse
411 882 443 902 re
461 873 606 902 inimicos
625 870 694 900 suos
711 870 792 900 ultus
810 869 872 903 est,
889 871 979 899 armis
993 880 998 898 :
1013 874 1030 896 4
1041 879 1106 910 ego,

148 924 208 955 qua
218 915 380 948 consuevi,
392 922 467 945 utar:
486 914 632 953 quoniam
642 912 689 942 illi
699 913 753 942 arti
764 913 797 941 in
807 911 888 941 bello
899 931 907 944 ,
918 922 950 941 ac
962 911 1109 942 seditione

149 957 236 987 locus
244 956 304 987 est:
323 957 394 985 huic
403 957 436 985 in
445 964 516 994 pace
527 975 536 987 ,
550 963 637 995 atque
649 955 723 984 otio.
746 963 930 994 quamquam
941 954 993 983 ille
1003 955 1109 983 animo

147 1000 228 1029 irato
241 997 320 1028 nihil
332 995 389 1026 nifi
402 996 438 1027 de
451 998 588 1026 inimicis
602 995 778 1026 ulciscendis
792 996 909 1036 agebat:
926 1005 982 1036 ego
992 995 1029 1025 de
1039 994 1108 1035 ipsis

149 1041 284 1070 inimicis
301 1047 416 1069 tantum
427 1058 435 1072 ‚
452 1048 598 1079 quantum
609 1038 689 1067 mihi
705 1038 769 1076 resp.
778 1037 943 1077 permittet,
959 1038 1106 1078 cogitabo.

106 1083 307 1122 9.Denique‚
323 1082 476 1119 Quirites,
494 1089 639 1121 quoniam
652 1089 701 1109 me
710 1089 849 1120 quattuor
857 1081 990 1109 omnino
1000 1089 1109 1118 genera
1128 1081 1130 1092 ⁴

145 1123 315 1153 hominum
333 1123 503 1153 violarunt:
524 1132 621 1152 unum
639 1132 745 1151 eorum
758 1142 766 1154 ,
788 1122 838 1161 qui
854 1121 926 1151 odio
939 1122 1011 1160 reip.
1024 1120 1107 1161 quod

147 1174 215 1195 eam
228 1163 296 1204 ipsis
310 1166 415 1195 invitis
428 1164 635 1195 conservaram
646 1184 654 1198 ‚
674 1164 753 1193 mihi
762 1161 965 1193 inimicissimi
975 1163 1105 1193 fuerunt:

144 1206 271 1237 alterum
283 1227 293 1240 ‚
312 1208 363 1248 qui
373 1216 425 1246 per
433 1205 656 1237 simulationem
667 1207 807 1236 amicitiae
819 1225 827 1238 ,
842 1203 955 1235 nefarie
967 1204 1108 1244 prodide-

145 1256 228 1279 runt.
244 1250 367 1279 tertium
380 1268 389 1282 ‚
399 1251 451 1289 qui
460 1247 532 1278 curn
544 1256 662 1288 propter
671 1248 803 1277 inertiam
813 1247 905 1280 suam,
917 1247 1020 1277 eadem
1032 1245 1104 1277 affe-

142 1292 272 1331 quinon
281 1288 409 1330 possent,
420 1290 597 1320 inviderunt
607 1289 685 1319 laudi
695 1310 703 1323 ‚
717 1289 750 1319 &
760 1289 897 1330 dignitati
909 1299 983 1318 meae
995 1299 1000 1316 :
1017 1299 1107 1328 quar—

142 1340 209 1363 tum
221 1352 229 1366 ,
253 1334 388 1373 quicum
410 1331 546 1362 custodes
563 1330 690 1370 reipubl.
706 1329 763 1360 effe
773 1331 941 1360 debuerunt
952 1350 959 1363 ,
980 1330 1103 1360 salutem

143 1383 265 1408 meam,
285 1372 393 1404 statum
412 1375 561 1406 civitatis,
580 1372 758 1414 dignitatem
779 1373 843 1409 ejus
860 1373 1002 1412 imperii,
1022 1373 1103 1412 quod

141 1424 202 1446 erat
211 1424 301 1456 penes
311 1415 391 1455 ipsos
403 1435 411 1448 ,
426 1414 626 1445 vendiderunt
638 1425 643 1443 ;
662 1418 675 1442 5
684 1413 720 1444 fic
730 1414 854 1444 ulciscar
862 1413 1030 1444 facinorum
1044 1413 1103 1444 fin-

139 1457 224 1498 gula‚
240 1456 499 1498 quemadmodum
510 1456 526 1487 a
535 1456 702 1498 quibusque
713 1456 779 1486 sum
790 1464 968 1496 provocatus
980 1466 985 1484 z
1004 1456 1102 1486 malos

139 1500 252 1533 civeis,
271 1508 363 1539 remp.
376 1498 451 1529 bene
472 1498 621 1540 gerendo:
638 1497 768 1538 perfidos
785 1500 918 1531 amicos,
938 1498 1017 1528 nihil
1036 1508 1101 1528 cre-

131 1540 240 1571 ‚dendo
250 1561 259 1574 ,
272 1549 358 1582 atque
369 1543 475 1571 omnia
484 1540 636 1571 cavendo:
656 1540 779 1570 invidos
790 1560 799 1574 ,
813 1540 940 1573 virtuti,
954 1540 987 1570 ὃς
995 1539 1098 1581 gloriae

135 1582 296 1613 serviendo
323 1593 329 1612 ε
361 1592 537 1613 mercatores
564 1584 791 1622 provinciarum
813 1602 821 1616 ,
851 1583 1023 1612 revocando
1044 1582 1102 1612 do-

136 1633 225 1654 mum
245 1644 254 1658 ,
283 1633 369 1665 atque
389 1625 426 1655 ab
443 1627 481 1654 iis
501 1626 724 1664 provinciarum
749 1626 897 1654 rationem
925 1623 1097 1663 repetendo.

134 1664 352 1707 ⁶Quamquam
371 1668 449 1696 mihi
467 1667 574 1705 majori
588 1676 663 1696 curae
679 1666 738 1700 est,
758 1665 1017 1706 quemadmodum
1029 1667 1099 1706 qui-

134 1707 207 1739 dem
216 1708 306 1739 vobis
317 1728 327 1742 ,
349 1710 402 1750 qui
414 1709 452 1740 de
465 1718 516 1738 me
529 1707 598 1739 estis
612 1708 728 1748 optime
741 1710 863 1742 meriti,
883 1709 1004 1749 gratiam
1019 1706 1097 1738 refe-

173 1802 198 1819 1.
216 1796 278 1827 Qn
288 1792 349 1819 mol.)
358 1800 402 1818 non
411 1793 510 1826 infrana
521 1792 622 1826 animm]
646 1792 762 1818 Notavit
781 1792 839 1818 heic
850 1792 1012 1819 Gulielmius
1025 1812 1032 1823 ‚
1053 1796 1094 1818 in-
1111 1803 1114 1811 ⁴

132 1830 234 1855 §aslum
243 1829 305 1865 poni
315 1829 453 1864 profraHo.
464 1836 547 1863 neque
558 1828 636 1854 aliter
648 1827 704 1855 fere
716 1827 869 1864 usurpatum
880 1828 988 1855 classicis
999 1828 1094 1855 auito-

131 1864 220 1892 ribus.
239 1865 297 1900 quis
309 1872 396 1891 tumen
417 1864 558 1890 imitatur?

169 1909 198 1927 2.
217 1902 273 1926 Tum
284 1901 311 1933 se
321 1901 391 1933 fiaiffiz
401 1901 520 1933 miJierum,
530 1908 581 1925 cum
590 1907 681 1926 careret
690 1901 802 1935 patria]
816 1901 842 1926 S.
853 1901 970 1927 Vitstoris
982 1902 1010 1927 &
1022 1900 1090 1927 Pall-

131 1936 424 1969 elcstiores‚ficareret.
445 1936 471 1961 δι
485 1936 548 1961 vero
568 1937 649 1970 quam
669 1937 752 1971 magis
771 1937 880 1963 excutio
892 1946 991 1964 nexum
1010 1946 1091 1973 argu-
1110 1932 1112 1959 l

132 1973 232 2003 menti,
241 1979 294 1998 tum
311 1972 397 1997 miuus
408 1971 516 1997 invenio
526 1971 552 1996 in
564 1971 610 1997 hac
622 1971 739 2006 vulgata.

169 2017 196 2042 3.
215 2012 303 2034 Parva
318 2008 434 2033 navicula
451 2009 567 2040 trajeHm·
578 2009 604 2032 in
612 2008 758 2041 §Africamss
780 2008 845 2034 Non
864 2007 965 2034 alienus
985 2007 1020 2034 est
1032 2008 1091 2033 Gu-

132 2045 248 2071 lielmius
260 2042 440 2069 asA'iStor‘is
452 2042 597 2078 scriptura,
614 2045 749 2075 prove-Hm.
768 2042 796 2070 in
816 2043 910 2070 nostris
930 2044 1035 2079 aliquot
1054 2043 1090 2070 est

128 2082 265 2114 pcerm.
288 2077 405 2104 medium
418 2077 523 2104 videtui·
533 2079 676 2114 optimum.

165 2123 194 2148 4.
213 2119 259 2148 Ego
276 2124 324 2149 qun
343 2115 450 2148 consuevi
467 2122 542 2139 utar:
560 2114 695 2148 quoniam]
723 2114 838 2150 Vulgata
858 2115 954 2146 adiecit
966 2134 973 2147 ,
988 2117 1091 2148 pietate,
1110 2131 1111 2143 l

130 2149 173 2177 sed
184 2159 213 2177 ea
224 2152 250 2176 &
264 2149 331 2176 l'all.
343 2151 369 2175 ἃ
383 2149 563 2176 Lambiuianis
574 2149 643 2176 abest
655 2161 661 2177 :
683 2159 743 2176 meo
753 2151 842 2178 animo
853 2151 937 2178 rec'l‘c.
957 2151 1090 2186 intelligi-
1110 2149 1111 2178 ἶ

131 2195 174 2214 tur
184 2187 254 2213 enim
268 2196 291 2212 re
309 2185 379 2221 quod
390 2185 526 2221 praecesfit.
546 2187 571 2212 8(
589 2185 688 2222 alioqui
702 2190 842 2219 pietasnon
863 2188 950 2213 minus
971 2187 1006 2214 est
1024 2186 1089 2213 belli

129 2223 214 2249 virtus
226 2224 306 2258 quani
319 2222 396 2257 pacis.
417 2222 527 2248 adeatur
538 2221 694 2252 Lambinus,
705 2223 750 2258 qui
762 2223 818 2249 heic
829 2223 896 2250 serio
905 2223 1019 2257 judicat.
1109 2228 1111 2254 ἱ

167 2268 193 2292 5.
213 2262 250 2284 Sic
258 2259 359 2290 ulciscar
369 2258 630 2291 fheinorumfingulas]
647 2258 691 2283 Sic
701 2260 728 2283 S.
740 2258 857 2285 motoris
872 2279 880 2291 ‚
903 2259 935 2285 sic
944 2259 998 2285 duo
1010 2260 1091 2286 Lam·
1109 2260 1111 2285 !

129 2293 228 2321 biniani
241 2313 249 2326 ,
269 2302 354 2329 neque
366 2293 495 2319 recedunt
504 2293 572 2319 i’all.
583 2301 629 2320 :tut
641 2292 703 2320 edd.
715 2301 783 2320 vett.
805 2295 851 2322 nifi
862 2295 933 2331 quod
944 2296 962 2322 ii
977 2297 1093 2329 facinora
1109 2295 1111 2302 ⁴

129 2332 230 2364 fingula.
251 2329 359 2364 vulgata
369 2329 458 2361 hodie,
464 2338 551 2362 genera
561 2331 667 2363 fingula.

166 2367 194 2393 6.
212 2368 363 2401 Qamqnam
372 2367 430 2392 mihi
448 2369 532 2400 tmperi
541 2374 601 2393 cnrae
609 2368 645 2392 ef!
654 2384 662 2398 ‚
682 2366 791 2400 quemad.
802 2368 895 2401 quidem
913 2367 1005 2402 vobis]
1029 2365 1091 2393 Mss‘.

518 2465 611 2525 M.
690 2467 1194 2527 TULLIUS

964 2574 1103 2628 ΡΟ

2029 186 2124 234 451

1149 254 1232 290 ram,
1253 244 1344 286 quam
1356 266 1364 281 ‚
1386 248 1650 288 quemadmodum
1668 252 1867 281 inimicorum
1881 249 2024 291 injurias,
2047 263 2098 283 cru
2110 261 2125 269 *

1149 286 1363 332 delitatemque
1383 291 1547 331 persequar⁴
1580 293 1703 322 Etenim
1723 303 1745 323 tr
1755 303 1775 323 L
1786 303 1805 323 c
1816 303 1827 323 1
1840 303 1852 323 s
1863 302 1881 323 c
1893 303 1912 323 E
1922 303 1943 323 N
1952 304 1972 324 n
1983 303 2014 324 ,ιε
2035 295 2119 334 inju-

1151 337 1201 357 riae
1211 327 1328 359 facilior
1339 332 1412 361 ratio
1423 331 1476 366 est,
1488 343 1578 373 quam
1588 333 1728 365 beneficii
1742 335 1968 370 remunerandi,
1979 344 2118 376 propter-

1152 368 1184 398 ea
1194 368 1276 415 quod
1288 371 1470 411 superiorem
1482 373 1539 405 effe
1559 384 1663 407 contra
1680 377 1839 417 improbos
1850 398 1858 410 ,
1880 380 1982 408 minus
1999 377 2042 408 est
2059 388 2113 408 ne-·

1151 418 1226 456 gotu
1238 430 1246 444 ‚
1258 412 1349 451 quam
1360 415 1450 445 bonis
1460 419 1605 457 exaequari
1617 428 1622 447 τ
1632 427 1700 448 tum
1711 421 1800 449 etiam
1813 429 1852 449 ne
1862 427 1925 450 tam
1937 419 2115 458 neceffizrium

1153 451 1277 492 quidem
1294 453 1336 483 est
1346 474 1355 488 ,
1377 456 1455 486 male
1469 460 1601 493 merim,
1623 459 1714 500 quam
1726 462 1842 501 optime
1855 463 1970 492 meritis
1981 482 1989 496 ‚
2010 461 2117 492 referre

1154 493 1237 533 quod
1256 494 1373 540 debeas.
1406 498 1541 528 70dium
1560 501 1607 530 vel
1626 502 1765 540 precibus
1784 505 1914 544 mitigari
1932 503 2047 544 potest,
2067 504 2116 534 vel

1155 535 1341 574 temporibus
1352 539 1423 576 reip.
1436 543 1654 582 communique
1673 545 1801 574 utilitate
1819 545 1950 585 deponi,
1970 546 2018 576 vel
2033 544 2115 575 diffi-

1154 577 1262 606 cultate
1282 577 1443 609 ulciscendi
1463 584 1574 616 teneri,
1593 584 1641 612 vel
1656 585 1796 616 vetustate
1811 587 1911 617 sedari¹
1935 587 2012 618 bene
2022 590 2115 617 meri-v

1154 627 1200 647 tos
1220 620 1295 658 quin
1313 620 1411 654 colas,
1424 631 1489 666 ,nec
1507 625 1620 654 exorari
1636 624 1679 655 fas
1694 626 1753 661 est,
1776 637 1832 658 nec
1851 628 1881 659 id
1900 631 1972 669 reip.
1984 638 2114 669 repetere

1153 668 1316 700 utcumque
1326 661 1440 692 necefie
1451 662 1493 693 est
1502 683 1509 696 ‚
1522 674 1620 705 neque
1629 666 1672 696 cst
1681 670 1832 699 excusatio
1843 669 2029 701 difficultatis
2041 691 2049 704 ,
2061 681 2110 701 ne-

1153 711 1211 741 que
1221 712 1342 743 aequum
1353 703 1395 734 est
1406 713 1541 745 tempore
1556 726 1565 739 ‚
1590 707 1622 736 &
1634 707 1682 737 die
1694 713 1875 742 memoriam
1887 711 2026 743 beneficii
2037 711 2115 742 defi-

1154 745 1228 773 nire.
1252 744 1409 775 Postremo
1431 756 1492 784 Qu
1509 757 1544 776 iN
1559 748 1731 780 ulciscendo
1749 753 1896 783 remissior
1911 753 1970 785 fuit
1982 775 1989 788 .
2010 750 2110 784 8mox

1153 785 1252 824 aperte
1271 786 1422 817 laudatur:
1445 797 1473 818 at
1489 788 1661 830 gravissime
1679 793 1880 832 vituperatur,
1901 798 1954 836 qui
1972 798 2004 826 in
2024 798 2113 827 tantis

1154 826 1328 862 beneficiis,
1347 837 1455 870 quanta
1471 840 1524 860 vos
1545 832 1578 861 in
1595 842 1645 862 me
1662 834 1831 864 contulistis
1842 855 1850 868 ,
1872 838 2110 870 remunerandis„

1154 867 1196 898 est
1209 869 1339 900 tardior:
1358 881 1457 912 neque
1467 871 1566 903 solum
1580 875 1726 915 ingratus,
1747 877 1828 916 quod
1848 878 1943 915 ipsum
1958 890 2043 919 grave
2056 879 2111 913 est„

1154 909 1260 941 verum
1272 914 1361 942 etiam
1373 915 1485 953 impius
1499 916 1663 955 appelletur
1676 937 1683 950 ,
1702 916 1818 947 necess'e
1833 918 1883 948 cst.
1908 923 2004 960 Atque
2018 923 2050 951 in
2064 920 2113 951 of-

1153 951 1222 982 ficio
1240 954 1440 993 persolvendo
1454 955 1607 986 dissimilis
1621 958 1662 988 est
1675 960 1749 989 ratio
1762 979 1769 992 ,
1792 960 1825 989 ὃς
1842 963 1975 1000 pecuniae
1994 962 2111 993 debirae:

1152 996 1305 1034 propterea
1321 997 1404 1037 quod
1420 1000 1581 1037 pecuniam
1598 1002 1651 1040 qui
1668 1002 1795 1035 retinet,
1818 1011 1880 1031 non
1892 1002 2041 1033 diss'olvitr
2061 1007 2110 1044 qui

1151 1036 1283 1067 reddidit
1292 1058 1299 1071 ,
1312 1048 1378 1068 non
1388 1040 1475 1070 habet
1489 1051 1494 1069 :
1514 1042 1646 1081 gratiam
1659 1043 1694 1074 dy
1707 1044 1759 1084 qui
1769 1043 1869 1072 retulit
1880 1064 1887 1076 ‚
1900 1043 1982 1073 haber
1991 1056 2002 1071 .·
2017 1045 2051 1077 ὼ·
2061 1046 2114 1087 qm?

1150 1121 1248 1150 colam
1262 1121 1468 1154 benivolentia
1484 1125 1663 1165 sempiterna
1674 1146 1682 1159 ‚
1705 1130 1719 1153 9
1730 1136 1794 1157 non
1808 1126 1906 1157 solum
1921 1128 1995 1158 dum
2010 1131 2112 1159 anima

1128 1183 1129 1189 1
1150 1161 1266 1201 spirabo
1279 1173 1345 1194 mea
1361 1185 1369 1198 ,
1393 1165 1441 1195 sed
1452 1168 1542 1196 etiarn
1552 1177 1622 1197 cum
1635 1177 1756 1198 mortuo
1768 1179 1968 1200 monumenta
1978 1169 2067 1200 vestri
2079 1173 2112 1200 in

1151 1213 1200 1233 me
1220 1204 1358 1236 beneficii
1375 1208 1605 1246 permanebunt.
1630 1212 1666 1240 In
1678 1209 1829 1241 referenda
1841 1221 1941 1241 autern
1955 1214 2043 1253 gratia
2053 1214 2112 1243 hoc

1148 1245 1238 1276 vobis
1255 1250 1434 1287 repromitto
1448 1269 1457 1283 ,
1482 1250 1655 1292 semperque
1673 1252 1814 1292 praestabo
1828 1273 1837 1286 ‚
1862 1255 1940 1283 mihi
1959 1264 2056 1295 neque
2078 1265 2112 1286 in

1149 1286 1283 1335 consiliis
1293 1289 1329 1320 de
1338 1300 1399 1330 rep.
1411 1292 1563 1331 capiendis
1575 1313 1582 1325 ,
1597 1294 1786 1334 diligentiam
1800 1314 1807 1327 ‚
1821 1305 1918 1335 neque
1928 1297 1961 1325 in
1971 1297 2114 1336 periculis

1150 1340 1165 1358 a
1179 1339 1238 1369 rep.
1251 1332 1456 1375 propulsandis
1467 1353 1475 1366 ,
1501 1336 1640 1364 animum
1653 1355 1660 1369 ‚
1682 1346 1777 1376 neque
1791 1337 1822 1366 in
1835 1338 1982 1367 sententia
1995 1337 2113 1378 simpli*

1148 1372 1404 1408 citerieterenda,
1426 1373 1519 1405 fidem
1532 1396 1540 1409 ,
1561 1386 1659 1417 neque
1677 1379 1708 1407 iii
1723 1379 1888 1408 hominum
1906 1380 2112 1410 voluntatibus

1147 1422 1204 1452 pro
1216 1415 1316 1454 repub>
1329 1416 1473 1447 laedendis
1484 1437 1492 1451 ,
1504 1417 1683 1451 libertatem,
1698 1429 1752 1449 nec
1764 1421 1796 1449 in
1807 1420 1985 1460 perferendo
1995 1421 2109 1454 labore..

1147 1455 1346 1491 industriam,
1367 1468 1423 1488 nec
1442 1461 1474 1488 in
1494 1459 1598 1489 vestris
1620 1461 1794 1492 commodis
1812 1462 1975 1503 augendis,
1997 1472 2111 1503 gratam,

1146 1499 1242 1527 animi
1254 1498 1494 1530 benivolentiam
1505 1500 1683 1532 defuturam.
1708 1506 1806 1544 Atque
1821 1505 1882 1535 haec
1896 1514 1980 1537 cura,
2006 1506 2111 1545 Quiri--

1147 1547 1208 1573 τρε,
1233 1542 1289 1570 erit
1307 1540 1403 1572 infixa
1420 1544 1525 1572 animo
1544 1553 1615 1574 meo
1634 1545 1831 1585 sempiterna,
1849 1555 1904 1579 «ut,
1923 1545 1996 1576 cum
2007 1547 2107 1579 vobis„

1145 1583 1198 1622 qui
1215 1582 1292 1621 apud
1310 1592 1360 1612 me
1374 1583 1501 1614 deorum
1514 1586 1736 1617 immortalium
1747 1589 1812 1617 vim
1825 1607 1832 1621 ,
1857 1588 1891 1617 &
1901 1598 2017 1618 numen
2027 1597 2111 1618 tene-

1143 1632 1180 1652 tis
1191 1644 1200 1657 ,
1220 1632 1285 1653 tum
1295 1624 1421 1664 posteris
1431 1625 1536 1656 vestris
1547 1647 1555 1659 ‚
1575 1627 1752 1669 cumitisque
1765 1629 1903 1670 gentibus
1915 1628 2070 1670 dignifiim
2076 1640 2111 1660 us

1144 1675 1177 1695 ea
1193 1667 1314 1696 civitate
1332 1667 1434 1697 videar
1445 1687 1453 1701 ‚
1473 1678 1538 1708 quae
1554 1669 1636 1699 suam
1652 1669 1830 1708 dignitatem
1843 1681 1905 1701 non
1916 1670 1998 1711 poffe
2009 1680 2111 1702 tenere·

1142 1707 1172 1736 se
1183 1727 1192 1740 ,
1206 1706 1260 1737 nisi
1272 1718 1321 1738 me
1330 1708 1539 1749 recuperasset,
1552 1710 1669 1742 cun5ns
1678 1707 1826 1753 suffiagiis
1837 1713 1990 1753 judicavit.

1130 1791 1211 1817 nostri
1223 1791 1251 1816 Sc
1263 1792 1289 1817 S.
1307 1790 1425 1818 Vifitoris
1438 1801 1488 1819 non
1500 1793 1596 1822 habeut
1607 1794 1675 1821 illud
1685 1795 1777 1829 quidem
1788 1815 1796 1827 ,
1817 1796 1844 1822 δι’
1864 1796 1969 1823 videtui·
1988 1798 2098 1824 omnim]

1131 1827 1257 1853 inveniss'e
1278 1828 1304 1854 in
1325 1828 1486 1855 authenticis
1501 1828 1574 1862 sui55
1594 1833 1745 1866 „Qamytmm
1764 1833 1822 1857 mihi
1830 1834 1939 1866 (Quirites
1949 1835 2053 1868 majorij
2074 1842 2104 1861 ut

1132 1864 1236 1890 monuit
1249 1863 1318 1890 idem
1333 1864 1508 1892 Gulielmius.

1165 1907 1193 1933 7.
1213 1900 1295 1924 odium
1305 1901 1461 1932 vesprecihm·
1471 1904 1578 1936 mitigari
1588 1903 1688 1937 peretz]
1711 1904 1738 1929 S.
1749 1903 1868 1930 Viftoris
1881 1914 1887 1930 ;
1912 1906 2050 1931 vindicari.
2073 1915 2107 1932 cit

1130 1944 1183 1971 quo
1193 1935 1357 1961 Gulielmius
1368 1937 1524 1969 conjiciebat
1535 1939 1656 1964 medicari.

1166 1970 1193 1997 8.
1214 1972 1361 1997 sslochrt&
1369 1973 1512 2007 laudatum]
1536 1974 1593 2000 Pal.
1603 1984 1644 2010 pr.
1660 1976 1685 1999 in
1695 1983 1717 1999 os
1737 1976 1816 2007 aperte
1835 1975 1953 2001 landatur
1964 1995 1972 2008 ,
1992 1976 2065 2012 quod
2075 1978 2105 2003 δι’

1110 2026 1111 2032 ,
1129 2006 1156 2032 in
1173 2013 1236 2032 tert.
1257 2006 1300 2032 sed
1310 2007 1332 2033 is
1342 2015 1470 2042 praeterea
1482 2008 1559 2034 habet
1572 2028 1579 2039 ,
1600 2013 1625 2034 in
1634 2019 1659 2034 os
1671 2019 1722 2034 cnm
1733 2012 1811 2042 apt-rr?
1821 2011 1948 2037 laudatur.
1970 2020 1999 2039 at
2019 2014 2102 2040 ceteri

1128 2041 1232 2068 servant
1245 2060 1252 2073 ,
1271 2045 1296 2068 ln
1307 2052 1383 2067 eornm
1403 2045 1480 2076 apert&
1489 2048 1567 2070 utitur
1579 2063 1587 2075 ‚
1607 2044 1679 2080 quod
1690 2046 1717 2071 δε
1730 2047 1864 2082 reperit-in
1878 2047 1928 2073 suis
1943 2048 2102 2075 Lambinus.

1129 2077 1252 2112 equidem
1263 2078 1289 2104 in
1302 2079 1423 2105 oratione
1443 2080 1527 2106 multu
1538 2080 1597 2107 suut
1616 2081 1757 2112 mendosa3
1780 2091 1837 2118 qum
1852 2082 1922 2109 forte
1943 2083 2000 2110 mss'.
2013 2084 2098 2111 libro-

1128 2122 1187 2140 rum
1206 2113 1350 2140 collatione
1361 2116 1468 2150 purgari
1487 2115 1599 2152 possent.
1620 2116 1672 2143 Sed
1691 2118 1732 2144 cui
1743 2118 1829 2145 otium
1840 2126 1969 2146 excutere
1989 2130 2098 2153 uorem,

1126 2149 1231 2181 deceni,
1243 2150 1363 2176 undecim
1380 2151 1543 2178 membranas
1557 2154 1568 2179 ?

1212 2190 1273 2221 *χρη
1284 2187 1360 2219 filum
1380 2188 1434 2212 dum
1454 2191 1537 2213 anima
1551 2190 1647 2221 spirabo
1665 2190 1742 2223 metu]
1765 2190 1792 2215 S.
1815 2189 1933 2217 Victoris
1955 2191 2023 2218 liber
2043 2203 2095 2220 nou

1128 2222 1206 2249 habet
1216 2221 1284 2248 illud
1297 2241 1304 2254 ‚
1317 2222 1441 2255 nonfiilnm
1456 2243 1462 2255 ,
1474 2224 1635 2260 praefcrtque
1649 2234 1700 2250 cum
1712 2228 1788 2251 animo
1798 2228 1919 2259 exspirabo
1929 2236 1990 2253 mea.
2014 2238 2101 2265 neque,

1127 2258 1207 2285 :iliter
1218 2258 1275 2285 Pal.
1296 2268 1380 2284 nonus
1394 2278 1401 2289 ‚
1416 2269 1495 2295 quam
1507 2259 1578 2296 quod
1589 2262 1610 2287 is
1623 2280 1631 2293 ,
1643 2264 1735 2286 anima.
1757 2261 1892 2298 quomodo
1903 2264 1930 2288 διε
1942 2273 1982 2298 pr.
1993 2264 2019 2289 &
2035 2272 2099 2291 tert⁶

1130 2304 1191 2321 nam
1211 2294 1261 2320 sec.
1280 2295 1430 2328 exsplrando.
1456 2295 1591 2332 sequentia
1608 2306 1714 2332 quoque
1733 2298 1759 2323 in
1783 2297 1850 2324 l'all.
1870 2299 1981 2326 mirifice
2002 2300 2100 2327 abeunt

1131 2332 1145 2357 ἐι
1157 2330 1272 2366 vulgatis
1286 2349 1293 2360 ,
1306 2339 1420 2365 quorum
1434 2332 1589 2359 varietatem
1600 2332 1783 2368 depromerem
1797 2334 1814 2360 fi
1827 2343 1941 2364 vacaret.
1958 2336 2097 2372 juniorum

1131 2366 1181 2394 hoc
1191 2373 1259 2399 erat,
1271 2367 1299 2392 δῖ
1311 2365 1406 2402 quibus
1418 2367 1497 2394 nullae
1508 2377 1587 2401 curae,
1600 2369 1803 2405 nullanegotia.

1294 2469 1707 2528 CICERO

1145 2575 1274 2632 ST

130 2665 982 2756 REDITuM
1090 2666 1274 2757 IN
1369 2667 2086 2759 SENATu.

441 2791 802 2840 ORATIO
881 2792 1100 2839 VICE

398 2904 413 2932 1
423 2922 432 2937 ‚
448 2911 542 2942 patres
556 2901 716 2943 conscripti
729 2921 737 2935 ‚
756 2911 811 2942 pro
821 2899 927 2931 vestris
936 2902 1097 2932 immorta-

398 2943 478 2974 libus
488 2945 520 2974 in
532 2954 582 2974 me
595 2964 603 2977 ‚
623 2943 803 2985 fratremque
821 2953 926 2973 meum
941 2963 949 2975 ‚
971 2943 1096 2974 liberos-

315 3009 319 3013 ,
398 2995 456 3026 que
469 2984 588 3016 nostros
602 2987 717 3016 meritis
727 2995 830 3026 parum
845 2985 932 3015 vobis
944 2986 1094 3016 cumulate

219 3027 230 3036 “
267 3060 270 3068 V
307 3031 366 3067 ἔρξ’
398 3029 502 3068 gratias
521 3037 608 3069 egero
628 3039 638 3062 3
665 3029 765 3069 quaeso
787 3048 796 3061 ‚
818 3026 1010 3068 obtestorque
1025 3048 1033 3061 ‚
1057 3037 1096 3057 ne

339 3072 342 3075 '
359 3079 373 3090 ν
400 3079 472 3099 meae
491 3078 601 3100 naturae
620 3068 722 3110 potius
743 3090 751 3104 ,
780 3069 870 3111 quam
891 3069 1094 3111 magnitudini

1125 2792 1775 2842 SIMAOCTAVA.

1138 2901 1232 2932 dibile
1245 2912 1338 2944 genus
1352 2903 1496 2933 orationis
1507 2923 1516 2935 ‚
1538 2912 1600 2943 quo
1612 2903 1768 2944 quisquam
1783 2902 1979 2944 poss'it‘vestra
1994 2908 2025 2938 in
2039 2915 2096 2939 nos

1136 2945 1274 2975 universa
1290 2953 1469 2985 promerita,
1490 2954 1555 2974 non
1573 2945 1670 2975 dicam
1693 2946 1857 2986 compleG'ti
1878 2949 1992 2979 orando
2012 2970 2020 2983 ‚
2046 2951 2094 2981 scd

1135 2987 1307 3026 percensere
1326 2986 1535 3016 numerando?
1552 2988 1604 3027 qui
1623 2988 1702 3017 mihi
1722 2987 1841 3018 fratrem
1862 2990 2094 3029 optatiss'imumw

1137 3038 1186 3057 me
1196 3027 1275 3058 fratri
1288 3026 1503 3062 amantiflimo,
1519 3028 1619 3058 liberis
1633 3029 1742 3060 nostris
1754 3033 2005 3071 parenteismobis
2017 3034 2097 3064 libe-

1136 3079 1185 3100 ros
1197 3081 1201 3085 ·
1212 3072 1262 3110 qui
1274 3070 1460 3111 dignitatem,
1475 3071 1528 3111 qui
1537 3070 1691 3105 ordinem,
1700 3073 1752 3112 qui
1764 3072 1962 3114 fortunas‚qui
1974 3075 2097 3115 amplis-

337 3092 377 3166 ᾗ
400 3109 667 3145 beneficiorum,id
679 3111 871 3142 tribuendum
883 3113 1004 3152 putetis.
1020 3114 1094 3153 Qae
1113 3126 1115 3151 g
1136 3110 1240 3141 simam
1256 3112 1406 3151 rempubl.
1423 3122 1475 3153 qui
1493 3115 1614 3152 patriam
1626 3133 1634 3146 ,
1654 3124 1711 3154 qua
1725 3115 1802 3144 nihil
1816 3116 1913 3154 potest
1926 3114 2097 3154 efl‘ejucun-

401 3154 483 3181 enim
499 3161 577 3182 tanta
589 3153 685 3192 potest
697 3152 831 3184 exsistere
842 3154 958 3184 ubertas
969 3156 1095 3195 ingenii,
1112 3153 1115 3183 i
1130 3154 1198 3182 iiius
1210 3173 1217 3186 ‚
1239 3155 1290 3194 qui
1310 3154 1438 3195 denique
1458 3155 1656 3195 nosmetipsos
1670 3155 1759 3186 nobis
1771 3157 1948 3188 reddidistis.

1973 3157 2062 3199 de
2075 3156 2095 3187 a

136 3198 205 3231 qux
216 3197 292 3221 tanta
301 3189 419 3222 dicendi
429 3194 515 3235 copia
524 3214 533 3229 ‚
552 3194 633 3236 quod
649 3203 710 3228 tarn
721 3195 862 3229 divinum
873 3215 882 3232 ‚
903 3204 991 3238 atque
1000 3198 1097 3228 incre·
1110 3195 1114 3232 l
1132 3204 1282 3237 parenteis
1291 3195 1439 3237 cariffimos
1449 3196 1556 3229 habere
1567 3196 1725 3234 debemus,
1736 3198 1819 3240 quod
1829 3200 1863 3230 ab
1874 3201 1911 3231 iis
1921 3200 2012 3230 nobis
2023 3201 2093 3233 vita,

1536 3241 1563 3270 L
1574 3239 1605 3269 ll
1625 3249 1645 3270 ρ,
2002 3241 2099 3281 patti-

1151 1077 1233 1107 habet
1253 1100 1261 1112 ,
1288 1080 1425 1117 dissolvit.
1456 1085 1643 1124 Qapropter
1661 1087 1843 1115 memoriam
1864 1085 1954 1116 vestri
1975 1086 2112 1117 beneficii
2135 1099 2176 1121 1-21‘
