2250 3358
693 141 754 197 H
830 159 853 195 1

122 239 199 279 rina
217 234 314 275 tertia
334 234 405 271 hoc
426 230 659 269 staffecutum
670 228 769 266 fuifl‘e
778 227 847 281 ait„
862 237 903 282 ut
922 239 994 263 una
1014 228 1081 263 ho-

120 302 158 326 ra
175 313 187 329 ‚
207 299 273 335 qua
295 283 402 331 coepit
421 281 536 318 dicere
548 307 558 322 ,
579 293 639 316 reo
664 279 765 331 spem·
771 276 897 325 judicii
920 287 1082 328 corrum-

117 334 220 386 pendi
244 331 452 382 praecideret.
477 330 591 379 primo
603 339 720 364 autem
731 327 789 361 die
799 323 1081 378 magnotestiu-in

116 395 265 420 numero
280 382 384 418 citato
398 404 408 418 ‚
431 379 516 415 alter
527 378 598 413 dics
609 377 727 413 amicis
741 376 858 410 Verris
873 375 912 426 ¹&
923 372 1081 407 defemo-

115 433 211 468 ribus
236 443 308 465 non
335 427 443 465 modo
458 427 550 476 spem
564 425 718 463 vistoriae
732 449 741 465 ,
769 422 939 475 sedetiam
952 420 1081 475 volun-

116 490 219 516 tatem
233 477 438 514 defenfionis
450 475 597 512 abstulit.
607 486 688 510 nam
701 497 710 511 ‚
724 483 764 508 ut
772 471 942 508 Asconius
953 469 1080 523 scribit,

112 538 185 565 arte
197 526 376 563 Ciceronis
392 526 436 561 ita
448 525 495 560 est
508 525 665 572 fatigatus
679 519 883 558 Hortensius
896 543 906 557 ‚
922 567 927 572 Ι
940 529 979 554 ut
994 517 1081 571 nihil

113 587 237 613 contra
246 575 342 625 quod
354 575 483 610 diceret
494 598 502 612 ‚
516 572 701 610 inveniret.
714 572 833 619 Itaque
847 568 961 606 nobis,
969 578 1008 602 ut
1017 566 1059 601 Ci
1066 587 1079 593 -

114 637 196 661 cero
219 625 256 660 in
270 626 436 664 Oratore,
465 635 528 671 pro
551 621 706 657 familiari
721 631 780 654 reo
792 617 949 653 summus
960 626 1080 650 orator

113 686 187 709 non
201 673 374 721 respondit
386 670 601 708 Hortensius,
624 667 761 703 dicendi
776 666 870 702 enirn
882 664 1079 718 facultatem

113 721 240 758 Cicero
268 720 455 757 Hortenfio
479 719 611 755 nullam
631 716 726 752 dedit
745 714 832 762 nihil
842 715 909 762 ipse
918 712 1078 773 dicendo,

111 770 158 806 ait
176 770 342 806 Asconius
365 772 400 805 ἓξ
422 768 621 803 Plutarchus
635 792 644 806 ,
667 765 764 801 τέπν
787 764 867 816 elizei
892 772 956 815 σφι
977 774 1079 799 ami,

113 820 182 853 ἀλλ’
205 818 237 861 ἐξ
249 819 340 854 αότέ
351 816 462 861 νιξὸπυν
476 816 542 850 τινα)
556 811 588 854 ΞΓ
597 810 645 861 pasis
659 814 752 848 εἰπεῖν
764 839 773 854 ,
806 811 865 848 ubi
891 809 1077 870 aliquando

110 867 145 911 ἒξ
157 867 249 903 αότέ
259 876 464 914 corruptum
476 865 541 901 effe
554 889 564 905 ‚
588 874 690 911 atque
703 875 764 910 pro
776 874 818 897 eo
830 860 963 906 ἐξώρων
974 871 1075 895 com-

112 915 252 952 modius
275 914 342 962 legi
365 913 456 962 poffe
482 912 613 962 putavi.
639 911 694 948 sed
707 910 877 961 Adrianus
891 908 1078 961 Turnebus

111 963 221 1011 (cujus
244 975 373 998 nomen
386 988 396 1004 ‚
420 973 460 998 ut
485 960 636 1010 magistri
661 960 705 996 de
728 972 784 996 me
807 969 938 1006 optime
950 968 1078 995 meriti,

110 1012 199 1047 mihi
223 1023 403 1060 nunquam
426 1010 490 1046 nisi
502 1010 646 1046 honoris
658 1009 755 1044 causa
766 1006 1002 1055 usurpandum
1018 1005 1079 1063 est)

108 1073 202 1096 anno
225 1060 399 1107 superiore
434 1059 539 1095 literis
562 1057 765 1106 significavit
781 1083 792 1098 ‚
814 1055 936 1109 rg9‘min
956 1049 1023 1089 ῗιναὶ
1044 1054 1077 1097 εξ

76 1131 81 1136 -
109 1109 204 1145 adri?
212 1103 244 1147 {2¹5¹
253 1103 301 1155 fas),
316 1108 417 1142 εἰπεῖν
429 1133 440 1149 ,
462 1109 528 1144 esse
554 1107 708 1153 quodam
719 1105 827 1142 modo
839 1105 993 1141 abdicata
1004 1103 1078 1156 elo-

108 1157 260 1205 quentia.
286 1159 370 1193 Haec
382 1156 491 1205 prima
502 1157 593 1193 aetio
606 1181 615 1197 ,
638 1155 738 1204 cujus
754 1153 850 1203 quasi
861 1165 1077 1202 prooemium

111 1217 248 1242 tantum
260 1206 364 1242 literis
378 1206 585 1241 mandatum
596 1204 644 1242 est
653 1228 662 1243 ‚
683 1217 760 1254 quae
773 1205 921 1239 Verrina
931 1201 1079 1255 secunda

111 1265 293 1291 numeratu
299 1267 461 1295 r‚novem
472 1254 594 1290 diebus
602 1253 769 1290 trania&a
777 1251 836 1292 est,
848 1253 995 1286 Veri-ina
1006 1261 1077 1304 ter-

110 1304 174 1340 tia:
198 1316 305 1352 eaque
317 1305 441 1339 Verres
454 1303 641 1339 convietus
652 1303 709 1338 sua
720 1302 840 1350 sponte
854 1300 890 1336 iii
903 1299 1078 1353 exsuli-um

111 1352 261 1393 decessit,
283 1352 504 1388 Asconius:in
515 1365 587 1400 quo
598 1351 730 1388 exsulio
742 1350 842 1386 illum
852 1348 1078 1402 consenuisse,

111 1399 223 1436 donec
245 1405 264 1436 a
277 1401 489 1437 Triumviris
512 1400 588 1449 post
601 1400 677 1436 Cic.
691 1409 844 1436 mortem
869 1398 1078 1447 proscriptus

111 1449 231 1497 periit,
249 1449 371 1486 au&or
392 1448 440 1485 est
453 1449 652 1486 Laetantius
675 1448 709 1484 li.
731 1461 761 1485 2.
773 1460 846 1497 cap·
859 1461 890 1491 4.
903 1449 938 1483 &
950 1449 1078 1483 Seneca

109 1499 147 1533 in
160 1497 323 1534 Suasoriis
347 1497 422 1534 libr.
441 1510 468 1534 ι.
480 1498 717 1547 Proscriptum
729 1498 876 1533 Verrem
898 1496 939 1531 ab
963 1499 1076 1531 Anto-

112 1547 173 1582 nio
184 1546 332 1582 traditur
342 1571 352 1586 ,
377 1547 474 1596 quod
487 1547 681 1583 Corinthiis
694 1547 725 1583 se
736 1546 768 1581 ei
779 1545 954 1582 cessurum
971 1557 1077 1598 nega-

112 1594 210 1631 viffet
221 1618 232 1633 ³
249 1595 336 1632 Plin.
351 1596 409 1632 hb.
428 1609 479 1640 34.
495 1609 567 1645 cap.
582 1609 611 1632 2.
622 1596 786 1645 Reliquas
798 1594 961 1631 Verrinas
972 1607 1077 1647 quin-

111 1656 180 1692 que
195 1644 320 1681 Cicero
333 1658 405 1680 non
416 1645 507 1682 dixit
522 1659 528 1681 :
544 1645 598 1681 sed
608 1668 619 1683 ‚
632 1645 716 1681 cum
728 1643 832 1680 vellet
843 1655 989 1679 omnem
1003 1655 1076 1696 vim

113 1695 150 1729 ὅτ.
160 1692 330 1729 rationem
341 1694 520 1730 accusandi
534 1694 570 1729 in
584 1707 657 1730 uno
669 1707 729 1730 reo
742 1692 921 1729 ostendere
933 1716 943 1731 ‚
968 1705 1075 1746 quin-

111 1754 181 1789 que
190 1742 253 1777 hos
263 1742 368 1778 libros
378 1742 476 1779 domi
486 1744 624 1791 scriptos
633 1743 843 1791 edidittquos
855 1755 917 1795 pro
928 1741 1074 1795 qualitas

111 1800 145 1825 tc
154 1790 343 1828 criminum
352 1791 685 1833 dividens‚antea&tis
696 1804 809 1828 unum
819 1790 924 1832 dedit,
936 1803 1077 1827 crimini

110 1840 380 1887 repetundarum
393 1852 669 1889 quatuor,unum
682 1839 809 1889 dejure
819 1839 1075 1878 dicundo‚alte-

111 1900 192 1923 rum
203 1888 245 1924 de
258 1901 294 1924 re
304 1889 527 1927 frumentaria
538 1916 547 1932 ,
559 1890 703 1926 tertium
714 1891 757 1925 de
768 1889 871 1937 signis
887 1914 894 1929 ‚
910 1899 1077 1938 quartum

111 1935 155 1970 de
167 1927 585 1984 suppliciis,Asconius.Hi
596 1940 674 1975 sunt
685 1939 840 1988 quinque
851 1949 974 1974 contra
984 1938 1075 1991 Ver-

111 1995 186 2018 rem
209 1985 366 2020 secundae
377 1986 523 2022 aitionis
536 1987 626 2026 libri,
641 1988 683 2022 de
697 1987 822 2035 quibus
833 1987 956 2022 Fabius
968 1987 1004 2022 li.
1021 1999 1073 2022 11.

111 2043 185 2078 cap.
200 2043 232 2066 2.
244 2033 280 2067 ὅτ,
291 2032 433 2068 Tacitus
455 2034 489 2070 in
517 2034 659 2082 dialogo
671 2036 714 2070 de
725 2035 934 2070 Oratoribus
947 2035 1075 2086 Cicero

109 2079 213 2114 etiam
236 2078 272 2114 in
297 2081 446 2114 Oratore
458 2082 594 2117 Verriii.
609 2086 641 2116 6.
653 2094 816 2128 quartum
839 2082 1076 2117 Accusationis

109 2126 263 2174 appellat.
289 2128 407 2176 Itaque
430 2128 465 2164 in
491 2128 604 2174 primo
627 2127 851 2163 accusationis
863 2127 953 2162 libro
965 2151 975 2165 ‚
997 2140 1075 2180 quae

109 2174 160 2211 est
170 2174 317 2211 Verrina
326 2176 424 2212 tertia
436 2200 447 2215 ‚
472 2176 598 2212 Cicero
612 2176 765 2213 antea8m
777 2201 786 2215 ‚
801 2175 835 2210 id
847 2175 896 2211 est
908 2188 945 2211 ea
955 2188 1074 2211 crimi-

931 158 958 196 S
1036 158 1071 198 Τ

110 2236 166 2265 na,
175 2236 253 2273 quae
265 2225 388 2260 Verres
411 2235 489 2261 ante
509 2236 695 2274 praeturam
707 2224 917 2260 Siciliensem
932 2227 967 2259 in
980 2236 1077 2273 quae-

109 2271 213 2314 stura,
225 2273 396 2321 legatione
406 2297 416 2312 ,
442 2276 478 2311 8:
486 2285 635 2322 praetura
646 2274 779 2310 urbana
789 2272 965 2309 commisit
977 2299 986 2314 ,
1012 2285 1075 2310 ex-

108 2321 221 2369 ponit.
249 2324 290 2358 In
313 2320 463 2358 secundo
476 2323 713 2360 Accusationis
726 2322 816 2358 libro
830 2335 908 2372 quae
920 2321 969 2358 est
982 2323 1072 2375 Ver-

108 2369 184 2406 rina
194 2381 313 2419 quaita
324 2396 333 2411 ‚
355 2371 572 2420 explicantur
584 2372 731 2409 crimina
744 2372 778 2408 in
792 2372 909 2408 Sicilia
922 2398 931 2413 ,
955 2371 1077 2425 injure

107 2418 262 2455 dicundo
284 2420 472 2456 commissa.
495 2421 635 2458 Tertius
659 2421 746 2457 liber
769 2420 817 2457 est
840 2420 884 2457 de
907 2421 1076 2457 frumenti

108 2468 313 2504 criminibus
326 2494 335 2509 ,
360 2482 465 2519 eaque
489 2471 600 2506 oratio
623 2469 851 2506 frumentaria
870 2469 1075 2523 aveteribus

109 2517 351 2553 Grammaticis
364 2519 577 2557 nominatur.
594 2522 749 2567 Qartus
765 2519 852 2555 liber
862 2545 872 2560 ‚
884 2518 939 2555 seu
953 2519 1074 2554 Verri-

107 2577 152 2601 na
174 2565 268 2603 sexta
278 2591 288 2605 ‚
314 2565 363 2602 est
385 2566 427 2604 de
440 2566 553 2615 fignis.
569 2572 725 2616 Qintus
735 2569 770 2604 ὃς
781 2568 927 2604 ultimus
941 2567 984 2604 de
996 2568 1074 2614 sup-

105 2613 227 2662 pliciis.
256 2615 365 2651 Verre
385 2616 550 2652 damnato
565 2642 575 2657 ,
600 2628 639 2653 ut
651 2617 854 2653 Plutarchus
865 2616 981 2656 tradit,
993 2628 1076 2652 cum

108 2662 234 2699 Cicero
260 2663 356 2703 litem
376 2665 410 2705 rei
425 2665 542 2702 tricies
556 2667 647 2703 H-S.
661 2665 863 2707 aestimaffet‚
875 2666 964 2702 male
976 2665 1073 2702 audi-

108 2710 171 2752 vit,
183 2711 277 2760 quafi
289 2714 433 2760 pecunia
444 2713 639 2761 accepta‚de
653 2715 762 2751 multa
775 2714 961 2751 remifisset-
972 2713 1075 2763 Apud

108 2759 333 2798 Plutarchum
354 2757 565 2808 ἑέδὶμιῆιφνῶι
589 2762 669 2801 πένἾε
681 2757 855 2809 pavacii&
869 2790 877 2804 ,
901 2763 948 2800 est
958 2763 1075 2800 tricies

106 2807 298 2845 sestertium
312 2809 501 2857 :siquidem
514 2808 611 2853 εἷἰωστ
622 2811 701 2850 πένἾε
714 2806 888 2858 praeludiis
900 2812 1075 2866 est,decies

107 2858 241 2893 H-S.ut
253 2858 346 2894 idern
358 2860 395 2895 in
407 2861 564 2896 Antonio
577 2861 869 2899 test-atunVeriim
881 2862 1027 2898 Budaeus
1038 2874 1075 2897 in

106 2905 201 2942 libris
215 2907 256 2942 de
264 2907 340 2942 Affe
349 2908 431 2945 &in
443 2910 716 2946 Commentariis
731 2911 844 2946 censet
855 2910 892 2946 in
903 2911 1076 2947 Plutarchi

105 2953 200 2990 libris
220 2955 368 2993 ,verbum
386 2958 571 3001 ’τξιοικρσ-ἱων
585 2985 595 3000 ,
627 2970 685 2995 aut
695 2959 790 2995 aliud
803 2959 924 2997 deesse.
948 2959 1076 2995 Sester-

106 3001 200 3046 tium
214 3004 492 3053 quadringenties
502 3007 522 3043 ὲ
534 3007 643 3043 Verre
652 3018 791 3044 tantum
802 3009 988 3057 repetitum
1000 3007 1077 3046 effe,

109 3051 276 3088 Asconius
290 3053 412 3090 scribit.
440 3056 504 3091 His
518 3067 611 3092 coss.
636 3056 864 3093 tribuniciam
876 3057 1077 3106 potestatem

110 3099 298 3137 restitutam
311 3101 377 3138 effe
388 3129 397 3143 ,
422 3103 595 3140 Sallustius
605 3104 643 3140 in
655 3105 759 3141 Catil.
770 3106 888 3142 scribit
904 3130 914 3146 ,
926 3106 1019 3141 idem
1031 3106 1079 3141 est

107 3145 145 3182 in
166 3148 318 3197 epitoma
340 3150 400 3188 lib.
408 3163 431 3198 9
439 3164 470 3198 7.
480 3152 570 3201 apud
592 3153 768 3203 Vellejum
789 3154 826 3191 li.
842 3167 872 3191 2.
896 3157 930 3193 &
943 3155 1079 3193 Plutar-

556 3235 581 3279 ι’

1147 160 1183 199 Ο
1256 161 1300 200 R
1375 161 1399 199 1
1477 161 1511 199 A
1522 159 1537 200 .'
2031 171 2053 208 11
2070 173 2098 201 *f

2066 210 2077 224 Ι

1132 231 1238 268 chum
1249 232 1286 268 in
1298 231 1474 281 Pompejo.
1485 232 1580 269 Hinc
1596 231 1780 280 QCicei‘o
1794 235 1854 273 lib.
1871 246 1899 281 3.
1911 236 1954 274 de
1965 237 2101 287 legibus

1132 280 1190 321 ait,
1202 280 1341 329 Pompej
1347 294 1408 317 um
1419 281 1577 318 nostrum
1589 284 1710 319 ceteris
1722 285 1821 321 rebus
1833 287 1997 324 omnibus
2008 290 2097 325 iem-2

1131 340 1190 372 per
1201 330 1411 377 amplissimis
1429 331 1639 380 summisque
1649 331 1757 368 effero
1770 334 1927 371 laudibus
1942 349 1949 371 :
1976 336 2019 372 de
2031 338 2098 373 tri:

1131 375 1270 412 bunicia
1294 379 1457 425 potestate
1466 391 1585 416 taceo:
1607 394 1673 416 nec
1686 382 1780 417 enim
1792 384 2043 430 reprehendere
2054 386 2098 421 lio

1133 422 1190 458 bet
1201 449 1209 464 ‚
1224 436 1287 458 nec
1299 427 1434 463 laudare
1447 428 1593 477 possum.
1603 429 1847 476 Postjudiciaa
1860 433 1953 469 Sulla
1964 434 2098 472 consti-

1131 482 1206 507 tuta
1216 495 1227 509 ‚
1238 472 1369 508 senatus
1378 474 1451 521 jam
1464 478 1591 525 exlege
1604 479 1768 515 Cornelia
1780 493 1841 527 per
1852 480 1972 517 decem
1984 495 2095 519 annos

1130 520 1278 568 turpiter
1283 520 1509 568 judicaverat,
1525 527 1570 562 ita
1582 538 1622 562 ut
1627 526 1844 575 judiciorum
1857 529 1994 566 levitate
2004 532 2094 567 ordo

1130 581 1271 617 quoque
1292 568 1378 610 alius
1401 570 1443 605 ad
1468 584 1519 607 res
1538 573 1739 620 judicandas
1757 577 1998 624 postularetur·
2024 580 2095 616 hoc

1132 617 1239 665 igitur
1259 630 1354 653 anno
1368 620 1409 654 L.
1422 620 1581 656 Aurelius
1595 625 1697 660 Cotta
1710 636 1838 674 praetor
1850 627 1960 675 legem
1975 628 2015 663 ad
2028 641 2095 677 po·-

1128 666 1253 714 pulum
1268 666 1349 702 tulit
1362 690 1372 705 ‚
1385 678 1423 703 ut
1435 668 1603 704 senatores
1617 685 1698 708 cum
1712 675 1885 721 equitibus
1899 678 1933 713 ὃς
1945 677 2096 714 tribunis

1129 714 1252 750 aerariis
1273 715 1480 762 judicarent.
1494 717 1618 753 Cicero
1633 721 1779 758 Veri-ina
1802 724 1922 771 prima,
1943 727 1978 762 δε
1989 726 2095 761 Asco-

1128 764 1206 799 nius
1220 763 1256 799 in
1270 764 1424 800 eandem.
1442 765 1565 801 Livius
1578 766 1613 802 li.
1630 778 1688 811 97-
1702 770 1735 805 8<
1747 771 1898 819 Vellejus
1912 785 1944 809 2.
1958 774 2093 811 Eodem

1127 825 1220 848 anno
1245 812 1413 854 Censores
1434 813 1578 851 fuerunt
1600 815 1735 852 Gellius
1758 820 1931 866 Poplicola
1943 846 1953 861 ‚
1972 825 2006 859 δε
2025 824 2095 860 Cn.

1129 861 1315 897 Cornelius
1326 862 1552 899 Lentulusde
1563 864 1688 911 quibus
1702 865 1827 902 Cicero
1839 881 1901 915 pro
1914 871 2095 908 Cluentio.

1129 909 1272 946 Lentuli
1295 911 1442 946 censoris
1466 913 1628 949 meminit
1650 913 1752 951 etiam
1769 916 1917 954 Veri-ina
1940 920 2092 968 septima,

1127 971 1190 1007 pro
1202 959 1325 994 Flacco
1336 985 1347 1001 ,
1372 962 1406 996 &
1417 973 1480 1008 pro
1493 960 1614 999 domo.

1165 1061 1261 1094 Anno
1271 1056 1358 1094 urbis
1373 1068 1586 1157 Dchxxicv.
1598 1063 1755 1099 Ciceronis
1771 1074 1934 1100 xxxviii.
1944 1077 2041 1102 coss.

1555 1121 1681 1150 uerunt,

1151 1180 1643 1227 QHORTENSIU&
1681 1185 2064 1229 QCAECILIUS

1278 1231 1597 1268 METELLUS
1626 1234 1939 1272 CRETICUS.

1128 1306 1249 1386 DE
1261 1302 1313 1339 his
1324 1304 1523 1342 consulibus
1536 1307 1661 1344 Cicero
1674 1310 2021 1357 proCluentiozTum
2035 1312 2093 1349 in-

1219 1353 1323 1389 terim
1333 1354 1666 1392 HorteiifioMetello
1677 1370 1814 1396 coss.ut
1824 1360 2095 1410 huncOppiani-

1126 1412 1210 1436 cum
1229 1401 1324 1438 aliud
1337 1414 1495 1450 agentem
1509 1428 1520 1443 ‚
1542 1417 1579 1440 ac
1593 1406 1681 1442 nihil
1695 1406 1864 1455 ejusmodi
1877 1410 2092 1457 cogitantem

1125 1449 1166 1484 ad
1179 1450 1268 1485 hanc
1280 1451 1535 1489 accusationem
1547 1454 1740 1492 detraheret
1750 1483 1760 1498 ‚
1781 1457 1895 1494 invito
1908 1459 2093 1506 despondit

1126 1498 1157 1533 ei
1168 1497 1275 1535 filiam
1286 1500 1390 1536 suam.
1417 1503 1498 1537 Hoc
1509 1515 1602 1549 anno
1614 1504 1741 1541 Cicero
1751 1506 1857 1542 aedilis
1871 1508 2002 1543 curulis
2014 1508 2092 1544 fuit.

1126 1547 1239 1583 aediles
1252 1560 1367 1585 autern
1381 1550 1442 1593 εἶφ’
1459 1545 1520 1590 iube
1533 1545 1573 1585 ὧν
1585 1551 1755 1602 πρῴτῑῖεατν
1770 1549 1854 1602 ἔργω
1867 1580 1877 1594 ,
1900 1556 1979 1604 ἱερῶν
1991 1557 2094 1592 rimu

1124 1595 1329 1643 ἐπιμεληταὶ
1343 1594 1474 1648 wengi]
1486 1623 1496 1638 ,
1509 1600 1543 1636 id
1552 1601 1602 1637 est
1611 1626 1621 1641 ,
1632 1602 1673 1638 ab
1686 1616 1755 1639 una
1766 1615 1862 1652 parte
1874 1604 1922 1640 sui
1936 1608 2096 1642 muneris

1126 1645 1220 1694 quasi
1232 1659 1408 1684 curatores
1420 1648 1546 1686 aedium
1563 1649 1648 1688 dieti
1664 1652 1744 1688 sunt
1756 1679 1765 1694 ‚
1790 1653 1979 1703 Dionysius
1990 1655 2093 1690 Hali-

1123 1695 1323 1732 cai-naffaeus
1338 1697 1431 1734 lib.6.
1450 1698 1511 1734 ubi
1524 1698 1617 1736 addit
1628 1713 1685 1737 eos
1698 1701 1718 1737 a
1729 1702 1859 1738 Graecis
1880 1701 2095 1751 οἰῃρρρινὸμιες

1124 1743 1191 1779 dici
1205 1770 1214 1785 ,
1238 1745 1335 1793 quod
1357 1758 1520 1794 magnam
1543 1748 1609 1784 illis
1632 1761 1763 1797 partem
1786 1750 1911 1787 similes
1933 1753 2021 1789 sunt.
2045 1752 2092 1789 de

1125 1792 1287 1830 aedilitate
1311 1795 1368 1831 sua
1394 1796 1519 1832 Cicero
1542 1798 1690 1835 Verrina
1714 1799 1855 1848 septima
1880 1812 1926 1837 ita
1950 1801 2065 1838 scribit
2080 1815 2091 1836 ε

1126 1844 1161 1878 N
1165 1855 1186 1878 u
1192 1855 1236 1878 nc
1247 1843 1323 1878 sum
1333 1843 1527 1891 designatus
1539 1847 1646 1884 aedilis
1657 1861 1666 1884 ε
1679 1849 1788 1884 liabeo
1802 1850 1974 1886 rationem
1986 1876 1995 1891 ,
2005 1850 2094 1899 quid

1124 1890 1144 1926 ἐι
1157 1892 1286 1939 populo
1298 1894 1405 1929 Rom.
1417 1896 1608 1941 acceperim
1623 1909 1629 1932 :
1654 1897 1742 1933 mihi
1755 1897 1855 1934 ludos
1867 1898 2094 1935 fimffiffimoe

1125 1945 1279 1977 maxima
1290 1953 1373 1977 cum
1385 1945 1593 1980 caeremonia
1605 1946 1725 1982 Cereri
1738 1972 1748 1988 ‚
1770 1947 1897 1983 Libero
1911 1971 1920 1986 2
1943 1948 2096 1984 Liberae-

1124 2001 1192 2037 que
1203 1989 1379 2026 faciendos
1392 2017 1401 2032 ‚
1423 1993 1511 2027 mihi
1524 1994 1548 2027 F
1550 1993 1660 2047 lora⁴m
1674 2005 1819 2031 matrem
1834 1996 1966 2044 populo
1980 1996 2093 2044 plebi-

1125 2050 1193 2084 que
1203 2040 1311 2073 Rom.
1324 2038 1490 2075 ludorum
1502 2041 1700 2077 celebritate
1711 2043 1922 2089 placandam:
1935 2045 2021 2080 mihi
2035 2045 2096 2081 lu-

1125 2086 1188 2120 dos
1201 2085 1450 2134 antiquissimos
1463 2111 1473 2126 ‚
1483 2089 1542 2134 qui
1554 2089 1658 2136 primi
1673 2092 1825 2126 Romani
1836 2091 1915 2128 sunt
1927 2094 2094 2130 nomina-

1124 2132 1150 2165 ti
1165 2154 1175 2168 ‚
1188 2134 1341 2168 maxima
1352 2147 1435 2169 curn
1449 2135 1618 2182 dignitate
1631 2151 1668 2173 ac
1680 2139 1938 2188 religioneJovi
1952 2165 1962 2180 ‚
1971 2142 2092 2189 Juno-

1126 2178 1161 2214 ni
1175 2204 1185 2219 ‚
1208 2181 1451 2231 Minervaeque
1475 2183 1542 2219 esse
1563 2184 1744 2223 faciundos
1770 2200 1777 2222 :
1809 2188 1896 2223 mihi
1920 2189 2093 2227 {acrarum

1124 2226 1252 2264 aedium
1265 2231 1560 2277 procui-ationem,
1571 2234 1656 2270 mihi
1668 2245 1779 2272 totam
1791 2237 1913 2273 urbem
1922 2239 2093 2276 tuendam

1124 2275 1190 2312 effe
1201 2278 1414 2315 commissam
1427 2294 1436 2316 :
1449 2280 1495 2316 ob
1507 2294 1626 2319 earum
1636 2296 1753 2321 rei-um
1767 2285 1921 2322 laborem
1929 2289 1963 2323 δε
1975 2287 2092 2323 solici-

1124 2325 1283 2363 tudinem
1296 2326 1430 2364 fruetus
1444 2329 1520 2366 illos
1531 2331 1630 2367 datos
1639 2356 1649 2370 ‚
1668 2333 1902 2382 antiquiorem
1924 2335 1959 2371 in
1972 2336 2093 2373 senatu

1125 2374 1299 2412 sententiae
1310 2376 1464 2414 dicendae
1475 2379 1606 2421 locum,
1620 2391 1740 2429 togam
1749 2394 1962 2429 praetextam,
1973 2385 2091 2422 sellam

1125 2424 1284 2460 curulem
1301 2448 1309 2463 ,
1324 2423 1384 2473 jus
1397 2426 1557 2475 imaginis
1569 2429 1610 2465 ad
1622 2431 1829 2467 memoriam
1841 2432 2092 2480 posteritatem-
2128 2443 2132 2444 ⁷

1125 2485 1193 2520 que
1203 2474 1428 2521 prodendam.
1439 2477 1522 2512 hinc
1532 2477 1636 2514 etiam
1650 2492 1713 2527 pro
1727 2482 1876 2516 Murena
1888 2505 1898 2520 ‚
1910 2481 1942 2516 se
1953 2481 2089 2520 aedilem

1124 2521 1234 2557 trinos
1248 2522 1348 2559 ludos
1359 2523 1481 2565 fecisse,
1496 2526 1552 2562 ait.
1570 2527 1667 2563 Idem
1678 2528 1767 2563 libro
1783 2541 1812 2564 2·
1822 2529 1865 2565 de
1878 2529 2014 2572 officiis,
2025 2544 2090 2579 pro

1124 2570 1352 2617 amplitudine
1364 2573 1544 2610 honorum
1557 2601 1567 2616 ,
1579 2588 1668 2624 quos
1680 2578 1814 2613 cunffis
1830 2577 1996 2626 suffragiis
2008 2580 2089 2616 ade-

1124 2629 1201 2666 ptus
1221 2619 1302 2656 effer
1320 2621 1381 2657 suo
1402 2634 1496 2658 anno
1510 2648 1520 2664 ‚
1542 2625 1711 2671 exiguum
1730 2625 1909 2675 sumptum
1921 2628 2093 2665 aedilitatis

1124 2667 1190 2703 suae
1202 2667 1300 2705 fuisse
1312 2669 1426 2708 tradit.
1454 2671 1684 2709 Advexerunt
1697 2684 1774 2710 tum
1786 2677 1821 2711 ὃς
1830 2675 2022 2713 attulerunt
2035 2678 2090 2713 Si-

1125 2716 1195 2752 culi
1216 2718 1328 2755 multa
1346 2732 1389 2757 ex
1409 2720 1517 2756 insula
1535 2721 1577 2757 ad
1596 2721 1808 2759 Ciceronem
1830 2724 1974 2761 aedilem.
2001 2738 2091 2774 quo-

1124 2777 1204 2801 rum
1224 2767 1282 2803 ille
1300 2767 1388 2804 nihil
1408 2768 1443 2804 in
1457 2769 1557 2806 suum
1573 2771 1743 2819 quaestum
1758 2773 1929 2809 contulit:
1952 2781 2091 2812 tantum

1125 2814 1326 2853 liberalitate
1346 2817 1534 2854 hominum
1551 2820 1594 2855 ad
1614 2833 1790 2857 annonam
1808 2822 1990 2860 levandam
2011 2823 2092 2860 usus

1125 2862 1172 2898 est
1182 2887 1192 2901 ,
1205 2866 1348 2901 ευξὶοτε
1359 2866 1554 2904 Plutarcho.
1580 2869 1725 2917 Collega
1736 2869 1917 2906 Ciceronis
1931 2871 1967 2907 in
1979 2871 2089 2907 aedili-

1124 2922 1195 2947 tate
1206 2912 1274 2950 fuit
1284 2917 1333 2950 M.
1347 2915 1523 2952 Caesonius
1536 2940 1545 2955 ,
1571 2928 1611 2953 ut
1625 2918 1692 2966 ipse
1704 2918 1850 2955 Verrina
1864 2919 2009 2956 secunda
2021 2945 2030 2960 ,
2054 2922 2091 2957 ὃς

1126 2961 1297 2998 Asconius
1330 2963 1508 3001 testantur.
1546 2966 1624 3001 Scio
1646 2967 1802 3003 Paullum
1828 2968 2029 3004 Manutium
2052 2971 2091 3004 in

1128 3009 1318 3047 Asconium
1332 3012 1475 3049 scribere
1487 3037 1496 3052 ‚
1513 3014 1608 3050 hunc
1621 3015 1856 3062 magistratum
1870 3028 1952 3052 cum
1968 3017 2091 3052 Tullio

1127 3071 1201 3093 non
1215 3060 1483 3100 Caesonium‚sed
1494 3063 1734 3099 C-Antonium
1746 3064 2010 3111 geffiffeverum
2020 3077 2090 3099 un-

1127 3106 1169 3141 de
1182 3107 1217 3142 id
1229 3107 1387 3146 didicerit
1399 3135 1409 3148 ‚
1423 3111 1584 3159 equidem
1596 3112 1734 3159 ignoro.
1761 3115 1841 3148 Hoc
1853 3126 1945 3148 anno
1959 3111 2090 3165 Lucul-

1126 3155 1180 3194 lus
1190 3157 1314 3196 urbem
1323 3171 1365 3197 ex
1379 3159 1540 3209 Tigranis
1550 3172 1658 3255 reg>no
1674 3160 1874 3210 cepit‚cujus
1883 3161 2096 3245 menfinii'm'

1563 3211 1598 3256 (c
1932 3211 1956 3245 lla
1973 3220 2027 3244 ani
2044 3220 2092 3244 ia-
