2316 3395
159 883 245 922 57P

219 130 285 192 84
647 123 1145 175 M.'TuLt,11

220 210 258 241 ad
271 211 351 241 suam
371 218 435 240 rem
455 208 720 241 accommodatum
730 204 890 239 abstulisset
907 215 914 234 t
936 213 970 235 ut
987 214 1057 235 eum
1068 203 1183 235 tristem

225 252 320 282 Galba
337 252 434 284 vidit,
455 261 583 282 nomine
601 251 776 290 appellavit,
797 245 987 289 quaefivitque
999 267 1007 279 ,
1029 246 1133 287 quade
1152 257 1182 277 ie

224 294 262 324 ad
273 292 405 323 Crasl'um
423 292 576 324 retuliss'et.
606 302 644 322 cx
661 301 722 331 quo
736 300 768 325 ut
777 290 890 320 audivit
901 310 909 321 ,
928 298 1182 329 commotumque

226 345 261 365 ut
270 335 346 365 vidit
356 336 516 365 hominem
527 356 535 368 ‚
548 333 694 373 Suspenso
706 352 713 365 ‚
735 334 835 372 inquit
845 351 854 363 ‚
865 332 970 360 animo
983 351 991 364 ‚
1013 331 1045 360 &
1055 340 1181 370 occupa-

221 385 256 406 to
269 396 277 410 ‚
295 375 427 406 Crassum
446 377 499 407 tibi
519 372 700 414 respondisse
719 373 820 402 video.
852 371 962 403 deinde
980 373 1079 412 ipsum
1099 371 1181 402 Cras-

225 418 292 449 sum
311 428 401 448 manu
420 417 593 458 prehendit:
618 419 654 445 Et
673 417 746 445 heus
767 424 797 444 tu
810 435 818 447 ,
838 416 957 455 inquit,
976 413 1049 455 quid
1068 413 1124 443 tibi
1144 415 1178 444 in

226 469 363 489 mentem
382 462 466 489 venit
482 461 520 488 ita
538 456 712 497 respondere
732 458 743 485 ?
765 459 849 486 Tum
867 456 918 486 ille
928 455 1066 494 fidenter,
1083 455 1179 485 homo

223 499 434 541 peritissimus,
458 499 634 530 confirmare
647 519 656 531 ,
680 500 719 528 ita
737 499 764 527 se
784 508 849 528 rem
860 497 965 527 habere
977 518 986 530 ‚
1007 506 1040 527 ut
1058 497 1181 537 respon-

226 541 313 572 difl'et
337 554 342 571 ;
365 553 421 572 nec
441 541 571 571 dubium
592 538 650 570 esse
672 537 765 580 posse.
811 539 903 569 Galba
923 547 1023 569 autern
1045 538 1181 569 alludens

228 583 308 613 varie
330 604 338 616 ‚
369 584 400 613 δε
419 582 541 622 copiose
559 603 566 615 ‚
590 582 699 612 multas
717 580 931 610 similitudines
949 579 1053 610 afferre
1071 601 1079 614 ,
1098 580 1182 610 mul—

224 633 309 665 tique
330 635 383 664 pro
402 626 535 665 equitare
551 624 716 663 contraius
735 623 833 653 dicere
852 633 857 651 ε
881 632 966 663 atque
984 622 1072 651 illum
1088 642 1095 654 ‚
1107 620 1180 652 cum

225 664 394 696 differendo
404 676 454 705 par
472 664 528 695 effe
549 676 613 695 non
630 663 929 705 poffet(quamquam
946 662 1127 693 fuitCrass'us
1147 665 1181 693 in

227 718 357 737 numero
368 707 547 737 disertorum
559 728 567 741 ‚
579 707 627 738 sed
637 717 688 747 par
698 707 800 736 Galbae
810 707 897 735 nullo
907 705 1015 744 modo)
1034 705 1068 735 ad
1079 704 1182 734 aucto-

224 759 272 778 res
291 747 477 791 confugisse,
500 749 572 779 &id
584 769 593 783 ‚
610 748 691 790 quod
702 748 762 788 ipse
780 748 910 779 diceret,
931 747 962 776 &
982 748 1015 776 in
1032 749 1062 776 Ρ.
1075 747 1183 779 Mucii,

222 789 321 821 fratris
332 791 488 825 suilibris‚
511 791 587 820 &in
596 794 664 821 Sex.
702 791 776 819 AElii
795 790 1024 819 commentariis
1041 788 1183 827 scriptum

223 831 377 871 protulifl'e
390 844 394 861 1
418 842 560 863 aeramen
569 830 737 862 concessisse
750 831 850 860 Galbae
863 850 871 863 ,
886 830 1119 869 disputationem
1132 827 1184 858 fibi

247 873 415 904 robabilem
426 895 434 908 ‚
457 875 490 904 &
499 884 591 914 prope
602 884 704 903 veram
714 872 820 903 videri.
864 874 1006 901 Attamen
1016 881 1081 911 quae
1091 871 1183 900 causae

226 916 295 946 sunt
315 916 483 956 ejusmodi,
505 926 537 946 ut
556 916 592 945 de
611 925 712 945 earum
729 915 794 953 jure
807 912 935 942 dubium
946 911 1002 942 effe
1014 922 1076 942 non
1086 910 1182 952 possit,

225 959 359 987 omnino
369 958 560 998 injudiciurn
570 959 669 986 vocari
680 966 744 985 non
756 956 861 986 solent.
887 957 974 984 NUM
995 963 1074 992 Qr-is
1093 964 1129 983 eo
1141 963 1184 983 te-

224 998 375 1030 stamento
386 1020 394 1033 ,
406 1000 486 1041 quod
496 997 707 1039 paterfamilisis
717 1006 783 1027 ante
792 996 864 1026 fecit
874 1016 883 1030 ,
901 996 992 1036 quam
1003 998 1031 1025 ei
1041 993 1121 1025 filius
1133 1005 1184 1025 na-

225 1049 272 1071 tus
283 1040 326 1071 est
336 1061 344 1075 2
355 1041 549 1071 hereditatem
561 1042 655 1080 petit?
678 1049 786 1069 nemo:
806 1040 875 1078 quia
883 1037 1015 1070 constat,
1027 1037 1185 1079 agnascen-

224 1081 267 1113 do
287 1085 387 1123 rumpi
406 1082 627 1113 testamentum.
660 1084 740 1122 Ergo
759 1082 793 1110 in
811 1082 869 1109 hoc
877 1090 984 1120 genere
995 1078 1187 1118 jurisjudicia

225 1125 311 1155 nulla
321 1125 399 1155 sunt.
431 1127 514 1154 Licet
534 1126 622 1166 igitur
639 1122 764 1162 impune
779 1124 890 1152 oratori
900 1131 1027 1151 omnem
1038 1121 1113 1151 hanc
1122 1130 1187 1160 par-

226 1174 289 1196 tem
312 1170 321 1185 ¹
332 1167 408 1206 juris
426 1163 641 1196 incontroversi
659 1174 814 1206 ignorare,
844 1173 911 1204 quae
932 1173 995 1202 pars
1012 1160 1071 1192 sine
1090 1162 1186 1192 dubio

226 1208 328 1237 multo
339 1209 471 1238 maxima
481 1206 533 1237 est.
559 1209 595 1236 In
606 1217 642 1236 eo
651 1216 749 1236 autem
762 1207 835 1245 jure,
846 1204 926 1246 quod
936 1204 1098 1245 ambigitur
1107 1205 1186 1233 inter

225 1247 420 1289 peritissimos
431 1270 438 1281 ,
452 1259 515 1279 non
524 1247 583 1278 effe
592 1247 715 1278 difficile
727 1249 837 1277 oratori
847 1267 855 1279 ,
878 1247 940 1285 ejus
950 1255 1038 1285 partis
1050 1266 1059 1280 ,
1079 1256 1185 1286 quam-

226 1300 359 1331 cumque
369 1290 519 1324 defendat,
530 1289 685 1321 aufitorem
696 1289 827 1330 aliquem
838 1289 974 1317 invenire
988 1298 993 1316 ;
1012 1287 1028 1317 a
1038 1298 1098 1328 quo
1108 1286 1145 1316 cu
1153 1297 1184 1316 m

223 1340 386 1362 amentatas
394 1331 485 1368 hastas
494 1333 649 1372 acceperit,
663 1332 722 1371 ipse
733 1341 778 1360 eas
788 1332 914 1360 oratoris
924 1329 1048 1362 lacertis,
1060 1328 1189 1358 viribus-

225 1384 285 1414 que
304 1374 465 1415 torquebit.
495 1372 561 1404 Nisi
570 1371 641 1404 vero
653 1374 744 1411 tbona
751 1373 839 1402 venia
850 1372 939 1411 hujus
949 1372 1059 1411 optimi
1069 1372 1127 1400 viri
1137 1370 1184 1400 di-

225 1416 326 1445 :zerim
336 1416 485 1455 Scaevolae)
499 1425 530 1445 tu
540 1415 651 1445 libellis
664 1434 672 1448 ‚
694 1423 743 1444 aut
752 1415 904 1453 praeceptis
915 1413 1008 1449 soceri
1018 1414 1062 1442 tui
1070 1412 1186 1442 causam

229 1459 266 1487 M
288 1459 372 1487 Curii
382 1456 544 1487 defendisti
557 1467 562 1485 :
587 1466 690 1486 nonne
699 1454 846 1495 arripuisti
856 1456 1055 1495 patrocinium
1066 1455 1187 1494 aequita-

225 1500 264 1528 tis
275 1519 284 1532 ,
296 1498 329 1528 &
339 1497 549 1529 defenfionem
559 1497 805 1528 testamentorum
816 1517 824 1531 ,
838 1507 870 1526 ac
880 1497 1042 1526 voluntatis
1053 1504 1190 1525 mortuo-

227 1550 298 1570 rum
310 1544 320 1570 ?
343 1544 387 1570 Ac
396 1551 462 1570 mea
471 1540 595 1581 quidem
608 1540 752 1570 sententia
763 1559 770 1572 ‚
781 1537 932 1579 (frequens
942 1539 1026 1567 enim
1037 1546 1065 1567 te
1076 1537 1188 1570 audivi,

227 1591 315 1623 atque
330 1580 415 1623 affui)
434 1584 532 1612 multo
542 1583 690 1620 majorem
699 1589 813 1621 partem
824 1581 1036 1610 sententiarum
1047 1579 1103 1609 sale
1113 1588 1165 1609 tuo
1176 1599 1184 1612 ‚

227 1622 375 1663 &lepore
386 1645 395 1657 ,
409 1624 442 1654 &
451 1622 635 1664 politissimis
644 1622 758 1653 facetiis
768 1618 1003 1662 pellexisti>cum
1015 1620 1133 1651 &illud
1145 1622 1190 1649 ni-

231 1666 325 1694 mium
333 1676 448 1695 acumen
460 1665 600 1696 illuderes
613 1685 621 1698 ‚
643 1665 677 1695 &
686 1664 862 1694 admirarere
873 1664 1030 1704 ingenium
1039 1663 1187 1696 Scaevolae‚

227 1709 280 1748 qui
291 1705 481 1749 excogitasset
493 1718 498 1736 :
521 1708 596 1747 nasei
604 1707 682 1747 prius
691 1713 819 1747 oportere,
833 1701 920 1747 qulam
931 1705 1015 1734 amori
1026 1715 1036 1732 :
1058 1715 1189 1745 cumque

228 1746 323 1779 inulta
332 1751 486 1791 colligeres
496 1749 659 1789 exlegibus
670 1768 678 1781 ,
699 1749 732 1778 ὃς
753 1758 792 1777 ex
809 1747 1066 1778 senatusconsultis
1077 1767 1085 1780 ‚
1107 1746 1140 1776 &
1150 1756 1188 1776 ex

229 1792 300 1824 vita,
312 1801 344 1821 ac
354 1792 492 1822 sermone
503 1792 663 1821 communi
675 1810 683 1824 ‚
696 1800 760 1819 non
770 1789 864 1819 modo
873 1788 956 1819 acute
969 1809 978 1822 ‚
989 1788 1038 1818 sed
1049 1790 1137 1818 etiam
1149 1790 1190 1818 ri-

228 1832 328 1863 dicule
339 1843 371 1863 ac
379 1831 472 1863 facete
485 1843 490 1861 :
510 1833 562 1862 ubi
573 1831 594 1861 si
604 1832 702 1866 verba,
718 1840 782 1861 non
792 1840 856 1861 rem
868 1831 1068 1871 sequeremur,
1079 1829 1188 1860 confici

229 1875 275 1904 nil
295 1873 399 1914 posset.
429 1877 530 1915 Itaque
542 1874 696 1904 hilaritatis
705 1873 831 1913 plenum
838 1872 989 1913 judicium
1002 1892 1010 1905 ,
1032 1882 1064 1902 ac
1079 1872 1191 1902 laetitiae

228 1915 287 1946 fuit
300 1927 305 1945 ι
324 1918 356 1946 in
366 1914 427 1957 q'uo
435 1915 508 1956 quid
518 1916 572 1945 tibi
581 1916 655 1955 juris
665 1915 764 1945 civilis
775 1915 947 1944 exercitatio
958 1913 1113 1953 profuerit,
1125 1924 1189 1943 non

229 1958 386 1999 intelligo:
406 1957 527 1987 dicendi
537 1959 582 1987 vis
593 1958 707 1997 egregia
719 1977 727 1991 ‚
742 1956 859 1986 summa
869 1954 1039 1989 festivitate,
1052 1955 1084 1984 &
1094 1965 1190 1985 venu-

227 1999 299 2029 stite
318 1998 481 2039 conjuiffita
498 1998 623 2039 profuit.
654 1998 719 2038 Ipse
738 1998 789 2027 ille
799 1999 920 2027 Mucius
929 1998 1043 2037 paterni
1055 1997 1126 2033 iuris
1137 1997 1190 2027 de-

226 2041 349 2074 fens01·‚
370 2041 403 2070 &
423 2039 501 2082 quasi
519 2041 695 2081 patrimonii
713 2048 915 2080 propugnator
926 2039 967 2068 sui
980 2058 989 2072 ,
1010 2038 1082 2079 quid
1093 2040 1125 2068 in
1138 2039 1189 2069 illa

230 2083 325 2116 causa,
335 2081 409 2113 cum
419 2092 521 2113 contra
531 2091 559 2112 te
570 2081 680 2112 diceret
689 2101 698 2115 ‚
712 2083 819 2115 attulit,
830 2080 911 2121 quod
922 2079 958 2110 de
970 2081 1032 2116 iure
1041 2080 1124 2110 civili
1136 2079 1188 2110 de-

227 2133 404 2164 promptum
423 2123 594 2154 videretur?
613 2133 703 2164 quam
714 2122 811 2163 legem
822 2123 977 2152 recitavit?
993 2122 1066 2162 quid
1076 2121 1188 2161 patefe-

223 2165 407 2195 citdicendo
419 2186 427 2198 ‚
449 2165 531 2206 quod
546 2163 646 2194 suisset
656 2166 803 2203 imperitis
812 2163 957 2193 occultius
970 2166 980 2191 ?
1002 2173 1111 2202 nempe
1121 2163 1185 2199 ejus

224 2209 329 2237 omnis
340 2209 434 2237 oratio
444 2207 555 2236 versata
573 2205 616 2236 est
633 2207 666 2235 in
685 2215 744 2238 eo,
766 2213 798 2234 ut
817 2207 995 2234 SCRIPTUM
1016 2203 1185 2243 plurimum

226 2249 324 2279 valere
344 2257 478 2288 oportere
498 2247 679 2278 defenderet.
702 2249 742 2276 At
761 2248 794 2276 in
812 2247 869 2275 hoc
886 2255 991 2285 genere
1009 2247 1093 2284 pueri
1107 2245 1184 2284 apud

224 2289 384 2331 >magistros
394 2297 569 2320 exercentur
577 2299 687 2319 omnes
697 2308 707 2322 ,
729 2286 801 2318 curn
813 2289 846 2317 in
854 2286 1004 2326 ejusmodi
1013 2285 1103 2316 causis
1115 2288 1185 2316 alias

226 2333 381 2372 scriptum,
396 2332 465 2361 alias
475 2333 650 2372 aequitatem
660 2329 819 2360 defendere
830 2328 984 2358 docentur.
1007 2331 1044 2358 Et
1053 2327 1142 2358 credo
1154 2329 1187 2357 in

229 2374 283 2404 illa
292 2374 400 2403 militis
412 2373 504 2406 causa,
518 2372 538 2402 si
549 2382 580 2402 tu
592 2381 642 2402 aut
650 2371 793 2401 heredem
802 2390 811 2404 ,
833 2379 882 2400 aut
892 2370 1025 2400 militem
1035 2368 1188 2399 defendis-

228 2416 284 2452 ἷξε,
298 2415 333 2445 ad
346 2413 529 2444 Hostilianas
540 2423 567 2444 te
576 2413 721 2447 aldiones,
734 2423 797 2443 non
806 2411 841 2442 ad
854 2421 936 2442 tuam
946 2413 1009 2441 vim
1020 2431 1028 2444 ‚
1046 2411 1080 2440 &
1090 2419 1189 2440 orato-

226 2459 303 2488 riam
323 2456 492 2486 facultatem
512 2454 694 2486 contulisses.
726 2464 758 2484 tu
776 2452 849 2484 vero
869 2454 918 2483 vel
937 2451 958 2482 si
976 2452 1188 2482 testamentum

228 2498 402 2528 defenderes
413 2518 421 2531 ‚
446 2496 483 2528 fic
500 2508 598 2539 ageres
610 2517 618 2531 ‚
642 2506 675 2527 ut
685 2507 778 2526 omne
790 2497 934 2525 omnium
944 2494 1190 2524 testamentorum

226 2541 276 2579 jus
296 2542 328 2569 in
345 2549 382 2569 eo
398 2539 513 2579 judicio
531 2538 659 2579 positum
678 2538 844 2568 videretur:
863 2537 912 2567 vel
933 2535 954 2566 si
966 2536 1082 2566 causam
1093 2546 1191 2577 ageres

231 2581 340 2611 militis
351 2601 359 2614 ,
378 2591 489 2620 patrem
501 2582 526 2621 ej
533 2591 564 2611 us
577 2602 590 2613 2
608 2590 640 2610 ut
650 2581 726 2610 soles
737 2600 745 2614 ‚
766 2579 895 2610 dicendo
904 2578 919 2608 a
930 2579 1057 2608 mortuis
1069 2578 1192 2607 excitas-

231 2623 274 2653 ses
290 2633 295 2651 ·.
307 2621 448 2652 statuisses
459 2631 526 2652 ante
537 2622 640 2652 oculos
652 2622 847 2661 :complexus
857 2619 928 2650 esset
937 2619 1048 2653 filium,
1060 2618 1192 2659 flensque

234 2673 306 2694 eum
325 2666 521 2693 centumviris
541 2662 798 2693 commendasset:
826 2661 937 2702 lapides
966 2660 1137 2691 mehercule
1157 2672 1192 2690 o-

233 2706 334 2735 mneis
353 2703 422 2735 flere
443 2706 650 2740 aclamentari
669 2703 826 2745 co'e'giffet,
846 2713 879 2734 ut
898 2702 1101 2734 totum'illud:
1125 2705 1191 2732 U·r1

235 2756 371 2776 LINGUA
391 2756 650 2780 NUNCUI‘ASSET,
680 2757 744 2776 non
764 2748 795 2776 in
815 2748 884 2775 XII.
898 2745 954 2775 tab.
967 2754 1038 2785 quas
1050 2753 1080 2774 tu
1091 2746 1195 2774 omni-

238 2788 296 2821 bus
315 2788 505 2818 bibliothecis
523 2789 679 2828 anteponis
691 2809 700 2822 ,
722 2787 771 2818 sed
788 2790 822 2817 in
841 2786 974 2829 magistri
985 2788 1119 2817 carmine
1128 2786 1198 2816 scri-

1223 123 1754 173 Crcnnours

1229 214 1315 245 ptum
1333 204 1491 236 videretur.
1535 207 1616 235 Nam
1635 204 1717 246 quod
1737 202 1869 234 inertiam
1887 203 2184 237 accustrs'adolescen-
2199 208 2248 244 52

1229 250 1307 277 tium
1319 267 1327 281 ,
1346 249 1398 288 qui
1416 246 1503 277 istam
1520 256 1613 277 artem
1630 246 1770 286 primum
1778 246 1953 276 facillimam
1963 258 2027 277 non
2039 247 2185 278 ediscant:

1228 299 1292 330 quae
1305 288 1395 330 quam
1405 286 1438 319 sit
1448 288 1554 321 facilis,
1566 289 1612 318 illi
1625 288 1775 322 viderint,
1791 289 1843 328 qui
1855 290 1917 327 ejus
1931 298 1999 318 artis
2008 291 2185 329 arrogantia,

1227 330 1306 371 quasi
1324 329 1506 361 difficillima
1524 328 1557 359 sit
1567 350 1576 364 ,
1596 331 1636 359 ita
1646 330 1767 359 subnixi
1776 330 1932 360 ambulant
1945 341 1949 358 :
1967 330 2077 360 deinde
2093 333 2185 361 etiam

1228 381 1259 402 tu
1277 373 1338 412 ipse
1358 371 1469 402 videris
1481 392 1489 405 ,
1511 373 1562 412 qui
1580 381 1646 401 eam
1665 380 1757 401 artem
1775 370 1895 400 facrlem
1913 370 1969 401 ess'e
1979 371 2053 402 dicis
2065 392 2073 406 ‚
2093 381 2185 413 quam

1227 413 1369 445 concedis
1380 413 1475 443 adhuc
1483 422 1577 443 artem
1588 414 1719 442 omnino
1730 422 1792 442 non
1802 411 1860 441 ess'e
1871 432 1880 445 ‚
1899 413 1948 442 sed
1958 414 2117 453 aliquando
2127 434 2136 447 ,
2148 412 2187 443 fi-

1228 457 1295 496 quis
1305 456 1395 485 aliam
1405 463 1499 488 artem
1510 454 1657 487 didicerit,
1663 463 1695 483 ut
1704 455 1780 483 hanc
1790 462 1881 483 artem
1894 452 2010 484 efficere
2019 454 2186 494 poffit‚tum

1229 495 1286 526 esse
1296 497 1380 526 illam
1391 505 1484 526 artem
1493 495 1623 524 futuram
1637 506 1642 523 :
1663 494 1771 524 deinde
1784 515 1792 528 ,
1812 494 1895 534 quod
1914 494 1945 524 fit
1961 495 2048 534 plena
2057 496 2189 526 delenita-

1228 540 1333 571 tionis,
1346 540 1378 567 in
1388 547 1445 578 qua
1456 537 1512 566 tibi
1522 538 1682 566 remittunt
1689 545 1796 566 omnes
1807 535 1892 565 istam
1901 537 2097 576 voluptatem,
2110 538 2143 567 δε
2153 547 2188 568 ea

1228 581 1257 610 se
1267 590 1363 610 carere
1374 581 1534 619 patiuntur,
1548 587 1603 607 nec
1613 578 1769 618 quisquam
1779 576 1821 607 est
1831 587 1937 606 eorum
1949 580 2021 618 ,qui
2031 598 2040 612 ‚
2052 577 2072 607 fi
2079 580 2142 618 jam
2152 577 2188 609 fit

1228 620 1422 652 ediscendum
1432 619 1485 650 fibi
1495 618 1686 660 aliquid‚non
1696 621 1850 648 Teucrum
1860 621 1979 649 Pacuvii
1988 621 2086 653 malit,
2095 630 2188 661 quam

1230 667 1244 683 ²
1257 663 1436 693 Manilianas
1446 662 1600 691 venalium
1610 659 1842 690 vendendorum
1853 660 1931 700 leges
1941 660 2080 691 ediscere.
2100 666 2187 692 Tum

1230 714 1329 735 autem
1347 702 1429 745 quod
1446 713 1539 732 amore
1552 703 1653 744 patri-2
1668 703 1770 732 censes
1787 712 1842 731 nos
1854 701 2024 732 nostrorum
2035 704 2188 743 majorum

1230 748 1352 776 inventa
1362 743 1445 775 nosse
1459 745 1567 775 debere
1578 765 1586 777 ‚
1607 754 1671 774 non
1689 744 1773 773 vides
1786 763 1794 777 ‚
1816 752 1927 773 veteres
1948 744 2025 784 leges
2044 754 2093 775 aut
2112 745 2188 785 ipsas

1231 789 1281 818 sua
1300 786 1441 817 vetustate
1459 784 1647 816 consenuisse
1658 806 1665 819 ‚
1690 794 1738 815 aut
1748 787 1835 814 novis
1847 785 1962 825 legibus
1973 784 2030 815 ess'e
2042 786 2165 817 sublatas
2176 789 2189 816 ?

1231 827 1323 870 Qiod
1332 827 1404 858 vero
1414 829 1495 857 viros
1507 827 1676 866 bonosjure
1686 827 1769 856 civili
1780 825 1843 856 fieri
1863 835 1945 866 putas
1956 847 1963 860 ,
1983 829 2053 867 quia
2071 828 2188 868 legibus

1233 870 1265 900 δε
1274 872 1396 910 praemia
1404 867 1551 909 proposita
1559 867 1615 898 sint
1626 868 1786 898 virtutibus
1797 869 1829 897 Sc
1841 869 1981 907 supplicia
1990 871 2088 898 vitiis:
2104 872 2189 910 equi—

1232 912 1303 942 dem
1315 911 1453 952 putabam
1465 931 1473 944 ‚
1493 920 1675 940 V1RTUTEM
1695 910 1874 939 hominibus
1894 908 1925 948 (fi
1946 913 2040 940 motio
2058 912 2131 941 tradi
2143 922 2189 942 ra-

1232 956 1317 984 tione
1327 951 1423 994 poffit)
1435 951 1620 983 instituendo
1631 952 1663 981 &
1672 950 1876 991 persuadendo
1887 972 1895 985 2
1907 961 1969 981 non
1980 955 2085 986 minis,
2100 953 2132 983 δε
2141 956 2186 988 vi,

1232 1006 1264 1026 ac
1275 1004 1359 1026 metu
1369 994 1454 1025 tradi.
1482 996 1563 1023 Nam
1573 993 1671 1033 ipsum
1681 993 1803 1033 quidem
1814 993 1901 1026 illud,
1913 995 2003 1023 etiam
2014 992 2073 1024 sine
2083 997 2189 1036 cogni-

1231 1037 1398 1076 tionejuris
1408 1056 1416 1069 ‚
1440 1039 1452 1063 3
1464 1034 1553 1076 quam
1565 1034 1597 1064 sit
1608 1035 1723 1064 bellum
1733 1045 1834 1064 cavere
1845 1036 1962 1065 malum
1973 1055 1981 1069 ‚
2003 1036 2075 1066 scire
2085 1036 2187 1076 pofl'u·

1232 1089 1312 1108 mus.
1335 1081 1383 1108 De
1395 1088 1444 1108 me
1453 1086 1554 1108 autem
1566 1077 1628 1116 ipso
1640 1096 1652 1109 ‚
1670 1078 1719 1106 cui
1729 1078 1781 1105 uni
1793 1085 1824 1106 tu
1834 1077 1974 1106 concedis
1986 1098 1994 1110 ,
2015 1087 2048 1107 ut
2057 1077 2116 1108 fine
2127 1079 2190 1109 ulla

1229 1123 1305 1160 juris
1315 1120 1437 1150 scientia
1445 1128 1546 1149 tamen
1557 1116 1646 1148 causis
1656 1117 1817 1148 satisfacere
1827 1117 1945 1157 possim,
1959 1119 2013 1147 tibi
2026 1121 2093 1152 hoc,
2107 1121 2189 1151 Cras-

1231 1163 1260 1192 se
1269 1183 1279 1195 ,
1298 1160 1463 1202 respondeo
1476 1181 1483 1193 ‚
1495 1170 1592 1200 neque
1602 1170 1652 1189 me
1662 1160 1865 1199 umquamjus
1875 1161 1964 1189 civile
1974 1159 2126 1195 didicisse,
2134 1172 2188 1192 ne-

1230 1213 1288 1245 que
1297 1213 1398 1233 tamen
1409 1205 1442 1232 in
1452 1204 1488 1231 iis
1498 1199 1600 1234 causis,
1614 1211 1685 1244 quas
1694 1202 1726 1229 in
1735 1202 1800 1238 jure
1810 1199 1924 1240 possem
1934 1200 2109 1236 defendere,
2118 1214 2188 1234 um-

1230 1255 1320 1290 quam
1331 1243 1416 1274 istam
1428 1244 1584 1273 scientiam
1593 1240 1772 1272 deiidemfle.
1801 1241 1893 1271 Aliud
1905 1241 1947 1271 est
1958 1245 2041 1272 enirn
2050 1243 2110 1274 effe
2119 1247 2191 1275 arti·-

1233 1287 1321 1317 hcem
1329 1287 1374 1326 cuj
1379 1275 1481 1315 usdam
1490 1286 1707 1326 genei·is‚atque
1716 1285 1797 1316 artis,
1809 1283 1890 1313 aliud
1902 1286 1934 1313 in
1943 1288 2106 1315 communi
2115 1289 2187 1321 vita,

1234 1329 1267 1359 δε
1276 1329 1388 1370 vulgari
1398 1328 1562 1357 hominum
1574 1325 1791 1355 consuetudine
1809 1335 1864 1354 nec
1883 1325 2022 1356 hebetem
2034 1347 2042 1361 ‚
2065 1338 2120 1358 nec
2138 1338 2190 1358 ru-

1234 1370 1314 1400 dem.
1345 1371 1401 1399 Cui
1409 1367 1549 1399 nostrum
1561 1377 1624 1397 non
1634 1367 1704 1397 licet
1712 1365 1824 1396 fundos
1834 1366 1951 1397 nostros
1962 1368 2044 1398 obire
2056 1389 2063 1403 ‚
2084 1379 2189 1401 autres

1233 1411 1353 1442 rusticas
1363 1411 1412 1442 vel
1421 1409 1535 1440 f1·u&us
1545 1409 1638 1442 causa,
1649 1409 1696 1438 vel
1707 1408 2056 1442 dele&ati011is‚invisere
2068 1414 2077 1440 ?
2086 1420 2190 1443 tamen

1235 1464 1328 1484 nemo
1339 1462 1399 1483 tam
1409 1451 1469 1482 sine
1480 1451 1575 1481 oculis
1585 1471 1593 1484 ‚
1615 1459 1675 1480 tam
1695 1448 1755 1480 fine
1774 1459 1873 1480 mente
1885 1453 1962 1481 vivit
1972 1471 1980 1485 ,
2001 1461 2034 1482 ut
2042 1472 2051 1486 ,
2072 1453 2144 1493 quid
2155 1452 2190 1486 sit

1236 1496 1388 1527 sementis,
1400 1504 1432 1524 ac
1442 1491 1539 1523 meffis
1551 1512 1558 1525 ‚
1572 1492 1643 1532 quid
1654 1492 1792 1521 arborum
1804 1495 1915 1531 putatio
1925 1513 1933 1526 ‚
1944 1503 1976 1523 ac
1985 1495 2094 1524 vitium
2106 1516 2114 1529 ‚
2126 1505 2190 1536 quo

1235 1546 1371 1576 tempore
1381 1537 1515 1569 anni,aut
1524 1544 1584 1575 quo
1597 1534 1691 1564 modo
1700 1544 1733 1563 ea
1745 1532 1961 1567 fiant‚omnino
1971 1535 2088 1566 nesciat.
2101 1539 2189 1568 Nurn

1234 1581 1340 1620 igitur,
1360 1577 1381 1607 fi
1400 1580 1447 1608 cui
1465 1576 1577 1606 fundus
1588 1575 1789 1615 inspiciendus
1800 1596 1809 1609 ,
1830 1574 1909 1605 autfi
1919 1577 2125 1608 mandandum
2135 1579 2191 1609 ali-

1234 1621 1307 1662 quid
1316 1620 1498 1660 procuratori
1507 1618 1543 1648 de
1554 1618 1739 1658 agricultura,
1751 1626 1801 1647 aut
1810 1618 2021 1658 imperandum
2030 1620 2134 1651 villico
2143 1620 2188 1655 sit,

1236 1663 1374 1702 Magonis
1394 1657 1645 1702 Karthaginiensis
1664 1659 1731 1689 sunt
1750 1659 1820 1689 libri
1838 1659 2025 1699 perdiscendi
2037 1664 2047 1690 ?
2076 1672 2113 1692 an
2134 1663 2191 1693 hac

1233 1703 1372 1734 communi
1384 1702 1569 1743 intelligentia
1579 1703 1713 1731 contenti
1723 1700 1780 1731 effe
1789 1700 1946 1741 possumus
1958 1705 1968 1732 ?
1979 1705 2037 1733 Cur
2045 1714 2115 1745 crgo
2124 1714 2190 1734 non

1235 1747 1329 1776 iidem
1340 1748 1371 1775 in
1383 1746 1444 1781 jure
1456 1744 1539 1774 civili
1552 1765 1560 1777 ,
1570 1744 1730 1784 praesertim
1742 1764 1750 1777 ,
1763 1742 1834 1773 cum
1846 1754 1879 1773 in
1887 1743 1976 1774 causis
1987 1765 1995 1778 ,
2008 1745 2083 1775 &in
2093 1756 2187 1786 nego-

1234 1790 1285 1819 tiis
1297 1809 1304 1822 ,
1318 1788 1350 1818 &
1364 1789 1396 1817 in
1406 1786 1473 1817 foro
1483 1795 1683 1819 conteramur,
1695 1786 1762 1816 satis
1772 1785 1908 1815 instruiti
1917 1785 1975 1816 effe
1983 1786 2138 1826 poss'umus
2148 1787 2184 1818 ad

1233 1832 1291 1860 hoc
1303 1829 1320 1859 d
1327 1838 1448 1859 untaxat
1458 1849 1466 1863 ,
1488 1839 1527 1858 ne
1539 1830 1571 1857 in
1581 1826 1679 1857 nostra
1688 1829 1777 1866 patria
1785 1829 1950 1869 peregrini,
1971 1838 2056 1868 atque
2066 1829 2190 1860 advena:

1235 1871 1292 1902 effe
1312 1871 1491 1901 videamur?
1514 1873 1557 1900 Ac
1576 1868 1596 1898 fi
1606 1870 1668 1909 jam
1679 1868 1712 1899 sit
1722 1870 1805 1899 causa
1814 1869 1911 1910 aliqua
1919 1869 1953 1899 ad
1964 1880 2020 1899 nos
2030 1870 2124 1901 delata
2134 1871 2190 1901 ob-

1236 1915 1348 1945 scurior
1360 1923 1366 1942 ;
1385 1911 1521 1945 difficile,
1532 1911 1621 1941 credo
1632 1909 1685 1944 ,sit
1694 1921 1765 1941 cum
1775 1912 1832 1941 hoc
1841 1911 1971 1941 Scaevola
1980 1914 2190 1943 communica-

1236 1967 1266 1986 re
1279 1980 1283 1984 .
1300 1964 1481 1996 quamquam
1492 1951 1545 1993 ipsi
1556 1955 1671 1986 omnia,
1684 1962 1813 1993 quorum
1824 1954 1985 1993 negotium
1991 1952 2044 1987 eff,
2056 1954 2190 1985 consulta

1233 1997 1268 2028 ad
1279 2006 1347 2030 nm,
1360 1997 1392 2025 δε
1402 1994 1543 2036 exquisita
1550 1993 1699 2024 deferunt.
1724 1997 1773 2024 An
1783 1992 1854 2024 vero
1866 1992 1933 2024 side
1944 1995 2036 2034 reipsa
2045 2015 2053 2029 ‚
2076 1994 2097 2025 fi
2106 1996 2142 2026 de
2155 1994 2191 2026 fi-

1232 2039 1321 2069 nibus
1333 2058 1341 2072 ,
1362 2036 1434 2068 cum
1445 2040 1476 2067 in
1488 2047 1550 2066 rem
1562 2037 1736 2076 praesentem
1747 2046 1810 2065 non
1820 2038 1961 2066 venimus
1972 2056 1980 2069 ,
2003 2035 2024 2066 si
2033 2041 2050 2063 4
2059 2037 2096 2066 de
2105 2038 2192 2068 tabu-

1232 2082 1269 2110 lis
1281 2100 1290 2114 ,
1304 2081 1336 2109 δε
1346 2079 1616 2119 praescriptionibus
1626 2075 1824 2107 controversia
1833 2075 1876 2106 est
1886 2097 1893 2109 ‚
1913 2086 2061 2108 contortas
2071 2088 2116 2108 res
2126 2099 2134 2112 ‚
2157 2079 2192 2109 &

1232 2123 1306 2161 saepe
1317 2120 1466 2150 difficileis
1476 2117 1638 2149 necessario
1647 2118 1843 2158 perdiscimus
1855 2129 1861 2146 2
1880 2117 1901 2147 si
1912 2119 1989 2160 leges
1998 2120 2098 2153 nobis,
2111 2129 2160 2150 aut
2170 2119 2192 2150 si

1233 2165 1397 2192 hominum
1409 2162 1574 2200 peritorum
1584 2170 1613 2189 re
1619 2159 1721 2198 sponsa
1729 2159 1934 2200 cognoscenda
1945 2161 1962 2190 s
1960 2170 2023 2194 unt,
2037 2172 2189 2196 veremur,

1234 2214 1272 2233 ne
1282 2213 1324 2236 ea,
1335 2201 1356 2232 sl
1366 2203 1401 2232 ab
1412 2202 1609 2232 adolescentia
1620 2202 1675 2237 juri
1686 2201 1768 2230 civili
1781 2203 1882 2230 minus
1893 2200 2106 2236 studuerimus,
2124 2213 2189 2234 non

1233 2254 1377 2285 queamus
1394 2243 1573 2284 cognoscere
1584 2245 1594 2270 ?
1616 2243 1747 2271 Nihilne
1765 2244 1772 2271 i
1777 2244 1855 2283 gitur
1867 2242 1972 2285 prodest
1991 2247 2099 2274 oratori
2116 2246 2124 2283 ι’
2129 2247 2190 2275 uris

1232 2286 1331 2316 civilis
1342 2286 1485 2315 scientia?
1520 2286 1594 2314 Non
1606 2281 1723 2329 possum
1734 2294 1837 2325 negare
1847 2283 1980 2324 prodesse
1990 2281 2189 2317 ullamvscien-
2206 2301 2253 2334 59

1235 2330 1307 2357 tiam
1319 2347 1326 2360 ‚
1345 2330 1373 2356 ei
1383 2327 1542 2366 praesertim
1555 2346 1563 2358 ,
1584 2335 1670 2361 culus
1691 2325 1861 2365 eloquentia
1878 2328 1963 2366 copia
1974 2338 2073 2358 rerum
2084 2328 2190 2360 debeat

1233 2367 1292 2399 esse
1303 2377 1420 2398 ornata:
1442 2367 1489 2398 sed
1503 2368 1605 2400 multa⁷
1619 2367 1650 2397 ὃς
1660 2377 1776 2408 magna,
1790 2368 1822 2397 ὃς
1833 2366 1969 2406 difficilia
1979 2369 2106 2403 fumea,
2122 2381 2190 2411 quae

1234 2412 1302 2441 sunt
1317 2411 1427 2440 oratori
1444 2407 1619 2442 necesssstria,
1646 2418 1678 2439 ut
1697 2411 1761 2447 ejus
1771 2409 1948 2440 industriam
1959 2412 2084 2451 inpium
2095 2411 2190 2443 studia

1234 2451 1393 2482 distrahere
1411 2451 1521 2481 nolim.
1559 2453 1633 2491 Qis
1645 2461 1731 2492 neget
1740 2461 1814 2491 opus
1825 2450 1883 2481 esse
1894 2455 2002 2482 oratori
2012 2455 2044 2482 in
2055 2455 2112 2484 hoc
2123 2463 2190 2484 ora-

1235 2496 1314 2524 torio
1325 2502 1422 2526 motu,
1435 2492 1685 2533 statuque-‚Roscii
1693 2492 1858 2533 gestum‚&
1868 2493 2054 2525 venustatem
2067 2498 2078 2524 ?
2088 2505 2189 2525 tamen

1234 2545 1328 2565 nemo
1339 2533 1603 2565 suaseritstudiosis
1615 2535 1733 2564 dicendi
1744 2535 1979 2565 adolescentibus
1991 2537 2024 2566 in
2041 2536 2123 2577 gestu
2141 2537 2189 2567 di-

1234 2577 1343 2607 scendo
1352 2575 1534 2606 histrionum
1554 2587 1638 2605 more
1657 2576 1812 2606 elaborare.
1842 2576 1923 2616 Qd
1942 2577 1984 2607 est
2000 2580 2108 2608 oratori
2127 2587 2189 2608 tam

1234 2617 1427 2648 necess'anum
1441 2639 1448 2652 ‚
1462 2618 1552 2659 quam
1564 2629 1621 2646 vox
1633 2622 1644 2646 ?
1663 2627 1764 2648 tamen
1775 2628 1824 2648 me
1835 2617 1955 2648 auCtore
1966 2629 2060 2649 nemo
2070 2620 2190 2650 dicendi

1234 2660 1381 2690 studiosus
1393 2680 1400 2694 ‚
1415 2664 1427 2687 5
1437 2663 1611 2690 Graecorum
1624 2670 1720 2692 more,
1735 2659 1979 2701 &tragoedorum
1989 2663 2057 2691 voci
2068 2662 2186 2696 serviet.

1232 2704 1286 2743 qui
1305 2702 1338 2732 δε
1358 2702 1452 2732 annos
1471 2703 1653 2743 complureis
1669 2701 1803 2732 sedentes
1812 2702 2023 2736 declamitant,
2046 2704 2190 2744 &quoti-

1233 2745 1282 2774 die
1294 2764 1301 2777 ‚
1314 2744 1474 2784 antequam
1486 2746 1684 2784 pronuntient
1693 2763 1703 2777 ‚
1723 2753 1833 2773 vocem
1841 2743 1980 2774 cubantes
1990 2743 2097 2775 senfim
2107 2746 2193 2775 exci-

1234 2794 1305 2819 tant,
1325 2785 1520 2827 eandemque,
1533 2795 1602 2816 cum
1612 2794 1744 2826 egerunt,
1751 2785 1884 2816 sedentes
1892 2785 1928 2816 ab
1936 2784 2102 2817 acutiffimo
2113 2788 2196 2817 sono-

2097 2828 2190 2869 usque

230 2934 322 2952 omnes
334 2927 361 2951 ὅ(
372 2927 442 2961 ptius
454 2927 553 2961 vulgati
568 2927 644 2959 ‚juris
653 2930 678 2951 in
689 2929 854 2960 controversiis.

268 2970 283 2986 2
292 2981 297 2987 .
316 2963 468 2988 Manilianas
480 2964 602 2987 venalium
614 2981 621 2992 ,
631 2962 698 2995 dm]
715 2964 824 2989 Secutus
836 2963 889 2988 sum
901 2962 1089 2988 :mistoritatem
1101 2962 1189 2987 Anto-

233 2997 271 3023 nii
283 2996 424 3031 Augustini
437 3016 444 3027 ‚
464 2997 598 3023 asserentis
618 2998 655 3024 ita
665 3007 758 3024 nomeu
770 2998 837 3024 istud
848 2998 922 3024 scribi
936 2999 961 3024 in
975 2998 1113 3024 Pandeffls
1125 2997 1188 3024 Flo-

1271 2898 1283 2925 3
1293 2910 1298 2915 .
1309 2888 1421 2923 Qamfit
1432 2893 1512 2915 bellum
1523 2900 1605 2916 cavere
1614 2893 1727 2926 malum]
1738 2893 1819 2918 Forte
1829 2894 1898 2922 malo,
1910 2899 2064 2918 annotatum
2075 2890 2106 2917 ad
2116 2900 2189 2918 oram

1234 2926 1359 2952 Lambin.
1379 2926 1538 2952 trulielmius·
1551 2926 1576 2952 id
1588 2927 1743 2954 cancellavit
1754 2947 1762 2957 ‚
1772 2927 1966 2963 adscripsitque,
1977 2930 2064 2952 malum
2073 2930 2155 2953 civem.

1267 2969 1296 2994 4.
1315 2965 1349 2987 Dc
1366 2963 1453 2987 tabulis
1469 2963 1498 2992 (ἔγ
1513 2963 1745 2997 praestrrptionibus]
1767 2962 1797 2988 Id
1808 2964 1843 2989 est
1855 2983 1863 2994 ,
1882 2962 1931 2989 lint
1942 2972 1973 2989 ne
1984 2962 2138 2998 pi'aestriptae
2149 2970 2190 2989 ta·-

1232 2997 1300 3022 bulae
1320 3005 1469 3033 temporum
1487 2997 1606 3024 decursu.
1628 2999 1696 3026 male
1707 2999 1851 3026 Lambinus
1862 3018 1872 3031 ,
1892 2999 1936 3034 qui
1946 2997 2190 3035 ssipposuitpeiscri-

234 3033 355 3059 sentinis.
385 3032 516 3067 Vulgatur
527 3032 633 3068 quidem
661 3033 733 3059 affini
744 3037 889 3059 Manlianus
900 3054 906 3065 ‚
926 3034 969 3059 sed
980 3034 1093 3060 alterum
1105 3034 1188 3069 reperi
1227 3035 1356 3066 ptionibm.

233 3069 260 3095 in
274 3069 328 3094 Pal.
339 3069 426 3104 quint.
438 3070 465 3093 ὅ(
476 3068 540 3104 sept.
553 3078 611 3094 nam
621 3078 653 3095 oc
671 3089 676 3095 .
689 3069 797 3095 babebat
808 3069 1085 3102 iilan11.²lanas;sextus
1095 3072 1190 3096 Manil-

1271 3078 1284 3102 5
1291 3089 1296 3095 .
1315 3072 1443 3094 Graecorum
1453 3078 1511 3094 more
1522 3088 1530 3100 ,
1539 3070 1569 3099 (ἃ
1579 3071 1727 3102 rragaedorum
1736 3074 1789 3096 voci
1790 3070 1892 3104 firmet,
1901 3070 1969 3105 dvm]
1981 3069 2125 3096 Lambinus
2136 3069 2190 3098 fide

231 3106 330 3137 lianos5
349 3111 412 3130 tert.
425 3112 512 3140 quart.
522 3114 606 3130 nonus
625 3108 792 3131 Mamillianas
803 3124 811 3136 ,
831 3105 901 3140 quod
919 3107 947 3132 ὅ(
965 3106 993 3134 in
1003 3105 1167 3134 Memmiano
1178 3114 1186 3138 5
1232 3104 1312 3130 trium
1325 3104 1382 3131 mss'.
1391 3104 1460 3130 dele«
1471 3106 1492 3131 it
1501 3106 1539 3135 όν.
1551 3105 1628 3131 male.
1648 3114 1719 3134 certe
1729 3113 1864 3143 comparet
1871 3106 1900 3134 in
1909 3105 2112 3138 l'all.omnibus,
2121 3114 2190 3141 prae-

231 3139 327 3175 quibus
336 3141 459 3177 proxime
470 3140 553 3168 editio
562 3140 648 3177 prima
659 3160 666 3174 ‚
677 3143 878 3168 Mammx‘lltanm.

1233 3148 1354 3179 terquam
1364 3141 1391 3168 in
1402 3140 1467 3177 sept.
1479 3140 1522 3169 ubi
1533 3141 1617 3170 exstat
1626 3149 1680 3170 aut.

2049 3186 2073 3205 1.
2082 3181 2190 3205 Paeanem
