2337 3400
124 117 218 178 ἐμ,
528 108 594 156 Μ.

124 263 378 451 Εἰ)

463 226 555 286 M.
633 222 690 282 T
726 237 779 284 U
815 239 857 284 L
890 237 931 283 L
962 204 1069 293 ιι

467 328 1075 447 ISTO

666 103 714 149 T
754 118 785 148 u
821 117 851 148 L
886 115 921 167 Ἰδι.
959 114 1054 157 1111-
1096 128 1102 133 -

1111 98 1154 153 G
1190 112 1209 153 ι,
1244 111 1274 152 o
1310 111 1478 154 [κο
1515 114 1545 146 N
1585 114 1600 147 1
1636 114 1660 146 -s

1131 193 1742 298 CicERsoNis

1167 322 2086 441 LARUM

534 497 918 556 LIBER
1043 491 1686 557 OCTAVUS,

1071 595 1188 641 AD

436 694 491 753 A
648 692 706 751 T

375 826 427 854 CI
445 824 574 855 CERO
595 823 807 854 ATTICO,
831 823 859 852 S.

387 869 447 897 Um
466 867 501 896 ad
522 875 548 896 re
569 866 678 899 littei-is
699 861 864 896 dedissem,
884 862 1005 893 redditae
1016 862 1093 892 milii

860 691 916 750 T
1075 692 1097 750 Ι

387 952 499 982 Piceno
508 949 608 990 gestis,
618 958 684 989 quae
695 951 705 967 ¹
717 947 752 979 ad
767 948 794 978 se
806 947 960 978 Vibullius
970 944 1095 986 scripsis-

389 994 452 1027 (εἰς
475 992 511 1022 de
522 990 639 1021 deiectu
654 990 807 1023 Domitii,
826 999 893 1030 quae
906 990 997 1019 sunt2
1008 989 1095 1019 vobis

390 1044 481 1068 nota3
507 1037 519 1061 3
540 1043 596 1063 nec
616 1042 718 1062 tamen
738 1041 799 1062 tam
819 1032 885 1062 laera
906 1039 987 1061 erant
1006 1032 1039 1060 in
1050 1031 1096 1060 his

389 1077 496 1107 litteris
506 1095 515 1110 ‚
531 1075 620 1115 quam
631 1074 666 1104 ad
679 1084 729 1104 me
744 1073 927 1104 Philotimus
938 1072 1096 1112 scripserat:

389 1118 503 1159 (ipsam
515 1118 569 1147 tibi
584 1115 741 1157 epistolam
753 1114 895 1146 misissem
908 1127 917 1149 3
938 1115 987 1145 sed
1000 1112 1097 1145 subito

130 1168 227 1200 fratris
248 1173 319 1206 puer
337 1159 764 1203 proficiscebatur:crasigitur
778 1159 898 1188 mittam
912 1168 917 1186 :
932 1157 943 1196 )
962 1156 1055 1187 sedin
1066 1165 1099 1185 ea

133 1209 272 1249 Pompeji
282 1205 407 1247 epistola
418 1212 478 1233 erat
488 1203 520 1232 in
529 1211 665 1232 exrremo
677 1221 685 1235 ,
697 1198 785 1240 ipsius
796 1209 906 1230 manu:
923 1201 972 1229 Tu
982 1218 990 1232 ‚
1012 1208 1031 1227 c
1040 1207 1099 1227 EN-

134 1262 191 1284 εεο
201 1271 210 1285 ,
231 1255 419 1280 LUCERIAM
442 1253 587 1276 vemas:
610 1252 776 1284 NUsQJAM
802 1251 878 1272 Eius
904 1250 1040 1271 Turius.
1064 1238 1099 1269 Id

136 1304 192 1337 ego
203 1295 235 1323 in
245 1301 310 1322 earn
321 1298 434 1330 partem
447 1288 546 1326 accepi
555 1298 564 1321 3
581 1287 643 1316 haec
652 1285 761 1326 oppida
770 1304 778 1318 ,
789 1293 877 1324 atque
887 1293 971 1313 oram
985 1283 1101 1312 mariti·

136 1346 220 1367 marn
234 1334 325 1364 'illum
335 1336 353 1359 4
368 1341 422 1372 pro
435 1328 581 1360 derelieto
593 1327 716 1359 habere:
729 1336 784 1357 nec
794 1326 858 1356 sum
874 1327 998 1355 miratus
1008 1346 1016 1359 ,
1028 1333 1102 1354 EUM

138 1387 201 1416 QI
214 1384 300 1416 caput
311 1376 410 1415 ipsum
424 1368 598 1412 reliquissem
609 1370 733 1411 reliquis
744 1368 890 1399 membris
904 1377 969 1397 non
977 1375 1103 1406 parcere.

139 1424 166 1450 ei
179 1418 277 1450 statim
292 1414 421 1456 rescripsi
435 1434 444 1448 ,
453 1414 676 1453 hominemque
684 1420 800 1442 certum
811 1408 879 1440 mifi
892 1409 928 1440 de
940 1408 1106 1440 comitibus

141 1463 233 1494 meis,
246 1469 310 1490 non
321 1468 371 1489 me
380 1466 511 1498 quaerere
525 1475 533 1489 ,
555 1458 568 1482 5
579 1454 630 1485 ubi
640 1452 785 1484 tutissimo
799 1450 888 1483 essem
901 1462 906 1481 :
921 1450 942 1481 si
955 1462 1007 1482 me
1014 1450 1107 1481 vellet

136 1505 197 1538 sua,
209 1510 259 1533 aut
274 1502 352 1541 Reip.
366 1500 451 1540 causa
464 1499 623 1529 Luceriam
633 1498 736 1527 venire
747 1494 846 1525 statim
860 1492 919 1524 effe
929 1501 1104 1525 venturum:

139 1544 330 1583 hortatusque
348 1543 415 1572 sum
428 1561 436 1575 ,
461 1549 494 1571 ut
513 1549 596 1570 oram
624 1539 810 1569 maritimam
823 1538 984 1570 retineret,
1004 1534 1026 1565 fi
1039 1543 1105 1576 rem

140 1589 355 1622 &amentatum
373 1582 425 1614 fibi
445 1592 485 1612 ex
503 1582 669 1621 provinciis
693 1578 871 1619 suppeditari
888 1578 989 1608 vellet.
1013 1575 1029 1598 ⁶
1047 1577 1106 1606 hoc

142 1640 191 1659 me
213 1626 318 1658 frustra
335 1625 460 1656 scribere
478 1622 630 1654 videbam.
663 1621 712 1652 sed
737 1630 781 1651 uti
801 1623 834 1650 in
858 1619 931 1650 urbe
952 1617 1107 1650 retinenda

138 1681 210 1701 tunc
222 1689 230 1704 ‚
252 1674 265 1697 7
289 1666 310 1698 fi
335 1677 418 1697 nunc
432 1669 465 1696 in
475 1665 560 1696 Italia
568 1674 632 1695 non
643 1662 841 1704 relinquenda
855 1660 1029 1692 testificabar
1038 1661 1106 1691 Γετι-

140 1714 266 1744 tentiam
278 1719 388 1741 meam.
413 1707 450 1739 sic
462 1708 546 1738 enim
557 1708 650 1747 parari
659 1705 750 1736 video
760 1725 769 1739 ‚
789 1714 822 1734 ut
831 1706 988 1734 Luceriam
997 1712 1107 1733 ornnes

141 1757 235 1794 copia:
247 1752 478 1783 contrahantur:
504 1749 537 1779 ὃς
548 1759 585 1778 ne
597 1751 623 1778 is
633 1747 757 1788 quidem
768 1747 851 1777 locus
863 1745 975 1776 stabilis
989 1756 993 1774 z
1009 1745 1057 1775 sed
1068 1754 1107 1774 ex

142 1808 178 1828 ευ
195 1796 276 1836 ipso,
292 1793 311 1823 si
326 1802 501 1834 urgeamur,
521 1799 637 1831 paretur
647 1789 724 1830 fuga.
747 1799 809 1830 quo
820 1790 924 1818 minus
935 1789 1044 1817 mirere
1056 1806 1065 1819 ,
1086 1785 1105 1815 si

143 1841 255 1869 invitus
269 1839 301 1866 iii
312 1845 377 1865 eam
387 1834 505 1865 causam
515 1831 675 1865 descendo,
685 1841 718 1861 in
751 1840 785 1861 ua
796 1840 893 1870 neque
902 1831 993 1869 pacis,
1008 1837 1106 1868 neque

142 1880 275 1910 ¹·³.c‘tui*=..i.·.
294 1879 369 1908 ratio
381 1874 500 1917 quaesita
510 1873 543 1904 sit
555 1883 700 1914 umquam
713 1892 722 1907 ,
766 1872 813 1903 sed
825 1873 941 1911 semper
952 1870 1104 1908 flagitiosae

144 1920 365 1952 -tcalaniitosae
375 1919 462 1959 fugae.
487 1926 600 1947 Eur-iou
608 1926 633 1945 M
649 1927 658 1949 3
677 1923 727 1948 ut,
749 1923 974 1956 quemcumque
983 1911 1046 1942 fors
1059 1921 1105 1941 tu-

147 1967 212 1994 irrit
221 1963 320 1994 casum
333 1982 341 1993 ,
355 1961 475 1991 subeam
485 1958 586 2000 potius
595 1967 664 1988 cum
677 1959 724 1990 iis,
737 1959 788 1998 qui
800 1956 941 1986 dicuntur
950 1953 1009 1985 efl'e
1020 1955 1105 1987 boni,

146 2006 237 2047 quani
259 2005 361 2035 videar
380 2004 395 2033 ἐι
416 2002 506 2032 bonis
522 1999 685 2031 diss'ent'ire.
699 1998 749 2029 etsi
759 1998 936 2040 propediem
951 1997 1041 2027 video
1053 1996 1107 2027 bo-

151 2057 257 2079 norum
270 2067 278 2080 ‚
304 2047 333 2076 id
345 2044 387 2075 est
401 2045 553 2075 lautorum
566 2063 574 2076 ,
588 2042 619 2072 8<
631 2045 645 2068 9
657 2042 855 2081 locupletium
869 2060 876 2073 ,
900 2040 1005 2070 urbem
1017 2037 1108 2069 refer-

146 2100 206 2121 tam
218 2089 282 2119 sore
295 2089 490 2126 :municipiis
501 2084 570 2115 vero
581 2086 628 2115 his
640 2083 751 2114 reli&is
764 2105 772 2117 ,
792 2080 1021 2113 refertissimam.
1045 2090 1107 2122 quo

146 2143 203 2173 ego
215 2134 247 2161 in
258 2139 386 2161 numero
398 2128 500 2161 essem,
516 2126 536 2157 si
549 2128 602 2157 bos
614 2125 734 2156 hermes
746 2122 970 2156 molestiffimos
981 2133 1044 2155 non
1056 2125 1109 2154 ha-

150 2180 251 2205 berem
269 2184 273 2202 z
295 2182 350 2203 nec
361 2181 410 2201 me
422 2169 604 2210 M-Lepidi,
625 2169 823 2201 L Volcacri,
848 2170 908 2197 Ser.
921 2167 1046 2207 Sulpicii
1057 2175 1110 2195 co-

147 2218 259 2249 mitum
272 2216 444 2255 poeniteret:
455 2221 587 2253 quorum
598 2221 691 2241 nemo
699 2220 754 2240 nec
765 2209 883 2240 stultior
896 2208 939 2239 est
950 2227 958 2242 ,
970 2218 1060 2250 quam
1072 2209 1107 2237 L.

149 2259 327 2290 Domitius3
347 2253 648 2286 necinconstantior‚
668 2262 758 2294 quam
772 2255 847 2293 App.
860 2251 1012 2281 Claudius.
1032 2260 1111 2282 unus

147 2299 309 2340 Pompejus
327 2308 375 2328 me
394 2305 499 2326 movet
518 2316 526 2330 ‚
547 2294 673 2333 beneficio
693 2314 701 2326 ,
723 2304 788 2325 non
808 2292 992 2323 austoritase.
1015 2303 1109 2334 quam

148 2345 232 2372 enim
245 2342 297 2371 ille
309 2340 412 2370 habeat
421 2337 630 2369 aucloritatem
641 2340 672 2366 in
686 2338 738 2367 hac
751 2336 912 2376 causa,qui,
924 2334 993 2366 cum
1005 2345 1113 2365 omnes

148 2385 293 2415 Caesarem
312 2381 539 2413 metuebamus,
561 2379 620 2419 ipse
633 2388 704 2408 eum
721 2378 887 2418 diligebat?
913 2376 1113 2418 ¹0p0stquam

149 2427 210 2466 ipse
230 2434 365 2456 metuere
383 2424 474 2463 coepit
485 2443 494 2456 ,
515 2431 595 2461 putat
606 2419 823 2451 omnes-hostes
834 2419 882 2449 illi
894 2428 1032 2458 oportere
1044 2417 1114 2450 effe?
1133 2433 1137 2438 „

149 2470 265 2499 ibimus
277 2475 377 2498 tamen
388 2466 556 2496 Luceriam:
570 2473 625 2493 nec
634 2472 703 2493 eum
716 2460 834 2492 sortasse
844 2459 1004 2491 deleetabit
1016 2460 1116 2491 noster

150 2511 307 2541 adventus.
331 2506 513 2539 diflimulare
524 2508 609 2537 enim
620 2514 684 2535 non
694 2513 800 2545 potero
814 2523 823 2537 ‚
835 2504 911 2533 mihi
924 2521 933 2537 ,
944 2511 1010 2543 quae
1019 2502 1115 2533 adhuc

155 2635 259 2687 LA„
272 2634 296 2666 se
307 2630 446 2664 thulliuae]
468 2630 550 2665 Viilg.
562 2629 633 2656 adte.
829 2650 845 2668 .

276 2678 303 2694 2.
323 2669 386 2695 Vobis
395 2667 477 2701 noim]
491 2666 571 2701 Vulg.
582 2666 645 2691 riobi'i·
654 2671 720 2690 nota.

191 2715 216 2741 3.
236 2709 284 2732 Nec
293 2713 372 2730 tamen
390 2711 439 2729 ram
449 2703 527 2736 lum]
549 2701 711 2737 §cripturam
722 2699 860 2727 Decurtati
872 2698 961 2726 Bonus
981 2698 1116 2735 exprefiit.

161 2742 265 2777 quidam
278 2748 378 2767 veteres
389 2749 430 2765 nec
439 2746 517 2764 tamen
526 2741 577 2764 laeta
588 2749 595 2763 :
604 2737 662 2768 alii,
673 2746 713 2762 nec
721 2745 772 2763 tam
781 2738 849 2762 lxta,-
869 2737 979 2762 Decurt.
990 2745 1031 2761 nes
1039 2743 1118 2761 tamen

157 2785 206 2804 um
217 2781 286 2807 ωας
307 2775 376 2812 quod
389 2775 587 2811 probatJuuius
598 2792 606 2804 ,
628 2773 669 2799 sed
681 2773 815 2808 sequentia
825 2773 904 2798 aliter
916 2772 982 2807 legit
994 2790 1002 2803 ‚
1017 2780 1050 2797 ex
1061 2770 1118 2797 mss.

160 2814 216 2839 pai.
236 2822 275 2838 nec
283 2820 361 2838 tamen
373 2820 422 2837 ram
431 2813 483 2837 lata
500 2813 604 2836 erantin
623 2811 652 2836 ns
673 2809 757 2835 linem
768 2828 777 2842 ‚
795 2807 867 2844 quiam
885 2809 918 2834 ad
926 2818 959 2834 me
967 2809 1117 2833 Philotimus.

159 2851 216 2875 Heri
224 2850 297 2880 insum
306 2850 348 2873 tihi
358 2849 471 2880 epistolam
482 2848 582 2880 mJfiſjZ’m
593 2856 598 2870 t
611 2845 665 2879 sed,
674 2846 725 2876 (ἃς.

195 2892 223 2916 4.
242 2887 288 2908 Pro
306 2883 436 2917 derasam]
458 2883 525 2909 Boiii
537 2882 590 2907 haec
602 2881 637 2908 est
649 2880 820 2912 emendatio,
840 2879 944 2907 codices
955 2878 1071 2907 Tornaes.
1091 2880 1119 2905 ὃς

159 2918 430 2951 Criisell.pr01-elic'l0‚·
451 2918 493 2944 std
505 2918 619 2945 alterum
631 2916 762 2949 usitatius,
774 2918 814 2948 &,
826 2923 856 2943 ut
865 2923 941 2952 putat
953 2916 1051 2942 verius.

200 2965 225 2989 ς.
247 2956 290 2980 Ubi
308 2956 413 2987 tmiffimo
431 2955 520 2987 effems}
543 2953 632 2985 Libris
644 2952 701 2980 fere
721 2952 843 2979 omnibus
855 2953 948 2979 invitis
961 2971 968 2983 ‚
989 2952 1027 2978 ita
1036 2950 1121 2978 edidit

161 2989 305 3031 Lambinus
319 3000 325 3016 ε
348 2988 528 3017 Tornaefiamis
540 2988 647 3016 fortaffit
663 2989 740 3023 juvat
751 2989 796 3026 qui
810 2987 890 3017 habet
900 2990 1026 3027 tqpffmo:
1047 2988 1121 3023 vulg.

160 3035 208 3054 Νη
226 3037 277 3052 rme.

197 3029 235 3089 off.-
246 3066 291 3088 Hac
300 3060 456 3094 meftustra.]
478 3061 557 3096 Vulg.
571 3065 622 3087 Hac
631 3071 675 3094 me,
689 3061 741 3093 (Ire.

222 3118 228 3125 .
248 3102 272 3124 St
282 3097 370 3130 nunc]
393 3096 474 3131 Vulg.
488 3098 522 3129 fic
531 3105 603 3122 nunc.

195 3107 226 3160 Ξ.
246 3132 408 3166 Sedfimper]
427 3133 472 3157 sed
479 3131 549 3158 deest
561 3132 587 3157 in
603 3132 672 3166 vulg.

195 3179 226 3206 9.
245 3167 430 3204 [amplarum]
450 3169 599 3201 Locupktum
611 3168 683 3202 vulg.

297 894 359 948 „³5
387 909 493 939 littera:
513 908 581 938 sunt
599 907 614 936 Ξι
634 906 781 946 Pompeio
794 916 799 934 2
814 914 908 935 cetera
919 904 1094 935 derebusin
1115 915 1116 918 ¹

1263 686 1321 747 C
1480 687 1535 745 U
1696 685 1783 746 M.

1113 827 1123 854 {-
1136 817 1200 849 aesta
1211 818 1277 849 sunt
1289 837 1298 850 ,
1320 816 1486 857 displicere.
1511 819 1585 858 Ego,
1597 814 1617 846 si
1628 817 1771 848 somnum
1784 827 1884 858 capere
1894 816 2022 858 poss'em,
2035 827 2099 857 tamt

1113 874 1115 906 ἵ
1135 862 1233 901 longis
1244 869 1271 890 te
1281 858 1417 899 epistolis
1428 868 1491 889 non
1503 858 1715 890 obtunderem.
1741 869 1772 890 tu
1782 879 1790 893 ‚
1803 859 1823 890 si
1834 860 1889 891 tibi
1900 860 2004 891 eadem
2015 862 2098 892 caus-1

1135 902 1188 937 est,
1199 912 1249 933 me
1262 910 1455 933 remunerere
1467 901 1534 932 sane
1558 900 1666 931 velim.
2094 913 2097 924 =

1114 971 1117 1032 ἱ
1376 973 1572 1003 CICERO
1593 974 1801 1007 ATTICO,
1824 976 1852 1004 S.

1115 1034 1117 1074 Ι
1146 1030 1309 1108 Mlm
1325 1029 1397 1061 vero
1408 1032 1514 1060 omnia
1522 1038 1599 1081 grata
1613 1031 1664 1064 3&
1675 1031 1758 1072 quod
1770 1030 1904 1072 scripsisti
1915 1032 1950 1062 ad
1964 1042 2023 1067 me,
2033 1042 2098 1072 quae

1116 1076 1117 1091 ¹
1253 1073 1407 1106 audieras;
1431 1073 1464 1102 δε
1481 1072 1563 1112 quod
1584 1082 1648 1102 non
1665 1073 1835 1107 credidisti,
1854 1084 1920 1114 qua:
1930 1074 2102 1114 dignadili⁴

1137 1117 1238 1157 gentia
1245 1125 1318 1144 mea
1329 1118 1337 1134 ¹
1346 1118 1355 1133 ¹
1368 1124 1432 1144 non
1442 1123 1536 1147 erant,
1549 1113 1581 1143 &
1592 1113 1674 1154 quod
1688 1114 1930 1156 monuisti,quod
1942 1107 2103 1146 se‘ntiebasss

1141 1161 1204 1197 Ego
1222 1156 1257 1186 ad
1268 1156 1411 1187 Caesarem
1424 1165 1496 1185 unas
1507 1158 1604 1195 Capua
1618 1157 1728 1186 litteras
1738 1156 1826 1190 dedi,
1846 1157 1955 1197 quibus
1966 1158 2000 1188 ad
2015 1168 2047 1188 ea
2058 1168 2104 1187 re-

1140 1196 1248 1238 scripsi,
1262 1208 1328 1238 quae
1346 1207 1468 1227 mecum
1481 1198 1532 1226 ille
1544 1198 1580 1227 de
1592 1198 1808 1238 gladiatoribus
1819 1199 1879 1228 suis
1889 1208 1986 1239 egerat
1997 1202 2025 1219 ¹2
2038 1200 2105 1229 bre-¹

1140 1242 1204 1270 veis
1218 1259 1227 1273 ,
1247 1239 1297 1270 sed
1307 1239 1548 1270 benivolentiam
1559 1237 1771 1280 significantes,
1781 1250 1843 1269 non
1855 1239 1951 1270 modo
1962 1239 2020 1270 sine
2031 1251 2105 1271 con-

1142 1282 1288 1316 tumelia,
1307 1281 1357 1312 sed
1375 1284 1465 1312 etiam
1480 1291 1550 1311 cum
1566 1284 1699 1311 maxima
1710 1282 1794 1311 laude
1805 1283 2008 1322 Pompeiifid
2019 1285 2105 1313 enim

1143 1325 1194 1355 illa
1217 1324 1362 1355 sententia
1381 1322 1566 1364 postulabat,
1585 1334 1641 1364 qua
1652 1324 1742 1354 illum
1754 1324 1789 1353 ad
1799 1324 1994 1354 concordiam
2007 1326 2107 1355 horta-

1145 1367 1203 1398 bar.
1226 1376 1274 1397 eas
1284 1365 1302 1396 si
1314 1364 1375 1407 quo
1387 1366 1437 1396 ille
1449 1363 1540 1399 misit,
1552 1364 1696 1406 inpublico
1707 1375 1853 1406 proponat
1863 1367 1967 1396 velim.
1991 1367 2109 1397 Alteras·

1145 1408 1255 1440 eodem
1276 1408 1322 1439 die
1333 1408 1422 1441 dedi,
1442 1417 1503 1448 quo
1515 1409 1564 1437 has
1574 1408 1607 1437 ad
1621 1417 1657 1437 te.
1682 1417 1745 1437 non
1756 1410 1840 1448 potui
1853 1418 1914 1438 non
1927 1408 1995 1438 dare
2007 1428 2016 1442 ‚
2033 1408 2108 1438 cum·

1147 1452 1181 1482 δε
1209 1451 1270 1491 ipse
1286 1450 1322 1480 ad
1339 1460 1388 1480 me
1399 1448 1566 1489 scripsisset,
1589 1450 1621 1479 &
1632 1449 1749 1479 Balbus.
1769 1460 1870 1480 earum
1882 1451 2058 1490 exemplum
2070 1450 2107 1480 ad

1147 1502 1176 1524 te
1187 1491 1263 1523 misi.
1284 1493 1362 1522 nihil
1373 1493 1496 1522 arbitror
1505 1491 1569 1521 fore
1579 1511 1587 1524 ,
1603 1490 1685 1532 quod
1696 1492 1898 1531 reprehendas.
1924 1491 1943 1521 si
1956 1503 2012 1533 qua
2021 1498 2113 1523 erunt

1148 1535 1222 1566 doce
1234 1544 1294 1568 me,
1309 1537 1336 1561 ¹3
1346 1537 1509 1574 quomodo
1520 1534 1602 1573 capse
1613 1532 1741 1572 effugere
1750 1533 1870 1574 possim.
1885 1535 2111 1575 niliil,inquies,v

1147 1578 1280 1608 omnino
1295 1576 1450 1616 scripseris.
1476 1576 1528 1616 qui
1539 1577 1632 1616 magis
1647 1574 1772 1617 effugias
1783 1585 1834 1605 eos
1846 1595 1855 1609 ,
1875 1577 1926 1616 qui
1942 1575 2111 1614 volentfin-

1143 1622 1229 1661 gere?
1249 1627 1460 1649 verumtamen
1482 1620 1522 1648 ita
1543 1616 1650 1647 faciam
1669 1618 1767 1658 quoad
1792 1616 1855 1647 fieri
1874 1620 1993 1658 poterit.
2028 1620 2110 1648 Nam

1147 1660 1230 1702 quod
1262 1671 1311 1690 me
1331 1661 1456 1690 hortaris
1474 1659 1508 1689 ad
1530 1661 1709 1690 memorium
1732 1658 1881 1689 {aetorum
1903 1680 1912 1693 ,
1942 1659 2113 1692 distorum,

1151 1705 1326 1743 scriptorum
1346 1704 1437 1732 etiam
1447 1711 1588 1731 meorum
1601 1713 1610 1736 3
1629 1701 1701 1731 facis
1714 1702 1812 1731 amice
1825 1711 1855 1731 tu
1867 1702 2002 1742 quidem,
2017 1703 2113 1731 mihi-·

1148 1756 1204 1787 que
1215 1742 1417 1786 grariffimum
1430 1743 1494 1774 :sed
1507 1745 1584 1773 mi'rii
1595 1743 1704 1773 videris
1715 1743 1796 1773 aliud
1809 1746 1838 1773 tu
1851 1743 2011 1774 honestum
2023 1763 2032 1777 ,
2045 1753 2113 1773 me-

1147 1798 1206 1828 que
1226 1787 1354 1827 dignum
1375 1787 1406 1815 'in
1425 1786 1478 1816 hac
1498 1785 1581 1816 causa
1597 1785 1724 1820 judicare
1736 1805 1744 1818 ,
1765 1794 1851 1826 atque
1863 1795 1918 1826 ego
1927 1785 2111 1816 existimem.

1149 1830 1228 1859 mihi
1248 1830 1332 1858 enim
1354 1828 1433 1858 nihil
1453 1826 1512 1857 ulla
1534 1829 1566 1857 in
1579 1830 1668 1868 gente
1677 1837 1822 1868 umquam
1839 1847 1847 1861 ‚
1871 1828 1908 1857 ab
1921 1828 1985 1858 ullo
1995 1827 2113 1857 auetore

1150 1873 1222 1911 reip.
1242 1881 1273 1900 ac
1291 1870 1365 1900 duce
1380 1890 1388 1904 ,
1410 1870 1522 1912 turpius
1531 1868 1645 1899 fabium
1659 1867 1715 1899 effe
1727 1869 1845 1900 videtur
1857 1889 1865 1903 ,
1883 1869 1974 1910 quam
1984 1870 1998 1899 a
2010 1868 2115 1899 nostro

1149 1916 1248 1944 amico
1259 1911 1372 1942 fa&um
1389 1911 1449 1942 est:
1471 1912 1556 1949 cujus
1568 1922 1624 1953 ego
1634 1913 1733 1941 vicem
1742 1911 1834 1942 doleo
1846 1914 1913 1952 :qui
1926 1912 2031 1942 urbem
2044 1912 2115 1941 reli-

1149 1957 1215 1997 quit
1227 1974 1236 1989 ,
1260 1954 1290 1984 id
1312 1953 1354 1984 est
1375 1956 1499 1994 patriam
1512 1966 1521 1988 3
1544 1963 1598 1994 pro
1611 1964 1684 1994 qua,
1706 1954 1783 1984 &in
1794 1963 1851 1994 qua
1860 1964 1930 1983 mort
1940 1954 2113 1994 praeclarum

1149 1998 1217 2028 fuir.
1241 1998 1378 2038 ignorare
1390 1997 1468 2026 mihi
1482 1996 1593 2026 videris
1604 2017 1613 2030 ‚
1627 1997 1689 2026 haec
1698 2004 1806 2037 quanta
1817 1994 1851 2026 fit
1860 1995 1966 2026 clades.
1987 2006 2018 2026 es
2029 1997 2117 2025 eninr

1150 2041 1240 2070 etiam
1259 2049 1341 2069 nunc
1357 2038 1443 2069 domi
1459 2047 1528 2069 tuae.
1553 2037 1601 2069 sed
1613 2058 1622 2072 ,
1647 2039 1753 2068 invitis
1762 2036 1968 2077 perditissimis
1979 2039 2115 2068 homini-

1152 2082 1207 2112 bus
1220 2102 1229 2116 ,
1258 2080 1316 2111 esl'e
1334 2079 1448 2111 diutius
1466 2090 1530 2111 non
1548 2090 1644 2121 potes.
1672 2081 1730 2111 hoc
1749 2080 1887 2110 miserius
1900 2100 1909 2114 ,
1925 2081 1982 2110 hoc
2001 2081 2118 2120 turpius

1151 2124 1320 2166 quidquam
1333 2127 1342 2151 ?
1367 2133 1508 2164 vagamur
1530 2132 1650 2164 egentes
1662 2143 1670 2156 ,
1689 2132 1759 2153 cum
1770 2123 1949 2163 conjugibus
1960 2122 1992 2153 &
2003 2121 2115 2152 liberis.

1153 2169 1185 2197 in
1197 2166 1422 2199 umushominis,
1451 2173 1614 2206 quotannis
1632 2165 1798 2205 periculose
1810 2166 1996 2206 aegrotantis,
2016 2165 2121 2195 anima

1152 2207 1261 2250 positas
1277 2212 1307 2235 ¹4
1318 2209 1439 2238 omneis
1449 2205 1562 2237 nostras
1571 2207 1634 2248 spes
1645 2207 1751 2237 habem
1758 2216 1792 2236 us
1803 2227 1811 2240 ,
1832 2216 1897 2237 nori
1908 2204 2022 2246 expulsi
2034 2225 2043 2239 ,
2067 2205 2114 2236 sed

1154 2250 1294 2282 evocati&
1305 2252 1406 2291 patria,
1417 2259 1508 2290 quam
1520 2259 1584 2280 non
1594 2248 1765 2280 servandam
1776 2248 1811 2278 ad
1821 2248 1951 2278 reditum
1963 2246 2115 2283 nostrum,

1154 2293 1205 2324 sed
1222 2292 1424 2333 diripiendam
1447 2292 1480 2321 &
1492 2290 1743 2322 inflammandam
1761 2290 1950 2331 reliquimus.
1974 2290 2014 2319 ita
2026 2291 2115 2320 multi

1155 2336 1319 2366 nobiscum
1331 2334 1399 2365 sunt
1409 2354 1417 2368 ,
1432 2335 1538 2364 nonin
1552 2333 1726 2364 suburbanis
1738 2352 1747 2366 ,
1760 2341 1823 2361 non
1834 2334 1867 2362 in
1881 2332 1975 2362 hortis
1988 2353 1996 2365 ,
2010 2335 2036 2359 ¹5
2052 2342 2129 2362 non·

1157 2379 1191 2407 in
1201 2376 1262 2417 ipsa
1275 2376 1367 2407 urbe:
1387 2376 1420 2407 &
1432 2374 1452 2405 si
1463 2385 1544 2405 nunc
1553 2375 1620 2406 sunt
1634 2395 1643 2408 ,
1665 2384 1726 2404 non
1739 2382 1835 2404 erunt.
1858 2371 1915 2403 nos
1925 2376 2037 2404 interea
2051 2394 2058 2406 2
2081 2384 2120 2405 ne

1157 2422 1264 2458 Capuae
1272 2418 1395 2459 quidem
1408 2438 1416 2452 ‚
1440 2417 1489 2448 sed
1501 2418 1649 2447 Luceriae:
1663 2416 1696 2446 δε
1705 2425 1787 2446 oram
1799 2416 1921 2456 quidem
1933 2417 2120 2447 maritimam

1156 2461 1218 2501 jam
1227 2461 1433 2500 relinquemus
1445 2470 1455 2493 3
1465 2458 1624 2489 Afranium
1635 2457 1877 2498 exspe&abimus
1888 2477 1896 2491 ‚
1911 2458 1943 2487 ὃ(
1954 2460 2116 2488 Petreium.

1157 2512 1229 2533 nam
1241 2503 1273 2532 in
1283 2502 1419 2533 Labieno
1427 2511 1533 2542 parum
1543 2500 1586 2531 est
1595 2500 1756 2542 dignitatis.
1783 2498 1811 2520 ¹⁵
1825 2501 1915 2531 hictu
1926 2509 1958 2531 in
1969 2509 2018 2530 me
2032 2500 2120 2535 Μυός

2065 2542 2119 2575 des,

1113 945 1116 966 i

1200 2633 1241 2651 10.
1261 2626 1385 2659 'Postquam
1395 2623 1468 2657 ipse.]
1490 2623 1761 2659 Vulg.p‹4(?q.‹1.vnvei·b
1776 2624 1831 2657 ipfi.

1201 2670 1241 2688 ιι.
1262 2665 1313 2687 Non
1324 2661 1421 2694 erant]
1442 2659 1523 2695 Vulg.
1536 2670 1580 2686 mn
1591 2661 1671 2694 eſjcm.

1202 2706 1243 2723 ιτ..
1265 2697 1376 2730 Brevia]
1398 2695 1479 2732 Vulg.
1490 2698 1582 2722 brewes.

1202 2742 1243 2767 ¹3-
1261 2733 1372 2765 Qomoda
1390 2734 1454 2765 capse
1471 2732 1570 2765 effigere
1583 2731 1684 2766 poffim]
1706 2732 1809 2757 Locum
1829 2730 1897 2756 hunc
1906 2729 2074 2764 depravatum
2088 2736 2122 2755 ex

1163 2768 1220 2795 mss.
1234 2769 1410 2796 collocatione
1430 2768 1543 2795 restituit
1555 2768 1643 2794 Belius
1657 2779 1662 2794 ;
1686 2766 1803 2793 Toi-iiaes.
1814 2766 1918 2800 quomodo
1929 2765 1970 2797 effe
1981 2784 1989 2795 ‚
2005 2765 2122 2790 Crulell.

1163 2806 1267 2839 quomodo
1277 2806 1318 2839 &fe
1329 2824 1337 2837 ,
1357 2806 1468 2831 Decurt.
1487 2804 1591 2838 quomodo
1601 2803 1615 2829 [ἰ
1630 2804 1656 2836 se
1668 2823 1676 2835 ,
1696 2802 1764 2829 uude
1783 2803 1897 2836 conjecit
1907 2820 1915 2832 ,
1935 2800 2040 2835 quomodo
2048 2802 2123 2834 eane.

1166 2842 1239 2877 vulg.
1249 2841 1354 2876 quomodo
1362 2843 1422 2866 enim
1432 2839 1620 2873 effligercpoffim
1632 2843 1642 2864 ,Ρ

1204 2885 1247 2911 14.
1267 2878 1345 2903 Omm'ae
1353 2876 1470 2909 nostran]
1493 2875 1574 2909 Vulg.
1587 2883 1662 2900 omnes
1672 2876 1771 2907 nostras.

1203 2922 1247 2947 ις.
1264 2916 1315 2939 Non
1325 2915 1350 2938 in
1359 2913 1410 2946 ipsa
1418 2910 1499 2944 urbe]
1521 2910 1655 2936 Vilstorius
1667 2909 1831 2935 hiinclocum
1850 2915 2004 2944 corruptum
2024 2908 2124 2941 assei-ir,

1164 2949 1207 2976 sed
1218 2958 1278 2976 cum
1289 2948 1312 2975 ei
1323 2947 1424 2974 mederi
1436 2956 1487 2973 non
1499 2944 1583 2982 poli'ct
1596 2964 1604 2977 ‚
1615 2952 1703 2971 notaui
1715 2954 1766 2980 qua
1777 2944 1900 2970 mendum
1914 2944 2070 2980 significaret
2079 2954 2126 2981 ap-

1164 2984 1262 3022 posuit.
1282 2984 1371 3011 Bonus
1383 2991 1472 3010 vocem
1486 3001 1494 3015 ‚
1505 2983 1574 3013 urbe,
1584 2982 1678 3016 quaein
1690 2980 1845 3008 vietormm
1855 2980 1974 3007 editione
1990 2980 2082 3008 deerat
2091 2989 2126 3008 ex

1166 3021 1224 3048 mss.
1236 3020 1362 3057 reposuit.

1207 3057 1249 3084 16.
1269 3059 1312 3082 Hic
1320 3062 1346 3080 tu
1355 3063 1390 3080 mc
1399 3053 1474 3085 illud‚·
1493 3053 1531 3078 des
1545 3071 1553 3083 ,
1563 3053 1688 3085 biferas]
1710 3053 1823 3079 Auxilio
1836 3054 1947 3080 Deciirt.
1959 3052 2046 3080 locum
2060 3053 2130 3079 hunc

1168 3092 1282 3120 restituit
1293 3090 1382 3117 Bonus
1394 3109 1402 3121 ,
1422 3089 1467 3124 qui
1477 3096 1538 3116 aure
1561 3097 1622 3114 uam
1633 3090 1659 3115 iu
1674 3090 1847 3115 necui-tatum
1859 3089 1990 3116 incidisset
2003 3108 2011 3120 ‚
2023 3088 2130 3125 putabat

1169 3138 1202 3155 ex
1213 3127 1338 3164 opinione
1359 3125 1460 3160 vulgari
1479 3133 1536 3160 quo:
1558 3133 1599 3150 am
1613 3125 1689 3151 verbu
1701 3126 1792 3151 Graeca
1811 3125 1906 3151 deesse.
1927 3125 1971 3151 sed
1989 3125 2034 3152 ubi
2053 3125 2130 3160 plane

1139 3180 1144 3190 ι
1169 3170 1306 3193 exaratum
1316 3161 1415 3198 reperit
1425 3161 1452 3189 in
1463 3161 1566 3197 optimo
1576 3160 1624 3189 illo
1632 3161 1705 3189 libro
1718 3180 1726 3194 ‚
1737 3163 1772 3188 hi:
1782 3169 1808 3189 tu
1818 3172 1843 3188 m
1853 3171 1887 3189 me
1896 3162 1957 3189 iliud
1969 3172 1975 3187 .·
1992 3162 2031 3188 des
2043 3179 2051 3193 ‚
2060 3162 2132 3194 [dfe-

2076 3204 2125 3222 mi.-
