2250 3358
675 127 1054 183 Hts’r

114 246 190 272 cem
199 230 295 270 dixit.
308 223 518 266 Praetereain
530 220 667 260 Eusebii
680 218 865 256 Chronico
879 218 924 255 ita
936 218 1073 266 legitur:

114 294 223 321 xxvi.
239 291 333 316 anno
355 275 460 312 aetatis
486 274 562 309 Cic.
578 269 769 319 Qintium
782 267 948 304 defendit.
975 268 1074 302 Idem

109 329 330 378 cognoscitur
338 337 381 361 ex
393 324 460 373 ipsa
468 322 573 359 causae
585 317 803 372 expositi-one
815 343 823 358 ‚
837 328 913 365 quae
927 315 1001 352 talis
1013 315 1070 351 est.

108 383 184 416 Sex.
202 375 343 414 Naevius
362 383 441 409 ante
464 370 649 408 biennium
661 392 671 407 ‚
684 369 846 415 Scipione
857 367 890 402 ὅ(
903 365 1074 418 Norbano

107 439 202 463 coss.
231 437 313 461 cum
336 425 372 460 P.
383 422 550 468 Qitius
575 417 661 467 prid·
687 419 731 452 K.
744 415 840 451 Febr.
864 414 901 450 in
926 414 1072 450 Galliam

107 475 281 523 profestus
293 472 373 509 esset
384 495 392 510 ‚
419 472 436 507 a
447 472 482 507 Ρ.
492 469 661 505 Burrieno
674 476 822 514 praetore
833 462 1072 512 possessionem

105 526 284 560 bonorum
296 521 433 569 Qntii
448 544 457 559 ‚
480 519 499 555 a
513 531 584 567 quo
605 515 667 552 sibi
679 514 862 563 pecuniam
875 512 991 548 deberi
1005 536 1015 550 ‚
1039 515 1073 548 ὃς

106 569 349 609 vadimonium
372 569 545 606 desertum
557 565 691 603 dicebat
705 589 713 601 ,
738 577 780 600 ex
794 562 909 598 edisto
923 561 1073 610 postula-

109 623 162 658 vit
181 648 191 663 ‚
214 620 332 657 missus
354 632 389 654 iii
412 616 652 667 possessionem
681 612 825 649 Naevius
838 638 848 652 ‚
871 610 955 646 cum
980 610 1075 646 bona

105 670 248 707 absentis
260 669 398 716 Qntii
421 667 491 703 dies
513 675 602 701 xxx.
617 660 809 710 possedisset
822 686 831 701 ‚
854 672 892 695 ea
904 658 1074 713 praescribi

98 718 209 769 jussit.
232 721 329 755 Tum
343 720 419 753 Sex·
432 716 608 763 Alphenus
622 720 828 760 procurator
845 713 985 757 Qintii
1009 721 1074 761 au-

104 769 259 805 &ionem
282 766 448 815 impedire
468 773 616 798 conatui·
629 785 638 800 ‚
655 760 757 808 seque
769 769 925 808 paratum
938 756 1072 805 esseju-

105 818 198 853 dicio
219 817 377 854 absenten
390 812 575 850 defendere
586 808 781 859 profitetur.
797 807 942 844 Naevius
954 806 1073 855 postu-

105 866 152 903 lat
165 891 173 905 ‚
187 877 226 902 ut
237 862 616 913 Alphenusjudicatum
628 858 712 895 solvi
725 856 866 898 satisdet,
881 856 977 906 quod
990 855 1073 891 cum

105 916 162 951 ille
185 915 350 951 recusaret
364 939 373 953 ,
393 924 505 960 eoque
517 909 663 946 nomine
676 907 856 944 Tribunos
869 904 1071 954 appellasset,

103 964 290 1001 convenit,
301 973 340 998 ut
355 961 471 997 Idibus
482 963 630 1007 Septem.
659 956 848 1004 antiiim
863 954 928 990 sisti
942 955 1072 1002 Alphe-

104 1025 169 1048 nus
192 1012 421 1060 promitteret.
446 1010 554 1045 Venit
567 1010 720 1044 Romam
736 1004 905 1053 Qintius
918 1003 959 1040 ad
974 1003 1071 1039 vadi—

104 1062 279 1098 monium.
308 1060 453 1096 Naevius
465 1070 598 1094 annum
612 1059 644 1093 ὅ(
656 1057 710 1092 sex
723 1054 854 1091 menses
867 1080 877 1095 ,
889 1054 958 1089 hoc
972 1052 1020 1088 est
1032 1052 1074 1088 ab

105 1109 223 1147 Idibus
246 1112 394 1157 Septem.
421 1108 582 1156 Scipione
603 1108 639 1142 &
654 1104 825 1142 Norbano
848 1114 944 1138 coss-
966 1102 1072 1151 usque

103 1162 144 1195 ad
168 1159 250 1195 Idus
262 1158 402 1195 Martias
422 1156 525 1205 hujus
548 1155 653 1193 anni,
677 1153 765 1190 nihil
779 1152 873 1199 petit.
902 1154 999 1188 Tum
1011 1151 1074 1187 de-

70 1248 72 1250 ,
103 1220 204 1244 mum
229 1207 264 1243 in
281 1207 339 1256 jus
362 1217 511 1243 ventum
533 1205 576 1241 ad
598 1207 633 1240 P.
643 1202 858 1240 Dolabellam
873 1203 1072 1237 Praetorem.

105 1257 154 1294 ibi
170 1257 312 1293 Naevius
336 1256 432 1305 petiit
445 1281 453 1296 ‚
478 1266 517 1291 ut
527 1254 694 1301 Qntius
716 1251 912 1300 judicatum
926 1251 1011 1287 solvi
1024 1250 1074 1286 sa-

104 1306 239 1343 tisdaret
249 1333 258 1348 ‚
271 1305 367 1356 quod
378 1305 460 1341 cum
472 1305 499 1340 is
512 1305 681 1341 recusaret
690 1326 700 1341 ‚
712 1300 892 1337 Dolabella
903 1299 1072 1338 decrevit,

105 1366 145 1391 ut
158 1355 323 1403 Qintius
348 1365 407 1391 aut
418 1354 585 1390 fiitisdaret
599 1379 608 1391 ‚
631 1362 690 1388 aut
701 1349 921 1400 sponsionem
935 1348 1073 1390 faceret,

105 1406 154 1440 Ni
167 1405 258 1440 bona
270 1405 328 1440 sua
339 1416 383 1440 ex
396 1403 510 1440 edieto
524 1401 665 1452 possessa
678 1413 750 1436 non
763 1399 881 1436 essent.
908 1397 1073 1447 Sponsio-

106 1465 150 1489 ne
161 1452 249 1490 faeta
260 1479 272 1496 ‚
295 1453 338 1488 C.
351 1452 520 1501 Aquillius
528 1451 644 1501 Judex
656 1450 754 1486 datus
767 1448 816 1485 est
828 1474 837 1490 ‚
861 1448 951 1497 apud
967 1460 1074 1497 quem

103 1502 231 1538 Cicero
243 1501 424 1538 contendit
437 1528 447 1544 ‚
472 1501 612 1549 Qntii
624 1500 718 1536 bona
729 1512 772 1536 ex
785 1498 901 1534 edieto
914 1497 932 1534 ἂ
947 1497 1073 1534 Naevio

104 1551 245 1600 possessa
267 1564 340 1588 non
364 1551 441 1588 esse.
467 1551 573 1586 Vides
595 1549 703 1597 igitur
713 1558 828 1596 aperte
838 1546 978 1591 Quintii
991 1559 1074 1582 cau—

107 1601 176 1637 sam
187 1601 255 1637 hoc
269 1614 362 1637 anno
375 1601 394 1638 ἐι
416 1603 469 1637 Μ.
485 1599 606 1636 Tullio
616 1598 791 1635 defensam
814 1596 881 1632 esse
927 1595 979 1632 ost
992 1595 1075 1632 Idus

107 1650 249 1686 Martias
260 1676 270 1691 ‚
295 1663 375 1687 nam
396 1648 493 1699 quod
504 1649 631 1685 Cicero
643 1648 689 1684 ait
700 1660 775 1683 rem
782 1610 927 1696 jacuisse
937 1646 973 1681 iii
985 1657 1073 1681 con-

106 1699 281 1736 troversiis
291 1700 475 1736 biennium
490 1712 497 1735 :
522 1700 717 1735 Oratorum
728 1708 828 1733 more
840 1695 925 1732 elate
939 1694 1075 1731 dierum

106 1747 157 1785 est
166 1774 176 1789 ‚
202 1750 237 1785 &
261 1747 285 1784 fi
305 1749 381 1798 quis
405 1749 490 1786 velit
513 1747 695 1784 calumniis
709 1745 826 1784 Naevii
837 1758 912 1782 rem
923 1744 961 1780 in
975 1744 1074 1780 bien-

108 1797 209 1834 nium
221 1797 363 1834 du&am
376 1798 475 1835 fuisse
487 1822 497 1837 ‚
511 1798 582 1833 hoc
592 1795 737 1846 quidem
748 1795 842 1832 certe
855 1806 978 1831 omnes
989 1793 1075 1830 Επε-

106 1846 137 1883 ri
147 1846 277 1883 necesse
299 1845 349 1884 est
360 1873 370 1889 ‚
414 1845 469 1883 ost
491 1847 567 1883 idus
589 1848 666 1895 Sep.
690 1857 770 1895 quae
780 1845 849 1880 hoc
862 1857 956 1880 anno
969 1868 978 1883 ,
1002 1855 1077 1880 non

68 1913 77 1927 ι
105 1907 184 1945 quae
197 1896 290 1932 Sulla
310 1899 346 1933 ὃς

108 1955 192 1980 runt
224 1943 283 1991 [ut
295 1945 471 1982 Corradus
492 1957 545 1982 res
569 1944 682 1981 nescio
702 1956 786 1993 quas
808 1956 912 1991 agens
926 1942 1074 1992 scripsit]

108 1993 199 2028 hanc
219 1993 353 2028 causam
374 1995 486 2029 adlam
507 1993 584 2029 esse.
611 1993 719 2040 Qod
743 2004 828 2029 vero
852 1995 888 2029 δε
900 1991 1078 2027 Corradus

106 2040 274 2088 opinatur
285 2063 295 2078 ‚
311 2043 345 2076 ὃς
358 2053 432 2076 non
448 2053 554 2076 nemo
566 2040 715 2076 affirmat
727 2063 736 2078 ‚
748 2040 939 2087 Qntium
955 2039 1077 2075 defen-

106 2088 183 2125 sum
194 2088 271 2136 post
282 2088 497 2124 metatorem
509 2088 640 2123 Sullam
651 2113 660 2127 ‚
670 2099 713 2122 eo
724 2088 821 2134 quod
832 2087 959 2122 Cicero
970 2087 1073 2123 dicat,

108 2137 232 2175 Emisti
256 2136 348 2173 bona
368 2135 608 2184 Sex-Alpheni
630 2137 669 2172 L.
680 2134 775 2171 Sulla
785 2134 966 2170 metatore
989 2146 1078 2170 ven-

108 2186 213 2223 dente
226 2212 235 2227 ,
257 2185 334 2222 leve
345 2185 539 2222 admodum
551 2184 611 2221 est.
634 2197 700 2220 cur
710 2183 805 2220 enirn
814 2182 996 2232 injudicio
1008 2182 1078 2232 pri-

108 2247 190 2273 vato
213 2235 282 2271 hoc
291 2235 408 2285 eloqui
424 2235 523 2272 ausus
535 2247 608 2270 non
621 2233 758 2270 fuisset?
779 2243 839 2269 aut
849 2232 925 2282 quis
938 2231 1077 2281 praesta-

107 2284 179 2324 bit,
201 2284 243 2321 ab
258 2285 464 2321 Oratoribus
487 2284 607 2320 omnia
619 2282 711 2319 dieta
721 2307 730 2321 ‚
753 2282 810 2318 vel
823 2294 866 2318 eo
882 2281 992 2319 modo
1004 2282 1079 2319 asta

108 2333 208 2371 fiiisse
221 2360 230 2374 ‚
244 2346 316 2383 quo
328 2333 444 2383 postea
455 2334 575 2382 scripta
586 2334 664 2369 sunt
677 2334 712 2369 δε
722 2331 814 2368 edita
826 2335 838 2368 ?

158 2383 252 2419 Sulla
263 2382 431 2419 diffitatore
442 2383 568 2419 Cicero
580 2383 709 2419 iterum
722 2381 754 2417 se
766 2380 906 2417 Moloni
919 2406 929 2422 ,
953 2379 1013 2429 qui
1026 2380 1075 2417 le-

57 2447 60 2449 ·
107 2442 207 2481 gatus
229 2431 272 2468 ad
291 2432 444 2469 senatum
468 2432 511 2469 de
523 2430 750 2468 Rhodiorum
762 2429 912 2479 praemiis
922 2440 1075 2469 venerat,

106 2493 250 2530 operam
263 2481 389 2518 dedisse
402 2508 411 2524 ‚
432 2482 478 2519 ait
490 2482 527 2517 in
539 2483 660 2518 Bruto,
691 2482 771 2516 Hoc
783 2489 926 2529 quoque
937 2489 1078 2529 ternpo-

108 2532 146 2567 re
159 2531 228 2567 Cn.
255 2530 439 2580 Pompejus
452 2556 462 2570 ‚
484 2530 576 2567 bello
599 2531 636 2566 in
659 2526 775 2566 Africa
786 2530 943 2566 maximo
956 2528 1078 2565 confe-

109 2580 188 2619 fiio,
210 2579 383 2616 viitorem
402 2581 596 2618 exercitum
619 2579 816 2628 deportavit
828 2604 838 2620 ‚
863 2588 904 2615 ut
915 2578 962 2614 ait
974 2576 1078 2615 Cice-

110 2642 150 2665 ro
161 2642 225 2678 pro
239 2628 313 2677 lege
324 2630 478 2667 Manilia.
491 2629 656 2677 intelligit
667 2639 784 2665 autem
796 2626 929 2664 bellum
941 2625 1080 2676 gestum

108 2689 194 2714 cum
217 2678 376 2715 Domitio
388 2704 399 2719 ,
421 2681 457 2716 δε
479 2679 600 2716 Hierta
613 2677 792 2715 Numidiae
815 2688 897 2725 rege
909 2701 919 2716 ‚
940 2690 1011 2725 quo
1037 2676 1083 2714 de

111 2726 259 2764 Orosius
281 2726 370 2764 libro
384 2740 416 2771 5.
428 2739 499 2777 cap.
518 2741 574 2765 21.
598 2737 702 2777 atque
723 2739 767 2764 ex
792 2724 907 2763 Africa
930 2728 1079 2776 Pompe-

107 2774 167 2825 jus
190 2776 302 2813 adhuc
313 2787 415 2827 eques
428 2777 670 2827 triumphavit.
695 2776 811 2813 Miror
821 2787 938 2812 autern
948 2779 1080 2813 Eutro-

112 2825 209 2872 pium
230 2825 374 2862 scribere
385 2827 594 2876 Pompejum
617 2837 704 2863 tunc
728 2836 894 2874 quartum
906 2827 940 2862 ὃς
954 2825 1079 2874 vigesi-

112 2882 213 2911 mum
225 2885 358 2912 annum
370 2876 472 2924 egisse
488 2900 498 2915 ,
522 2887 605 2913 cum·
620 2877 672 2912 M.
689 2874 800 2912 Tullii
812 2874 950 2924 aequalis
962 2875 1080 2917 fuerit,

61 2925 72 2930 ‘
113 2933 153 2959 ut
174 2936 218 2961 ex
242 2923 421 2962 Ciceronis
440 2927 550 2962 Bruto
574 2927 611 2963 &c
630 2924 767 2974 Vellejo
790 2935 919 2961 notum
941 2921 990 2960 est
1012 2949 1022 2964 ‚
1044 2926 1078 2961 ὃς

114 2978 179 3008 nos
202 2972 300 3022 supra
319 2974 577 3011 admonuimus.
603 2973 741 3012 Eodem
763 2985 923 3024 tempore
947 2976 988 3011 L.
1000 2973 1080 3010 Sul-

114 3020 147 3056 la
158 3022 344 3058 Murenam
356 3031 400 3060 ex
414 3023 491 3061 Afia
512 3023 693 3061 'revocavit
705 3048 715 3063 ‚
736 3034 777 3071 ut
787 3023 834 3060 ait
854 3023 931 3060 Cic.
951 3023 988 3059 in
1002 3026 1079 3060 Ma-

115 3069 252 3122 niliana·
279 3074 428 3109 Murena
448 3073 601 3110 reversus
616 3071 820 3120 amplissime
843 3081 947 3123 atque
966 3074 1081 3110 hone-

112 3115 257 3203 stggfime
267 3130 310 3158 ex
320 3130 472 3172 praetursa
480 3122 714 3174 triumphavit
724 3148 735 3167 ‚
755 3123 794 3161 in
809 3120 906 3161 Orat.
919 3133 981 3174 pro
994 3118 1080 3162 Mu-

114 3177 135 3202 ι·
180 3177 209 3205 a'.

509 3244 513 3247 .
526 3249 536 3254 ἡ
585 3235 611 3276 f
622 3233 631 3254 ΓΙ

409 1896 514 1933 etello
536 1908 632 1932 coss.
657 1907 752 1931 anno
774 1894 976 1944 insequente
999 1893 1076 1929 fue·
1106 1891 1109 1923 ἐ

1107 1943 1228 1982 tulit,
1253 1942 1418 1979 &Roscii
1445 1941 1508 1978 filii
1532 1954 1664 1978 nomen
1679 1954 1793 1996 'opera
1806 1943 2031 1992 Chrysogoni
2057 1943 2103 1981 de

1133 122 1524 183 onia.
2036 146 2098 185 η

1175 267 1271 299 Anno
1289 261 1376 299 urbia
1406 269 1596 358 υοικκῗι.
1621 259 1781 298 Ciceronis
1805 270 1932 298 xxvii.
1953 272 2052 300 coss.

1554 319 1680 350 uerunt,

1127 384 1166 418 L.
1204 365 1552 422 conminus
1602 385 1788 421 sULLA
1825 386 2002 423 Firmi(
2041 389 2094 426 ii.

1159 432 1528 477 QcAEcitius
1565 435 1886 471 METELLUS
1922 437 2061 474 rius,

1226 515 1343 548 ORUM
1360 514 1556 550 Consulum
1566 515 1728 551 meminit
1738 515 2016 554 CiceroVerrina
2024 529 2095 556 ter-

1223 561 1269 597 tia
1283 588 1293 603 ,
1317 562 1495 598 &Gellius
1509 563 1565 597 lib·
1584 577 1623 606 15
1646 576 1717 612 cap.
1734 569 1790 601 28.
1804 565 1864 601 ubi
1880 565 1997 603 scribit
2010 568 2095 608 ,C1‘2

1123 623 1291 646 ceronem
1311 610 1363 646 his
1397 610 1597 646 consulibus
1632 615 1708 650 Sex.
1731 614 1899 652 Roscium
1919 616 2095 664 parricidii

1124 671 1223 696 reum
1235 659 1436 696 defendisse.
1461 662 1496 696 &
1507 659 1614 698 addit,
1625 662 1816 700 Fenestellae
1828 676 1982 701 errorem
1993 676 2096 702 nota*

1122 720 1200 745 tum
1227 708 1326 744 fiiiffe
1350 709 1369 744 a
1382 708 1542 745 Paediano
1556 734 1566 750 ,
1589 709 1684 757 quod
1695 711 1869 758 scripsisset
1882 714 2096 753 Ciceronem

1129 758 1223 795 sexto
1248 760 1283 794 &
1307 757 1476 805 vigesimo
1501 757 1608 794 aetatis
1630 771 1723 793 anno
1737 773 1799 807 pro
1812 763 2028 800 Sex.Roscio
2041 764 2098 800 di-

1124 807 1216 844 xisse.
1245 811 1363 854 Qem
1376 807 1570 843 Fenestellae
1593 819 1747 844 errorem
1757 808 1953 848 Corradum
1969 839 1978 852 ,
1997 813 2097 850 alios-

1124 870 1192 904 que
1214 857 1308 892 viros
1322 857 1445 893 docilos
1459 856 1573 905 potius
1586 856 1746 905 amplefli
1761 881 1771 895 ‚
1790 871 1894 905 quam
1908 862 2044 898 Asconii
2060 865 2097 900 ὃς

1125 906 1229 942 Gellii
1254 906 1495 942 au&oritatem
1523 905 1639 955 sequi,
1666 906 1829 955 equidem
1853 908 1985 945 miror:
2011 911 2095 948 cuin

1124 956 1309 1004 praesertim
1324 955 1565 1004 Qintilianus
1578 955 1667 991 libro
1687 968 1739 991 iz.
1752 968 1823 1003 cap.
1836 960 1868 994 6.
1879 958 1999 994 sci-ibat
2010 986 2019 1000 ‚
2032 961 2095 996 Gi»-

1123 1017 1290 1040 ceronem
1312 1005 1367 1041 sex
1391 1007 1425 1041 δε
1451 1016 1636 1040 xx.aiinos
1649 1015 1771 1040 natum
1785 1018 1847 1052 pro
1861 1009 1940 1043 Sex.
1967 1009 2095 1045 Roscio

1122 1053 1243 1090 dixisle
1257 1078 1267 1092 ,
1290 1066 1350 1090 eos
1375 1067 1458 1090 vero
1481 1064 1560 1089 ante
1591 1066 1666 1090 111-
1693 1066 1803 1090 nonas
1821 1055 1976 1104 Januarii
1991 1057 2096 1105 hujus

1122 1103 1203 1139 anni
1226 1114 1326 1139 natus
1350 1116 1423 1139 non
1437 1103 1514 1139 fuit.
1544 1103 1625 1149 Egit
1642 1113 1758 1139 tamen
1770 1105 1899 1152 opinor
1910 1106 2000 1141 hanc
2012 1119 2097 1143 cau-

1123 1152 1243 1188 samin
1259 1152 1429 1201 principio
1447 1151 1540 1189 anni.
1579 1153 1672 1188 Nam
1686 1178 1695 1193 ,
1720 1163 1760 1188 ut
1784 1164 1827 1190 ex
1849 1154 2008 1191 oratione
2031 1156 2100 1205 ipsa

1122 1202 1330 1250 intelligitur
1340 1228 1349 1243 ‚
1372 1203 1408 1238 iii
1422 1202 1498 1250 lege
1511 1200 1555 1237 de
1566 1201 1817 1250 proscriptione
1830 1214 1901 1240 erat
1914 1228 1923 1242 ,
1950 1215 1991 1240 ut
2002 1218 2098 1241 anno

1123 1252 1297 1300 superiore
1319 1251 1360 1287 ad
1385 1251 1462 1288 Kal.
1482 1251 1603 1300 Junias
1625 1251 1894 1299 proscriptiones
1919 1253 2099 1290 venditio-

1125 1301 1252 1351 nesque
1276 1299 1422 1337 fierent:
1447 1300 1593 1336 Roscius
1616 1312 1733 1336 autem
1757 1311 1852 1349 pater
1876 1301 2009 1351 aliquot
2021 1304 2098 1351 post

1125 1349 1255 1386 menses
1269 1351 1395 1386 Romae
1418 1349 1549 1385 occisus
1571 1349 1619 1385 est
1637 1363 1644 1384 z
1669 1361 1776 1398 eaque
1792 1363 1844 1386 res
1856 1352 2042 1400 quatriduo
2056 1353 2101 1389 ad

1124 1399 1402 1449 Chrysogonum
1421 1398 1457 1435 in
1471 1398 1577 1434 castra
1586 1398 1688 1435 Sullae
1703 1399 1898 1436 Volaterras
1907 1401 2018 1450 (quod
2031 1415 2098 1450 op0

1123 1448 1246 1498 pidum
1269 1448 1442 1485 obsessum
1455 1448 1549 1484 Sulla
1569 1448 1606 1484 in
1629 1448 1845 1485 deditionem
1868 1450 2010 1498 accepit.
2037 1451 2101 1487 Li-

1125 1499 1200 1535 vius
1213 1498 1289 1534 libi·-
1304 1502 1320 1534 8
1326 1510 1359 1542 9·
1371 1498 1384 1544 )
1396 1497 1506 1534 delata
1515 1496 1573 1533 est·
1600 1498 1697 1533 Bona
1711 1497 1826 1534 Roscii
1837 1509 2005 1548 tanquam
2016 1511 2101 1548 pro-

1126 1547 1238 1597 scripti
1253 1574 1263 1589 ,
1286 1547 1436 1596 ideoque
1448 1545 1551 1582 occifi
1565 1572 1574 1588 ‚
1598 1557 1638 1583 ut
1650 1546 1853 1584 Plutarchus
1865 1548 1969 1584 tradi-t
1980 1573 1991 1588 ,
2004 1549 2101 1587 Sulla

1125 1597 1225 1633 hastae
1248 1595 1412 1645 subjecit,
1436 1596 1742 1650 &Chrysogonus
1765 1596 1839 1645 ejus
1850 1596 1992 1634 libertus
2004 1598 2099 1635 duo-

1107 1652 1109 1674 ?
1122 1646 1187 1682 bus
1200 1645 1353 1683 millibus
1367 1644 1558 1682 nummum
1568 1656 1655 1681 emit
1667 1669 1677 1684 ‚
1700 1657 1865 1694 cumJam
1876 1647 2101 1697 proscriptio-

1124 1696 1177 1732 nis
1199 1695 1334 1731 mentio
1349 1695 1445 1732 nulla
1455 1694 1554 1731 fieret
1567 1718 1577 1733 ,
1589 1694 1673 1731 curn
1688 1696 1792 1732 etiam
1804 1720 1814 1734 ‚
1838 1697 1899 1745 qui
1910 1706 2010 1734 antea
2020 1709 2100 1734 meo

1123 1755 1263 1781 tuerant
1274 1771 1284 1786 ,
1307 1744 1460 1781 redirent
1474 1770 1483 1785 ‚
1506 1757 1544 1780 ac
1562 1743 1639 1793 jam
1662 1743 1849 1782 defunClos
1860 1745 1925 1782 sese
1936 1746 2102 1795 periculis

1107 1833 1109 1845 t
1124 1794 1385 1831 arbitrarentur·
1411 1793 1477 1830 Sed
1498 1806 1581 1830 cum
1595 1792 1687 1830 filius
1699 1793 1864 1844 idemque
1872 1795 1970 1832 heres
1982 1795 2103 1833 Roscii

1107 1864 1109 1881 z
1125 1844 1219 1880 bona
1229 1844 1332 1892 patris
1345 1843 1392 1880 ita
1404 1842 1544 1881 vendita
1557 1842 1623 1879 esse
1638 1854 1729 1890 aegre
1739 1842 1845 1880 ferret
1857 1870 1866 1885 ‚
1885 1856 1993 1895 eaque
2004 1845 2105 1882 sexa-

1125 1893 1197 1942 gies
1222 1893 1290 1929 effe
1310 1892 1564 1929 demonstraret
1577 1919 1587 1933 ‚
1610 1892 1707 1929 sulla
1727 1894 1871 1941 coargui
1895 1894 1927 1930 se
1949 1894 2104 1943 graviter

1125 1991 1309 2041 parricidio
1322 1991 1552 2028 deferendum
1567 2001 1714 2027 curavit.
1741 1992 1837 2027 Cum
1850 1990 1966 2028 Roscii
1981 2004 2103 2039 patro·

1126 2041 1262 2076 cinium
1285 2040 1335 2075 ob
1344 2040 1448 2075 Sullae
1471 2049 1607 2075 metum
1630 2051 1738 2074 nemo
1759 2040 1940 2087 susciperet
1953 2066 1962 2082 ,
1982 2042 2106 2078 adole-

1125 2088 1219 2123 scens
1233 2089 1274 2123 ab
1293 2087 1459 2123 omnibus
1472 2087 1624 2123 desertus
1637 2111 1646 2125 ‚
1658 2087 1700 2122 ad
1710 2087 1786 2123 Cic.
1798 2089 1907 2124 confii
1934 2089 1982 2126 it:
1995 2098 2105 2139 quem*

1126 2135 1228 2171 amici
1254 2137 1398 2184 quoqu'e'
1422 2135 1464 2171 ad
1479 2147 1578 2171 reum
1592 2135 1854 2172 defendendum
1867 2149 1910 2173 co
1937 2138 2107 2176 ortaban-

1126 2194 1207 2225 tur,
1227 2196 1311 2220 cum
1331 2184 1424 2220 aliud
1448 2183 1656 2233 splendidius
1678 2195 1737 2221 aut
1761 2186 1958 2235 praeclarius
1979 2187 2105 2236 gloriae

1109 2233 1269 2281 ‘initium
1289 2232 1415 2270 habere
1433 2245 1507 2269 non
1529 2233 1651 2282 posset.
1679 2234 1753 2271 Cic.
1776 2235 1884 2283 igitur
1906 2236 2104 2274 adolescens

1109 2317 1110 2320 ,
1126 2290 1249 2319 contra
1272 2285 1313 2319 L.
1325 2283 1428 2319 Sullae
1442 2283 1656 2319 dominantis
1669 2296 1752 2332 opes
1773 2286 1849 2320 Sex.
1863 2285 2034 2323 Roscium
2053 2288 2104 2323 A-

1127 2333 1306 2368 merinum
1316 2332 1472 2369 defendit
1484 2357 1494 2372 ,
1504 2333 1581 2369 libr.
1597 2345 1627 2369 2.
1637 2332 1680 2369 de
1694 2332 1798 2370 Offic.
1811 2334 2029 2372 Defenfion'is
2042 2348 2104 2372 ca-

1128 2384 1197 2428 pita
1220 2382 1284 2418 tria
1296 2381 1375 2418 sunt
1394 2396 1402 2418 τ
1427 2382 1464 2418 in
1477 2383 1593 2431 primo
1607 2382 1780 2431 parricidii
1793 2383 1927 2420 crimen
1940 2384 2022 2421 falso
2034 2385 2104 2421 ob·

1121 2430 1260 2479 jestum
1272 2430 1371 2467 fuisse
1385 2431 1514 2467 Roscio
1528 2458 1537 2473 ‚
1550 2432 1668 2468 multis
1679 2433 1894 2480 argumentis
1905 2434 2104 2471 convincit:

1128 2479 1320 2517 secundum
1333 2481 1381 2517 est
1393 2480 1437 2517 de
1449 2480 1590 2517 audacia
1601 2481 1754 2517 duorum
1769 2482 1981 2520 Rosciorum
1994 2508 2004 2523 ,
2029 2484 2103 2520 Ca-

1128 2529 1257 2578 pitonis
1267 2531 1303 2567 &
1312 2530 1447 2578 Magni.
1475 2530 1512 2566 in
1523 2543 1611 2579 quos
1623 2531 1756 2566 crimen
1767 2531 1813 2567 i-ta
1821 2532 1961 2569 confert
1970 2559 1979 2574 ‚
1989 2543 2030 2569 ut
2041 2544 2104 2570 eos

1128 2579 1249 2616 multis
1269 2578 1671 2627 suspicionibusxarguat.
1699 2580 1845 2617 tertium
1863 2581 1913 2618 est
1924 2581 1967 2618 de
1979 2582 2103 2631 Chry-

1129 2628 1252 2677 sogoni
1265 2629 1421 2676 potentia
1433 2655 1442 2670 ‚
1455 2640 1562 2678 quam
1571 2628 1742 2666 invidiose
1754 2630 1951 2668 insetfhitur,
1976 2631 2106 2668 vietor

1128 2677 1165 2714 in
1189 2678 1286 2715 causa
1298 2705 1307 2720 ‚
1331 2687 1458 2727 magna
1482 2679 1519 2714 in·
1543 2677 1773 2715 admiratione
1798 2679 1866 2716 fuit
1877 2707 1889 2722 ,
1914 2691 1954 2717 ut
1967 2680 2105 2717 Plutar-

1129 2727 1215 2763 chus
1239 2727 1285 2764 ait
1299 2741 1306 2763 :
1329 2727 1399 2776 ipse
1413 2728 1498 2764 verb
1513 2727 1550 2763 in
1564 2727 1672 2764 Bruto
1686 2727 1731 2764 fic
1742 2728 1856 2766 scribit
1870 2743 1877 2765 :
1902 2730 2018 2779 itaque
2031 2729 2105 2778 pri-

1130 2785 1188 2812 ma
1210 2778 1307 2813 causa
1326 2777 1421 2825 publ.
1444 2787 1509 2826 pro
1523 2779 1599 2814 Sex.
1613 2778 1741 2814 Roscio
1749 2778 1842 2815 dieta
1851 2789 1989 2815 tantuin
1997 2790 2101 2815 com-

1129 2826 1361 2863 mendationis
1374 2825 1496 2862 habuit
1508 2850 1518 2865 ‚
1530 2837 1570 2863 ut
1582 2840 1655 2863 non
1668 2826 1738 2863 ulla
1746 2826 1828 2864 esset
1840 2854 1849 2868 ‚
1860 2841 1937 2876 quae
1950 2841 2025 2864 non
2037 2840 2104 2863 no-

1128 2875 1199 2911 stro
1223 2875 1328 2924 digna
1357 2875 1552 2923 patrocinio
1585 2876 1776 2913 videretur.
1819 2877 1947 2913 Roscio
1980 2887 2105 2913 contra

1129 2925 1407 2974 Chrysogonum
1420 2923 1560 2962 defenso
1574 2925 1784 2962 Ciceronem
1796 2927 1947 2963 Athenas
1957 2925 2102 2962 secessis-

1129 2974 1161 3010 fe
1172 2998 1183 3013 ‚
1196 2985 1299 3024 atque
1311 2974 1393 3010 inde
1404 2974 1480 3022 post
1493 2973 1685 3011 triennium
1700 2976 1852 3011 Romam
1865 2974 2052 3015 revertisse,
2064 2974 2104 3010 in

1131 3024 1268 3060 Eusebii
1281 3022 1463 3060 Chronico
1484 3024 1651 3073 scriptum
1677 3024 1733 3060 est.
1762 3024 1859 3061 unde·
1879 3024 1966 3060 illud
1976 3022 2102 3060 Caleni

1130 3073 1220 3130 apud
1233 3073 1386 3109 Dionem
1399 3073 1458 3109 lib.
1476 3077 1532 3117 46.
1552 3072 1702 3110 manasse
1716 3073 1875 3112 videtur,
1898 3068 2011 3117 »(9ιὶωὲ
2024 3072 2103 3115 αξίαι

1107 3126 1109 3129 “
1133 3132 1170 3157 αν
1188 3118 1388 3162 proximam,
1404 3122 1633 3167 ,φιῶινιςίψωςε
1659 3122 1784 3178 quibus
1800 3122 1913 3159 verbis
1926 3119 2107 3170 significat,

1133 3173 1183 3208 M.
1197 3171 1360 3211 Tullium
1383 3171 1592 3223 eloquentiae
1616 3183 1725 3220 gratia
1757 3171 1952 3210 triennium
1964 3167 2109 3206 Athenis

1516 3220 1568 3269 (b)
1598 3232 1616 3257 2

1977 3214 2113 3256 vixisse,
