2337 3400
162 2253 182 2276 Ν

593 141 1094 194 M.Tur,1.11

536 247 628 308 M.
725 247 1127 307 TULL11

185 152 282 202 602

1177 141 1721 206 C1cnnonrs

1225 244 1833 311 CICERoNis

237 430 375 509 M.
449 427 726 507 ANT
747 423 981 503 ONI
1000 343 1436 503 UlZsXNAD
1497 421 2121 514 QUIRITES,

535 534 1302 599 PHILIPPICQA
1411 531 1827 595 SEXTUQ

386 645 741 694 ORATIO
819 641 1986 710 QUADRAGESMAAOCTAVA

390 760 408 775 s
437 757 449 789 ς
474 738 505 765 U
513 746 534 766 n
544 746 555 765 1
566 747 586 766 τ
596 745 615 765 Α
629 735 719 765 vobis
729 734 786 765 ess‘e
795 735 933 767 arbitror,
944 734 1088 774 Qirites‚
1099 742 1164 772 quae

363 795 390 823 ἶ,
403 794 444 824 7„
470 775 526 808 sint
537 776 599 808 aeta
609 779 641 807 in
655 778 755 807 senatu
767 797 774 810 ‚
787 787 850 817 quae
868 776 958 805 fuerit
968 774 1083 814 cujusq3
1097 775 1163 804 sen·

384 839 447 883 <33sp
470 822 572 891 {ginis
596 829 640 848 res
653 821 738 889 ῗηὲὶη]
749 829 786 890 (ἧς
796 820 861 866 Kal.
871 819 938 866 Jan
950 819 1163 888 agciitaglfllgssg—

393 882 397 884 -
513 872 537 891 ai
566 871 680 890 cconc
716 870 755 889 ae
791 869 913 889 :minus
946 869 975 888 ui
1000 869 1013 887 e
1058 869 1067 887 1
1150 873 1162 878 —

431 940 433 942 Ι
470 903 538 932 vere
553 923 560 935 ,
583 902 671 943 quam
687 902 788 931 decuit
800 922 808 935 ‚
830 911 892 931 non
911 870 1013 930 tssmen
1031 901 1164 929 omnino

420 948 422 952 ⁴
470 942 622 974 dissolute.
648 953 732 973 mora
742 943 784 973 est
795 943 879 973 allata
889 942 971 972 bello
981 962 990 975 ‚
1006 951 1069 971 non
1081 940 1163 971 causa

474 986 592 1016 sublata.
640 985 847 1026 Qamobrem
859 1005 868 1018 ,
889 984 971 1025 quod
995 981 1130 1024 quaesivit
1147 981 1163 1012 a

195 1039 248 1061 me
258 1034 288 1061 P.
301 1030 450 1070 Apulejus
461 1049 469 1062 ‚
491 1029 586 1057 homo
598 1027 630 1056 8(
643 1028 746 1056 multis
756 1025 865 1060 officiis
879 1028 955 1056 mihi
968 1046 976 1060 ,
998 1026 1031 1055 &
1041 1025 1160 1055 summa

196 1072 399 1103 familiaritate
410 1067 593 1109 conjunfihis
603 1089 611 1102 ‚
622 1069 654 1098 δε
664 1068 751 1098 vobis
761 1067 958 1098 amiciss‘imus
970 1087 977 1100 ‚
990 1069 1029 1096 ita
1038 1067 1160 1106 respon-

195 1114 275 1144 debo
287 1134 294 1146 ‚
309 1123 344 1144 ut
355 1123 388 1143 ea
400 1133 408 1145 ,
421 1111 531 1153 quibus
543 1121 606 1140 non
617 1110 794 1141 interfuistis
807 1130 814 1144 ,
827 1108 907 1140 noste
920 1108 1046 1150 postitis.
1070 1108 1160 1138 Causa

195 1154 367 1186 fortissimis
379 1175 387 1187 ‚
403 1152 586 1193 optimisque
596 1151 771 1182 consulibus
783 1152 927 1183 Kalendis
937 1153 1055 1193 Januztr.
1067 1150 1103 1180 de
1115 1159 1160 1178 re-

194 1198 268 1238 pub.
281 1196 417 1237 primum
433 1194 581 1224 referendi
594 1193 652 1224 fuit
670 1204 709 1223 ex
729 1204 764 1223 co
775 1214 783 1227 ‚
805 1193 886 1234 quod
905 1203 942 1223 xr
953 1203 999 1222 11.
1011 1191 1158 1222 Kalendas

192 1241 259 1281 Jan.
272 1239 388 1268 senatus
401 1247 449 1266 me
458 1235 579 1266 au&ore
589 1235 733 1276 decrevit-
756 1239 800 1266 Eo
815 1236 864 1265 die
878 1235 1014 1275 primum
1025 1254 1033 1267 ‚
1055 1234 1160 1274 Qiti-

195 1290 239 1311 tes
251 1277 539 1319 ‚fundamentajae'ta
550 1278 619 1307 sunt
629 1279 699 1317 reip.
721 1280 790 1307 Fuit
799 1279 883 1306 enim
895 1277 987 1317 longo
997 1274 1158 1305 intervallo

192 1324 234 1353 ita
253 1323 328 1352 liber
345 1321 461 1351 senatus
472 1340 480 1354 ,
502 1329 534 1350 ut
544 1329 598 1349 vos
609 1319 770 1360 aliquando
781 1319 869 1348 liberi
881 1317 986 1348 effetis.
1012 1319 1082 1359 Qo
1092 1317 1159 1357 qui—

194 1364 265 1395 dem
276 1372 411 1403 tempore
426 1382 435 1396 ,
453 1363 545 1392 etiam
560 1359 581 1390 si
595 1361 646 1390 ille
660 1360 724 1391 dies
737 1363 805 1390 vitae
821 1359 915 1390 finem
926 1361 1006 1389 mihi
1016 1361 1159 1389 allaturus

194 1405 266 1436 ess'et
277 1426 285 1438 ,
307 1406 373 1435 satis
392 1413 538 1445 magnum
552 1412 687 1442 ceperam
704 1402 838 1432 fruCtum
852 1422 859 1436 ,
882 1412 953 1432 cum
963 1411 1019 1431 vos
1031 1398 1159 1430 universi

195 1458 255 1478 una
264 1456 376 1480 mente,
390 1456 475 1487 atque
485 1455 559 1475 voce
571 1443 682 1475 iterum
693 1444 708 1474 a
719 1454 768 1474 me
780 1445 984 1475 conservatam
997 1441 1055 1472 ess'e
1064 1451 1158 1481 remp·

195 1488 413 1520 conclamast'is.
438 1490 505 1517 Hoc
519 1486 616 1517 vestro
626 1486 744 1527 judicio
757 1496 841 1516 tanto
852 1506 861 1519 ‚
880 1494 1002 1526 tamque
1019 1483 1164 1524 praeclam

199 1533 356 1564 excitatus,
368 1534 406 1560 ita
416 1550 424 1563 ,
437 1528 654 1570 KalendisJan.
666 1529 736 1558 veni
747 1530 779 1558 in
791 1527 925 1558 senatum
935 1547 943 1560 ‚
956 1535 988 1557 ut
999 1525 1161 1556 meminis-

193 1573 257 1603 sem
269 1593 277 1606 ,
297 1576 388 1613 qu'am
398 1571 557 1611 personam
573 1568 744 1609 impofitam
761 1570 776 1599 a
788 1569 876 1599 vobis
893 1568 1079 1599 sustinerem.
1103 1569 1161 1597 Ita-

194 1625 254 1656 que
271 1615 387 1644 bellum
405 1611 557 1642 nefarium
574 1612 692 1641 illatum
708 1610 823 1651 reipub.
835 1610 906 1640 cum
917 1609 1052 1640 viderem
1063 1629 1072 1643 ‚
1092 1608 1161 1638 nul-

192 1657 255 1687 lam
273 1665 391 1685 moram
410 1653 661 1693 interponendam
682 1652 856 1694 insequendi
868 1654 911 1683 M.
924 1653 1094 1682 Antonium
1105 1660 1162 1690 pu-

195 1700 256 1729 tavi
277 1708 282 1726 :
316 1698 536 1736 hominemque
558 1693 785 1725 audacissimum
806 1714 815 1728 ‚
844 1696 896 1735 qui
916 1694 1020 1724 multis
1040 1692 1162 1723 nefariis

195 1740 285 1770 rebus
302 1739 371 1769 ante
391 1735 560 1767 commistis
572 1757 581 1770 ,
600 1737 658 1766 hoc
672 1745 805 1777 tempore
823 1737 1038 1776 imperatorem
1056 1734 1162 1774 populi

196 1782 331 1812 Romani
349 1787 553 1819 oppugnaret,
572 1778 728 1808 coloniam
745 1775 872 1808 vestram
892 1776 1064 1807 fidissimam
1076 1796 1085 1810 ,
1100 1775 1165 1805 for-

195 1819 400 1862 tissimamque
421 1818 568 1850 obsideret
581 1839 589 1853 ,
614 1818 678 1848 hello
697 1820 799 1849 censui
818 1818 1057 1859 persequendum
1078 1829 1084 1847 ;
1115 1826 1165 1847 tu-

201 1866 336 1895 multum
349 1862 404 1893 effe
415 1861 533 1892 decerni
546 1881 554 1894 ‚
567 1860 716 1899 justitium
728 1861 826 1895 edici,
842 1862 904 1901 saga
915 1861 992 1890 sumi
1004 1880 1012 1892 ,
1027 1860 1164 1899 dixipla-

197 1911 283 1945 cere:
305 1915 365 1946 quo
377 1913 484 1934 omnes
495 1902 590 1933 acrius
601 1923 609 1936 ‚
630 1903 806 1943 graviusque
823 1904 1034 1932 incumberent
1043 1901 1078 1931 ad
1090 1901 1166 1930 ulci-

194 1947 313 1979 scendas
324 1949 397 1986 reip.
406 1946 529 1986 injurias
538 1965 546 1978 ,
561 1943 581 1974 s1
592 1947 697 1975 omnia
705 1943 870 1985 gravissimi
881 1943 953 1973 belli
965 1941 1090 1984 insignia
1099 1941 1162 1972 sus-

193 1999 276 2030 cepta
293 1989 309 2019 a
326 1990 427 2019 senatu
438 1987 584 2018 viderent.
608 1989 709 2027 Itaque
720 1988 782 2017 haec
793 1987 949 2018 sententia,
961 1987 1093 2026 Qirites
1104 2005 1112 2017 ,
1125 1982 1162 2013 fic

195 2042 248 2072 per
262 2031 396 2061 triduum
408 2030 519 2063 valuit,
542 2038 593 2062 ut,
614 2038 797 2069 quamquam
812 2026 950 2057 discessio
960 2026 1037 2057 faeta
1046 2036 1110 2056 non
1119 2025 1164 2055 es-

196 2074 239 2104 stt
251 2094 258 2106 ‚
276 2082 376 2103 tamen
387 2092 395 2106 ‚
410 2080 513 2112 praeter
521 2080 631 2110 paucos
644 2091 652 2103 ,
666 2080 774 2100 omnes
785 2070 862 2099 milii
874 2068 1011 2099 assensuri
1023 2069 1165 2098 videren-

196 2123 254 2145 tur.
282 2114 441 2145 Hodierno
452 2122 551 2143 autem
563 2113 611 2142 die
622 2133 631 2146 ,
647 2113 748 2142 nescio
759 2122 814 2153 qua
825 2110 942 2151 objeffla
955 2121 985 2140 re
996 2131 1004 2144 ‚
1017 2108 1164 2140 remiffior

195 2155 395 2187 senatus'fuit.
420 2165 489 2186 nam
506 2155 607 2195 plures
623 2164 689 2184 eam
705 2155 884 2184 sententiam
902 2153 993 2183 secuti
1008 2152 1077 2183 sunt
1090 2171 1099 2185 ,
1120 2160 1164 2184 ut,

196 2206 344 2240 quantum
357 2198 471 2227 senatus
481 2196 639 2227 auctoritas
651 2216 658 2229 ‚
676 2195 828 2236 vesterque
838 2195 999 2226 consensus
1010 2193 1087 2234 apud
1100 2198 1165 2223 An-

199 2242 320 2271 tonium
332 2240 477 2269 valiturus
489 2236 559 2268 ess'et
569 2259 576 2271 ‚
587 2248 639 2278 per
649 2239 758 2279 legatos
770 2239 983 2277 experiremur.
1007 2235 1162 2276 Intelligo,

197 2282 343 2324 QititeS,
354 2280 370 2311 a
379 2280 467 2310 vobis
480 2281 555 2310 lianc
564 2281 742 2310 sententiam
753 2279 900 2319 repudiari
913 2289 919 2307 2
931 2287 1029 2319 neque
1042 2279 1162 2317 injuria.

196 2325 232 2354 ad
243 2333 335 2366 quem
346 2324 430 2352 enim
440 2323 551 2362 legatos
561 2324 571 2350 ?
581 2321 618 2351 ad
629 2331 741 2351 eumne
752 2340 760 2354 ,
772 2322 825 2361 qui
836 2321 964 2360 pecunia
974 2319 1164 2359 publicadis-

196 2364 284 2406 fipata
295 2385 303 2397 ,
322 2372 408 2405 atque
423 2362 513 2393 effusa
524 2383 531 2396 ‚
552 2373 603 2402 per
613 2364 679 2392 vim
691 2381 699 2395 ,
721 2363 754 2392 &
764 2370 866 2391 contra
877 2359 1164 2400 auspiciaimpofitis

197 2407 314 2448 populo
324 2409 417 2437 Romv
430 2405 544 2446 legibus
555 2424 562 2437 ‚
575 2403 673 2445 fugata
684 2405 831 2434 concione
843 2423 852 2436 ‚
867 2400 983 2432 obsesso
995 2402 1093 2431 senatu
1105 2421 1113 2435 ‚
1127 2400 1163 2430 ad

196 2447 429 2489 opprimendam
450 2446 585 2486 rempub.
600 2444 758 2476 Brundisio
777 2445 910 2485 legiones
930 2441 1105 2474 arcessierit?
1127 2441 1163 2472 ab

198 2492 244 2520 his
255 2490 375 2520 relietus
386 2499 457 2519 cnm
469 2488 620 2518 latronum
634 2497 726 2518 manu
737 2489 768 2516 in
780 2486 908 2516 Galliam
922 2487 1077 2525 irruperit?
1089 2486 1164 2514 Bru-

200 2542 265 2562 tum
275 2531 446 2573 oppugnet?
468 2531 620 2560 Mutinam
633 2528 866 2559 circumsedeat?
884 2537 949 2568 quae
963 2527 1051 2557 vobis
1066 2524 1163 2566 potest

206 2583 277 2604 cum
295 2575 353 2604 hoc
370 2572 531 2614 gladiatore
545 2571 733 2602 conditionis
745 2589 754 2604 ,
774 2572 919 2611 aequitatis
930 2589 938 2603 ‚
961 2569 1103 2609 legatione·
1118 2566 1166 2605 effi:

199 2614 406 2644 communitas?
430 2617 621 2656 Qamquam
635 2633 643 2647 ,
663 2615 795 2654 Quirites
806 2632 814 2647 ‚
841 2621 906 2642 non
924 2610 966 2641 est
978 2611 1028 2641 illa
1044 2611 1163 2652 legatio,

200 2656 249 2686 sed
259 2656 448 2687 denuntiatio
460 2656 530 2685 belli
541 2675 549 2688 ,
565 2655 620 2685 nisi
630 2657 769 2695 paruerit.
794 2657 833 2684 ita
848 2655 933 2684 enim
946 2652 988 2683 cst
999 2652 1162 2684 decretum,

199 2706 233 2728 ut
255 2697 275 2727 si
294 2698 379 2739 legati
398 2697 433 2728 ad
450 2697 654 2727 Hannibalem
669 2698 871 2727 mitterentur.
896 2698 1061 2725 mittuntur
1081 2694 1166 2723 enirn

200 2741 253 2782 qui
264 2742 404 2769 nuntient
416 2760 424 2773 ,
444 2748 482 2769 ne
493 2749 645 2781 oppugnet
655 2739 816 2769 consulem
829 2736 1018 2778 designatum
1030 2745 1081 2770 ,ne
1093 2737 1166 2764 Mu-

201 2790 296 2811 timm
315 2779 463 2814 obsideat,
483 2792 521 2811 ne
533 2781 722 2820 provinciam
734 2780 931 2820 depopuletur
942 2799 951 2812 ,
975 2789 1013 2808 ne
1029 2776 1167 2807 delectus

203 2823 326 2856 habeat‘,
345 2822 377 2852 sit
395 2825 427 2852 in
446 2823 579 2856 senatus,
599 2823 764 2863 populique
776 2824 872 2853 Rom.
889 2819 1045 2861 potestate.
1072 2819 1168 2849 Facile

203 2864 276 2895 verb
287 2866 356 2894 huic
366 2864 588 2895 denuntiationi
598 2865 711 2906 parebit
725 2885 734 2898 ‚
755 2874 785 2895 ut
800 2866 833 2894 in
846 2872 964 2904 patrum
977 2861 1169 2901 conscripto-

1210 742 1290 765 rum,
1302 740 1389 772 atque
1401 732 1433 761 in
1443 729 1536 760 vestra
1546 730 1688 771 potestate
1699 730 1744 766 fit,
1755 734 1850 773 quiin
1862 733 1911 763 sua
1924 740 2091 772 numquam
2102 731 2168 763 fue-

1211 777 1248 804 rit
1262 777 1267 803 !
1291 774 1372 813 Qid
1382 774 1466 803 enim
1480 773 1531 802 ille
1542 783 1687 813 umquam
1701 775 1823 804 arbitrio
1838 775 1890 804 suo
1904 774 1975 804 fecit
1985 793 1993 808 2
2006 774 2119 813 semper
2129 773 2168 803 eb

1209 815 1317 845 traetus
1328 835 1336 849 ‚
1347 814 1409 856 quo
1421 814 1516 845 libido
1527 824 1640 854 rapuit,
1652 815 1713 856 quo
1726 816 1829 846 levnas
1840 837 1850 850 ‚
1861 815 1922 856 quo
1934 815 2015 845 furor
2027 835 2035 849 ‚
2051 813 2113 855 quo
2122 817 2170 844 vi·

1210 858 1366 887 nolentia?
1386 857 1501 896 semper
1517 866 1589 886 eum
1603 857 1664 886 duo
1678 856 1831 888 dissimilia
1852 862 1860 877 ¹
1871 867 1978 899 genera
1992 863 2168 889 tenuerunt,

1210 899 1356 929 lenonum
1369 918 1377 932 ‚
1393 898 1587 928 &latronum
1601 909 1606 928 :
1630 901 1668 929 ita
1678 899 1852 929 domesticis
1863 901 1988 940 stupris,
2002 896 2169 928 forensibus

1209 941 1375 981 parricidiis
1385 939 1546 970 delectatur
1555 960 1563 974 ‚
1577 949 1609 970 ut
1620 942 1741 971 mulieri
1752 940 1840 972 citius
1850 939 2021 972 avariffirnae
2030 941 2168 980 paruerit,

1209 992 1300 1023 qnam
1321 983 1433 1012 senatui
1446 982 1644 1026 ‚populoque
1656 986 1751 1013 Rom.
1776 986 1878 1024 Itaque
1897 983 1978 1024 quod
1994 982 2084 1022 paulo
2103 988 2170 1011 ante
2191 989 2207 1020 3

1209 1026 1267 1054 reci
1279 1026 1311 1054 in
1322 1024 1422 1054 senatu
1433 1044 1441 1058 ‚
1457 1026 1563 1053 taciam
1574 1025 1650 1064 apud
1660 1035 1724 1054 vos.
1747 1024 1891 1055 testificor
1900 1045 1909 1058 ,
1922 1026 2070 1054 denuntio
2081 1043 2089 1056 ‚
2099 1023 2168 1052 ante

1209 1065 1349 1105 praedicm
1362 1066 1441 1095 nihil
1453 1067 1673 1096 M-Antonium
1684 1077 1802 1100 eorum,
1814 1077 1879 1107 quae
1892 1067 1960 1097 sunt
1970 1067 2071 1106 legatis
2083 1074 2171 1094 man-

1210 1107 1275 1137 data
1285 1127 1292 1140 ,
1307 1106 1459 1136 faciurum
1471 1117 1476 1135 2
1498 1106 1677 1137 vastaturum
1688 1118 1772 1148 agros
1783 1129 1791 1142 ‚
1807 1111 1959 1138 Mutinam
1972 1104 2169 1139 obsessurum,

1209 1148 1344 1178 deleekus
1356 1168 1363 1181 ‚
1373 1148 1430 1188 qua
1441 1146 1548 1187 possit,
1561 1149 1741 1179 habiturum.
1762 1152 1789 1178 is
1800 1149 1842 1180 est
1852 1153 1935 1179 enim
1948 1150 1998 1179 ille
2008 1169 2016 1182 ‚
2029 1150 2079 1188 qui
2091 1148 2171 1178 sern-

1209 1200 1262 1230 per
1271 1190 1387 1220 senatus
1401 1190 1561 1224 iudicium,
1575 1190 1607 1219 &
1616 1190 1823 1221 auctoritatem
1835 1212 1843 1224 ,
1855 1192 2168 1231 sempervoluntatem

1209 1231 1348 1265 vestram,
1360 1230 1594 1271 potestatemque
1605 1233 1808 1262 contemserit.
1830 1237 1877 1262 An
1887 1234 1938 1262 ille
1949 1232 1979 1262 id
1990 1229 2170 1271 faciat,quod

1208 1274 1300 1313 paulo
1310 1276 1378 1304 ante
1389 1273 1542 1303 decretum
1554 1273 1596 1303 est
1610 1293 1619 1307 ,
1643 1283 1675 1303 ut
1685 1276 1851 1304 exercitum
1863 1276 1934 1304 citra
1944 1273 2059 1303 flumen
2068 1272 2168 1302 Rubi-

1209 1325 1320 1345 conem
1331 1316 1384 1356 qui
1395 1313 1465 1344 finis
1475 1313 1518 1344 est
1528 1315 1633 1345 Galliae
1646 1335 1654 1349 ‚
1675 1315 1812 1346 educeret
1822 1336 1830 1350 ,
1852 1316 1925 1345 dum
1939 1326 1975 1345 ne
1986 1313 2111 1354 propius
2120 1323 2172 1343 ur-

1209 1357 1279 1387 bem
1289 1359 1424 1388 Romam
1439 1358 1497 1386 CC.
1510 1357 1587 1386 mill.
1599 1357 1775 1387 admoveret
1784 1360 1793 1383 Ξ
1803 1359 1873 1388 huic
1882 1357 2106 1387 denuntiationi
2117 1355 2171 1385 ille

1208 1402 1325 1439 pareat?
1342 1399 1394 1428 ille
1413 1399 1441 1428 se
1462 1397 1557 1428 fluvio
1568 1400 1729 1429 Rubicone
1744 1402 1801 1429 CC.
1818 1400 1894 1429 mill.
1911 1398 2171 1436 circumscriptum

1210 1439 1266 1470 effe
1275 1442 1421 1484 patiatur?
1444 1450 1496 1469 non
1513 1451 1531 1469 u
1546 1439 1583 1476 est
1592 1442 1756 1470 armonius.
1780 1452 1849 1471 nam
1865 1440 1885 1470 sn
1900 1439 1987 1470 effet:
2010 1449 2072 1469 non
2083 1448 2171 1468 com-

1212 1481 1351 1515 mifisset‚
1365 1492 1396 1512 ut
1408 1483 1434 1512 ei
1445 1482 1580 1516 senatus,
1593 1492 1744 1523 tamquam
1757 1483 1920 1513 Hannibali
1933 1484 2021 1512 initio
2032 1481 2172 1510 belliPu-

1210 1527 1271 1554 nici
1282 1544 1290 1558 ,
1319 1524 1526 1558 denuntiaret,
1546 1534 1584 1553 ne
1603 1534 1787 1566 oppugnaret
1797 1528 1969 1566 Saguntum.
1994 1522 2085 1563 Q‘od
2099 1520 2172 1552 verb

1208 1568 1248 1596 ita
1257 1574 1396 1597 avocatur
1405 1565 1422 1596 ὸ.
1432 1567 1563 1599 Mutina,
1575 1574 1608 1596 ut
1618 1566 1653 1595 ab
1669 1567 1739 1596 urbi¹
1751 1587 1760 1600 ‚
1774 1576 1923 1607 tamquam
1937 1565 2072 1606 pestirera
2083 1562 2172 1593 flam-

1209 1618 1259 1638 ma
1270 1628 1278 1641 ,
1289 1616 1416 1638 arceatur
1425 1627 1433 1640 ‚
1445 1617 1534 1648 quam
1545 1608 1633 1637 habet
1642 1610 1861 1647 ignominiam.
1876 1609 1956 1648 quod
1968 1606 2115 1641 iudicium
2128 1604 2173 1634 se-

1210 1655 1317 1681 natus?
1339 1649 1420 1691 Qiid
1433 1669 1441 1682 ‚
1457 1649 1538 1689 quod
1549 1652 1565 1679 a
1576 1649 1675 1679 senatu
1686 1649 1792 1679 dantur
1803 1651 1940 1679 mandata
1950 1648 2052 1689 legatis
2064 1667 2072 1680 ‚
2089 1655 2120 1676 ut
2129 1648 2171 1675 D.

1211 1694 1338 1722 Brutum
1351 1711 1358 1725 ,
1375 1691 1547 1731 militesque
1558 1692 1622 1727 ejus
1632 1691 1736 1721 adeant
1748 1710 1756 1724 ‚
1772 1692 1866 1732 iisque
1879 1688 2087 1721 demonstrent
2098 1708 2107 1720 ,
2122 1687 2172 1718 sua

1212 1735 1245 1763 in
1256 1744 1350 1773 remp.
1362 1735 1465 1762 merita
1475 1753 1483 1766 ‚
1496 1732 1698 1773 beneficiaque
1709 1739 1909 1772 eorumgrata
1919 1732 1966 1768 effe
1977 1732 2087 1761 senatui
2098 1749 2106 1763 ,
2116 1739 2173 1769 po-

1211 1776 1342 1815 puloque
1353 1777 1497 1804 Romano
1510 1794 1519 1807 ,
1537 1775 1637 1814 eisque
1651 1784 1714 1804 eam
1727 1784 1789 1803 rem
1803 1784 1916 1815 magnae
1928 1773 2005 1802 laudi
2018 1792 2026 1805 ‚
2045 1780 2172 1812 magno-

1210 1826 1267 1857 que
1284 1817 1396 1846 honori
1409 1815 1473 1845 fore
1488 1816 1498 1841 ?
1519 1814 1711 1854 passurumne
1723 1816 1846 1845 censetis
1858 1817 2032 1845 Antonium
2049 1814 2173 1842 introire

1213 1859 1366 1888 Mutinam
1377 1857 1506 1896 legatos?
1517 1858 1599 1887 exire
1610 1857 1680 1886 iude
1692 1866 1756 1886 tuto
1767 1861 1777 1884 ‚⁷
1788 1866 1952 1897 numquam
1965 1864 2102 1896 patietur,
2114 1854 2175 1883 mi-

1214 1901 1244 1929 hi
1256 1899 1376 1929 credite.
1401 1900 1476 1928 novi
1486 1899 1664 1929 violentiam
1676 1919 1684 1932 ‚
1698 1901 1771 1928 novi
1782 1901 2002 1938 impudentiam
2013 1917 2022 1931 ‚
2036 1898 2111 1926 novi
2122 1905 2175 1925 au-

1212 1941 1339 1972 daciam.
1362 1950 1418 1971 nec
1428 1938 1499 1970 verb
1509 1940 1545 1970 de
1556 1940 1611 1970 illo
1620 1960 1628 1974 ‚
1643 1939 1714 1970 sicut
1724 1940 1760 1970 de
1770 1942 1896 1971 homine
1905 1942 2006 1980 aliquo
2016 1938 2175 1971 debemus,

1212 1983 1262 2014 sed
1275 1992 1306 2013 ut
1316 1983 1354 2013 de
1365 1980 1623 2022 importunissima
1633 1982 1731 2012 bellua
1737 1985 1870 2024 cogitare.
1892 1984 1965 2023 Qae
1976 1979 2048 2011 cum
2058 1981 2097 2010 ita
2106 1978 2173 2012 finr,

1213 2035 1278 2056 non
1290 2027 1423 2055 omnino
1434 2022 1611 2054 diffolutum
1622 2023 1664 2054 est
1673 2044 1682 2058 ‚
1702 2025 1783 2064 quod
1795 2025 1925 2055 decrevit
1938 2023 2063 2053 senatus.
2087 2021 2176 2051 habet

1212 2069 1372 2098 atrocitatis
1383 2065 1498 2107 aliquid
1506 2066 1614 2106 legatio
1625 2077 1629 2094 z
1642 2068 1758 2096 utinam
1769 2066 1847 2096 nihil
1857 2065 1977 2096 haberet
1988 2074 2089 2094 morae.
2102 2071 2174 2092 nam

1214 2109 1286 2140 cum
1301 2118 1400 2138 pnnnr
1408 2117 1493 2147 sQa
1506 2109 1538 2137 in
1550 2107 1636 2138 rebus
1647 2109 1784 2149 gerendis
1795 2108 1923 2141 tarditas,
1936 2107 1968 2137 ὃς
1978 2103 2174 2146 procrastina-

1212 2153 1256 2182 tio
1271 2150 1375 2180 odiosa
1387 2149 1446 2180 est:
1466 2158 1533 2180 tum
1543 2151 1601 2180 hoc
1611 2149 1728 2180 bellum
1740 2150 1854 2191 indiget
1867 2149 2032 2180 celeritatis.
2056 2147 2175 2176 succur-

1214 2193 1343 2223 rendum
1353 2191 1395 2222 est
1408 2194 1447 2221 D.
1460 2193 1569 2221 Bruto:
1589 2201 1698 2221 omnes
1718 2192 1850 2232 undique
1868 2192 1961 2230 copiae
1977 2187 2175 2228 colligendae:

1214 2238 1227 2255 ²
1237 2235 1342 2265 horam
1355 2234 1497 2263 exhibere
1508 2233 1623 2263 nullam
1638 2236 1670 2263 in
1683 2234 1733 2264 tali
1747 2235 1813 2263 cive
1826 2230 1980 2262 liberando
1994 2228 2053 2259 fine
2066 2229 2175 2259 scelere

1213 2287 1278 2306 non
1289 2274 1456 2316 possumus.
1480 2277 1529 2305 An
1538 2274 1591 2304 ille
1601 2285 1664 2304 non
1673 2276 1783 2314 potuit,
1793 2273 1813 2303 fi
1824 2275 1995 2303 Antonium
2006 2271 2175 2303 consulem,

1213 2318 1233 2348 fi
1251 2318 1380 2348 Galliam
1395 2318 1522 2346 Antonii
1536 2318 1727 2356 provinciam
1740 2313 1892 2353 judicasset
1903 2334 1911 2348 ,
1930 2314 2066 2355 legiones
2078 2315 2177 2342 Anto-

1213 2361 1267 2389 nio
1277 2379 1286 2393 ,
1307 2360 1339 2388 &
1349 2359 1539 2398 provinciam
1552 2356 1684 2386 tradere?
1703 2356 1832 2386 domum
1844 2356 1960 2386 redire?
1977 2355 2175 2394 triumphare.

1213 2403 1330 2441 primus
1342 2401 1374 2429 in
1384 2400 1441 2428 hoc
1452 2397 1558 2428 ordine
1568 2395 1637 2432 effe,
1648 2408 1708 2439 quo
1718 2398 1753 2428 ad
1765 2397 1966 2440 magistratum
1978 2399 2094 2429 inirem
2111 2395 2177 2425 sen-

1213 2443 1340 2472 tentiam
1355 2440 1452 2470 dicere
1462 2460 1471 2472 ‚
1496 2439 1570 2481 quid
1591 2441 1705 2481 negotii
1725 2439 1803 2470 fuit?
1833 2440 1889 2472 Sed
1900 2459 1908 2473 ,
1928 2438 1999 2469 cum
2011 2439 2038 2468 se
2049 2440 2175 2467 Brutum

1213 2482 1271 2513 ess'e
1284 2480 1474 2512 meminisset
1486 2502 1494 2516 ‚
1514 2480 1676 2522 vestraeque
1695 2481 1822 2512 libertati
1838 2491 1942 2512 natum
1958 2490 2022 2511 non
2035 2483 2100 2509 otio
2113 2479 2175 2509 suo:

1211 2525 1287 2566 quid
1300 2526 1361 2566 egit
1375 2523 1456 2554 aliud
1467 2543 1475 2556 ‚
1499 2522 1555 2553 nisi
1566 2531 1597 2553 ut
1606 2525 1691 2563 paene
1703 2534 1826 2564 corpore
1838 2524 1889 2554 sno
1901 2524 1997 2553 Gallia
2007 2521 2180 2562 prohiberet

1211 2570 1397 2597 Antonium?
1408 2565 1454 2595 Ad
1467 2567 1547 2595 hunc
1558 2564 1660 2595 utrum
1673 2566 1796 2607 legatos,
1809 2576 1845 2595 an
1860 2566 1993 2606 legiones
2004 2567 2045 2594 ire
2058 2570 2180 2603 oporte-

1214 2609 1284 2639 bat?
1306 2608 1361 2638 Sed
1373 2609 1520 2647 przeterita
1530 2608 1718 2637 omittamus.
1743 2610 1906 2647 Properent
1916 2607 2003 2648 legati
2014 2625 2022 2640 ,
2040 2603 2122 2646 quod
2131 2604 2180 2634 vi-

1214 2650 1271 2680 deo
1283 2648 1486 2680 ess'efaSturos.
1511 2658 1567 2678 vos
1581 2649 1645 2690 saga·
1654 2658 1761 2688 parate.
1793 2648 1835 2679 est
1852 2651 1936 2678 enim
1955 2651 1996 2678 ita
2013 2647 2180 2679 decretum,

1216 2702 1247 2723 ut
1260 2713 1269 2726 ‚
1290 2691 1372 2722 fiille
1382 2690 1550 2721 auetoritati
1561 2691 1676 2721 senatus
1687 2700 1752 2721 non
1761 2689 1900 2731 paruisset
1910 2710 1919 2724 ‚
1941 2689 1977 2720 ad
1995 2689 2058 2729 saga
2076 2689 2179 2717 iretur.

1216 2735 1324 2767 ibitur:
1337 2743 1401 2763 non
1413 2732 1542 2772 parebit:
1557 2742 1613 2762 nos
1624 2731 1745 2762 amiffos
1757 2742 1800 2763 tot
1812 2733 1876 2762 dies
1886 2734 1927 2762 rei
1936 2730 2072 2772 gerendae
2082 2737 2181 2770 quere-

1220 2787 1296 2806 mur.
1320 2778 1396 2805 Non
1407 2783 1511 2804 metuo
1522 2793 1531 2807 ‚
1547 2776 1680 2814 Qirites
1692 2794 1701 2808 ‚
1719 2784 1756 2804 ne
1768 2795 1778 2809 ‚
1797 2774 1869 2804 cum
1880 2773 2004 2803 audierit
2015 2772 2181 2803 Antonius,
2199 2777 2220 2808 4

1220 2829 1270 2848 me
1285 2820 1341 2848 hoc
1355 2819 1386 2846 in
1403 2816 1502 2846 senatu
1515 2835 1523 2849 ,
1541 2815 1617 2844 &in
1628 2818 1777 2846 concione
1787 2812 1973 2846 confirmaffe
1985 2833 1993 2846 ‚
2013 2821 2180 2852 numquam

1222 2860 1314 2890 illum
1327 2858 1467 2889 futurum
1482 2859 1516 2888 in
1527 2857 1645 2888 senatus
1661 2856 1803 2898 potestate
1814 2877 1823 2891 ,
1842 2854 2002 2886 refellendi
2013 2857 2074 2885 mei
2085 2853 2180 2886 causa,

2085 2904 2117 2926 ut
2127 2904 2182 2936 ego

207 2980 232 2998 1.
308 2973 387 2995 Encra
405 2977 529 2996 renuerunt
551 2991 560 3003 ,
578 2973 682 2997 lcnomm
700 2973 728 3002 &0
746 2974 865 2997 latronum
883 2982 890 2997 ε
906 2974 943 2997 ita
955 2990 962 3002 ,
981 2970 1048 3004 ἀνω]
1086 2969 1128 2995 Est
1148 2969 1163 2995 :i
1186 2967 1187 2987 l
1213 2977 1297 2998 num;
1319 2965 1414 3003 quibus
1425 2964 1562 3002 placebat,
1583 2966 1682 2989 eximere
1695 2984 1703 2996 ‚
1726 2965 1754 2990 ὃς
1768 2984 1776 2996 ,
1795 2966 1929 2997 excubare5
1947 2963 1990 2990 sed
2001 2963 2052 2990 sine
2065 2962 2178 2989 ratione.

236 3042 241 3047 .
308 3005 364 3033 mss.
383 3007 497 3032 Ferrarii
518 3026 526 3037 ‚
544 3009 585 3033 cui
604 3008 750 3034 adsentitur
770 3009 916 3034 Palatinus.
945 3006 1051 3041 Vulgati
1073 3012 1161 3031 tamen

204 3051 274 3082 prins
297 3062 305 3074 ‚
320 3051 408 3075 genera
426 3044 531 3067 lenonum
549 3045 578 3074 (ἔγ
593 3046 711 3069 lah-mum
724 3063 731 3075 ‚
751 3047 788 3069 ita
800 3063 808 3076 ,
826 3044 876 3074 glyc.
907 3041 1054 3068 delee‘iitus
1078 3041 1162 3067 nihilo
1183 3043 1185 3058 ¹

201 3083 274 3106 rorte
293 3080 375 3115 pejus.
405 3078 520 3105 alterum
549 3087 636 3106 tamen
665 3079 800 3115 arripuere
832 3079 969 3106 Manutius
1001 3087 1030 3104 ac
1051 3076 1162 3103 Lambi-
1182 3062 1184 3108 l

201 3124 261 3142 zius.
1181 3109 1184 3159 Ι

232 3160 261 3178 zi
282 3154 369 3177 Hiram
386 3151 492 3176 exhibere
502 3151 590 3175 nullam
599 3153 623 3175 in
634 3152 697 3181 tali,
715 3151 783 3184 &r.]
807 3151 872 3177 Hoec
883 3150 917 3176 cst
938 3148 1019 3175 lenio
1038 3148 1158 3175 omnium
1180 3171 1182 3182 Α

194 3186 251 3215 sire
263 3187 320 3214 mis.
330 3188 421 3223 itaque
433 3186 596 3213 retinendin
609 3188 699 3221 putavi
712 3206 720 3219 ,
739 3195 831 3213 mazca
844 3187 995 3215 Ferrarium
1007 3194 1036 3213 ac
1046 3184 1156 3212 Lambi-
1180 3188 1182 3210 =

1208 3005 1308 3030 amicus
1320 3011 1407 3030 tamen
1424 3011 1496 3028 meus
1508 2999 1666 3035 fiiggerebat
1678 3019 1686 3031 ‚
1709 3002 1789 3026 horam
1799 3003 1887 3033 exigere
1897 3002 1976 3026 ullam.
2001 2999 2108 3026 Monuit
2130 2997 2177 3024 Cl.

1210 3042 1357 3070 Puteanus,
1372 3039 1483 3064 Petrum
1496 3036 1654 3063 Delbeninnr
1674 3036 1773 3071 putasse
1784 3036 1964 3072 reponendum
1978 3055 1986 3068 ,
2008 3044 2095 3062 moram
2113 3036 2180 3060 exhi-

1204 3078 1255 3102 bere
1270 3077 1352 3105 ullam,
1364 3075 1413 3104 &a
1434 3071 1505 3109 qnod
1519 3073 1545 3097 δί
1558 3073 1602 3108 ipsi
1615 3071 1782 3107 probabatur.

1242 3120 1267 3146 3.
1286 3112 1430 3135 Sententitzm
1441 3109 1526 3137 dicere,
1538 3109 1596 3142 quid
1605 3110 1686 3139 negotii
1699 3108 1773 3141 fuit]
1796 3107 1866 3134 Illud
1871 3108 2016 3140 sementiam
2030 3107 2114 3138 dicere,
2125 3105 2175 3132 ob-

1203 3146 1267 3172 sidet
1279 3154 1369 3171 oznncs
1382 3145 1463 3169 libros
1475 3143 1572 3174 badim
1598 3143 1639 3169 sed
1652 3153 1704 3170 non
1717 3144 1797 3170 hccret
1808 3144 1832 3170 in
1845 3150 1913 3170 vett.
1924 3142 1987 3171 edd.
1997 3149 2043 3170 aut
2054 3141 2111 3168 mss.
2124 3151 2173 3168 no-

1200 3182 1270 3210 stris.
1290 3189 1407 3209 manavit
1419 3181 1489 3208 forts:
1502 3182 1516 3207 ii
1531 3180 1605 3208 libris
1618 3180 1714 3208 Fa'e‘rni
1725 3187 1771 3208 aut
1784 3179 1901 3207 Mureti.

2065 3221 2088 3241 ι.
2099 3213 2176 3248 Qum

2327 672 2331 680 -
2326 358 2337 640 —-—————--i
2336 504 2337 509 „
2322 0 2334 356 -κ-Ἥ,
2330 102 2333 123 μ
