2297 3389
638 162 947 209 OnArio

168 245 235 281 doti
244 243 475 288 comparabatur.
499 240 573 273 Haec
581 241 838 284 gemebantboni,
848 239 999 282 sperabant
1008 240 1125 278 impro-

100 289 123 335 >3
135 300 147 326 1
167 290 213 325 bi,
224 290 324 332 agebat
332 288 468 319 tribunus
476 285 517 325 pl.
527 284 665 315 consules
680 283 867 323 adjuvabant.
889 281 948 313 Hic
957 282 1121 321 aliquanto,

167 332 259 363 serius
269 351 278 366 ,
297 339 386 372 quam
395 328 456 368 ipse
468 326 577 365 vellet,
603 328 657 355 Cn.
668 326 830 366 Pompejus
839 346 848 359 ‚
865 321 1053 355 invitissimis
1071 323 1121 355 iis,

166 376 361 415 quimentem
373 369 495 409 optimi,
506 377 538 397 ac
549 366 705 398 fortissimi
715 369 784 401 viri,
797 368 856 398 suis
865 364 997 397 consiliis
1006 383 1015 398 ‚
1029 362 1123 392 fietis-

164 425 224 456 que
233 412 391 444 terroribus
401 413 416 441 a
424 408 594 440 defensione
606 419 681 439 meae
689 409 787 440 salutis
795 415 970 440 averterant,
982 406 1123 435 excitavit

164 457 251 487 illam
261 455 343 485 suam
352 462 415 483 non
423 452 569 491 sopitam,
589 451 638 481 sed
650 451 816 491 suspicione
830 451 927 492 aliqua
947 446 1119 478 retardatam

164 494 415 529 consuetudinem
425 496 496 533 reip.
507 492 582 523 bene
592 493 739 534 gerendae.
756 495 830 522 Non
840 491 883 522 est
890 488 985 531 pafl'us
995 488 1047 518 ille
1058 489 1118 521 vir,
1144 522 1145 525 Ἰ

160 539 216 580 qui
224 534 459 568 sceleratissimos
468 536 572 569 civeis,
582 536 635 575 qui
645 536 804 565 acerrimos
814 533 925 564 hosteis
936 551 945 565 ‚
957 531 1009 571 qui
1020 531 1120 559 maxi-

161 589 228 610 mas
238 580 385 612 nationes,
395 579 447 618 qui
455 586 536 618 reges
547 596 556 610 ,
571 578 623 617 qui
633 578 747 618 genteis
755 575 830 607 feras
842 595 850 609 ,
864 583 950 616 atque
960 571 1119 604 inauditas,

162 620 402 662 quipraedonum
418 617 571 649 infinitam
584 628 727 652 manum,
752 619 804 659 qui
815 618 905 647 etiam
923 615 1040 645 servitia
1056 615 1119 642 vir-

161 670 237 696 tute,
247 661 430 702 viaoriaque
440 659 603 691 domuisset
612 671 618 689 :
640 662 693 701 qui
704 658 850 690 omnibus
859 657 946 687 bellis
955 664 1043 686 terra,
1054 663 1119 683 ma-

160 706 246 745 rique
260 702 433 743 compressis
443 723 452 736 ‚
472 704 636 742 imperium
646 702 751 742 populi
761 703 857 730 Rom.
877 697 958 727 orbis
973 704 1117 725 terrarum

161 747 301 777 terminis
311 743 478 778 definisset,
497 753 592 784 remp.
603 745 695 773 everti
705 742 811 772 scelere
821 747 1001 779 paucorum:
1024 746 1116 777 quam

159 788 225 828 ipse
237 797 302 818 non
313 788 410 817 solum
420 784 552 817 consiliis
561 805 570 819 ,
597 784 745 814 sedetiam
756 782 898 821 sanguine
909 780 961 809 suo
973 779 1046 818 saepe
1059 779 1117 808 ser—

159 828 271 864 vassem
293 827 407 859 acceffit
425 827 462 858 ad
485 827 600 858 causam
622 825 771 864 publicam
783 834 792 857 3
818 821 925 851 restitit
944 819 1118 850 auom-itate

160 871 231 904 sua,
253 872 376 911 reliquis
394 869 499 900 rebus:
520 868 557 897 de
569 867 724 906 piaeteritis
738 863 861 905 questus
874 862 925 893 est.
949 860 1013 891 fieri
1032 871 1114 902 quae-

161 912 231 943 dam
240 912 276 943 ad
286 913 448 942 meliorem
464 909 545 949 spem
557 908 718 937 inclinatio
727 906 789 936 visa
808 904 859 935 est.
883 904 1016 934 decrevit
1030 904 1114 934 sena-

159 961 210 985 tus
228 953 365 995 frequens
374 952 411 982 de
420 960 491 980 meo
500 949 598 979 reditu
608 948 744 979 kalendis
752 949 827 990 Jun.
839 945 1030 977 dissentiente
1041 945 1114 975 nul-

157 995 212 1029 lo,
234 995 398 1026 ¹referente
407 994 440 1023 L.
454 991 593 1024 Ninnio,
612 990 698 1030 cujus
713 992 747 1020 in
765 999 832 1019 mea
843 988 925 1019 causa
943 996 1112 1027 numquam

158 1036 253 1071 fides,
271 1035 421 1076 virtusque
429 1034 623 1064 contremuit.
647 1029 813 1062 Intercefl’it
827 1032 921 1072 Ligus
939 1028 994 1059 iste
1012 1028 1112 1059 nescio

155 1080 233 1120 qui,
251 1077 487 1108 additamentum
508 1077 706 1105 inimicorum
729 1082 881 1103 meorum.
914 1080 961 1101 res
980 1079 1058 1104 erat,
1079 1070 1113 1101 δε

155 1120 243 1150 causa
252 1118 351 1149 nostra
361 1128 397 1148 eo
404 1118 468 1158 jam
478 1117 538 1147 loci
547 1137 555 1150 ,
568 1125 601 1146 ur
609 1117 710 1156 erigere
721 1115 810 1144 oculos
819 1134 828 1148 ,
841 1114 873 1144 &
883 1115 985 1143 vivere
996 1112 1113 1142 videre-

153 1169 212 1192 tur.
235 1161 378 1202 Qisquis
386 1168 456 1193 erat,
471 1161 523 1200 qui
535 1159 665 1199 aliquam
674 1166 788 1198 partem
803 1157 836 1186 in
847 1153 1010 1185 meoiue'tu
1024 1153 1113 1184 scele-

153 1204 196 1234 ris
206 1203 344 1233 Clodiam
354 1200 500 1242 attigisset,
512 1210 706 1242 quocumque
716 1207 836 1229 venerat
848 1217 856 1230 ‚
870 1196 952 1238 quod
958 1195 1113 1236 judicium

151 1254 285 1285 cumque
294 1244 431 1277 subierat,
444 1242 649 1272 damnabatur.
673 1239 884 1271 Inveniebatur
895 1248 1006 1272 nemo,
1022 1238 1114 1278 quise

151 1285 327 1326 suffragium
347 1285 384 1315 de
402 1294 452 1314 me
467 1282 565 1314 tulisse
583 1281 784 1313 confiteretur.
819 1278 977 1311 decesserat
993 1289 1031 1309 ex
1050 1277 1115 1309 Afia

152 1327 244 1358 frater
255 1337 342 1357 meus
352 1336 462 1368 magno
475 1326 609 1366 squalore
621 1344 629 1358 ‚
640 1324 689 1354 sed
700 1324 800 1352 multo
810 1323 900 1351 etiam
910 1323 1024 1360 majore
1035 1330 1113 1350 moe-

150 1378 229 1400 rore.
251 1370 323 1399 huic
342 1368 378 1398 ad
388 1368 494 1397 urbem
506 1367 641 1396 venienti
657 1373 719 1395 tota
736 1364 858 1394 obviam
869 1364 972 1393 civitas
981 1372 1053 1392 cum
1068 1362 1109 1392 la-

152 1412 284 1451 crymis,
301 1411 476 1451 gemituque
490 1405 681 1448 processerat:
705 1405 883 1447 loquebatur
894 1403 1020 1433 liberius
1030 1404 1113 1434 sena-

153 1461 219 1483 tus:
236 1451 451 1482 concurrebant
460 1451 574 1490 equites
582 1450 735 1479 Romani:
758 1447 826 1478 Piso
835 1447 998 1487 ille‚gener
1008 1455 1105 1479 meus,

151 1495 203 1524 cui
218 1491 352 1524 fni8tum
371 1494 489 1532 pietatis
509 1491 566 1521 suae
583 1500 679 1531 neque
697 1499 736 1519 ex
753 1499 823 1522 me,
842 1497 940 1529 neque
958 1487 975 1517 a
996 1488 1110 1527 populo

151 1536 248 1565 Rom.
262 1534 337 1564 ferre
346 1535 452 1567 licuit,
472 1533 668 1573 apropinquo
679 1532 732 1562 suo
742 1531 876 1561 socerum
895 1530 983 1560 suum
998 1528 1111 1570 flagita-

149 1576 216 1607 bat:
240 1578 346 1606 omnia
360 1576 477 1606 senatus
486 1574 653 1614 rejiciebat,
676 1571 731 1603 nisi
749 1572 785 1602 de
796 1582 846 1601 me
856 1573 991 1612 primum
1002 1571 1111 1601 consu-

90 1627 135 1662 32
151 1617 194 1648 les
202 1616 381 1649 retulissent.
405 1619 478 1658 Qae
495 1616 567 1646 cum
579 1626 624 1646 res
638 1616 701 1655 jam
720 1614 862 1645 manibus
881 1621 1053 1646 teneretur,
1077 1612 1110 1643 &

150 1658 224 1691 cum
243 1660 382 1690 consules
398 1659 623 1699 provinciarum
642 1656 783 1698 pafflone
796 1655 962 1686 libertatem
981 1664 1108 1685 omnem

150 1700 348 1742 perdidissent
357 1720 365 1735 ‚
384 1703 457 1741 qui,
469 1699 540 1731 cum
552 1701 585 1730 in
597 1700 699 1730 senatu
711 1699 853 1739 privatim
867 1716 879 1731 ,
894 1705 926 1727 ut
937 1696 974 1726 de
983 1706 1031 1726 me
1043 1697 1110 1726 sen-

149 1746 259 1783 tentias
268 1743 410 1777 dicerent,
423 1742 639 1783 flagitabantur,
652 1742 749 1783 legem
759 1741 806 1770 illi
816 1741 844 1770 se
853 1738 995 1769 Clodiam
1003 1740 1110 1768 timere

150 1784 299 1816 dicebant.
330 1783 402 1814 cum
425 1786 489 1815 haec
506 1794 570 1814 non
588 1781 706 1824 possent
722 1785 789 1823 jam
813 1780 928 1811 diutius
945 1779 1107 1811 sustinere:

150 1827 246 1856 initur
263 1825 425 1857 consilium
435 1826 472 1856 de
482 1827 604 1856 interitu
623 1828 679 1856 Cn.
693 1824 850 1864 Pompej'i:
872 1832 933 1864 quo
950 1821 1107 1863 patefacto,

146 1866 289 1909 ferroque
310 1867 494 1908 deprehenso
513 1887 522 1901 ‚
551 1868 603 1899 ille
628 1866 762 1898 inclusus
788 1865 875 1896 domi
894 1863 1011 1895 tamdiu
1036 1863 1105 1898 fuit,

148 1909 295 1950 quamdiu
307 1910 451 1944 inimicus
460 1918 547 1939 meus
556 1910 589 1938 in
598 1909 759 1939 tribunatu.
782 1910 830 1937 De
844 1916 919 1936 meo
928 1905 1024 1936 reditu
1035 1905 1107 1936 οέὶο

150 1951 266 1981 tribuni
283 1951 522 1991 promulgarunt.
544 1960 583 1980 ex
600 1947 867 1990 quointelleiium
877 1946 940 1981 est,
958 1949 1036 1977 mihi
1055 1946 1109 1976 ab-

143 1993 220 2034 fitnti
233 1991 345 2030 cremffe
353 1993 458 2020 amicos
469 2011 477 2025 ,
493 1993 526 2021 in
536 2001 569 2021 ea
582 1991 742 2031 praesertim
752 1989 872 2020 fortuna
884 2009 895 2022 ,
912 1990 946 2019 in
959 1998 1016 2029 qua
1026 1990 1109 2019 non-

148 2034 227 2064 nulli
237 2036 326 2064 etiam
336 2053 344 2067 ,
356 2043 431 2074 quos
441 2031 498 2063 effe
513 2041 683 2073 putaveram
695 2053 707 2066 ‚1
724 2041 788 2061 non
800 2040 883 2061 erant
896 2041 902 2059 ;
925 2031 974 2060 sed
989 2040 1040 2060 eos
1050 2040 1109 2060 vo-

147 2075 297 2105 luntatem
308 2076 424 2115 semper
432 2074 558 2105 eandem
570 2095 581 2108 ,
597 2074 766 2104 libertatem
774 2082 839 2103 non
850 2071 976 2102 eandem
990 2072 1107 2112 semper

145 2115 291 2147 habuifl'e.
318 2127 390 2148 narn
407 2126 445 2146 ex
455 2126 569 2147 novem
581 2116 729 2149 tribunis,
747 2124 824 2156 quos
843 2123 914 2144 tunc
931 2113 1105 2147 habueram,

145 2168 227 2189 unus
237 2178 246 2192 ,
266 2169 316 2189 ine
325 2158 444 2189 absente
455 2177 465 2192 ‚
487 2157 629 2188 defluxit.
652 2159 705 2199 qui
714 2166 888 2199 cognomen
898 2154 951 2186 sibi
960 2165 999 2186 ex
1008 2156 1107 2186 AElio-

145 2209 218 2232 rum
240 2200 425 2242 imaginibus
443 2202 584 2240 arripuit,
604 2210 667 2240 quo
685 2210 780 2240 magis
802 2200 934 2229 nationis
949 2198 1014 2237 ejus
1034 2196 1105 2231 effe,

144 2241 238 2283 quam
248 2244 384 2283 generis,
403 2241 564 2272 videretur.
589 2244 657 2271 Hoc
669 2242 851 2282 igituranno
862 2259 871 2273 ,
888 2239 1106 2281 magistratibus

142 2285 234 2314 novis
243 2281 414 2324 designatis,
434 2292 506 2313 cum
527 2292 635 2313 omnes
645 2283 719 2313 boni
728 2292 856 2313 omnem
865 2281 947 2322 spem
969 2281 1107 2312 melioris

143 2323 235 2356 status
244 2327 278 2356 in
294 2334 401 2355 eorum
415 2323 506 2355 fidem
517 2323 748 2355 convertissent:
770 2326 909 2364 princeps
918 2326 948 2354 P.
960 2324 1108 2354 Lentulus

145 2366 321 2398 materiate
332 2386 341 2401 ‚
353 2377 385 2397 ac
393 2366 539 2397 sententia
549 2366 597 2397 sua
607 2386 617 2400 ‚
638 2367 746 2397 Pisone
757 2366 789 2396 &
800 2364 933 2396 Gabinio
941 2375 1108 2407 repugnan-

141 2408 224 2439 tibus
234 2428 243 2443 ‚
258 2409 373 2439 causam
384 2408 529 2450 suscepit,
543 2408 730 2450 tribunisque
746 2407 843 2449 plebis
863 2406 935 2438 otto
943 2407 1100 2439 referenti-

143 2449 204 2481 bus
214 2470 223 2484 ,
235 2449 500 2491 praestantiffimam
511 2452 547 2482 de
558 2461 609 2481 me
622 2451 800 2482 sententiam
811 2450 902 2481 dixit.
924 2451 976 2492 qui
988 2460 1058 2481 cum
1069 2449 1104 2481 ad

140 2492 270 2533 gloriam
284 2493 377 2527 suam,
391 2501 476 2534 atque
485 2493 523 2524 ad
530 2491 705 2533 amplissimi
719 2491 860 2524 beneficii
873 2495 997 2534 gratiam
1009 2495 1104 2534 magis

140 2535 289 2574 pertinere
297 2534 429 2568 videret,
449 2535 663 2566 causamillam
674 2537 821 2576 integram
839 2535 875 2565 ad
887 2534 978 2565 suum
989 2537 1099 2565 consu-

142 2575 238 2605 latum
253 2576 386 2615 reftrvari
396 2595 405 2610 ,
425 2585 525 2608 tamen
542 2587 608 2607 rem
618 2577 708 2607 talem
722 2586 775 2616 per
786 2576 862 2606 alios
879 2577 970 2606 citius
980 2595 989 2610 ,
1009 2576 1099 2617 quam

75 2616 123 2662 '33
141 2625 196 2658 per
204 2617 234 2647 se
243 2616 353 2648 tardius
361 2617 471 2649 confici
480 2619 616 2650 malebat.
627 2621 696 2648 Hoc
705 2619 830 2648 interim
841 2627 977 2657 tempore
990 2620 1101 2649 P.Sex-

143 2660 213 2694 tius,
219 2659 346 2701 judiceS,
358 2658 540 2701 designatus,
549 2663 605 2692 iter
614 2661 651 2691 ad
664 2662 698 2691 C.
711 2660 851 2691 Caesarem
862 2669 918 2700 pro
926 2669 993 2690 mea
1006 2660 1099 2691 salute

179 2772 203 2790 Ι.
222 2766 342 2797 Refertnte
358 2766 390 2790 L.
408 2765 530 2798 Ninnio]
552 2764 607 2790 Pall
615 2784 620 2790 .
640 2764 720 2790 nostri
740 2771 835 2799 praeter
855 2773 953 2790 nonum
975 2763 1098 2800 ambigue

138 2798 243 2834 prorsus
254 2799 390 2836 striptum,
400 2800 527 2826 inclinant
537 2799 570 2826 ad
580 2803 691 2826 Mimium
700 2807 745 2827 aut
754 2802 876 2827 Mumium
886 2819 894 2832 ,
905 2806 950 2826 aut
965 2799 1026 2827 sane
1035 2805 1098 2837 Q-

137 2837 220 2862 nu'um.
241 2835 349 2872 vulgata
358 2843 416 2862 crat
425 2840 548 2862 Mummio.

174 2879 208 2898 ιι.-
223 2874 263 2898 Ex
269 2873 403 2905 vepreculis
409 2873 659 2907 exiraffaeniredula]
670 2873 712 2899 Ita
723 2872 782 2899 Pal.
792 2881 832 2908 pr.
845 2879 933 2907 quart.
943 2872 1030 2908 quint.
1043 2871 1099 2899 οξὶ.

139 2913 224 2933 nonus
234 2916 243 2938 5
300 2907 334 2934 od
342 2907 374 2934 ad
384 2908 496 2944 primam
509 2917 597 2934 vocem
608 2909 715 2936 attinet.
727 2917 788 2935 nam
801 2909 895 2934 ultima
907 2909 1049 2944 perscripta
1060 2909 1098 2935 eis

138 2939 198 2967 fere
208 2944 258 2968 nice
274 2944 325 2969 ult.
343 2944 371 2970 Sc
384 2944 417 2970 lic
426 2944 524 2985 placuit
534 2944 683 2971 Gulielinio
695 2964 703 2977 ‚
724 2952 753 2971 ut
765 2946 928 2978 aspespecula
940 2964 948 2977 ‚
960 2944 994 2970 sic
1004 2954 1018 2970 a
1030 2952 1101 2977 vcprt

141 2975 188 3003 fiat
197 2981 322 3010 veprecula
334 2997 343 3011 ‚
353 2979 399 3020 qui
410 2980 530 3007 videatur
543 2980 610 3006 libro
624 2989 645 3006 i.
665 2981 856 3008 Verisimilium
867 2989 922 3016 cap.
939 2988 979 3016 ¹3·
993 2981 1100 3015 vulgata

139 3013 278 3044 vepremsis.
299 3015 449 3042 conlulatur
468 3015 660 3052 Hadr.Junius
678 3018 810 3044 Centuria
823 3025 865 3043 ix.
887 3015 996 3052 Adagio
1008 3025 1033 3050 5.
1052 3025 1101 3052 pro

138 3048 269 3080 vcprecuru
277 3049 327 3076 stat
336 3051 416 3077 etiam
429 3051 573 3078 Priscianus
584 3051 631 3079 lib.
645 3062 694 3079 111.

161 3119 165 3123 ι
178 3091 191 3117 3
199 3102 205 3109 .
214 3084 258 3123 Sed
264 3093 293 3110 ex
301 3085 385 3118 deserto
394 3089 458 3112 Gavi
466 3089 524 3113 Oleli
532 3089 620 3120 horrca,
634 3089 721 3115 calatis
725 3090 809 3122 granis
819 3090 844 3114 in
854 3090 978 3114 Calatinos
987 3090 1072 3114 Atilios
1077 3088 1098 3122 .]

140 3119 184 3144 Sic
193 3127 277 3154 prima
287 3119 369 3148 editio
381 3140 388 3153 ‚
399 3123 445 3148 nisi
456 3123 527 3158 quod
538 3133 567 3150 ea
579 3131 605 3149 m
613 3126 663 3150 illos
675 3143 683 3156 ,
704 3124 839 3159 quomodo
850 3126 914 3151 item
927 3124 1013 3160 scripti
1027 3134 1035 3155 -‚
1056 3126 1101 3160 qui

139 3161 267 3189 praeterea
275 3164 365 3190 parum
377 3157 480 3184 variant
489 3159 516 3185 in
527 3159 670 3194 prioribus.
693 3170 754 3186 nam
766 3161 824 3186 Pal.
835 3169 919 3187 tronus
932 3160 1008 3186 habet
1024 3180 1030 3191 ‚
1039 3170 1100 3193 gra·
1131 3184 1136 3189 ,

138 3192 167 3216 ἠ’
174 3192 248 3217 lelure
257 3189 273 3217 a*
284 3192 457 3226 calatirgravis
469 3212 477 3227 ‚
495 3195 545 3226 ἀντ.
577 3196 606 3222 S.
616 3195 688 3223 Vitii.
696 3199 756 3230 gavi
764 3198 835 3224 latior
843 3205 871 3222 ea
880 3197 965 3223 calmis
973 3197 1052 3230 gavas
1063 3200 1100 3228 in,

1017 173 1153 207 pao
1193 153 1271 211 „P.
1330 155 1640 207 SEX-rio.-

2036 173 2125 220 501

1169 235 1304 276 suscepit.
1327 235 1529 278 Qid‘egerit,
1547 247 1692 280 quantum
1702 237 1862 280 profecerit
1875 257 1883 273 ‚
1905 236 1983 269 nihil
2000 238 2035 270 ad
2054 249 2122 270 cau-

1168 278 1239 307 sam.
1262 279 1404 318 equidem
1423 279 1585 315 existimo,
1608 280 1689 311 siille
1706 282 1897 321 (utarbitror)
1919 281 2123 329 aequusnobjs

1146 343 1147 347 ,
1165 318 1255 348 fuerit
1266 338 1274 353 ,
1294 321 1373 349 nihil
1383 320 1418 350 ab
1428 322 1486 352 hoc
1498 322 1668 362 profectum
1682 334 1688 352 :
1707 323 1751 354 sin
1765 325 1866 354 iratior
1876 343 1884 356 ,
1898 333 1961 353 non
1972 324 2118 352 multum.

1166 359 1215 389 sed
1226 361 1525 407 tamensis-imitatam,
1537 373 1623 405 atque
1636 367 1837 407 integritatem
1852 366 1989 395 hominis
2000 364 2119 394 videtis.

1166 401 1324 444 Ingredior
1334 413 1397 441 jam
1408 405 1441 433 iii
1451 407 1544 435 Sextii
1555 406 1750 438 tribunatum.
1770 417 1841 437 nam
1851 408 1908 436 hoc
1915 408 2051 446 primum
2062 407 2118 436 iter

1165 441 1342 487 designatus,
1355 447 1424 483 reip.
1438 447 1518 476 caui}
1533 448 1664 488 suscepit.
1676 450 1822 488 pertinere
1837 448 1869 478 ὃς
1878 459 1914 478 aa
1924 447 2116 478 concordiam

1163 492 1280 531 civium
1290 487 1416 522 putavit,
1428 486 1460 516 &
1470 487 1504 516 ad
1512 488 1690 527 perficiundi
1700 489 1871 521 facultatem
1882 510 1890 523 ‚
1903 491 2041 520 animum
2053 492 2118 520 Cae-

1165 524 1234 554 saris
1244 535 1259 554 a
1268 526 1350 554 causa
1361 535 1425 555 non
1436 527 1524 557 abbo}
1532 540 1603 559 iere.
1627 532 1711 562 Abiit
1721 533 1771 562 ille
1783 541 1888 562 annus.
1901 530 2050 562 reson-asse
2059 532 2117 561 iio-

1165 568 1264 595 mines
1277 566 1453 596 videbantur
1463 588 1471 601 ,
1484 571 1622 601 nondum
1632 582 1661 602 re
1673 592 1681 606 ,
1701 573 1747 603 sed
1759 574 1806 613 spe
1818 576 1889 613 reip.
1901 563 2116 603 rcc‘uoeiandae.

1164 609 1304 637 exiel'Usst
1322 608 1408 638 malls
1420 611 1576 640 ominssffl
1588 632 1596 645 2
1616 623 1702 654 atque
1719 603 2041 645 exsectationibuialteo
2052 615 2119 642 vul-

1140 670 1142 680 .
1163 649 1235 678 turdi
1244 648 1391 688 paludati:
1413 650 1523 690 quibus
1535 655 1649 684 utinam
1662 654 1727 695 ipsi:
1737 656 1903 686 evenissent
1912 667 1943 687 ea
1954 677 1962 689 ,
1974 666 2039 697 quae
2049 665 2114 686 tum

1163 691 1304 720 homines
1315 691 1516 737 precabantur.
1538 704 1634 735 neque
1647 706 1702 726 nos
1710 701 1894 736 provinciam
1907 698 2116 728 Macedoniam

1161 741 1232 762 curn
1242 742 1386 766 exe-teitu,
1399 743 1495 778 neque
1504 737 1669 775 equitatum
1681 739 1713 767 in
1724 742 1803 778 Syria
1813 759 1821 773 ‚
1834 740 1866 769 8:
1877 741 2026 770 coliorteis
2035 741 2117 770 outi-

1162 783 1225 804 mas
1236 793 1244 807 ‚
1263 773 1504 813 perdidissemus.
1528 780 1640 808 Ineunt
1659 779 1861 819 magistra-tum
1875 781 1986 811 tribuni
2001 782 2040 821 pl.
2055 772 2115 821 ‘qui

1161 825 1269 845 ornnes
1280 816 1308 845 se
1319 815 1355 845 de
1365 826 1415 846 nie
1425 819 1666 860 promulgaturos
1683 820 1908 852 confirmarant.
1930 833 1966 852 ex
1976 825 2022 852 iiis
2033 833 2060 853 n:
2069 833 2116 851 in-

1158 866 1227 897 ceps
1238 859 1350 887 emitur
1358 858 1394 887 ab
1403 860 1538 890 inimicis
1549 863 1626 891 meis
1635 881 1644 895 ‚
1666 863 1690 891 is
1700 881 1710 896 ‚
1729 872 1820 903 quem
1831 864 1972 893 homines
1988 867 2019 894 in
2031 858 2107 893 ἷῑιέῗὲι,

1159 899 1328 932 irridentes,
1341 901 1509 930 Gracchum
1520 903 1681 933 vocabant:
1704 906 1850 945 quoniam
1865 905 1894 935 id
1911 908 2000 935 etiam
2017 905 2110 935 fatur„

1159 942 1288 971 civitatis
1300 940 1359 970 fuit
1369 962 1378 975 ,
1393 950 1426 972 ut
1434 943 1485 972 illa
1495 946 1510 962 2
1520 953 1557 974 ex
1567 946 1733 985 vepreculis
1751 945 1879 976 extraeta
1892 947 2022 976 nitedula
2034 958 2112 977 rem-

1158 983 1228 1022 pub.
1241 992 1399 1013 conaretur
1416 984 1562 1015 arrodere.
1585 988 1669 1017 Alter
1685 987 1758 1018 vero
1776 997 1840 1018 non
1861 988 1911 1017 ille
1921 991 2058 1018 Serranus
2076 989 2114 1018 ab

1158 1033 1265 1057 aratro,
1278 1027 1289 1051 Ξ
1302 1025 1351 1055 sed
1361 1035 1400 1055 ex
1410 1025 1525 1057 deserto
1537 1029 1613 1059 Gavi
1624 1029 1702 1059 Oleli
1712 1030 1821 1060 horreo
1834 1029 1932 1060 calatis
1943 1032 2038 1071 granis
2051 1050 2059 1063 ,
2080 1032 2111 1060 ln

1158 1066 1309 1096 Calatinos
1319 1067 1554 1099 Attillosinfitus
1566 1090 1574 1103 ,
1596 1070 1693 1101 subito
1704 1071 1887 1101 nominibus
1897 1073 1929 1102 in
1944 1071 2054 1102 tabulas
2069 1082 2115 1100 re«

1157 1108 1243 1141 latis,
1263 1118 1381 1138 nomen
1402 1109 1491 1140 suum
1511 1110 1548 1141 de
1562 1112 1660 1143 tabula
1680 1112 1805 1144 sustulit.
1828 1115 1966 1144 Veniunt
1978 1112 2112 1143 kalende.

1155 1151 1285 1192 Januarii
1298 1169 1307 1184 ‚
1331 1160 1385 1181 vos
1395 1152 1459 1182 haec
1471 1152 1586 1183 melius
1604 1154 1675 1184 scire
1692 1154 1832 1195 potestis:
1856 1155 1997 1196 equidem
2015 1154 2114 1185 audita

1158 1192 1242 1239 dico:
1264 1202 1329 1233 quae
1345 1201 1410 1223 tum
1421 1193 1588 1235 frequentia
1597 1197 1798 1238 senamzquae
1806 1197 2114 1237 exspefilatiopopuln

1157 1244 1212 1281 qui
1229 1234 1390 1264 concursus
1407 1235 1574 1277 legatorum
1600 1248 1638 1268 ex
1662 1239 1746 1269 Italia
1767 1237 1894 1272 cuiiC't-a,
1913 1249 1979 1280 qua:
1999 1247 2115 1271 Virtus,

1157 1275 1237 1305 aetio
1247 1295 1266 1322 ,Ι
1276 1278 1402 1316 gravitas
1413 1280 1446 1307 P.
1457 1279 1585 1309 Lentuli
1596 1280 1727 1310 consulis
1741 1279 1850 1315 fuerit,
1869 1291 1935 1321 quae
1947 1282 2039 1311 etiam
2049 1280 2114 1310 col·

1157 1317 1228 1358 legae
1241 1327 1304 1356 ejus
1314 1317 1483 1364 moderatio
1500 1320 1536 1350 de
1551 1331 1601 1351 me
1615 1333 1620 1351 :
1643 1322 1778 1363 quicum
1792 1324 1967 1352 inimicitias
1977 1321 2030 1352 sibi
2048 1331 2116 1352 me-

1157 1368 1227 1406 cum
1242 1369 1276 1388 ex
1293 1359 1396 1406 reipub.
1407 1360 1564 1402 diffinfione
1581 1363 1724 1404 susceptas
1742 1363 1800 1394 ess'e
1810 1363 1931 1394 dixisset
1942 1384 1954 1398 ,
1971 1374 2017 1394 eas
2027 1364 2115 1403 sepa—-

1157 1400 1251 1430 tribus
1267 1403 1442 1442 conscriptis
1460 1404 1557 1437 dixit,
1578 1406 1639 1435 4&
1659 1405 1845 1446 temporibus
1863 1407 1937 1445 reip.
1956 1404 2116 1446 permissu-

1155 1452 1234 1472 rum.
1259 1445 1342 1473 Tum
1353 1453 1491 1485 princeps
1503 1455 1619 1487 rogatus
1631 1446 1808 1478 sententiam
1819 1449 1856 1477 L.
1867 1450 1964 1480 Cotta,
1975 1447 2055 1477 dixit
2067 1446 2110 1481 id,
2134 1452 2178 1485 34

1155 1484 1237 1530 quod
1255 1483 1465 1531 dignissimum
1489 1496 1548 1527 rep.
1567 1488 1627 1519 fuit
1644 1509 1653 1523 ,
1680 1499 1784 1519 NIHIL
1803 1499 1847 1519 m:
1867 1499 1917 1519 ΜΕ
1933 1487 2036 1519 adium
2055 1486 2114 1519 effe

1152 1536 1229 1566 jure,
1241 1527 1321 1555 nihil
1333 1536 1418 1557 more
1429 1529 1591 1568 majorum,
1604 1531 1682 1560 nihil
1691 1531 1806 1571 legibus
1819 1541 1901 1561 :non
1913 1529 1995 1571 posse
2006 1539 2115 1571 quem-

1155 1578 1244 1608 quam
1262 1567 1426 1599 decivitate
1447 1571 1514 1600 tolli
1533 1569 1593 1601 fine
1608 1572 1741 1612 judicio:
1763 1572 1800 1602 de
1820 1574 1915 1612 capite
1933 1582 1998 1602 non
2017 1570 2117 1602 modo

1154 1610 1224 1640 serri
1237 1629 1246 1643 ‚
1258 1609 1306 1640 sed
1316 1610 1490 1655 nejudicari
1499 1613 1622 1653 quidem
1634 1612 1715 1653 poss'e
1725 1633 1734 1647 ,
1757 1612 1812 1644 nisi
1821 1615 1956 1644 comitiis
1966 1616 2113 1644 centuria-

1158 1653 1195 1682 tis
1209 1662 1215 1681 :
1237 1653 1303 1681 vim
1315 1651 1405 1682 fuisse
1416 1654 1513 1687 illam,
1527 1653 1683 1685 flammam
1693 1654 1827 1696 quaffatae
1838 1658 1910 1696 reip.
1928 1655 2112 1696 perturbato-

1155 1703 1282 1735 rumque
1297 1703 1471 1734 temporum
1482 1716 1492 1730 ‚
1500 1697 1565 1735 jure
1577 1717 1586 1730 ‚
1594 1697 1772 1738 judiciisque
1783 1698 1921 1728 sublatis:
1947 1707 2053 1739 magna
2067 1708 2115 1727 re-

1154 1746 1222 1766 rum
1231 1736 1452 1776 perturbatione
1462 1738 1659 1778 ‘impendente
1668 1759 1681 1773 ‚.
1698 1738 1855 1770 declinasse
1866 1750 1916 1770 me
1928 1740 2111 1779 paullulum.

1156 1778 1189 1807 ὃς
1202 1798 1210 1812 ‚
1223 1779 1271 1818 spe
1281 1779 1404 1819 reliquae
1414 1780 1635 1821 tranquillitatis
1650 1802 1658 1814 ,
1671 1782 1837 1822 praesenteis
1848 1781 1975 1814 fluetus,
1996 1790 2114 1821 tempe-

1154 1819 1319 1861 statemque
1329 1820 1443 1861 fiagiffit.
1467 1824 1582 1863 Qare,
1601 1823 1673 1853 cuni
1693 1823 1797 1854 absens
1811 1833 1905 1863 remp.
1926 1833 1991 1853 non
2004 1822 2112 1854 minus

1155 1863 1272 1904 maguis
1284 1864 1426 1902 periculis
1435 1883 1443 1897 ,
1454 1868 1545 1905 quarn
1555 1865 1687 1905 quodam
1707 1874 1842 1904 tempore
1855 1865 1980 1905 praesens
1990 1865 2112 1895 liberas-

1153 1904 1215 1934 sem
1227 1923 1236 1938 ,
1248 1913 1313 1933 non
1323 1903 1438 1935 restitui
1448 1916 1498 1935 me
1508 1906 1608 1936 solum
1621 1926 1631 1939 ‚
1646 1906 1694 1936 sed
1706 1908 1794 1936 etiam
1806 1908 1904 1936 ornari
1914 1906 1930 1935 a
1940 1906 2040 1937 senatu
2051 1907 2106 1936 de-

1153 1956 1228 1976 cere.
1255 1946 1426 1985 Disputavit
1442 1949 1532 1977 etiam
1545 1948 1640 1977 multa
1647 1948 1825 1987 prudenter,
1845 1947 1931 1978 itade
1948 1958 1998 1978 me
2017 1948 2109 1978 illum

1153 1985 1410 2021 amentissimum,
1433 1988 1466 2018 &
1487 1988 1757 2029 profligatissimum
1773 1988 1892 2019 hostem
1908 1989 2032 2029 pudoris
2045 2009 2052 2023 ‚
2075 1991 2109 2019 &t

1152 2029 1305 2069 pudicitiae
1317 2048 1326 2062 ,
1349 2028 1487 2069 scripsisse
1498 2039 1563 2070 quae
1573 2031 1732 2071 scripserat,
1744 2032 1780 2060 iis
1794 2031 1893 2061 verbis
1905 2052 1918 2064 ‚.
1929 2031 2109 2064 rebus‚.sen-

1154 2071 1256 2101 tentiis
1268 2090 1276 2103 ,
1289 2079 1339 2104 ut,
1361 2073 1451 2101 etiam
1462 2069 1482 2100 fi
1492 2073 1558 2111 jure
1567 2070 1637 2102 esset
1646 2082 1782 2114 rogatum
1793 2093 1801 2107 ‚
1817 2082 1917 2103 tamen
1927 2074 1991 2103 vim
2002 2072 2108 2103 habere

1154 2122 1217 2143 non
1226 2111 1331 2152 pofl'et.
1354 2122 1440 2153 quare
1452 2123 1501 2143 me
1511 2134 1523 2147 ,
1531 2115 1583 2154 qui
1593 2115 1676 2144 nulla
1686 2118 1749 2155 lege
1759 2113 1888 2145 abessem
1898 2135 1906 2149 ‚
1919 2125 1983 2145 non
1993 2114 2107 2145 restitui

1154 2156 1228 2196 lege,
1241 2154 1290 2184 sed
1299 2156 1432 2184 revocari
1442 2156 1558 2186 senatus
1569 2155 1741 2186 austeritate
1751 2166 1895 2197 oportere.
1915 2159 2006 2187 Hunc
2014 2166 2108 2186 nemo

1153 2205 1234 2230 erat,
1251 2197 1326 2237 quin
1339 2195 1492 2227 verissime
1513 2197 1620 2227 sentire
1638 2197 1764 2228 diceret.v
1782 2198 1838 2229 Sed
1856 2197 1923 2238 post
1932 2208 2002 2228 eum
2023 2208 2109 2239 roga—

1154 2248 1200 2269 tus
1210 2239 1439 2278 Cnfflompejus
1449 2258 1459 2272 ,
1471 2238 1627 2279 approbata
1639 2259 1648 2273 ,
1664 2240 1835 2281 laudataque
1846 2243 1939 2271 Cottae
1949 2240 2105 2274 sententia,

1153 2280 1240 2314 dixit,
1252 2280 1310 2310 sese
1322 2281 1375 2309 otu'
1384 2280 1439 2309 mei
1448 2281 1533 2320 causa
1543 2300 1551 2315 ,
1562 2289 1593 2310 ut
1602 2283 1689 2311 omni
1699 2284 1834 2322 populari
1843 2284 2045 2312 concitatione
2056 2283 2107 2311 de-

1152 2321 1307 2363 fungerer,
1318 2322 1434 2351 censere
1443 2342 1451 2356 ,
1464 2331 1496 2353 ut
1504 2322 1540 2353 ad
1553 2323 1669 2353 senatus
1678 2324 1884 2354 audioritatem
1896 2344 1905 2358 ,
1916 2325 2020 2364 popuii
2030 2334 2108 2365 quo—

1151 2374 1208 2405 que
1220 2367 1312 2395 Rom.
1324 2362 1507 2394 beneficium
1521 2374 1587 2406 erga
1605 2375 1656 2395 me
1668 2366 1884 2407 adjungeretur.
1909 2365 1987 2396 Ct‘im
1998 2376 2107 2396 omnes

1151 2408 1284 2437 certatim
1296 2426 1305 2440 ‚
1325 2406 1456 2447 aliusque
1468 2407 1527 2437 alio
1536 2406 1653 2450 gravina
1665 2428 1673 2441 ‚
1693 2417 1780 2450 atque
1791 2407 1926 2439 ornatius
1936 2407 1971 2438 de
1981 2417 2049 2437 mea
2063 2408 2106 2438 sa—

1152 2450 1213 2480 lute
1224 2448 1366 2483 dixisset,
1387 2448 1528 2491 fieretque
1541 2449 1600 2480 sine
1618 2450 1824 2481 ullavarietate
1841 2447 1989 2480 discessio:
2012 2450 2107 2479 surre-

1149 2493 1212 2527 xit,
1227 2500 1259 2522 ut
1279 2492 1378 2526 scitis,
1396 2492 1508 2528 Atilius
1525 2494 1575 2523 hic
1592 2494 1759 2522 Gavianus:
1782 2502 1836 2522 nec
1847 2492 1931 2521 ausus
1949 2490 2012 2524 este,
2032 2490 2106 2522 cuim

1151 2533 1220 2564 efl'et
1243 2543 1342 2564 emtus
1355 2553 1366 2567 ,
1384 2534 1565 2564 intercedere
1579 2544 1591 2568 ·‚
1608 2532 1732 2563 nofiem
1752 2532 1806 2564 fibi
1824 2534 1858 2564 ad
1877 2533 2108 2563 deliberandum

1147 2575 1320 2620 postulavit.
1338 2576 1466 2605 'Clamor
1474 2576 1599 2608 senatus,
1611 2576 1749 2615 querelae,
1762 2585 1862 2615 preces
1875 2595 1882 2608 ‚
1896 2578 1907 2602 5
1920 2574 2001 2605 socer
2008 2575 2043 2605 ad
2055 2585 2108 2614 pt>-

1150 2618 1201 2648 des
1214 2617 1357 2657 abjectus.
1383 2617 1439 2647 ille
1449 2617 1476 2647 fe
1486 2616 1631 2647 affirmare
1643 2636 1651 2650 ‚
1670 2616 1787 2656 postero
1800 2616 1848 2646 die
1859 2626 1976 2646 moram
1987 2618 2106 2647 nullam

1150 2659 1206 2691 esse
1216 2659 1378 2690 faeturum.
1402 2659 1556 2689 Creditum
1567 2658 1609 2689 est
1620 2668 1625 2687 :
1639 2656 1797 2689 discessum
1806 2657 1858 2688 est.
1868 2659 1916 2688 illi
1933 2659 2044 2689 interea
2054 2658 2108 2689 de-

1949 2700 2103 2730 liberatori

1145 2767 1197 2796 ὠί.
1220 2764 1358 2791 Gemblac.
1374 2767 1435 2796 gavi
1445 2764 1494 2788 oltlt
1503 2771 1557 2787 orta
1567 2761 1667 2786 cat'atkis
1673 2760 1767 2793 granis,
1778 2764 1804 2785 in
1812 2762 1936 2786 Calatinos
1948 2769 1972 2785 a:
1983 2764 2042 2790 illos,
2053 2761 2103 2790 ὡς.

1143 2800 1298 2827 consulatur
1307 2800 1382 2835 super
1394 2799 1468 2832 hujus
1481 2798 1530 2824 loci
1543 2796 1727 2823 emendatione
1738 2796 1877 2822 Turnebus
1890 2795 1936 2821 li-b.
1949 2805 1997 2822 xx..
2009 2805 2065 2831 cap.
2078 2804 2104 2831 3.

1143 2846 1174 2863 an
1187 2836 1240 2862 fuit
1252 2840 1262 2863 ,7
1272 2838 1371 2862 ίαῖατέί
1379 2837 1446 2869 ofillji
1455 2836 1532 2860 horreo
1542 2833 1627 2859 calaris
1633 2833 1754 2865 granium
1763 2833 1887 2858 Calatinos
1896 2835 1992 2858 Atilios.
2004 2839 2031 2858 nt
2045 2836 2106 2857 me-

1143 2873 1180 2899 rit
1191 2873 1262 2899 'inter
1274 2872 1419 2898 familiares
1438 2870 1533 2906 quibus
1553 2868 1660 2895 cesserat
1670 2867 1767 2894 Ofellii
1778 2868 1881 2895 Calavii
1893 2869 2021 2903 Campani
2041 2868 2104 2895 hor-

1144 2918 1218 2935 reum
1232 2928 1240 2941 ‚
1253 2908 1326 2942 cujus
1339 2907 1452 2933 hominis
1468 2906 1589 2932 meminit
1601 2905 1694 2930 Livius
1706 2904 1776 2930 libro
1789 2912 1845 2931 iix.
1866 2905 1902 2930 At
1913 2907 2006 2930 Gauius
2016 2912 2104 2931 tamen

1144 2946 1179 2972 est
1194 2944 1302 2981 quidam
1315 2944 1344 2969 P.
1356 2942 1447 2969 Clodii
1458 2942 1527 2968 canis
1540 2962 1548 2974 ,
1559 2941 1589 2967 ad
1601 2941 1723 2968 Atticum
1736 2939 1805 2967 libro
1816 2940 1988 2976 vx.1:'pill:.3.

1181 2989 1209 3014 4.
1230 2984 1262 3006 Et
1272 2980 1411 3013 temporibm
1424 2977 1710 3011 reipub.permiffurtem]
1723 2977 1765 3002 Sic
1777 2976 1831 3003 Pal.
1843 2978 1940 3003 noller.
1952 2974 1983 3002 lic
1994 2978 2020 3002 S.
2032 2975 2105 3002 x'ife.

1146 3016 1231 3043 Ahala
1240 3022 1379 3042 annomrat
1389 3013 1506 3040 adoram
1519 3013 1615 3040 codicis
1627 3012 1663 3038 sui
1678 3031 1685 3043 ,
1704 3012 1755 3038 effe
1766 3012 1846 3039 libros
1857 3013 1883 3038 in
1896 3013 1990 3047 quibus
2001 3013 2106 3048 leger:-

1146 3060 1189 3078 tur
1201 3053 1230 3083 οἷ’
1248 3053 1386 3084 temporihm
1397 3051 1487 3083 reipub.
1499 3050 1584 3083 remiff.
1604 3048 1647 3075 sed
1657 3056 1795 3075 contentus
1817 3049 1870 3075 (liin
1891 3048 2004 3074 lestione
2016 3050 2105 3084 priene

1145 3097 1202 3124 quae
1214 3089 1277 3113 item
1291 3087 1368 3113 restat
1379 3087 1405 3112 in
1417 3085 1478 3112 cdd.
1489 3086 1593 3122 primis.
1609 3094 1672 3112 iiam
1681 3084 1752 3121 seqq.
1763 3084 1876 3111 inminsi
1886 3085 1988 3120 copula,
1999 3087 2024 3115 (ᾗ-
2036 3092 2105 3117 τινας.

1145 3126 1174 3155 (ly
1186 3127 1243 3157 rpr.
1253 3132 1295 3156 ptr
1306 3133 1337 3148 m.

1184 3169 1196 3192 ς
1204 3180 1209 3185 .
1229 3163 1294 3185 sotei·
1305 3158 1412 3191 adpedes
1422 3157 1551 3191 abja-slah]
1573 3156 1735 3184 Gulielmius
1746 3163 1821 3192 petat
1831 3155 1968 3183 auCtorein
1989 3155 2061 3190 loqui
2072 3153 2105 3180 tle

1146 3195 1257 3228 Pisoue5
1277 3195 1368 3231 itaque
1383 3201 1489 3231 cuperet
1497 3203 1583 3225 gener.-
1604 3192 1643 3220 sed
1656 3201 1748 3230 prater
1762 3192 1818 3220 inis.

1483 3230 1509 3256 R
1522 3239 1533 3256 r
1546 3239 1556 3256 r
1579 3239 1590 3266 3
2008 3235 2031 3253 1.
2050 3229 2110 3253 Cau-
