2302 3353
532 112 615 154 An
651 110 1087 168 HERENNIUM‚
1124 116 1329 161 LinER
1364 116 1689 182 QARTus.

103 202 125 235 9
144 194 274 225 voluerit
291 192 424 223 obruere.
468 192 504 219 In
517 187 663 218 mediocri
675 187 766 228 figura
774 187 937 219 versabitur
947 193 1042 221 oratio
1054 212 1062 225 ,
1082 191 1104 221 fi

145 238 208 267 'naec
218 256 227 270 ‚
249 245 281 266 ut
290 242 355 264 ante
364 231 585 272 aliquantulum
595 229 804 260 demist-rimus
815 250 823 264 ‚
848 240 945 271 neque
956 240 1056 262 tamen
1067 233 1102 262 ad

145 276 290 308 infimum
301 275 539 305 descenderimus
550 292 558 306 ,
570 270 608 301 sic
620 282 625 300 :
678 282 777 302 umus
799 282 873 302 CUM
894 282 1033 302 BELLUM
1045 283 1102 303 GE-

146 328 256 350 Rimus
268 338 276 350 ‚
287 316 402 356 judices
413 334 422 348 ‚
433 315 556 345 videtis:
573 324 644 343 curn
655 314 753 347 sociis,
765 315 815 355 qui
825 323 879 353 pro
890 314 979 343 nobis
989 324 1103 355 pugna-

144 371 174 391 re
186 380 194 394 ,
215 359 420 397 &imperium
436 355 571 386 nostrum
583 355 744 384 nobiscum
754 353 841 385 simul
851 357 959 385 virtute
970 356 1002 385 &
1013 356 1103 386 indu-

144 401 211 432 stria
221 400 394 430 conservare
405 399 484 428 soliti
496 397 571 427 sunt.
596 399 638 426 Hi
648 395 719 426 cum
732 397 760 426 se
772 417 780 430 2
794 397 826 426 &
837 407 906 437 opes
919 397 993 430 suas,
1008 398 1040 428 &
1052 407 1103 427 co-

143 445 224 484 piam
234 439 464 471 neceffariorum
476 447 598 472 norunt3
609 448 674 468 tum
687 436 758 468 vero
771 439 973 468 nibilominus
984 448 1103 479 propter

118 500 121 501 ν
141 484 393 525 propinquitatem
404 502 412 516 ,
436 482 468 511 &
488 483 629 511 omnium
651 490 748 510 rerum
769 481 938 510 societatem
950 500 958 513 ‚
978 482 1050 521 quid
1069 483 1103 510 in

143 525 287 556 omnibus
297 524 383 554 rebus
394 523 521 563 populus
533 525 573 553 R.
585 520 679 562 poffet
689 542 697 554 ‚
717 523 789 552 scire
800 542 808 555 ‚
821 522 853 552 &
863 521 1006 552 aestimare
1016 532 1102 562 pote-
1123 519 1126 534 ³

141 576 214 598 tant.
239 569 292 600 Hi,
304 564 375 595 cum
387 563 593 595 deliberassent
604 564 764 593 nobiscum
776 564 890 594 bellum
900 574 1010 605 gerere,
1022 574 1103 604 quae-

145 609 186 642 so,
197 618 262 649 quae
273 618 316 637 res
327 616 396 641 erat,
407 605 537 654 quafreti
548 606 663 636 bellum
673 605 815 652 suscipere
827 615 1014 639 conarentur,
1029 604 1100 635 cum

142 652 242 681 multo
253 651 419 679 maximam
431 651 582 678 sociorum
591 656 704 687 partem
715 649 749 676 in
760 649 864 677 orricio
873 657 993 676 manere
1012 647 1102 676 intel·
1124 667 1125 670 ¹

144 692 290 733 ligerent?
308 690 380 721 cum
399 689 452 720 sibi
471 700 536 720 non
547 688 774 721 multitudinem
786 689 919 718 militum
932 709 940 722 ‚
961 688 1103 718 110111ἀο-

143 743 216 764 ncos
235 735 426 773 imperatores
437 752 445 766 ,
469 742 531 761 non
541 732 699 770 pecuniam
710 730 862 769 publicam
873 729 979 770 praesto
989 727 1045 760 ess'e
1056 731 1102 760 vi-

142 775 267 806 derent?
286 784 350 804 non
360 774 489 814 denique
500 773 594 802 ullam
604 782 668 801 rem
680 791 688 804 ,
709 782 774 812 quae
783 774 928 811 pertineat
939 771 972 801 ad
984 771 1101 801 bellurn

142 815 412 848 administrandum
426 818 435 843 ?
454 815 484 844 Si
494 824 564 843 cum
576 812 715 843 finitimis
726 813 762 843 de
773 813 884 843 finibus
896 813 1008 843 bellurn
1019 824 1102 854 gere-

143 868 226 889 rent:
250 857 270 887 fi
289 866 388 888 totum
405 865 557 886 certamen
574 857 607 884 in
617 864 680 884 uno
688 855 797 895 proelio
808 854 936 895 positum
947 864 1083 894 putarent
1096 865 1102 883 ;

144 941 259 972 nedum
278 939 352 970 illud
373 941 540 978 imperium
561 938 641 968 orbis
664 947 744 968 terrae
756 959 763 971 ‚
787 941 836 968 cui
854 940 983 978 imperio
994 948 1102 968 omnes

143 991 256 1024 gentes,
268 991 358 1023 rege5‚
371 990 508 1011 nationes
520 1000 527 1013 2
539 982 646 1020 panim
656 982 687 1010 vi
699 1000 706 1013 ‚
730 984 738 998 ¹
751 982 859 1019 partim
872 980 1021 1009 voluntate
1030 990 1104 1009 con—
1125 1000 1126 1003 ¹

144 1023 306 1056 senscrunt,
319 1021 390 1052 cum
400 1031 450 1052 aut
457 1032 540 1050 armo·
548 1042 556 1056 ,
572 1030 622 1051 aut
630 1021 803 1052 liberalitate
813 1022 828 1051 ὲ
838 1022 951 1061 populo
961 1024 1104 1052 Romano
1125 1020 1126 1047 l

144 1065 267 1105 superati
277 1063 372 1094 effent
380 1084 389 1097 ,
408 1063 444 1093 ad
455 1064 484 1094 se
495 1062 650 1093 transferre
661 1064 781 1093 tantulis
791 1064 904 1093 viribus
915 1072 1102 1094 conarentur.
1125 1063 1127 1090 Ξ

144 1109 263 1149 Qaeret
273 1105 473 1147 aliqui52Qd
484 1105 729 1146 Fregeflanimon
739 1106 789 1135 sua
801 1106 904 1145 sponte
915 1107 1013 1135 conati
1024 1105 1104 1135 sunt?
1126 1121 1127 1128 1

143 1151 189 1180 Eo
198 1147 321 1189 quidem
332 1149 434 1176 minus
443 1146 491 1177 isti
501 1146 588 1176 facile
598 1156 777 1177 conarentur
787 1167 795 1181 ‚
808 1157 868 1188 quo
880 1167 888 1180 ‚
903 1147 949 1177 1111
959 1147 1104 1188 quemad-

144 1191 274 1225 modum
293 1187 449 1219 descissent
459 1209 467 1223 ,
490 1188 639 1219 videbant.
673 1191 754 1219 Nam
774 1199 897 1219 RERUM
919 1198 1080 1218 IMPEiun
1094 1208 1102 1222 ,

143 1233 196 1274 qui
215 1231 444 1271 uniuscujusque
464 1233 506 1261 rei
524 1230 561 1260 de
580 1230 667 1260 rebus
681 1230 748 1261 ante
760 1230 848 1271 gestis
859 1231 998 1270 exempla
1006 1239 1104 1270 petere
1126 1242 1127 1247 ¹

143 1284 208 1304 non
216 1271 335 1314 poffunt
347 1292 355 1305 ‚
380 1283 402 1302 11
411 1282 463 1312 per
472 1272 707 1311 imprudentiam
716 1271 862 1302 facillime
875 1272 1063 1303 deducuntur
1072 1274 1106 1302 in

143 1315 290 1346 fraudem.
313 1322 342 1344 at
360 1315 381 1343 ii
393 1334 401 1348 ‚
423 1316 475 1355 qui
495 1315 593 1345 sciunt
601 1334 609 1347 ‚
630 1314 702 1354 quid
713 1314 779 1344 aliis
789 1314 927 1344 acciderit
938 1335 947 1347 ,
967 1312 1054 1344 facile
1065 1324 1104 1343 ex

144 1358 274 1389 aliorum
293 1365 402 1386 eventu
411 1376 420 1389 ‚
441 1356 500 1385 suis
511 1355 675 1385 rationibus
685 1354 806 1395 possunt
814 1355 980 1395 providere.
1012 1356 1105 1385 Nulla

144 1400 234 1441 igitur
243 1408 274 1428 re
282 1396 410 1430 inducti,
423 1397 506 1428 nulla
516 1397 564 1437 spe
573 1396 642 1427 freti
651 1407 732 1427 arma
742 1397 922 1430 sustulerunt
934 1399 944 1426 ?
962 1399 1037 1437 Qis
1047 1398 1106 1427 hoc

146 1440 253 1474 credat,
265 1448 378 1469 tantam
388 1440 553 1469 amentiam
562 1449 746 1479 quemquam
757 1438 929 1472 tenuiss'e‚ut
939 1440 1104 1478 imperium
1126 1435 1128 1442 '

145 1482 250 1526 populi
258 1482 394 1511 Rotnani
405 1489 515 1511 tentare
525 1483 644 1511 auderet
656 1501 664 1514 ,
685 1481 777 1511 nullis
787 1483 882 1521 copiis
891 1480 982 1510 fretus
994 1484 1004 1509 ?
1027 1484 1105 1521 Ergo
1126 1486 1128 1497 ’

144 1523 259 1566 aliquid
269 1521 355 1553 fuisse
366 1521 480 1553 necess'e
490 1521 541 1552 est.
567 1522 640 1564 quid
660 1522 740 1552 aliud
752 1543 760 1556 ,
780 1522 836 1552 nlsl
855 1523 885 1553 id
897 1543 904 1556 ,
925 1522 1006 1563 quod
1024 1522 1104 1556 dico,

144 1565 241 1608 potest
251 1563 330 1595 effe?
348 1567 385 1594 In
394 1573 543 1595 attenuato
554 1562 654 1606 figurae
663 1574 770 1605 genere
781 1585 789 1598 ‚
811 1565 892 1606 quod
901 1565 936 1594 ad
949 1563 1104 1597 infimum,

149 1607 403 1649 &quotidianum
413 1606 586 1637 sermonem
597 1604 760 1636 demifl'um
769 1606 812 1636 est
823 1627 831 1640 ,
853 1607 911 1636 hoc
929 1607 984 1636 erit
1002 1616 1108 1636 exem-

147 1651 234 1692 plum
253 1660 260 1679 2
292 1651 378 1679 ΝΛΜ
396 1658 441 1678 UT
460 1657 568 1678 FORTE
585 1657 646 1677 mc
674 1650 707 1678 in
725 1648 842 1679 balneas
862 1650 966 1680 venit,
995 1650 1085 1688 coepit
1097 1668 1105 1681 ‚

148 1777 259 1817 inquit,
270 1773 439 1804 adolescens
452 1793 460 1807 ,
484 1775 567 1813 pueri
578 1775 621 1803 tui
633 1772 728 1803 modo
739 1784 789 1803 me
799 1775 990 1814 pulsaverunt
1002 1784 1007 1802 z
1026 1774 1108 1803 satis-

148 1818 237 1849 facias
248 1824 373 1857 oportet.
404 1816 465 1846 Hic
475 1835 485 1848 ,
505 1816 557 1856 qui
566 1815 597 1845 id
609 1817 701 1845 aetatis
711 1815 747 1845 ab
756 1817 860 1856 ignoto
870 1824 973 1856 praeter
982 1815 1108 1845 consue—

150 1859 289 1891 tudinem
300 1857 459 1898 appellatus
470 1855 540 1886 ess‘et
550 1876 558 1890 ‚
579 1857 707 1887 erubuit.
738 1857 796 1887 Iste
806 1857 912 1887 clarius
923 1856 1029 1888 eadem
1040 1877 1049 1891 ‚
1074 1857 1107 1887 &

149 1901 206 1932 alia
215 1900 312 1931 dicere
321 1901 419 1938 coepit.
444 1901 505 1928 Hic
514 1900 567 1928 vix
577 1898 698 1929 tandem
707 1900 819 1940 inquit,
830 1901 899 1929 Sine
910 1909 960 1929 me
974 1898 1108 1929 conside-

151 1953 222 1973 rare.
244 1944 328 1972 Tum
338 1939 410 1970 vero
420 1939 472 1970 iste
485 1942 577 1979 coepit
586 1941 711 1970 clamare
720 1951 794 1970 voce
805 1940 858 1971 ista
868 1961 876 1974 2
888 1951 954 1982 quae
964 1941 1013 1971 vel
1022 1940 1109 1970 facile

152 1985 247 2014 cuivis
259 1986 274 2002 2
284 1982 404 2012 rubores
416 1982 522 2010 elicere
530 1980 642 2020 poss'et:
662 1984 704 2011 Ita
714 1982 850 2021 petulans
861 1993 890 2011 es
902 2002 910 2015 ‚
930 1991 1015 2023 atque
1035 1992 1109 2014 acer,

156 2029 170 2053 3
182 2033 213 2055 ut
223 2035 260 2054 ne
269 2023 305 2054 ad
315 2022 455 2053 solarium
465 2023 589 2062 quidem
602 2022 727 2052 idoneus
738 2043 746 2056 ‚
768 2031 800 2052 ut
810 2024 888 2052 mihi
898 2023 1017 2053 videtur
1027 2043 1035 2055 2
1061 2023 1109 2052 sed

153 2066 234 2107 pone
246 2066 362 2096 scenam
375 2083 382 2096 ,
395 2064 471 2093 &in
481 2063 631 2102 ejusmodi
641 2064 714 2093 locis
725 2066 900 2094 exercitatus
911 2062 954 2094 fis.
982 2067 1111 2094 Contur-

155 2109 238 2139 batus
248 2106 290 2137 est
299 2105 468 2135 adolescens
481 2116 486 2133 2
509 2113 564 2134 nec
574 2107 698 2138 mirum,
711 2108 760 2134 cui
771 2108 860 2135 etiarn
872 2116 952 2135 nunc
960 2106 1112 2146 paedagogi
1130 2126 1132 2144 η,
1155 2108 1229 2137 bum
1240 2108 1382 2147 superiori
1393 2118 1456 2138 non
1466 2109 1718 2139 accommodatur.
1743 2110 1941 2140 Barbarismus
1952 2109 1995 2140 est
2005 2131 2012 2143 ,
2038 2109 2111 2139 cum

154 2150 220 2180 lites
230 2149 265 2179 ad
275 2147 416 2178 auriculas
427 2147 610 2176 versarentur
620 2166 629 2179 ,
641 2148 783 2185 imperito
795 2147 944 2185 ejulmodi
954 2150 1112 2177 convicio-

155 2201 233 2223 rum.
265 2189 328 2219 Ubi
338 2190 420 2218 enim
432 2187 485 2217 iste
496 2186 747 2226 vidiffetfturram
757 2187 900 2218 exhausto
910 2189 1017 2218 rubore
1029 2208 1038 2222 ‚
1050 2190 1109 2228 'qui

157 2233 186 2264 se
195 2240 308 2272 putaret
318 2230 396 2260 nihil
406 2230 511 2260 habere
521 2249 530 2263 ‚
544 2230 625 2270 quod
636 2229 672 2259 de
683 2229 904 2259 existimatione
914 2230 1068 2269 perderet,
1081 2239 1112 2260 ut
1131 2231 1132 2239 ¹

157 2276 263 2305 omnia
272 2272 332 2303 fine
348 2271 436 2302 famae
454 2271 637 2301 detrimento
654 2270 747 2301 facere
767 2269 882 2312 pofl'et?
903 2274 997 2313 Igitur
1005 2282 1112 2313 genera
1131 2274 1132 2285 ¹

158 2314 318 2357 figurarum
327 2324 366 2344 ex
375 2312 442 2353 ipfis
461 2314 608 2353 exemplis
626 2314 757 2354 intelligi
774 2322 921 2353 poterunt.
953 2316 1017 2344 Erit
1027 2315 1111 2343 enirn

159 2359 193 2388 &
202 2364 348 2387 attenuata
356 2356 518 2385 verborum
529 2354 713 2384 construfifio
723 2355 870 2396 quaedam,
884 2356 915 2385 &
927 2357 1001 2385 item
1013 2356 1070 2385 alia
1078 2358 1113 2385 in

158 2401 306 2440 gravitate,
315 2397 371 2427 alia
379 2395 471 2436 posita
479 2399 512 2426 in
522 2397 738 2427 mediocritate.
761 2396 813 2427 Est
821 2406 920 2427 autem
931 2397 1110 2431 cavendum,

159 2451 209 2474 ne,
221 2440 294 2470 dum
303 2440 366 2469 haec
375 2449 482 2479 genera
491 2437 706 2472 conseciamun
717 2440 749 2468 in
761 2438 938 2472 finitima‚&
947 2440 1115 2479 propinqua

157 2484 231 2512 vitia
237 2483 404 2512 veniamus.
429 2483 509 2510 Nam
519 2482 599 2522 gravi
610 2478 721 2521 figurae,
732 2490 796 2521 quae
806 2480 951 2511 laudanda
961 2480 1003 2510 est
1013 2501 1022 2514 2
1042 2491 1111 2521 pro—

157 2526 268 2565 pinqua
277 2522 319 2553 est
327 2533 360 2552 ea
371 2543 379 2556 ,
391 2532 456 2563 quae
465 2522 606 2563 fugienda
615 2521 658 2551 est
669 2542 677 2555 ,
689 2532 754 2562 qua:
765 2522 844 2552 redte
853 2522 1003 2553 videbitur
1013 2523 1114 2563 appel-

159 2567 223 2599 lari,
236 2564 256 2595 fi
261 2565 381 2605 sufflata
389 2564 605 2594 nominabitur.
628 2566 710 2593 Nam
722 2573 754 2593 ut
762 2566 894 2604 corporis
905 2565 1017 2594 bonam
1028 2565 1113 2594 habi-

159 2607 297 2638 tudinem
308 2616 410 2636 tumor
418 2608 550 2636 imitatur
559 2606 633 2644 saepe
645 2626 652 2638 ‚
673 2607 712 2635 ita
723 2608 816 2648 gravis
827 2607 920 2635 oratio
930 2606 1005 2646 saepe
1016 2608 1115 2646 impe—

158 2650 221 2679 ritis
232 2648 349 2679 videtur
357 2657 389 2677 ea
400 2667 409 2681 ‚
428 2658 492 2688 quae
503 2656 598 2688 turget
607 2666 616 2680 ‚
640 2647 672 2676 ἃ
682 2648 782 2677 inflata
791 2646 834 2677 est
844 2667 852 2680 ‚
872 2646 942 2677 cum
953 2657 1002 2677 aut
1012 2650 1112 2682 novis,

158 2699 207 2721 aut
215 2690 317 2732 priscis
326 2689 434 2723 verbis,
446 2698 496 2720 aut
505 2689 616 2720 duriter
625 2689 745 2719 aliunde
755 2688 897 2719 translatis
907 2709 916 2723 ‚
939 2698 987 2720 aut
996 2692 1114 2730 gravio—

201 2816 224 2833 1.
241 2810 337 2834 Partim
346 2810 469 2833 voluntate
477 2808 659 2842 consenserunt]
680 2809 855 2835 Lambiniana
865 2809 1017 2843 concefferunt
1028 2828 1036 2841 ,
1047 2808 1118 2845 quod

162 2843 190 2870 ὃ(
200 2843 228 2870 in
239 2843 348 2870 suffridi
359 2844 439 2870 nostri
452 2843 525 2870 libris
538 2863 546 2876 ‚
565 2844 593 2869 &
605 2845 698 2870 melius
712 2845 827 2871 videtur.

199 2887 227 2905 2.
246 2881 348 2905 Rubores
363 2879 470 2913 elicere]
492 2879 534 2906 Est
545 2881 560 2906 a
570 2880 722 2914 conjectura
733 2881 882 2908 Rancoueti
894 2900 904 2913 ‚
923 2889 981 2907 curn
992 2879 1119 2917 perstaret

163 2915 190 2942 in
209 2914 323 2942 manusc.
343 2915 464 2941 omuibus
474 2918 562 2950 ejicere.
581 2925 665 2951 neque
675 2916 818 2943 devertunt
830 2916 898 2943 Pall.
909 2914 1019 2944 suffridi
1030 2924 1118 2944 tamen

164 2959 216 2987 prae
227 2949 250 2977 se
261 2950 352 2978 ferunt
364 2970 372 2982 ‚
391 2953 495 2984 inficere.
515 2951 585 2987 quod
595 2952 695 2987 placuit
705 2953 862 2979 Gulielmio.

202 2994 229 3022 3.
251 2989 316 3012 Utne
327 2987 474 3021 adftlarium
484 2988 575 3022 quidem
587 3007 595 3020 ‚
614 2988 665 3018 &aa
687 2989 732 3022 sed
743 2997 802 3022 ponc
812 2990 908 3023 stanam
925 2989 955 3019 ἐν
965 2988 1117 3023 hujusmodi]

166 3021 233 3048 Haec
250 3022 285 3049 est
304 3023 430 3059 scriptura
441 3023 581 3050 meliorum
592 3024 660 3050 Pall.
672 3024 718 3050 nili
728 3024 799 3061 quod
810 3032 918 3065 quartus
929 3024 1014 3050 adhuc
1025 3023 1120 3050 lubeat

166 3060 308 3091 exercitare5
327 3058 369 3085 ubi
382 3059 463 3095 vulgo
471 3062 617 3086 exercitatus
618 3062 665 3093 fis.
686 3062 803 3097 Eratque
813 3070 841 3087 111
852 3062 898 3087 Br.
904 3068 986 3094 penes.

202 3099 231 3124 4-
247 3094 288 3120 Ad
303 3096 388 3128 confine
400 3104 475 3127 genus
491 3104 540 3128 glus
552 3097 668 3131 gencris.]
699 3097 784 3123 Palat.
794 3106 835 3133 pr.
845 3097 874 3122 &
884 3104 948 3123 ἵει-1Δ
961 3106 1012 3123 11011
1024 3096 1119 3123 habent

166 3125 233 3157 illud
239 3137 314 3162 genus
323 3147 332 3163 ,
350 3129 487 3166 exstatque
496 3131 525 3158 in
534 3131 621 3160 Bruil.
631 3133 665 3158 ad
671 3135 795 3167 censimum
805 3133 966 3167 qim-generis5
977 3132 1048 3168 quod
1059 3141 1121 3169 pro-

1127 1681 1129 1683 *
1153 1649 1284 1679 utfacile
1295 1650 1407 1680 satietas
1426 1653 1564 1682 varietate
1582 1655 1702 1683 vitetur.

86 1706 131 1733 10
148 1690 304 1734 postquam
313 1689 446 1731 perfusus
455 1688 508 1723 est,
521 1689 664 1719 defricati.
700 1690 820 1720 Deinde
829 1711 837 1724 ,
851 1691 903 1720 ubi
914 1689 1012 1720 visum
1023 1689 1108 1719 estut
1127 1696 1129 1700 ’

148 1737 183 1766 111
202 1735 320 1764 alveum
332 1731 522 1761 descenderet
531 1751 539 1765 ‚
560 1742 626 1761 ecce
637 1731 680 1761 ibi
692 1731 743 1762 iste
754 1731 791 1761 de
801 1732 965 1762 transverso
977 1751 985 1764 ‚
1011 1734 1103 1765 Hem,
1127 1729 1129 1742 l

2047 134 2103 179 23

1146 193 1237 227 ribus,
1248 194 1339 235 quam
1349 205 1392 225 res
1402 195 1540 236 postulat,
1553 196 1666 238 aliquid
1677 197 1786 228 dicitur
1796 218 1804 231 ,
1817 198 1876 228 hoc
1888 198 1980 229 mod-3
1993 209 1999 228 t
2020 202 2074 230 NA
2081 210 2105 229 11

1125 270 1126 279 ¹
1147 244 1208 274 er
1230 246 1547 269 PERDLTELLIONIBUS
1566 239 1699 269 venditat
1717 242 1840 280 patriam
1852 260 1859 273 ‚
1883 250 1949 271 non
1962 241 2026 271 satis
2039 242 2105 282 sup-

1145 277 1229 314 plicii
1239 276 1362 312 dederit,
1375 277 1395 308 si
1404 289 1531 320 praeceps
1541 282 1574 311 in
1586 283 1752 321 Neptunias
1764 281 1902 321 depultus
1913 285 1966 313 crit
1977 283 2102 313 lacunas.

1146 319 1274 348 Poenitet
1283 321 1371 359 igitur
1382 321 1483 355 istum,
1494 325 1545 363 qui
1557 325 1688 353 monte-is
1699 324 1771 354 belli
1780 323 1935 354 fabricatus
1950 324 1992 354 est
2005 346 2012 358 ‚
2024 336 2106 355 cam-

1146 367 1200 396 pos
1220 359 1336 389 sustulit
1347 365 1433 400 pacis.
1461 367 1496 393 In
1508 366 1564 394 hoc
1575 375 1668 406 genus
1678 366 1810 405 plerique
1821 376 1891 395 cum
1901 365 2103 399 deciinzfi'enr,

1148 399 1180 445 ὃς
1192 399 1227 442 ab
1236 410 1283 432 eo,
1295 402 1356 440 quo
1367 404 1492 441 proiee'ti
1503 407 1580 439 suut,
1594 407 1800 437 aberraverunt
1811 428 1818 440 ‚
1832 407 1864 436 &
1877 407 1969 447 specie
1982 418 2108 449 gravita-

1146 448 1182 469 t1⁵
1204 441 1348 471 fflhmtur
1358 463 1365 475 2
1388 454 1442 474 nec
1460 448 1625 486 prospicere
1643 448 1761 488 pofl'unt
1782 451 1924 478 orationis
1944 458 2105 479 tun-:orem-

1148 484 1208 521 Qi
1222 492 1254 511 in
1265 483 1415 514 mediocre
1426 496 1517 525 gemm
1529 492 1670 519 orationis
1681 489 1807 530 profecti
1819 491 1884 520 sunt
1895 511 1903 524 ‚
1925 489 1944 520 si
1956 501 2108 524 pervenite
2133 503 2139 524 1
2158 503 2167 524 x

1146 523 1184 569 eo
1205 534 1268 553 non
1285 533 1444 563 poterunt,
1467 538 1593 559 errantes
1612 535 1791 570 perveniunt
1806 532 1867 562 4ad
1885 525 2006 562 confine
2017 543 2108 569 uenus

1146 574 1209 614 ejxus
1220 567 1336 612 generis
1347 586 1355 598 ,
1378 570 1390 592 ἴ
1402 569 1480 607 quod
1493 572 1827 610 appellamusflnstnans
1838 595 1846 606 ,
1868 574 1900 603 &
1911 565 2085 604 diilblufeum
2100 586 2104 602 :

1147 616 1184 635 eo
1195 606 1277 647 quod
1289 605 1348 651 sine
1359 611 1459 638 nervis
1472 630 1479 642 ‚
1494 610 1524 639 δε
1535 614 1663 642 articulis
1675 614 1797 645 1111811111
1808 616 1864 644 huc
1876 616 1908 645 <Sc
1920 616 1992 646 illuc
2004 637 2012 649 ,
2026 614 2040 635 ⁶
2052 626 2106 645 nec

1146 647 1242 687 potest
1252 650 1427 680 confirmate
1439 671 1447 683 ‚
1470 661 1564 691 neque
1575 656 1701 684 viriliter
1711 657 1769 686 sese
1780 657 1929 696 expedire.
1953 658 1988 687 id
2000 657 2041 687 est
2052 658 2108 687 1111-

1143 689 1279 728 jusmodi
1293 701 1297 719 2
1327 693 1420 721 Sacri
1443 702 1563 723 iiosrnr
1584 694 1655 724 cum
1677 697 1847 738 belligerare
1867 699 2026 729 nobiscum
2046 700 2110 728 vel-

1124 772 1125 775 Ἰ
1146 731 1227 764 lent,
1248 730 1385 771 profesto
1404 736 1570 764 ratiocinati
1589 735 1682 766 essent
1700 741 1789 768 etiam
1811 748 1894 780 atque
1905 743 1994 770 etiam
2007 761 2014 773 ‚
2036 741 2108 781 quid

1146 771 1263 812 poss'ent
1273 773 1378 808 facere,
1391 773 1411 804 fi
1421 775 1544 816 quidem
1557 777 1605 807 sua
1616 778 1717 817 sponte
1728 779 1856 810 facerent
1869 802 1875 813 ,
1899 782 1931 811 86
1945 793 2008 812 non
2019 783 2108 812 ime-

1147 824 1213 844 rent
1223 813 1270 845 hic
1280 815 1428 854 adjutores
1439 818 1552 848 inultos
1565 839 1573 851 ,
1596 819 1627 848 &
1638 830 1667 848 m
1674 820 1734 850 ilos
1746 822 1884 851 homines
1898 843 1905 855 ‚
1920 824 1951 852 {se
1963 824 2106 853 audzzceis.

1124 881 1126 899 ᾗ
1147 857 1251 886 Solent
1261 859 1344 886 enim
1355 857 1408 887 diu
1418 861 1546 898 cogitare
1557 870 1664 890 omnes
1677 882 1683 894 ‚
1696 865 1747 902 qui
1759 872 1865 900 magna
1876 874 1992 905 negotia
2001 865 2108 895 volunt

144 909 245 930 tamen
254 899 397 929 omnibus
407 897 494 927 rebus
506 895 721 929 instructiores,
734 907 765 926 ac
775 899 933 937 paratiores
943 899 1080 927 venirent
1093 908 1102 930 3
1125 909 1126 912 ¹
1808 895 1817 902 ⁹

1146 908 1239 938 agere·
1272 901 1346 928 Non
1355 899 1451 938 potest
1463 902 1637 941 hujusmodi
1649 903 1745 933 sermo
1757 912 1855 933 tencre
1867 914 2010 935 attentum.
2023 906 2106 936 audi-

1147 948 1254 969 torem*
1276 939 1388 970 diffluit
1405 944 1490 972 enim
1511 952 1590 973 totus
1602 964 1609 976 ‚
1632 955 1727 984 neque
1737 947 1897 986 quicquam
1909 949 2107 986 comprehcn—

1148 981 1222 1025 dens
1232 981 1370 1026 perfeEhS
1382 984 1480 1013 verbis
1491 985 1689 1024 amplectitur.
1714 989 1774 1028 Qi
1793 997 1856 1016 non
1875 987 1995 1026 poss‘unt
2017 991 2047 1018 in
2062 990 2110 1019 illa

1148 1022 1322 1053 tacetiflima
1331 1025 1493 1055 verborum
1503 1030 1703 1057 attenuatione
1722 1028 1886 1058 commod:
1905 1030 2011 1059 versari
2022 1050 2029 1062 ,
2059 1040 2110 1059 ve—·

1151 1067 1241 1094 niunt
1251 1065 1286 1095 ad
1296 1065 1413 1097 aridum
1425 1087 1433 1100 ‚
1456 1068 1489 1097 δε
1499 1069 1646 1109 exsangue
1655 1072 1903 1110 genus-orationis
1914 1091 1921 1103 ‚
1942 1071 2024 1111 quod
2046 1082 2108 1100 11011

1147 1107 1282 1136 alienum
1293 1106 1335 1137 est
1345 1108 1415 1137 exile
1424 1112 1585 1142 nominari,
1594 1111 1763 1150 cujusmodi
1773 1111 1816 1142 est
1825 1113 1883 1141 hoc
1897 1123 1901 1141 :
1922 1115 2007 1142 ΝΛΜ
2022 1122 2085 1141 1511
2094 1123 2111 1141 c

1149 1148 1200 1177 ille
1212 1148 1247 1178 ad
1258 1149 1374 1179 balneas
1385 1149 1514 1180 acceffit:
1531 1151 1567 1181 ad
1578 1153 1658 1182 hunc
1668 1152 1768 1193 postea
1779 1153 1861 1187 dicit,
1875 1154 1922 1183 liic
1933 1163 2000 1183 tuus
2012 1154 2109 1183 servus

1150 1200 1200 1219 me
1219 1191 1352 1229 pulsavit.
1389 1191 1492 1222 Postea
1510 1192 1583 1223 dicit
1600 1194 1650 1224 hic
1669 1196 1734 1228 illi,
1755 1194 1956 1225 considerabo
1983 1195 2051 1226 Post
2061 1196 2112 1224 ille

1151 1233 1221 1261 huic
1231 1234 1407 1263 convicium
1417 1233 1498 1267 fecit,
1514 1235 1546 1265 &
1557 1237 1817 1277 magis‚magisque
1829 1237 2020 1276 praesentibus
2031 1247 2061 1266 m
2067 1237 2113 1266 ul-

1150 1275 1186 1303 tis
1198 1274 1344 1304 clamavit.
1369 1276 1504 1306 Frivolus
1518 1277 1566 1307 hic
1577 1278 1700 1317 quidem
1710 1281 1783 1318 jam,
1793 1279 1826 1308 &
1836 1278 1991 1308 illiberalis
2002 1278 2044 1308 est
2055 1279 2111 1309 ser-

1149 1325 1214 1345 mo.
1239 1318 1313 1347 Non
1324 1318 1409 1346 enim
1419 1317 1540 1357 adePtus
1551 1318 1594 1349 est
1604 1319 1645 1353 id,
1658 1320 1738 1360 quod
1750 1320 1838 1350 habet
1848 1328 1993 1350 attenuata
2005 1319 2106 1362 figura,

1144 1359 1232 1397 'puris
1243 1357 1352 1391 verbis,
1365 1358 1398 1388 &
1407 1359 1509 1389 electis
1522 1380 1530 1393 ,
1541 1361 1737 1400 compositam
1753 1363 1931 1391 orationem.
1955 1364 2052 1391 Omne
2062 1372 2114 1403 ge-

1151 1408 1207 1428 nus
1219 1400 1412 1433 orationis‚&
1421 1411 1518 1442 grave,
1531 1402 1564 1432 &
1574 1403 1737 1436 mediocre,
1750 1404 1782 1433 &
1793 1412 1977 1434 attenuatum
1993 1424 2002 1437 ‚
2015 1403 2114 1444 digni-

1150 1449 1207 1470 tate
1217 1439 1351 1471 afficiunt
1361 1445 1573 1473 exornationes
1586 1464 1595 1477 ‚
1606 1445 1642 1474 de
1654 1445 1761 1485 quibus
1772 1444 1839 1485 post
1849 1445 1879 1474 lo
1902 1455 2009 1474 uemur
2020 1457 2028 1478 ;
2048 1455 2114 1486 qua:

1150 1480 1170 1512 si
1182 1492 1251 1513 rarae
1260 1482 1457 1523 disponentur
1466 1505 1474 1518 ‚
1487 1484 1659 1516 distinctam
1672 1507 1679 1520 ‚
1702 1485 1786 1516 sicuti
1797 1455 1929 1516 colonius
1938 1497 1950 1513 .·
1976 1484 1997 1516 si
2006 1488 2114 1516 crebra:

1150 1524 1387 1559 collocabuntur,
1399 1525 1526 1557 oblitam
1539 1527 1667 1558 reddunt
1676 1537 1855 1558 orationem.
1877 1528 1932 1559 Sed
1946 1527 2068 1569 figuram
2080 1531 2115 1558 in

1149 1565 1279 1596 dicendo
1289 1570 1472 1597 commutari
1482 1577 1615 1608 oportet,
1637 1578 1670 1600 ut
1678 1580 1798 1611 gravem
1810 1569 1982 1604 mediocris,
1994 1570 2112 1600 rnedio-

1151 1617 1233 1637 crem
1243 1610 1371 1648 excipiat
1380 1617 1534 1640 attenuata.
1558 1611 1679 1641 Deinde
1691 1611 1859 1642 identidem
1872 1620 2110 1644 commutentur,

1152 1691 1311 1733 generibus
1330 1692 1463 1722 elocutio
1481 1694 1587 1724 versari
1601 1694 1725 1728 debeat,
1745 1695 1861 1725 dictum
1873 1695 1918 1725 est
1928 1716 1936 1729 ‚
1956 1695 2111 1725 videamus

1153 1743 1245 1766 nunc,
1257 1743 1327 1774 quas
1342 1743 1386 1763 res
1399 1734 1504 1765 debeat
1512 1736 1618 1766 habere
1628 1736 1760 1766 elocutio
1771 1736 1933 1767 commoda
1944 1757 1952 1770 ‚
1973 1737 2006 1767 &
2017 1736 2113 1776 peri-‘e-

1155 1774 1209 1804 Eta.
1220 1777 1294 1815 Qae
1306 1775 1439 1806 maxime
1450 1776 1617 1807 admodum
1627 1781 1735 1808 oratori
1744 1779 1971 1809 accommodata
1979 1778 2031 1811 est,
2043 1780 2112 1808 treis

1154 1826 1199 1846 res
1210 1819 1242 1846 in
1254 1818 1283 1846 se
1292 1817 1380 1847 debet
1390 1817 1507 1852 habere,
1521 1820 1698 1861 elegantiam
1709 1840 1717 1854 ‚
1729 1819 1980 1860 compositionem
1992 1840 2000 1854 ‚
2013 1820 2114 1861 digni-

1154 1868 1254 1889 tatem.
1284 1859 1437 1900 Elegantia
1444 1859 1488 1889 est
1496 1880 1505 1894 ,
1518 1871 1584 1901 quae
1595 1860 1664 1891 facit
1676 1882 1684 1895 ‚
1696 1870 1728 1891 ut
1738 1862 1968 1903 unumquidque
1977 1862 2049 1901 pure
2060 1882 2068 1895 ‚
2081 1861 2114 1891 &

1153 1900 1251 1941 aperte
1263 1900 1322 1930 dici
1332 1900 1473 1931 videatur.
1489 1903 1551 1932 haec
1561 1902 1747 1933 distribuitur
1757 1905 1789 1933 in
1800 1905 2003 1936 Latinitatem,
2018 1903 2050 1933 δε
2061 1913 2113 1932 ex-

1155 1943 1372 1982 planationem.
1401 1945 1545 1973 Latinitas
1555 1944 1608 1977 est,
1620 1955 1685 1985 quae
1695 1945 1867 1975 sermonem
1875 1955 1984 1985 purum
1995 1945 2115 1974 conser-

1157 1993 1215 2016 vat,
1227 1983 1263 2013 ab
1274 1986 1362 2013 omni
1374 1986 1449 2013 vitio
1459 1994 1620 2015 remotum.
1646 1988 1726 2015 Vitia
1734 1988 1767 2015 in
1779 1986 1928 2020 sermone,
1939 1996 2000 2026 quo
2011 1988 2113 2015 minus

1158 2027 1182 2054 is
1195 2026 1319 2054 Latinus
1330 2023 1363 2054 fit
1374 2045 1381 2058 ‚
1394 2025 1454 2055 duo
1464 2025 1586 2065 pofl'unt
1594 2025 1652 2056 effe
1665 2037 1669 2055 :
1693 2027 1886 2057 Soloecismus
1897 2047 1904 2060 ‚
1926 2028 1957 2057 &
1968 2027 2115 2056 Barbm-is-

1160 2076 1238 2095 mus.
1261 2066 1454 2096 Soloecismus
1467 2066 1594 2101 est‚cum
1604 2068 1701 2097 verbis
1711 2069 1845 2107 pluribus
1856 2069 2039 2109 consequens
2049 2078 2116 2097 ver-

1155 2149 1281 2178 verbum
1300 2149 1420 2189 aliquod
1439 2151 1544 2180 vitiose
1565 2149 1693 2180 effertur.
1726 2154 1798 2181 Haec
1816 2162 1872 2192 qua
1891 2154 2002 2181 ratione
2022 2155 2090 2181 vitaz
2098 2162 2114 2181 e

1155 2189 1298 2230 poffimus
1309 2211 1317 2224 ‚
1330 2193 1362 2219 in
1372 2200 1430 2220 arte
1441 2193 1641 2222 Grammatira
1655 2198 1668 2221 7
1683 2192 1816 2223 dilucide
1828 2194 1985 2224 discemus.
2007 2193 2117 2232 Expla-

1156 2234 1238 2262 natio
1248 2231 1300 2265 est,
1313 2242 1378 2272 quae
1389 2233 1485 2262 reddit
1494 2243 1620 2272 apertam
1633 2255 1641 2268 ,
1655 2235 1687 2264 &
1698 2234 1862 2265 dilucidam
1873 2237 2050 2265 orationem.
2075 2237 2116 2264 Ea

1154 2282 1339 2313 comparatur
1350 2274 1462 2304 duabus
1473 2276 1569 2309 rebus>
1582 2274 1689 2306 usitatis
1699 2276 1808 2309 verbis,
1822 2277 1854 2306 ὃ(
1863 2279 1997 2316 propriis.
2020 2274 2117 2306 Ufita-

1156 2324 1183 2346 ta
1192 2315 1259 2345 sunt
1266 2325 1310 2349 ea,
1322 2326 1387 2356 que:
1398 2317 1548 2346 versantur
1557 2319 1589 2347 in
1601 2318 1739 2347 sermone
1750 2338 1758 2351 ‚
1772 2318 1804 2347 &
1815 2318 2030 2349 consuetudine
2041 2328 2117 2358 quo-

1156 2356 1276 2387 tidiana.
1308 2360 1428 2397 Propria
1437 2378 1445 2391 ‚
1461 2368 1525 2399 quae
1537 2359 1601 2397 ejus
1611 2362 1653 2389 rei
1664 2360 1753 2389 verba
1762 2360 1829 2389 sunt
1840 2381 1847 2393 ‚
1859 2369 1908 2390 aut
1917 2358 1974 2389 effe
1983 2359 2114 2399 possunt,

1155 2398 1257 2439 quade
1268 2399 1436 2439 loquemur.
1460 2403 1679 2435 composino,
1691 2401 1732 2431 est
1744 2402 1906 2431 verborum
1917 2400 2112 2434 construstio,

1157 2451 1222 2481 quae
1239 2439 1309 2470 facit
1327 2451 1448 2471 omneis
1467 2444 1572 2481 parteis
1592 2445 1734 2473 orationis
1754 2443 1937 2483 aequabiliter
1945 2443 2115 2482 pei-politas*

1157 2485 1199 2512 Ea
1208 2482 1430 2513 conservabitur
1440 2503 1447 2516 ,
1469 2481 1489 2512 fi
1498 2482 1649 2523 fugiemus
1660 2484 1772 2514 crebras
1782 2485 1933 2513 vocalium
1945 2482 2115 2513 concursio-

1157 2533 1222 2557 ne3‚
1232 2534 1298 2564 quae
1307 2523 1429 2558 vastam,
1442 2534 1525 2565 atque
1536 2527 1668 2555 hiantem
1680 2528 1847 2555 orationem
1858 2525 1995 2558 reddunt,
2016 2534 2048 2555 ut
2057 2527 2115 2555 hoc

1159 2565 1201 2595 est
1214 2576 1219 2594 z
1239 2568 1330 2594 Bacca»
1340 2577 1409 2595 enea:
1417 2565 1623 2596 amoeniffimae
1634 2566 1848 2606 impendebant
1858 2588 1867 2600 ‚
1880 2567 1912 2596 δε
1923 2566 1943 2596 fi
1954 2567 2116 2596 vitabimus

1157 2607 1290 2642 eiusdem
1303 2608 1406 2638 litterae
1416 2610 1542 2638 nimiam
1554 2606 1747 2638 assiduitatem
1760 2619 1765 2636 :
1787 2611 1834 2638 cui
1853 2611 1929 2638 vitio
1947 2608 2046 2638 versus
2067 2609 2117 2637 hic

1159 2650 1214 2678 erit
1223 2650 1375 2689 exemplo.
1399 2660 1468 2679 nam
1479 2647 1526 2678 hic
1536 2650 1613 2678 nihil
1625 2649 1765 2689 prohibet
1774 2652 1806 2679 in
1818 2653 1899 2680 vitiis
1910 2671 1918 2683 ,
1939 2650 2044 2680 alicnis
2063 2660 2116 2679 ex-

1161 2691 1269 2731 emplis
1280 2700 1322 2720 uti
1335 2701 1340 2720 ;
1351 2711 1374 2725 ,,
1387 2693 1409 2718 O
1423 2692 1497 2724 Tne,
1509 2698 1569 2720 tute
1580 2692 1660 2724 Tan,
1671 2689 1725 2720 nbi
1737 2698 1818 2721 tama
1829 2701 1942 2734 tyranne
1953 2690 2055 2727 musti.
2080 2694 2116 2721 Et

2066 2734 2116 2762 hic

1160 2818 1222 2836 num
1234 2809 1269 2835 est
1280 2816 1382 2835 mutare
1393 2817 1450 2834 cum
1463 2807 1610 2833 Gulielinio
1620 2807 1646 2833 in
1659 2811 1790 2842 confinium.

1198 2854 1223 2878 5.
1243 2845 1309 2878 Qod
1317 2845 1586 2877 ‹rppcllamtesfluffimns
1595 2844 1625 2874 ὠ
1633 2844 1789 2878 d{,]2›lutum.]
1802 2843 1888 2870 Palat.
1899 2844 1986 2879 quint.
1999 2842 2025 2867 δῖ
2036 2841 2115 2868 Febr.

1161 2881 1413 2916 respuuntfluffimns
1427 2899 1433 2911 ‚
1447 2880 1498 2910 &a
1518 2879 1598 2906 ceteri
1611 2881 1673 2906 vero
1686 2880 1752 2906 Pnll.
1764 2880 1909 2906 excludunt
1922 2899 1929 2911 ‚
1940 2878 2117 2911 &13¹[2⁷&l¹¹!¹·‘⁷⁷11

1161 2924 1266 2942 retento
1276 2917 1464 2949 illoflm‘htans.
1484 2915 1511 2940 Sc
1522 2914 1613 2941 malim
1625 2915 1684 2941 lane
1695 2917 1821 2952 primum.

1197 2953 1224 2978 6.
1243 2956 1291 2977 Nec
1304 2953 1374 2984 potest
1391 2951 1524 2985 confirmare
1535 2970 1542 2983 ‚
1561 2960 1632 2985 neque
1650 2952 1782 2985 ··1.'ililirer.]
1811 2950 1902 2986 Scripsi
1922 2950 1959 2976 ita
1977 2958 2035 2975 cum
2058 2948 2101 2974 Pal
2111 2968 2116 2973 .

1161 2995 1255 3024 quarto
1267 2988 1293 3013 &
1306 2986 1390 3013 Bruil.
1401 2995 1432 3012 ac
1442 2986 1520 3012 Fabr.
1533 2986 1639 3023 vulgata
1651 2997 1658 3019 5
1679 2998 1720 3014 nec
1735 2989 1802 3021 saites?
1820 2997 1858 3012 con
1869 2990 1956 3012 irmafe
1967 3005 1975 3017 ‚
1993 2994 2034 3011 mc
2051 2988 2118 3009 τω-

1159 3027 1222 3050 Ιίῑσν.

1195 3068 1223 3095 7.
1242 3058 1347 3084 Dilucide
1363 3058 1499 3093 discemus]
1519 3059 1588 3085 Pau.
1599 3066 1652 3086 tres
1663 3059 1772 3085 dicemm.
1793 3057 1956 3094 exemplaria
1966 3056 2118 3094 examinata

1161 3094 1278 3122 stiffi-ido
1289 3094 1387 3125 nostro,
1397 3094 1463 3121 item
1473 3094 1552 3122 Fabr.
1565 3095 1593 3122 δί
1602 3096 1649 3123 Br-
1659 3096 1767 3122 Animus.
1778 3094 1850 3122 rcc‘ti:
1863 3094 1969 3129 putabat
1980 3090 2116 3119 emendari

1162 3130 1322 3160 Gulielmius
1333 3131 1356 3155 di
1369 3132 1450 3158 cimus.

2014 3171 2023 3189 1
2032 3182 2036 3187 .
2047 3162 2117 3189 Bon&

1747 1656 1936 1694 Qoumru,
1959 1653 2067 1694 quibus
2079 1656 2112 1684 in
2136 1663 2177 1687 12
