2360 3400
640 91 775 123 >DE

177 173 228 195 ses
238 170 317 195 tanta
325 161 431 202 suscipi
441 156 547 201 potest.
569 166 731 200 utrumque
742 166 818 199 opus
828 156 871 188 est
880 177 888 191 ‚
910 158 943 190 &
952 168 1020 188 cura
1031 167 1144 193 vacare,

179 206 213 236 δε
234 206 371 245 negorio.
406 212 481 232 Αττ.
505 202 610 242 Qid?
628 201 663 231 ad
680 210 775 231 cetera
793 207 870 241 (quae
892 199 1027 240 scripfisti
1045 202 1139 239 plura,

175 249 268 287 quam
290 247 448 287 quisquam
468 244 485 274 ὲ
508 243 630 282 nostris)
651 243 732 284 quod
756 242 811 272 tibi
833 241 952 272 tandem
966 251 1084 281 tempus
1094 251 1144 272 va-

174 298 267 319 cuum
282 288 341 318 suit
360 284 536 318 concess'um
550 288 561 315 ?
581 287 626 315 Μ.
637 283 786 315 Subficiva
801 283 936 324 quaedam
950 285 1142 322 temporain—

174 339 301 360 currunt
313 339 319 346 ·
343 338 409 369 quae
424 338 479 369 ego
490 330 583 367 perire
594 336 657 357 non
666 329 763 366 patior
775 336 781 354 z
805 335 837 355 ut
848 324 922 365 siqui
932 324 995 355 dies
1005 324 1041 353 ad
1052 323 1140 353 rusti-

172 372 305 402 candum
330 370 391 401 dati
413 369 467 399 fint
480 390 487 402 ‚
506 369 542 400 ad
566 378 671 399 eorum
681 377 844 398 numerum
854 366 1137 399 accommodentur,

173 422 241 453 quae
261 412 426 443 scribimus.
451 410 574 447 Historia
594 409 665 441 verb
676 420 731 440 nec
743 408 860 439 institui
869 407 965 447 potest
978 427 985 441 ,
1001 405 1055 453 nisi
1065 416 1139 446 prae-

172 451 273 493 parato
284 464 349 485 otio
360 474 368 488 ,
381 464 436 484 nec
445 457 555 495 exiguo
566 462 625 482 tem
631 461 701 491 pore
711 450 833 481 absolvi:
846 450 879 479 &
893 459 948 489 ego
957 459 1053 479 animi
1063 458 1137 488 pen-

174 495 244 526 dere
261 497 363 530 soleo,
384 495 457 526 cum
476 494 568 526 semel
578 494 651 535 quid
664 493 768 526 orsus,
793 491 930 522 traducor
939 489 1017 520 alio:
1038 499 1136 530 neque

173 546 234 567 tam
246 537 336 568 facile
345 540 508 577 interrupta
517 545 661 569 contexo,
673 535 762 575 quam
775 533 897 564 absolvo
908 531 1134 562 instituta-Ars.

172 580 372 619 Legationem
393 580 526 619 aliquam
548 579 718 607 ¹nimitum
738 577 834 606 oratio
853 573 906 604 ista
916 573 1065 614 postulat,
1087 582 1137 603 aut

171 622 323 660 ejusmodi
343 630 517 662 quampiam
532 623 547 639 2
559 617 720 649 ceffionem
732 618 857 647 liber-am
870 636 879 649 ‚
899 625 984 656 atque
994 615 1133 645 otiosam.

174 664 296 704 M·Ego
315 662 389 694 verb
416 664 502 691 atatis
526 659 629 702 potius
658 660 806 689 vacationi
823 656 1016 688 confidebam
1028 677 1048 703 ,ἡ
1061 656 1132 686 cum

170 705 336 744 praesertim
355 714 418 735 non
438 704 601 734 recusarem
615 722 623 735 ‚
642 712 705 743 quo
716 700 820 730 minus
830 708 1018 744 morevpatrio
1031 698 1135 744 ledens

170 748 205 775 in
216 746 291 776 solio
298 746 526 777 consulentibus
539 744 777 784 responderem‚3
787 739 989 786 [haesitansque
998 750 1048 769 non
1059 750 1132 787 mer-

169 794 205 817 tu
213 797 296 828 grato
307 808 315 821 ,
334 798 420 828 atque
439 786 566 817 honesto
575 789 714 825 fungerer
729 794 864 814 munere.
886 786 903 809 4
912 788 950 812 lic
960 791 1044 811 enim
1054 783 1133 811 mihi

170 829 275 859 liceret
289 830 323 860 δε
344 830 391 859 isti
403 839 444 858 rei
457 849 466 861 ‚
485 837 575 868 quam
586 826 749 859 desideras,
771 825 803 855 ὃς
817 824 923 854 multis
933 823 1132 856 uberioribus,

169 880 260 911 atque
279 871 462 909 majoribus,
481 878 597 906 operae,
615 876 764 907 quantum
785 867 896 896 vellem
915 884 923 899 ‚
946 865 1021 894 dare.
1055 875 1132 894 ATT-

134 924 159 955 4
172 910 266 951 Atqui
279 921 384 941 vereor
394 929 403 943 ,
416 920 453 939 ne
465 908 550 938 istam
562 910 678 938 causam
691 917 784 937 nemo
795 908 914 936 noscat:
932 906 1044 946 tibique
1054 907 1132 936 sem-

168 961 222 992 per
232 952 395 982 dicendum
415 949 468 984 fit,
488 951 520 980 &
538 960 576 980 eo
596 952 710 991 magis,
731 948 815 989 quod
828 958 854 978 te
865 948 924 988 ipse
934 947 1075 981 mutasti,
1099 948 1132 978 δε

167 993 249 1023 aliud
262 994 382 1024 dicendi
394 991 546 1023 instituisti
555 1001 649 1032 genus
662 1003 667 1020 2
679 1000 710 1020 ut
719 990 979 1031 quemadmodum
990 989 1130 1024 Roscius,

166 1034 326 1065 familiaris
344 1045 411 1066 tuus
421 1054 430 1067 .
450 1036 484 1064 in
495 1032 644 1064 senectute
654 1036 668 1059 θ’
679 1041 823 1062 numeros
832 1035 863 1062 in
873 1040 961 1062 cantu
970 1041 1129 1065 cecinerat,

167 1077 302 1117 ipsasque
322 1078 462 1107 tardiores
481 1075 590 1105 fecerat
608 1075 709 1105 tibias:
735 1073 772 1104 sic
793 1082 823 1103 tu
843 1072 1129 1107 acontentionibus‚

165 1118 279 1159 quibus
297 1119 425 1148 summis
437 1119 479 1147 uti
490 1116 603 1147 solebas
616 1135 624 1150 ,
644 1115 782 1156 quotidie
792 1116 905 1145 relaxes
916 1114 1029 1154 aliquid
1041 1134 1050 1148 ‚
1072 1113 1087 1134 ⁶
1100 1124 1131 1145 ut

164 1160 230 1201 jam
241 1161 338 1190 oratio
348 1169 397 1190 tua
407 1169 468 1189 non
482 1157 615 1188 multum
627 1158 643 1187 a
652 1157 905 1197 philosophorum
918 1157 1037 1186 lenitate
1048 1155 1129 1186 absit.

164 1202 250 1242 quod
263 1201 404 1231 sustinere
414 1200 485 1231 cum
499 1197 795 1240 velsummasened'tus
802 1197 885 1238 posse
896 1197 1029 1228 videatur
1041 1217 1049 1231 ,
1059 1199 1130 1227 nul-

168 1242 229 1273 lam
244 1243 300 1274 tibi
320 1244 336 1273 a
353 1241 442 1273 caufis
457 1245 644 1273 vacationem
654 1242 744 1271 video
755 1240 826 1270 dari.
851 1243 909 1280 Q.
933 1244 948 1268 7
961 1243 1000 1269 At
1011 1240 1128 1269 meher—

163 1285 233 1315 cule
253 1295 308 1326 ego
331 1284 489 1314 arbitrabar
510 1282 592 1323 poffe
614 1283 644 1313 id
662 1282 776 1322 populo
795 1281 898 1312 nostro
908 1281 1026 1320 probari
1040 1300 1048 1314 ‚
1069 1279 1127 1311 site

163 1327 257 1366 adjus
269 1326 512 1366 respondendum
524 1323 658 1355 dedisses.
681 1324 880 1364 quamobrem
890 1343 898 1357 ,
908 1322 979 1352 cum
990 1322 1127 1362 placebit,

162 1369 384 1407 experiendum
397 1367 451 1398 tibi
461 1367 577 1398 censeo.
602 1368 646 1395 M.
670 1366 706 1395 Id
716 1385 724 1399 ,
737 1364 882 1405 fiquidem
896 1385 904 1398 ‚
918 1367 1044 1405 Qinte,
1057 1365 1127 1394 nul-

163 1409 229 1439 lum
241 1408 311 1439 effet
330 1412 362 1439 in
375 1407 559 1448 experiendo
572 1408 750 1447 periculum.
774 1407 822 1436 sed
833 1416 953 1439 vereor,
976 1416 1031 1440 ne,
1051 1406 1126 1436 dum

163 1451 288 1479 minuere
297 1451 388 1481 velim
400 1450 533 1480 laborem
547 1469 554 1482 ‚
575 1458 696 1488 augeam
709 1468 716 1480 ‚
737 1456 823 1487 arque
832 1448 868 1477 ud
880 1448 962 1477 illam
974 1448 1125 1477 causarum

167 1502 289 1531 operam
302 1511 311 1525 ,
320 1492 356 1522 ad
365 1501 456 1531 quam
466 1500 521 1531 ego
532 1499 699 1530 numquam
711 1487 765 1518 nisi
775 1498 890 1527 paratus
901 1508 910 1521 ‚
924 1489 956 1518 &
967 1489 1127 1519 meditatus

122 1560 125 1565 ,
162 1534 292 1566 accedo,
313 1533 487 1573 adiungatur
505 1533 569 1564 haec
584 1532 875 1570 jurisinterpretatio
887 1548 895 1562 ‚
917 1540 1055 1569 quaenon
1065 1539 1126 1560 tam

165 1574 244 1604 mihi
255 1573 383 1604 molesta
394 1573 427 1603 fit
436 1582 558 1613 propter
566 1572 699 1602 laborem
711 1590 720 1605 ,
743 1572 833 1611 quam
846 1570 930 1611 qubd
940 1571 1062 1600 dicendi
1071 1581 1125 1601 co—

152 1618 341 1655 -gitationem
365 1614 493 1648 auferat,
515 1613 575 1644 sme
596 1624 653 1655 qua
671 1613 707 1643 ad
727 1613 844 1643 nullam
857 1621 970 1651 majore
979 1621 1124 1653 umquam

156 1657 279 1688 causam
300 1658 365 1687 sum
385 1657 471 1687 ausus
491 1656 638 1686 accedere.
672 1664 748 1684 Arr.
781 1655 866 1695 Qin
885 1656 976 1693 igitur
992 1653 1047 1684 ista
1063 1655 1124 1694 ipsa

159 1700 293 1738 explicas
304 1699 393 1728 uobis
409 1700 455 1727 his
464 1697 616 1728 subsicivis
627 1716 636 1730 ,
656 1705 688 1727 ut
697 1697 739 1726 ais
751 1715 760 1729 ,
780 1695 966 1734 temporibus
979 1714 987 1728 ,
1006 1695 1038 1725 &
1048 1705 1123 1726 con-

153 1740 267 1770 ,scribis
286 1740 321 1770 de
333 1741 399 1780 jure
418 1740 503 1769 civili
522 1738 680 1772 subtilius,
699 1740 790 1777 quam
807 1738 921 1766 ceteri?
941 1738 1023 1766 Nam
1036 1737 1122 1777 apri-

161 1790 360 1822 motempore
382 1790 473 1812 aetatis
495 1778 699 1817 juristuderete
710 1780 840 1808 memini
851 1797 860 1810 ‚
879 1776 950 1823 cum
961 1778 1022 1817 ipse
1032 1787 1121 1808 etiarn

152 1825 198 1854 -ad
208 1824 372 1854 Scaevolam
391 1825 568 1853 ventitarern
583 1833 588 1850 z
609 1831 707 1861 neque
726 1829 872 1860 umquam
897 1820 975 1848 mihi
990 1819 1069 1849 visus
1079 1819 1122 1850 est

164 1866 241 1895 itate
255 1865 290 1895 ad
301 1865 464 1896 dicendum
476 1862 588 1894 dediffe
599 1883 607 1896 ,
629 1871 661 1892 ut
680 1864 726 1903 jus
735 1862 826 1892 civile
837 1869 1058 1891 contemneres.
1072 1863 1118 1891 M.

152 1901 178 1932 1⁸
188 1909 224 1936 In
246 1907 374 1947 longum
395 1907 568 1937 sermonem
580 1915 629 1935 me
640 1914 728 1934 vocas
739 1923 748 1937 ,
769 1905 867 1933 Attice
881 1912 886 1930 :
904 1911 995 1942 quem
1006 1911 1118 1937 tamen,

153 1947 217 1979 =nifi
243 1951 375 1988 Qintus
400 1948 482 1979 aliud
511 1947 585 1988 quid
605 1956 660 1977 nos
671 1955 753 1986 agere
772 1943 887 1976 mavult
903 1963 913 1978 ,
942 1944 1119 1984 suscipiam:

871 78 1322 130 LEG1nns

1375 87 1469 135 Lz
1504 102 1544 132 n.
1626 90 1661 135 ll.
2029 95 2149 157 1187

1193 164 1226 195 &
1244 184 1253 199 ,
1282 167 1428 207 quoniam
1446 169 1531 198 vacui
1550 169 1654 200 sumus
1675 189 1685 205 ,
1714 169 1823 202 dicam.
1856 173 1916 211 Qu·
1938 174 2002 215 Ego
2020 174 2093 206 vero
2114 176 2153 206 li«

1190 206 1292 236 benter
1319 208 1478 239 audierim.
1509 211 1582 250 quid
1610 213 1692 242 enim
1711 223 1795 254 agam
1815 213 1917 255 potius
1935 219 1945 245 ?
1969 225 2019 246 aut
2035 216 2070 248 in
2086 228 2148 259 quo

1188 248 1299 278 melius
1320 250 1400 280 hunc
1417 251 1596 283 consumam
1613 253 1696 284 diem
1716 259 1726 282 ἐ
1758 257 1802 285 Μ.
1823 257 1907 296 Qin
1929 257 2019 298 igitur
2033 252 2150 293 ‘ath-iila

1187 289 1275 327 spatia
1294 290 1393 326 nostra
1404 292 1540 333 sedesque
1552 297 1778 335 pergimuszubi
1790 317 1798 331 ‚
1818 296 1891 327 cum
1904 294 2149 337 smitdeam-

1187 329 1321 361 bulatum
1343 353 1352 365 ‚
1382 336 1613 374 requiescemus.
1647 347 1701 368 nec
1722 338 1860 378 profeEtb
1879 339 1968 369 nobis
1986 339 2147 372 delectatio

1184 371 1297 406 deerit,
1320 374 1400 404 aliud
1420 385 1457 405 ex
1477 376 1537 406 alio
1555 380 1767 418 quaerentibus.
1803 389 1879 410 Αττ.
1901 384 1969 411 Nos
1993 381 2065 411 verb
2087 393 2092 412 :
2113 382 2147 414 δί

1182 413 1238 443 hac
1262 415 1387 454 quidem
1406 416 1506 451 adire,
1529 417 1548 447 si
1566 420 1679 459 placet,
1699 429 1746 461 per
1764 422 1855 462 ripam
1880 422 2066 455 &umbram
2090 424 2146 455 Sed

1179 464 1240 493 jam
1262 456 1361 486 ordire
1380 460 1545 496 explicare,
1564 462 1664 501 quaeso
1677 481 1686 495 ‚
1709 463 1746 492 de
1762 465 1828 502 jure
1841 465 1925 494 civili
1939 465 2011 504 quid
2027 466 2144 496 sentias.

1183 497 1226 542 M.
1240 500 1253 523 9
1266 499 1390 544 Egone?
1410 500 1546 530 summos
1557 501 1642 532 fuiss‘e
1654 505 1684 533 in
1696 506 1814 544 civitate
1825 504 1925 535 nostra
1934 508 2016 536 viros
2026 526 2034 540 ,
2049 507 2143 547 quiid

1179 546 1365 577 interpretari
1376 542 1491 579 populo
1501 562 1509 575 ‚
1528 543 1560 573 &
1572 544 1761 584 responsitare
1773 547 1853 576 soliti
1864 545 1936 577 sint:
1959 548 2008 577 sed
2020 558 2071 577 eos
2080 558 2146 577 ma·-

1177 588 1235 618 gna
1247 579 1372 626 meesfi’s
1383 600 1390 614 ,
1412 583 1439 610 in
1449 590 1543 624 parim⁴
1553 585 1601 622 esse
1615 588 1743 626 verfhtos.
1768 588 1850 629 Qid
1863 590 1947 618 enim
1959 588 2002 618 cst
2012 599 2142 623 tantum,

1177 630 1326 661 quantum
1340 632 1385 659 Jus
1396 626 1523 655 civitatis
1534 629 1544 655 ?
1554 628 1627 666 quid
1637 639 1736 659 autem
1747 639 1806 659 tam
1818 631 1966 669 exiguum
1977 650 1985 663 ,
1996 631 2086 670 quam
2099 631 2143 662 est

1178 672 1294 692 munus
1305 663 1361 693 hoc
1371 674 1476 695 eorum
1490 687 1499 699 ‚
1514 670 1566 707 qui
1577 670 1787 704 consuluntur,
1800 674 1829 690 ¹0
1838 681 2021 712 quamquam
2033 672 2074 702 est
2082 682 2142 712 po-

1177 704 1249 743 pulo
1259 704 1453 736 necessarium
1467 711 1476 736 ?
1489 718 1543 738 nec
1554 709 1625 739 verb
1636 721 1700 745 eos,
1713 715 1765 752 qui
1775 714 1801 742 ei
1817 723 1936 743 muneri
1948 712 2142 753 praefuerunt,

1179 744 1391 784 univerfijuris
1401 752 1547 788 experteis
1558 750 1645 781 fuiffe
1657 754 1801 784 existimo
1813 775 1821 788 ,
1835 755 1880 785 sed
1892 756 1949 785 hoc
1959 756 2049 785 civile
2058 756 2142 796 quod.

1177 796 1286 817 vocant
1297 807 1305 821 ,
1317 798 1437 818 eatenus
1449 800 1657 827 exercuerunt,
1672 798 1695 813 Η
1709 795 1808 835 quoad
1815 797 1949 838 populum
1954 795 2078 839 praestare
2087 807 2142 827 vo-

1177 828 1299 858 luerunt.
1324 830 1395 860 ¹21d
1410 841 1509 861 autem
1526 835 1714 875 incognitum
1727 836 1780 870 est,
1795 838 1955 878 minusque
1970 849 2002 868 in
2017 839 2070 868 usu
2084 849 2143 868 ne-

1175 869 1341 900 cefl'aiium.
1366 873 1572 910 Quamobrem
1584 886 1645 915 quo
1658 887 1706 906 me
1720 882 1828 909 vocas?
1847 880 1978 919 autquid
1993 881 2142 911 hortaris?

1175 921 1206 942 ut
1225 912 1345 942 libellos
1363 913 1524 945 conficiam
1535 916 1571 946 de
1581 917 1808 949 stillicidiorum
1823 941 1831 953 ‚
1854 925 1862 940 ¹
1873 924 1882 947 3
1895 931 1926 951 ac
1941 922 1976 951 de
1990 924 2136 961 parietum

1174 954 1259 992 jure?
1280 963 1330 984 aut
1340 965 1371 985 ut
1383 955 1612 995 stipulationum
1623 979 1630 993 ‚
1650 960 1876 1000 &judiciorum
1886 961 2031 993 formulas
2049 973 2142 993 com-

1172 999 1307 1035 ponam?
1324 1006 1388 1037 quae
1409 998 1442 1028 ὃς
1464 999 1566 1039 scripta
1584 1001 1652 1031 sunt
1664 1003 1801 1033 amultis
1817 1004 1977 1045 diligenter
1989 1025 1998 1038 ‚
2021 1005 2054 1035 ὃ(
2068 1005 2138 1035 sunt:

1173 1038 1337 1068 humiliora
1349 1059 1357 1071 ,
1370 1039 1461 1079 quain
1471 1041 1522 1071 illa
1531 1061 1538 1074 ‚
1550 1052 1616 1082 quae
1628 1046 1642 1073 a
1654 1044 1742 1074 vobis
1753 1044 1914 1085 exspe&ari
1925 1054 2012 1085 puto·
2059 1056 2136 1078 Λττ.

1174 1081 1288 1120 Atqui,
1303 1078 1324 1109 fi
1334 1090 1446 1121 quaeres
1457 1102 1464 1115 ‚
1480 1093 1534 1123 ego
1544 1084 1617 1124 quid
1628 1084 1799 1125 exspe&em
1812 1097 1818 1117 z
1833 1089 1979 1128 quoniam
1993 1088 2132 1128 scriptum
2156 1098 2181 1129 ς

1173 1120 1216 1150 est
1229 1125 1244 1151 a
1257 1130 1285 1151 te
1299 1121 1334 1151 de
1349 1125 1468 1162 optimo
1479 1126 1552 1164 reip.
1563 1125 1636 1156 statu
1650 1147 1658 1160 ,
1677 1128 1864 1169 consequens
1874 1127 1930 1158 esse
1942 1129 2062 1159 videtur
2075 1149 2084 1164 ‚
2102 1138 2137 1161 ut

1170 1162 1277 1193 scribas
1289 1171 1320 1193 tu
1330 1163 1412 1194 idem
1424 1165 1461 1195 de
1471 1166 1599 1207 legibus.
1623 1166 1661 1198 fic
1672 1171 1755 1199 enim
1767 1168 1866 1200 fecisse
1878 1170 1968 1200 video
1979 1171 2136 1202 Platonem

1171 1204 1260 1234 illum
1272 1214 1357 1235 tuum
1368 1225 1377 1239 ‚
1402 1217 1493 1247 quem
1511 1217 1542 1238 tu
1555 1209 1708 1240 admiraris
1719 1231 1726 1244 ,
1747 1221 1838 1251 quern
1851 1211 1996 1242 omnibus
2007 1221 2134 1252 antepo-

1169 1247 1217 1275 nis
1228 1265 1237 1280 ,
1257 1256 1349 1286 quem
1366 1248 1502 1279 maxime
1516 1249 1628 1291 diligis.
1651 1254 1791 1283 M.Visne
1801 1255 1892 1294 igitur
1903 1273 1911 1287 ‚
1934 1253 2025 1284 utille
2035 1255 2136 1286 Cretae,

1169 1297 1241 1317 cum
1251 1289 1362 1322 Clinia,
1376 1289 1408 1319 &
1417 1300 1487 1320 cum
1497 1293 1731 1324 Lacedaemonio
1742 1296 1883 1335 Megillo,
1899 1294 2014 1328 aestivo,
2023 1305 2136 1336 quem-

1170 1328 1338 1360 admodum
1358 1331 1518 1366 describit,
1541 1333 1610 1368 die,
1633 1336 1666 1365 in
1683 1335 1854 1376 cupress’etis
1872 1334 2056 1367 Gnosiorum
2070 1357 2078 1371 ,
2099 1337 2135 1369 δε

1170 1371 1269 1410 spatiis
1281 1369 1472 1407 filvestribus,
1484 1374 1589 1405 crebro
1599 1375 1735 1407 insistens
1745 1397 1754 1411 ,
1765 1378 1920 1409 interdum
1930 1378 2132 1418 acquiescens.

1169 1412 1205 1442 de
1219 1411 1365 1443 institutis
1382 1425 1485 1445 rerum
1501 1416 1690 1455 publicarum
1702 1438 1711 1453 ,
1733 1429 1765 1450 ac
1774 1419 1811 1449 de
1822 1422 1947 1460 optimis
1958 1419 2073 1460 legibus
2084 1420 2135 1450 di<

1169 1454 1262 1493 sputat
1275 1465 1281 1483 1
1302 1453 1340 1485 fic
1354 1465 1411 1485 nos
1428 1457 1506 1487 inter
1519 1459 1568 1488 'tias
1583 1459 1798 1498 proceriffimas
1810 1462 1938 1501 populos
1950 1481 1959 1494 ,
1979 1463 2011 1491 in
2025 1461 2132 1495 viridi„

1167 1505 1315 1536 opacaque
1325 1498 1387 1536 ripa
1398 1498 1620 1530 inambulantes
1631 1521 1640 1534 ‚
1661 1511 1728 1532 tum
1740 1511 1841 1532 autem
1851 1501 2010 1532 refidentes
2019 1522 2027 1535 ,
2048 1513 2132 1543 qua-:-

1167 1546 1270 1566 ramus
1281 1537 1388 1568 iisdem
1400 1539 1437 1568 de
1445 1540 1533 1570 rebus
1541 1541 1655 1581 aliquid
1666 1543 1785 1572 uberius
1796 1562 1805 1576 ,
1819 1544 1909 1583 quam
1923 1542 2049 1573 forensis
2061 1544 2133 1574 usus

1169 1576 1332 1607 desiderat?
1355 1582 1433 1609 ATT.
1451 1583 1514 1620 Ego
1531 1581 1603 1611 veri>
1619 1582 1673 1612 ista
1688 1583 1789 1613 audire
1807 1586 1908 1623 cupio.
1932 1586 1975 1613 M.
1988 1585 2069 1623 Qud
2091 1587 2133 1616 ait

1168 1620 1322 1655 Quintus?
1351 1629 1407 1659 (Ψ,
1423 1622 1519 1651 Nulla
1538 1621 1575 1652 de
1594 1632 1625 1652 re
1644 1626 1749 1665 magis.
1778 1626 1822 1654 M.
1838 1628 1877 1656 Et
1895 1624 1975 1656 ιἐξὲὲ
1993 1625 2133 1666 quidem.

1166 1669 1236 1689 nam
1250 1658 1289 1689 sic
1298 1660 1437 1692 habetote
1448 1681 1457 1696 ,
1479 1663 1567 1693 nullo
1576 1665 1608 1694 in
1619 1675 1727 1706 genere
1748 1669 1777 1693 ¹4
1787 1666 1957 1706 disputandi
1968 1669 2063 1708 magis
2073 1668 2133 1698 ho-

1166 1700 1248 1731 neste
1261 1700 1411 1741 patefieri,
1429 1704 1502 1744 quid
1513 1703 1546 1735 fit
1557 1706 1680 1736 homini
1690 1706 1833 1736 tributum
1843 1716 1949 1737 natura
1959 1727 1968 1742 ‚
1982 1717 2128 1750 quantam

1164 1744 1229 1772 vim
1241 1753 1341 1772 rerum
1353 1747 1536 1783 optimarum
1547 1756 1635 1777 mens
1645 1749 1776 1779 humana
1784 1751 1949 1783 contineat,
1960 1751 2045 1789 cujus
2055 1761 2130 1782 mu-

1165 1786 1245 1813 neris
1264 1785 1384 1814 colendi
1397 1805 1406 1818 ‚
1427 1785 1639 1828 efficiendique
1652 1790 1736 1820 causa
1749 1792 1810 1820 nati
1821 1810 1830 1824 ‚
1852 1791 1885 1820 ὃς
1899 1792 1930 1820 in
1942 1791 2042 1821 lucem
2053 1792 2129 1823 editi

1163 1822 1254 1854 fimus
1265 1844 1275 1858 ‚
1293 1834 1360 1865 quae
1369 1824 1402 1856 fit
1411 1828 1588 1866 conjunffio
1597 1831 1761 1861 hominum
1772 1850 1781 1864 ‚
1802 1842 1868 1872 quae
1878 1833 2019 1862 naturalis
2031 1833 2130 1864 socie-

1164 1873 1204 1894 tas
1216 1868 1294 1895 inter
1302 1866 1391 1905 ipsos.
1415 1869 1461 1897 his
1471 1871 1555 1898 enim
1566 1872 1721 1910 explicatis
1732 1891 1740 1905 ‚
1754 1872 1821 1911 fons
1828 1873 1922 1914 legum
1933 1893 1941 1906 ‚
1957 1875 2068 1914 &juris
2078 1878 2127 1906 in-

1161 1909 1257 1936 veniri
1269 1907 1379 1946 potest.
1412 1912 1492 1939 Αττ.
1517 1912 1592 1941 Non
1603 1913 1697 1952 ergoa
1705 1917 1838 1953 pi'aetoris
1847 1914 1948 1945 εὼξὶο
1959 1935 1967 1949 .
1991 1925 2023 1946 ut
2033 1917 2124 1956 pleri-

1158 1957 1217 1989 que
1228 1958 1311 1979 nunc
1320 1968 1329 1983 ‚
1344 1959 1442 1991 neque
1453 1951 1469 1982 a
1480 1953 1666 1984 x11.tabuiis
1675 1975 1686 1989 ,
1701 1964 1733 1985 ut
1744 1955 1923 1996 superiores,
1942 1957 1989 1988 sed
1999 1960 2122 1998 penitus

2083 2009 2123 2031 ex

148 2046 2125 2067 ,Ἥ

151 2093 155 2098 v
199 2088 222 2105 ι.
242 2081 361 2105 Nimirum
369 2080 414 2110 ista
423 2080 498 2104 oratio
503 2076 630 2110 possulum]
651 2075 807 2103 Vi&oriana
819 2095 828 2108 ‚
842 2078 954 2103 nimirum
963 2078 1059 2109 historia
1072 2085 1116 2111 po-

149 2117 241 2149 ·stulat.
262 2114 330 2140 male
341 2134 350 2146 ,
360 2115 386 2140 &
400 2121 493 2150 praetei·
504 2112 565 2139 edd.
577 2121 669 2140 omnes
682 2132 690 2143 ,
706 2112 858 2148 nostrosque
868 2112 977 2149 scriptos
988 2114 1116 2149 quinque.

146 2160 186 2178 ‚ur
195 2152 435 2185 tuav.rl7a,in‹1uit,
445 2150 514 2175 audio
523 2160 531 2181 ,-
542 2151 674 2183 legationem
683 2150 790 2182 aliquam
801 2149 911 2184 requiris,
925 2150 1115 2177 Hotomaniius

159 2186 206 2214 lib.
220 2196 262 2213 vi.
275 2186 387 2213 ObserV.
398 2196 453 2222 cup.
465 2185 490 2212 8.
503 2185 671 2216 emendabat,
681 2186 726 2217 ista
734 2193 813 2217 opera.

172 2235 174 2237 ·
198 2232 225 2249 2.
245 2225 364 2256 Cefflonem
381 2222 507 2255 liberaum]
528 2220 692 2247 Adhaefimus
713 2221 786 2246 libris
805 2219 943 2257 pluteariis
956 2240 964 2253 ‚
984 2221 1011 2248 in
1022 2221 1116 2256 quibus

158 2259 212 2284 liaec
223 2258 350 2295 scriptura
361 2267 370 2289 ;
391 2258 424 2284 de
435 2267 485 2294 qua
495 2256 644 2283 consulatui·
655 2256 806 2283 Turnebus.
825 2257 871 2283 alii
890 2257 1033 2284 ediderunt
1043 2258 1116 2291 caffa-

158 2298 251 2320 tionem.
273 2294 418 2321 Lambinus
431 2313 439 2325 ,
459 2294 562 2319 secutus
574 2293 676 2326 zLuJacii
687 2293 866 2327 coujetsturam
880 2313 888 2325 ,
907 2294 1022 2329 reposuit
1032 2297 1115 2320 cretio-

158 2339 227 2363 nem5
246 2339 324 2366 quem
336 2330 475 2366 impugnat
487 2330 687 2360 Hommannus,
698 2329 1026 2365 emendatqueseceffionem.

146 2386 150 2391 .
199 2374 212 2397 ζ
220 2386 226 2391 .
244 2367 414 2399 &mammisque
423 2375 467 2391 non
476 2366 643 2398 inertisgraro,
652 2365 720 2399 ἀνα]
743 2364 821 2391 Haud
832 2364 942 2391 absurde
955 2366 1012 2391 Pal.
1023 2372 1113 2401 quart.

151 2402 322 2436 fineffutislque
331 2411 372 2426 me}
380 2402 504 2434 itisgraro.
524 2400 566 2426 sed
578 2401 643 2427 nihil
654 2408 741 2427 tamen
753 2402 867 2436 putarim
881 2401 1050 2428 mutandum.

195 2444 223 2470 4.
243 2441 280 2463 Sic
291 2440 353 2462 enim
363 2439 419 2462 mihi
428 2439 519 2468 liceret,
529 2436 579 2466 ὡς,
599 2443 714 2470 quantum
724 2439 804 2462 vellem
814 2438 897 2471 dare]
922 2436 995 2463 Idem
1007 2437 1090 2463 codex
1104 2448 1110 2464 ε

148 2469 196 2497 'Sic
206 2475 266 2498 :nim
283 2476 338 2499 veri
355 2475 435 2499 simet
444 2492 452 2505 ‚
467 2473 518 2503 (irc.
538 2480 653 2508 quantum
671 2474 792 2499 vellemus.
812 2472 915 2509 aliquid
934 2473 1000 2501 latet
1018 2474 1045 2500 in
1064 2474 1113 2500 illo

157 2517 224 2534 ‘verl-

195 2552 221 2576 5.
242 2547 357 2569 Mlmcros
365 2547 390 2569 in
400 2551 472 2569 cantu
482 2544 623 2577 cecinerat]
645 2544 689 2570 Est
700 2544 714 2570 ἐι
726 2543 842 2571 Victorii
852 2546 880 2570 Sc
891 2544 1010 2572 Tui-nebi
1020 2545 1112 2578 editis,

157 2588 241 2614 neque
251 2579 330 2605 aliter
340 2580 456 2605 nostrum
468 2579 594 2614 quinque.
612 2579 698 2605 Aldus
711 2579 794 2606 senior
807 2599 815 2611 ,
825 2581 942 2606 ceciderat
953 2600 960 2612 ,
973 2582 1044 2616 quod
1054 2582 1112 2618 ple-

155 2615 231 2650 rique
242 2622 397 2651 recepemnt
406 2615 432 2641 in
445 2622 613 2645 contextum,
624 2615 702 2641 litera
711 2615 821 2642 secunda
833 2623 935 2643 mutata
944 2617 970 2642 in
982 2627 1008 2643 ι.
1029 2619 1111 2644 Lam-

142 2647 231 2678 ·binus
243 2652 312 2683 heic,
323 2660 396 2677 more
407 2650 463 2681 suo,
475 2650 558 2676 multa
569 2650 697 2684 interjicit
707 2653 722 2677 a
732 2649 834 2687 scriptis
845 2652 942 2678 aliena.

142 2684 147 2688 “
191 2687 220 2712 6.
240 2691 269 2713 Ut
278 2697 326 2717 sam
343 2690 416 2713 oratio
433 2686 503 2721 ωτι]
524 2687 545 2713 F
546 2686 691 2714 abricianus
710 2690 802 2713 utinam
813 2707 822 2721 ‚
842 2687 910 2714 unde
930 2688 993 2715 facit
1004 2689 1112 2716 Guliel-

156 2723 238 2755 mius,
248 2726 286 2749 uti
294 2726 360 2756 μνη.

192 2767 219 2792 7.
239 2763 285 2787 tAt
295 2761 420 2784 mehercule
428 2769 463 2792 ego
472 2759 640 2793 arbitrabar]
661 2759 717 2786 Pal.
728 2767 817 2795 quart.
827 2762 861 2785 At
871 2769 900 2786 ne
912 2769 947 2795 ego
955 2762 1063 2794 hercule5
1083 2769 1113 2789 ut

143 2794 278 2822 'videatur
288 2794 481 2821 rescribendum
494 2805 499 2821 :
522 2799 569 2822 ’,ΑΙ
578 2805 613 2820 me
621 2805 655 2828 ego
663 2797 755 2821 hercule
764 2798 820 2822 arb.

193 2831 218 2857 8.
240 2834 268 2856 Ῑη
276 2833 365 2865 longum
377 2831 503 2865 sermonem
513 2841 545 2855 me
555 2832 653 2865 vocat]
676 2832 788 2866 Vulgata
800 2841 895 2857 revocas
907 2851 915 2864 ,
926 2831 967 2858 sed
979 2833 1064 2860 nostra
1075 2834 1111 2860 est

156 2866 172 2893 ἑ
183 2866 240 2893 Pal.
259 2875 346 2903 quart.
366 2867 394 2893 δε
412 2868 440 2893 S.
452 2866 567 2894 Victoris
579 2876 587 2899 5
615 2877 699 2903 neque
717 2867 797 2894 aliter
816 2868 954 2895 Vi&orina
971 2877 1018 2895 aut
1036 2871 1109 2896 Tur-

156 2902 276 2929 nebiana..

192 2945 224 2972 9.
245 2941 290 2971 Ego
307 2943 355 2966 ne?
369 2939 470 2971 fitmmos
482 2940 553 2973 fmffe
565 2958 572 2970 ,
590 2940 657 2973 dja]
679 2939 722 2965 Sic
732 2939 789 2965 Pal.
808 2946 896 2974 quart.
915 2939 1070 2967 §.Victoris
1081 2941 1110 2966 &

155 2972 230 2999 Pith.
250 2982 334 3010 neque
351 2975 429 3001 aliter
439 2976 572 3002 Viestorius
583 2983 628 3002 aut
647 2975 798 3002 Turnebus.
821 2975 942 3010 vulgata:
965 2979 1010 3009 Ego
1019 2980 1112 3003 memini

151 3010 319 3043 fiemmos,&c.
331 3019 408 3045 quam
419 3018 509 3037 tuetur
521 3011 604 3037 Mich.
616 3013 712 3038 Brutus
724 3020 847 3047 tanquam
860 3012 970 3038 alteram
982 3014 1096 3048 priorem
1105 3033 1110 3039 .

195 3053 237 3070 io.
256 3046 398 3079 Qanquam
407 3049 442 3071 eff
454 3049 533 3079 populu
541 3048 718 3082 neceffaritsm]
741 3047 841 3074 Admisi
854 3047 1031 3077 conicfihiram
1043 3049 1108 3075 Gul.

135 3080 278 3112 ''Canteri,
289 3090 345 3116 quoe
355 3081 507 3114 coiije&1ii·a
518 3092 569 3109 non
580 3084 632 3110 erit
643 3102 651 3114 ,
664 3083 680 3110 fi
690 3083 876 3119 grandioribus
888 3084 973 3110 literis
983 3093 1110 3111 exaretur

140 3116 316 3156 *publicatum
335 3126 424 3153 quam.-
441 3125 547 3147 uetaret
557 3119 627 3147 euim
637 3120 665 3147 id
677 3120 749 3148 vocis
767 3120 806 3148 bis
825 3119 1016 3157 reponendum.
1037 3122 1109 3150 Tui·-

1136 2090 1137 2093 ¹
1153 2078 1234 2106 nebus
1246 2079 1359 2113 conjecit
1368 2090 1439 2114 quum
1447 2084 1481 2108 eff
1492 2100 1500 2113 ‚
1518 2083 1569 2113 dyc.
1589 2093 1640 2109 non
1660 2083 1761 2118 inepte.
1781 2083 1824 2111 sed
1835 2085 1948 2111 alterum
1967 2086 2003 2113 est
2015 2086 2118 2122 apposi-

1136 2115 1137 2121 ¹
1155 2122 1211 2141 tuin
1225 2116 1318 2151 inagis.
1341 2116 1462 2144 videatur
1474 2118 1526 2153 ipse
1538 2120 1669 2146 Canterus
1690 2120 1737 2146 lib.
1750 2130 1777 2146 v.
1796 2122 1858 2147 Var.
1870 2121 1934 2148 leSt.
1947 2132 2003 2158 cap.
2021 2132 2061 2148 ic.
2083 2131 2116 2149 ne

1155 2152 1212 2187 quis
1223 2159 1356 2183 autumet,
1369 2151 1523 2188 scripturam
1537 2154 1602 2181 hauc
1613 2163 1698 2182 natam
1711 2160 1724 2182 e
1736 2156 1820 2192 capite
1832 2158 1955 2184 Lambini
1968 2167 1976 2187 3
1989 2158 2119 2193 quemad·

1155 2186 1263 2213 modum
1276 2197 1330 2223 pra-2
1341 2187 1365 2214 se
1378 2187 1442 2215 fert.
1463 2189 1601 2216 Victorius
1613 2190 1698 2217 edidit
1707 2194 1743 2223 ἐζ
1753 2195 1830 2226 Atqui
1838 2196 1968 2226 ei‘Jpopiilu‚
1981 2196 2030 2225 (lje.

1196 2232 1204 2249 i
1214 2232 1235 2249 1.
1249 2225 1333 2256 Qoad
1338 2226 1446 2257 populum
1456 2228 1564 2258 prestare
1573 2228 1728 2261 voluerunt]
1742 2228 1786 2254 Est
1797 2230 1811 2254 a
1823 2228 1880 2254 iuss.
1892 2230 1985 2256 uostris
1999 2229 2122 2256 meliori-

1137 2262 1138 2275 l
1154 2258 1213 2290 bus,
1224 2260 1400 2296 probavitque
1412 2261 1552 2288 Turnebus
1565 2272 1570 2288 :
1595 2262 1647 2289 cufi
1659 2263 1849 2298 vulgmpopulo.

1193 2304 1235 2321 12.
1255 2297 1284 2322 Id
1295 2303 1373 2321 autem
1382 2299 1522 2330 incognitum
1533 2300 1576 2330 eff,
1587 2300 1705 2333 minufique
1721 2303 1747 2325 in
1756 2300 1983 2334 ufieneceſjbrium]
2007 2300 2049 2327 Est
2060 2300 2114 2326 liaec

1153 2331 1263 2366 quidem
1277 2331 1360 2358 leistio
1372 2332 1478 2368 vulgata
1492 2352 1500 2365 ,
1520 2333 1561 2360 sed
1575 2344 1625 2362 non
1640 2336 1720 2362 etiam
1734 2344 1812 2362 vera:
1835 2335 1904 2371 quod
1924 2337 1965 2362 vel
1977 2337 2066 2370 arguit
2077 2336 2122 2363 di-

1155 2367 1261 2394 versitas
1273 2367 1476 2403 scripturarum.
1497 2369 1578 2396 haeret
1593 2371 1702 2406 quidem
1724 2372 1750 2397 iii
1764 2371 1831 2397 Pau.
1843 2372 1936 2398 nostris
1949 2382 1956 2401 3
1979 2372 2019 2398 sed
2032 2373 2058 2398 S.
2070 2373 2121 2398 Vi-

1137 2411 1138 2415 *
1154 2401 1237 2429 &oris
1248 2403 1334 2430 codex
1348 2404 1473 2440 expreffit
1485 2411 1586 2432 tautum
1602 2415 1610 2436 ;
1630 2408 1657 2432 id
1665 2414 1743 2432 autem
1752 2410 1861 2440 incogniti
1871 2410 1905 2433 cf?
1912 2409 2003 2441 ,inuste
2014 2409 2120 2441 neccffa-

1152 2442 1232 2471 νὶιιινι,ι
1254 2439 1327 2475 quod
1339 2440 1366 2465 δε
1380 2450 1394 2466 c
1408 2439 1453 2467 suo
1464 2441 1592 2473 produxit
1602 2442 1775 2479 probavitque
1788 2443 1905 2469 'rui-neb.
1916 2443 1963 2470 etii
1974 2454 2024 2470 uon
2038 2451 2118 2478 neget

1136 2491 1137 2496 .
1151 2474 1202 2501 effe
1214 2476 1259 2510 qui
1270 2476 1361 2511 legant
1373 2494 1386 2507 ,›
1399 2478 1511 2503 idautcm
1521 2482 1632 2511 cognitum
1644 2481 1679 2504 ef?
1689 2498 1697 2509 ‚
1707 2482 1733 2504 in
1743 2480 1786 2511 ufic
1795 2480 1955 2512 neceffariunz.
1978 2479 2116 2507 Vic'toriue

1152 2511 1310 2546 publicavit,
1320 2510 1346 2537 [d
1355 2520 1432 2537 autem
1441 2516 1580 2545 incognitum
1590 2517 1624 2539 es?
1635 2533 1643 2545 ,
1663 2517 1676 2529 “³
1689 2519 1714 2540 in
1724 2524 1739 2547 ι(
1751 2525 1764 2539 u
1775 2516 1936 2547 ncctjffizrinm.
1957 2515 2043 2542 Aldus
2055 2517 2117 2542 Ne-

1152 2556 1198 2582 pos
1212 2566 1220 2579 .,
1238 2547 1264 2573 id
1273 2555 1350 2573 autem
1367 2551 1507 2580 incognitum
1524 2551 1559 2574 cf?
1575 2552 1823 2582 minmneciffarium.
1844 2550 2007 2580 Adolescens
2027 2551 2116 2578 finxe-

1153 2592 1207 2609 ram
1220 2594 1226 2609 :
1247 2584 1275 2609 id
1283 2591 1360 2609 autem
1368 2587 1509 2617 incognitum
1520 2604 1528 2616 ,
1548 2588 1582 2611 eft*
1592 2589 1670 2611 mmm
1680 2587 1797 2619 minusque
1808 2589 1834 2611 in
1846 2588 1887 2619 ufir
1902 2587 2064 2619 necessaium.
2085 2594 2117 2614 ut

1154 2618 1286 2647 exciderit:
1295 2623 1374 2645 minus
1383 2619 1417 2646 ob
1433 2622 1631 2656 repetitionem.
1651 2623 1733 2654 [ηπ-[ης
1742 2629 1830 2648 autein
1843 2631 1895 2647 vox
1907 2621 1991 2657 prisca
2003 2642 2010 2653 ,
2023 2633 2070 2658 pro
2079 2632 2112 2649 eo

1152 2664 1206 2690 quo
1217 2656 1275 2691 quis
1296 2666 1346 2682 non
1359 2656 1453 2683 utitur.
1477 2664 1582 2692 poterat
1594 2658 1672 2684 etiarn
1687 2677 1694 2690 ,
1715 2658 1742 2683 id
1749 2665 1827 2684 autem
1844 2660 1984 2691 incognitum
1994 2662 2110 2686 minucia

1153 2701 1168 2715 u
1180 2700 1196 2716 u
1205 2692 1368 2725 necqffbrium.

1196 2736 1236 2762 13.
1256 2733 1306 2755 <Ac
1314 2728 1469 2760 deparietum
1479 2729 1562 2763 jura]
1585 2729 1719 2766 Scriptura
1730 2728 1814 2755 nescio
1825 2738 1855 2755 an
1867 2728 1925 2756 sana
1935 2729 1976 2756 fit.
1988 2739 2049 2757 nam
2061 2731 2113 2758 Fa-

1151 2763 1227 2790 bricii
1239 2762 1398 2790 membrana:
1409 2768 1564 2797 ,parientium
1576 2785 1584 2797 ,
1599 2773 1643 2791 aut
1654 2765 1706 2792 tale
1717 2766 1790 2800 qnid.
1804 2765 1861 2791 Pal.
1872 2768 2114 2801 quarnponentium,

1154 2799 1193 2825 vel
1206 2800 1299 2825 simile.
1317 2808 1392 2826 notat
1403 2800 1564 2827 Gulielmius
1575 2802 1605 2827 ad
1617 2811 1690 2828 oram
1702 2801 1779 2827 Fabr.
1799 2801 1851 2836 legi
1868 2809 1925 2834 par.
1946 2802 2015 2829 unde
2024 2803 2111 2836 conji-

1133 2835 1186 2866 scit
1196 2838 1353 2867 pen-iamiam.
1373 2845 1422 2871 ego
1443 2837 1531 2862 malim
1548 2841 1708 2869 parcentium.
1727 2837 1777 2863 hoc
1788 2837 1847 2863 ideo
1859 2857 1867 2868 ‚
1885 2838 1957 2873 quod
1976 2837 2019 2865 ubi
2031 2838 2113 2865 habe-

1154 2880 1211 2896 mus
1222 2872 1248 2897 in
1260 2872 1391 2897 Oratione
1409 2881 1456 2907 pro
1468 2874 1580 2899 Murena
1599 2883 1655 2909 cup.
1671 2882 1712 2899 io.
1732 2875 1767 2907 ille
1776 2880 1838 2899 tenet
1845 2875 1924 2907 &scir
1933 2881 1960 2899 ut
1969 2876 2064 2901 haalim
2074 2884 2112 2900 co-

1146 2909 1191 2939 pix
1201 2916 1208 2936 3
1230 2914 1256 2932 tu
1266 2914 1292 2932 ut
1303 2916 1367 2941 aqua
1373 2910 1458 2940 plu—viic
1469 2916 1601 2934 arceantur
1611 2921 1620 2942 ‚-
1644 2909 1728 2936 exstet
1739 2909 1806 2945 apud
1817 2909 2017 2946 Qiutilianum
2032 2929 2039 2941 ,
2051 2911 2112 2936 lau-

1151 2941 1271 2969 datorem
1284 2943 1356 2969 illius
1367 2943 1501 2970 sententia:
1514 2964 1522 2975 ‚
1544 2954 1610 2979 aquae
1622 2947 1710 2979 pluvia
1722 2953 1881 2979 parcuntur.
1901 2945 1972 2982 quod
1982 2947 2040 2982 quis
2054 2955 2109 2974 non

1153 2977 1226 3005 videt
1238 2979 1395 3005 mutandum
1409 2980 1434 3006 in
1451 2983 1601 3012 parciantur.

1193 3022 1234 3047 14.
1253 3016 1396 3048 Dispmandi
1405 3017 1475 3049 magis
1484 3018 1568 3049 honest&
1573 3018 1709 3052 patefiet-1⁴.]
1732 3017 1815 3044 Malui
1827 3017 1893 3044 istud
1905 3025 1934 3044 ut
1945 3025 2001 3044 erat
2013 3018 2039 3044 in
2051 3016 2110 3044 Pal.

1151 3056 1215 3076 tert.
1228 3051 1255 3076 &
1267 3051 1344 3077 Fabi.
1356 3053 1435 3085 quiin]
1455 3053 1545 3081 honesta
1557 3072 1565 3084 ,
1584 3060 1614 3080 ut
1626 3053 1689 3080 Aidi
1702 3061 1776 3080 vetus
1794 3053 1888 3080 editio.
1909 3064 1968 3080 nam
1980 3054 2107 3084 Victorii.

1150 3095 1180 3112 ac
1192 3087 1309 3114 Turuebi
1322 3106 1330 3121 ,
1348 3088 1488 3124 daspuiando
1503 3089 1588 3123 homst&
1602 3092 1713 3125 patefieri
1723 3108 1732 3124 ,
1749 3090 1922 3127 quomodo&
1933 3090 2002 3119 liber
2020 3091 2047 3116 S.
2059 3089 2108 3115 Vi-

1150 3121 1244 3151 &oris-

1500 3159 1678 3190 Liillliz
2032 3157 2113 3190 rnred
