2379 3400
694 107 762 152 M.
844 105 1205 149 TULL11

295 129 415 161 1222

235 206 243 217 x
287 206 367 228 coar,
388 192 512 233 apparet.
538 198 606 218 nain
620 187 651 217 &
662 189 775 216 ratione
786 186 827 214 uti
839 204 847 217 ‚
862 193 947 224 atque
960 184 1094 212 oratione
1105 181 1238 220 pruden-

228 1243 247 1251 ι-
293 1235 362 1255 cum
383 1227 477 1265 specie
495 1226 621 1266 quadam
641 1225 764 1255 liberali.

285 2106 309 2125 Ῥ
320 2106 340 2126 u
354 2107 372 2125 i.
383 2107 401 2126 c
412 2107 432 2126 R
445 2108 483 2133 (T
495 2108 515 2127 o
525 2109 544 2127 D
554 2108 572 2126 o
593 2107 726 2138 corporis
738 2107 799 2137 apta
810 2096 1029 2137 compositione
1041 2097 1250 2126 membrorum

288 247 348 266 ter:
370 237 400 264 &
413 242 492 272 agr-re
504 230 582 271 quod
595 238 659 269 agas
671 247 678 260 ‚
698 225 898 256 consideraret
918 234 1065 264 omnique
1077 225 1107 253 in
1123 232 1153 252 re
1166 222 1238 262 quid

290 278 321 306 fir
333 287 390 304 veii
403 295 409 307 ‚
423 274 521 302 x'idclc
532 292 538 303 ,
552 272 583 300 &
595 268 762 299 tucridecet
774 276 948 305 :contraque
958 265 1040 298 falli,
1052 274 1156 297 errare,
1171 265 1239 296 labi,

289 319 383 355 decipi
400 325 458 344 tam
470 313 589 342 dedecet
601 331 608 344 ,
630 311 719 351 quarn
732 308 854 338 delirare
865 327 872 340 ,
889 308 920 336 δε
932 316 1033 336 mente
1043 304 1100 335 effe
1109 315 1239 345 captum.

291 360 321 387 ἃ
334 356 404 391 ᾴ.·,ς«ἰ’«ι
414 356 517 385 omnia
529 374 536 386 ,
553 351 656 382 decora
666 351 750 381 sunt:
771 348 880 388 injusta
891 349 993 378 contra
1004 368 1011 381 ,
1033 357 1063 377 ut
1074 357 1168 387 turpia
1180 367 1188 380 ,
1204 345 1242 375 sic

289 391 436 428 induerim.
460 396 574 425 Similis
585 393 627 423 est
639 395 712 422 ratio
723 390 908 421 fortitudinis
943 390 1024 430 quod
1043 391 1128 418 enirn
1147 390 1240 418 virili-

289 449 331 469 τρι·
344 459 350 471 ,
372 441 533 476 animoque
553 445 664 476 magno
685 432 735 466 fit,
760 433 788 462 id
805 434 929 473 dignum
948 441 1032 464 viro,
1053 431 1085 460 &
1099 430 1242 460 decorum

290 481 423 510 videtur:
445 478 525 518 quod
539 487 639 506 contra
651 495 659 508 ,
680 475 709 505 id
721 484 751 503 ut
762 484 844 514 turpe
857 493 865 507 ,
887 472 923 503 sic
934 473 1124 502 indecorum.
1147 475 1244 510 Quare

289 530 416 561 pertinet
433 520 556 560 quidem
578 518 612 547 ad
627 526 752 546 omnem
770 515 956 545 honestatem
973 516 1047 547 hoc,
1068 514 1148 555 quod
1163 514 1244 546 dico,

289 564 430 593 decorum
446 573 450 590 :
467 562 498 590 &
510 563 546 590 ita
558 562 698 599 pertinet,
714 566 744 587 ut
756 567 818 586 non
832 557 983 587 recondita
993 556 1119 597 quadam
1131 557 1245 586 rarione

289 614 442 636 cernatur,
465 603 511 633 sed
532 600 563 630 sit
582 603 614 630 in
632 609 784 639 promptu.
807 598 849 629 est
865 601 950 628 enim
969 598 1112 639 quiddam
1126 617 1134 630 ,
1157 597 1247 638 idque

289 647 468 685 intelligitur
480 647 510 673 in
521 645 605 671 omni
619 651 729 672 virtute
738 661 745 674 ‚
755 641 835 681 quod
847 641 961 670 deceat:
972 639 1052 681 quod
1064 641 1245 680 cogitatione

291 689 385 727 nitigis
399 688 413 716 ir
432 689 538 715 virtute
552 683 665 723 potest,
686 693 776 723 quam
794 693 822 712 re
837 683 967 722 separari.
992 684 1042 712 UT
1064 690 1245 711 νεΝυετΑε,

292 730 324 762 8:
336 727 505 768 pulcritudo
517 728 650 765 corporis
665 725 775 755 secerni
791 734 852 753 non
866 722 961 763 potest
974 724 990 753 a
1004 723 1183 753 valitudine:
1207 721 1243 751 sic

290 772 348 800 hoc
362 791 369 802 ,
383 770 418 798 de
429 779 489 808 quo
503 769 656 808 loquimur
669 787 677 800 ‚
691 768 835 796 decorum
850 786 857 798 ,
875 775 972 795 toturn
984 766 1059 794 illud
1070 765 1193 805 quidem
1205 762 1246 793 est

290 821 362 841 cum
379 820 484 840 virtute
500 809 677 839 confusum:
700 808 748 838 sed
762 817 863 837 mente
874 827 882 840 ‚
902 807 934 837 δε
944 809 1126 848 cogitatione
1138 805 1246 846 distin-

288 856 394 893 guitur.
421 851 470 881 Est
484 861 580 881 autem
592 850 657 888 ejus
668 850 827 889 desciiptio
839 849 959 888 duplex.
984 859 1053 878 nam
1068 849 1099 877 &
1112 849 1247 888 generale

289 894 437 935 quoddam
452 893 592 923 decorum
605 893 804 933 intelligimus
815 911 823 924 ,
843 891 925 931 quod
944 893 975 920 in
991 892 1079 919 omni
1094 888 1247 919 honestate

289 935 434 965 versatur:
453 934 484 964 δε
495 934 575 964 aliud
587 936 656 964 huic
667 933 833 971 subjeetum
846 953 853 965 ,
871 932 951 972 quod
962 935 1091 972 pertinet
1102 931 1136 961 ad
1150 930 1245 971 singu-

290 977 331 1007 las
351 978 454 1016 parteis
475 976 646 1005 honestatis.
671 979 769 1015 Atque
780 974 855 1004 illud
867 974 998 1013 superius
1009 971 1046 1004 fic
1056 972 1118 1003 fere
1129 971 1249 1003 definiri

290 1019 382 1049 solet.
400 1018 544 1046 ‘Decorum
562 1017 591 1047 id
611 1015 668 1046 ess'e
680 1037 689 1050 ,
710 1016 791 1057 quod
808 1016 1044 1046 consentaneum
1064 1013 1096 1045 fit
1114 1015 1249 1044 hominis

290 1060 476 1089 excellentiae
488 1079 495 1092 ,
513 1062 544 1088 in
555 1069 591 1088 eo
604 1079 611 1091 .
629 1061 660 1088 in
670 1068 731 1098 quo
745 1067 843 1087 natura
854 1058 917 1096 ejus
929 1057 944 1087 a
956 1057 1077 1098 reliquis
1087 1057 1247 1087 animanti-

290 1101 346 1131 bus
367 1099 494 1131 differat.
518 1104 590 1139 Quae
601 1109 700 1130 autern
712 1109 778 1139 pars
790 1098 918 1135 subiecta
928 1102 1030 1139 generi
1041 1098 1084 1128 est
1094 1118 1101 1132 ,
1123 1108 1189 1128 eam
1208 1095 1245 1127 fic

292 1141 460 1175 definiunt,
478 1151 509 1172 ut
520 1143 550 1172 id
563 1143 705 1172 decorum
716 1140 773 1171 effe
786 1142 879 1170 velint
889 1160 896 1174 ‚
912 1140 994 1181 quod
1006 1141 1045 1170 ita
1055 1149 1166 1170 naturae
1175 1149 1248 1170 con-

294 1184 466 1214 sentaneum
478 1183 526 1217 fit,
541 1193 572 1214 ut
582 1185 614 1213 in
626 1194 662 1213 eo
675 1183 840 1213 moderatio
851 1202 860 1216 ,
872 1182 904 1212 &
914 1183 1110 1221 temperantia
1119 1190 1252 1221 appareat

813 1228 822 1244 ¹
834 1226 908 1254 Haec
924 1226 962 1253 ita
977 1224 1105 1265 intelligi
1119 1243 1136 1264 ⁷.
1147 1222 1251 1253 existi-

292 1275 374 1297 mare
386 1266 541 1306 possumus
553 1277 588 1297 ex
599 1277 636 1297 eo
646 1267 755 1297 decoro
767 1287 775 1300 ,
793 1269 806 1285 ²
818 1266 898 1306 quod
908 1267 1005 1296 Poetae
1017 1265 1176 1305 sequuntur
1192 1276 1197 1293 ι
1215 1265 1251 1294 de

291 1317 352 1349 quo
362 1309 421 1338 alio
436 1309 504 1339 loco
514 1310 596 1350 plura
607 1309 665 1338 dici
680 1308 785 1339 solent.
810 1307 866 1338 Sed
882 1316 949 1337 tum
964 1307 1074 1337 servare
1090 1306 1164 1336 illud
1178 1306 1250 1345 poe-

292 1358 336 1380 tas
349 1351 479 1380 dicimus
491 1370 499 1383 ,
520 1351 601 1390 quod
613 1351 731 1383 deceat,
753 1348 823 1379 cum
836 1349 865 1378 id
879 1368 887 1382 ‚
906 1348 987 1389 quod
1002 1358 1115 1389 quaque
1127 1349 1252 1387 persona

294 1392 420 1432 dignum
433 1391 475 1422 est
485 1412 493 1426 ‚
507 1392 537 1422 &
550 1391 600 1426 fit,
614 1393 644 1422 δε
656 1392 773 1422 dicitur.
797 1399 846 1424 ut,
858 1389 879 1420 fi
892 1391 999 1421 AEacus
1009 1409 1018 1424 ‚
1032 1392 1195 1420 autMinos
1204 1389 1252 1420 di-

292 1443 371 1464 ceret
382 1455 390 1467 ,

387 1476 501 1504 Oderint
511 1475 579 1505 dum
589 1483 719 1505 metuant
728 1487 738 1503 .-

390 1520 403 1544 3
415 1519 499 1545 Natu
508 1518 631 1558 sepulcro
643 1518 698 1559 ips}
708 1516 750 1546 eft*
759 1526 874 1557 parens.-

291 1557 470 1587 indecorum
481 1559 630 1589 videretur
643 1571 648 1587 2
666 1558 748 1598 quod
759 1568 809 1588 eos
820 1555 906 1587 fuifl'e
919 1557 1011 1596 justos
1021 1559 1199 1597 accepimus.
1223 1565 1251 1586 at

294 1602 385 1628 Atreo
396 1599 514 1629 dicente
525 1619 532 1632 ‚
548 1600 664 1639 plausus
680 1609 854 1629 excitantur.
878 1598 920 1628 est
930 1601 1012 1628 enim
1027 1599 1114 1639 digna
1129 1599 1251 1638 persona

294 1641 400 1670 oratio.
421 1641 477 1670 Sed
487 1642 583 1680 poetae
593 1641 664 1681 quid
675 1651 826 1681 quemque
836 1640 947 1673 deceat,
962 1650 998 1669 ex
1009 1639 1252 1679 personajudica-

294 1681 379 1711 bunt.
403 1682 493 1711 nobis
503 1691 600 1712 autem
613 1683 769 1722 personam
784 1682 927 1721 imposuit
937 1682 996 1721 ipsa
1005 1690 1107 1711 natura
1120 1701 1127 1713 ‚
1144 1690 1250 1721 magna

292 1732 362 1752 cum
377 1723 570 1757 excellentia,
590 1723 816 1764 praestantiaque
833 1724 1036 1753 animantium
1059 1724 1250 1763 reliquarum.

294 1766 438 1803 Quocirca
451 1766 545 1804 po'e'tae
558 1767 590 1794 in
605 1775 710 1805 magna
723 1768 860 1795 varietate
873 1765 1065 1804 personarum
1077 1783 1085 1797 ,
1106 1766 1194 1793 etiam
1205 1765 1252 1793 vi-

294 1805 375 1835 tiofis
386 1807 457 1845 quid
468 1809 648 1839 conveniat,
663 1808 694 1835 &
704 1807 777 1846 quid
787 1806 887 1835 deceat
897 1825 904 1838 ‚
921 1805 1085 1835 videbunt:
1102 1805 1190 1834 nobis
1201 1815 1252 1834 au-

293 1856 352 1877 tem
364 1847 433 1876 cum
446 1853 461 1877 a
471 1858 574 1878 natura
582 1858 638 1877 con
645 1847 755 1878 stanti-‚e
766 1867 773 1880 ,
788 1847 1003 1876 moderationis
1012 1866 1020 1879 ‚
1033 1848 1250 1886 temperantiae,

291 1889 478 1919 verecundiae
494 1899 587 1929 partes
601 1889 675 1919 darae
685 1888 741 1919 sint
753 1899 758 1917 z
778 1898 908 1929 cumque
919 1888 1022 1918 eadem
1036 1897 1137 1917 natura
1146 1887 1253 1917 doceat

290 1940 354 1960 nori
369 1934 516 1972 negligere
529 1951 536 1964 ‚
556 1930 814 1971 quemadmodum
828 1940 882 1959 nos
903 1930 1041 1960 adversus
1052 1931 1193 1959 homines
1202 1939 1249 1970 ge-

290 1980 404 2002 ramus:
427 1971 552 2002 efficitur
564 1993 571 2006 ‚
588 1973 662 2003 ut&
675 1972 748 2002 illud
763 1993 771 2005 ,
789 1973 869 2012 quod
881 1972 914 2001 ad
926 1981 1053 2001 omnem
1066 1970 1250 2001 honestatem

291 2016 420 2053 pertin-:t
431 2034 437 2047 ,
450 2014 591 2045 decorum
605 2035 612 2048 ‚
627 2015 716 2056 quarn
730 2015 786 2044 late
798 2014 899 2044 tusum
913 2012 945 2043 sit
956 2033 964 2046 ,
977 2022 1125 2054 appareat:
1139 2013 1171 2043 δε
1184 2015 1250 2046 hoc,

291 2056 372 2095 quod
391 2055 533 2095 spectatur
552 2059 584 2085 in
607 2066 789 2097 unoquoque
810 2065 917 2096 genere
943 2058 1070 2085 virtutis.
1106 2058 1147 2084 Ut
1168 2065 1250 2084 enini

880 1483 929 1505 aUt
940 1494 948 1509 ³

292 2147 396 2168 movet
410 2140 532 2172 oculos,
556 2140 587 2169 ὃς
599 2139 866 2178 dele6³mthocipso
878 2159 886 2172 ,
908 2137 990 2180 quod
1008 2141 1086 2169 inter
1104 2138 1129 2168 se
1144 2147 1252 2168 omnes

291 2189 384 2218 partes
400 2190 467 2210 cum
486 2182 616 2221 quodam
632 2181 731 2221 lepore
744 2182 953 2211 consentiunt:
973 2179 1009 2211 fic
1026 2182 1082 2211 hoc
1094 2181 1248 2213 decorum,

292 2222 371 2261 quod
385 2223 479 2252 elucet
492 2233 522 2252 in
535 2225 594 2252 vitii
605 2244 612 2256 ,
627 2233 729 2253 movet
740 2223 987 2262 approbationem
999 2233 1116 2255 eorum,
1127 2223 1250 2264 quibus-

293 2272 363 2292 cum
377 2266 487 2294 vivitur
499 2284 506 2297 ,
518 2265 634 2298 ordine,
649 2266 680 2295 &
692 2265 856 2294 constantia
869 2285 876 2297 ‚
890 2265 921 2294 δε
933 2264 1141 2294 moderatione
1153 2264 1252 2295 diero-
1276 2275 1277 2280 ¹

292 2313 358 2333 rum
371 2315 510 2335 omnium
523 2327 529 2339 ,
548 2316 634 2347 :itque
647 2307 805 2336 fictorum.
830 2306 1008 2336 Adhibenda
1019 2306 1061 2336 est
1071 2309 1159 2346 igitur
1169 2316 1251 2346 quae-

294 2345 361 2375 darn
375 2357 537 2377 reverentia
547 2349 684 2378 adversus
695 2350 836 2377 homines
849 2369 856 2380 ,
874 2348 906 2377 δε
916 2350 1024 2387 optimi
1035 2348 1177 2388 cujusque
1190 2368 1197 2380 ,
1220 2348 1252 2377 &

293 2387 494 2427 reliquorum.
518 2399 587 2419 nam
600 2392 747 2429 negligere
758 2389 831 2430 quid
845 2390 880 2419 de
891 2390 918 2418 se
927 2390 1050 2430 quisque
1062 2390 1175 2421 sentiar,
1189 2399 1252 2418 non

294 2428 390 2459 solum
409 2434 569 2472 arrogantis
582 2431 645 2464 est-‚
662 2432 713 2462 ‘sed
725 2441 815 2462 etiarn
827 2432 959 2461 omnino
970 2429 1114 2461 difl‘oluti.
1138 2429 1189 2461 Est
1199 2440 1251 2460 au-

338 2564 359 2595 r.
382 2559 430 2582 Hx:
439 2560 476 2583 ita
494 2561 590 2592 intelligi
604 2562 737 2592 existimare
753 2560 894 2594 pqffiimm]
916 2561 957 2586 Ita
977 2571 1002 2586 o.
1014 2560 1034 2586 l.
1048 2567 1115 2586 vett.
1137 2561 1163 2585 8<
1177 2559 1260 2586 reete.

299 2590 507 2628 Pliiioi'ophicum
521 2596 589 2622 eiiiiu
603 2598 637 2622 eit
650 2596 715 2622 illud
728 2596 844 2630 intelligi
859 2616 865 2626 ‚
878 2595 947 2631 quod
960 2597 993 2623 est
1008 2597 1103 2622 inentis
1115 2597 1261 2631 agitatione

301 2630 499 2687 giiii-piieheiidi.
522 2632 622 2667 vulgati
638 2651 644 2663 ,
659 2634 755 2666 intelllgi
774 2632 789 2658 si
807 2633 948 2665 ‘Plulqldphir
960 2652 967 2664 ‚
985 2634 1100 2666 foffiimm
1117 2634 1262 2665 existimare.

331 2672 342 2687 u
359 2672 380 2688 ic
397 2674 476 2691 inlus.

338 2706 365 2722 2.
385 2701 521 2733 Qodsoeiae
530 2703 684 2736 squamma]
708 2703 821 2730 Palatini.
834 2713 876 2740 pr.
887 2705 1036 2737 exsecuntur,

341 2742 366 2766 3.
388 2738 456 2775 Naris
476 2739 572 2769 (epulan
588 2741 632 2769 ins&
652 2740 807 2772 eflparensffl
831 2741 872 2766 Sic
882 2739 945 2766 edd.
966 2740 1149 2766 vett.secund.
1163 2740 1262 2766 sieniss.

305 2777 407 2809 omnies.-
427 2772 510 2798 1olr'iiii
525 2775 657 2800 Palatinus
679 2776 754 2801 'nabet
769 2785 774 2803 ;
789 2777 852 2808 fiatis
868 2777 972 2809 sepulcro
981 2778 1047 2810 lpse,
1065 2777 1116 2807 ὼε,
1135 2777 1262 2813 posterius

309 2812 320 2828 ῑ
328 2813 340 2828 u
348 2811 372 2838 lg
382 2813 408 2829 iti
416 2825 421 2834 ,
432 2809 510 2840 ‘Kfiiis
519 2810 648 2841 fiepulcmm
659 2814 693 2837 eft*
703 2812 745 2843 ips}
758 2820 859 2843 parcns.

341 2847 368 2870 4.
388 2844 554 2877 Sequemur-:7112
564 2846 648 2879 deris]
672 2848 784 2873 palatin.
796 2849 1008 2881 consbqicemurque.

345 2882 370 2906 5.
392 2877 431 2914 A!
449 2880 562 2905 hommum
582 2882 797 2916 confirmationem]
821 2885 861 2909 Ita
881 2884 1047 2910 Laiiibii·.i;iiii
1068 2884 1096 2909 Sc
1114 2885 1194 2910 RD.
1215 2893 1263 2909 ne-

307 2918 358 2949 que
369 2910 447 2936 aliter
464 2914 572 2953 l'ularin.
592 2916 695 2943 secund.
722 2919 747 2943 S<
770 2918 875 2954 quid-ein
899 2920 997 2946 vetuste
1018 2919 1068 2945 cusi
1083 2940 1090 2950 ,
1109 2917 1263 2954 'placuitque

307 2953 388 2987 ctiriii
411 2947 541 2989 Vlfflorlfl.
568 2953 652 2985 prima
679 2954 782 2985 editio,
813 2956 982 2987 consolationem
1003 2975 1011 2988 ‚
1041 2955 1150 2982 secunda
1176 2957 1263 2988 rotrlkr-
1283 2954 1285 2988 l

305 2988 437 3041 mixtionem.
461 2984 573 3011 Palatia.
594 2989 671 3022 prini-
693 2988 776 3016 servat
790 2991 924 3024 sutietatem
937 3011 945 3023 ,
965 2991 1036 3027 quod
1049 2995 1073 3018 ἃ
1094 2992 1119 3017 iii
1132 2992 1264 3029 plerisque
1283 3022 1285 3048 ⁴

307 3025 331 3042 ek
344 3025 398 3042 1115.

340 3052 372 3092 ¹6.
388 3054 453 3084 Qii
464 3056 603 3096 sac-'endum
614 3058 794 3094 fugiendumque
805 3061 863 3095 fin]
887 3064 916 3089 F.
927 3064 1136 3097 quidfiigirndnm.
1150 3064 1263 3090 palatin.

307 3096 374 3124 prim
383 3107 386 3112 .
396 3091 475 3121 sagien
483 3091 606 3123 ium-nsit.

341 3131 370 3160 7.
391 3127 418 3150 tlt
440 3128 500 3151 ratio
508 3128 602 3161 praesi'r,
621 3132 737 3161 appetitus
756 3132 915 3168 obtemperet]
938 3133 1018 3162 Haud
1038 3135 1117 3163 aliter
1136 3136 1265 3163 M.F.D.
1284 3106 1286 3168 Ε

1285 101 1828 149 (Ξ-ιεειιοΝιε

1282 192 1341 212 tem
1353 181 1436 223 quod
1448 179 1564 224 differat
1577 202 1584 215 ,
1597 183 1627 211 in
1639 183 1802 212 hominum
1814 184 1926 214 ratione
1936 184 2071 216 habenda
2082 205 2090 218 ,
2105 186 2182 216 inter
2193 185 2246 225 ju-

1284 223 1392 255 stitiam
1404 243 1411 256 ‚
1428 223 1460 253 &
1471 223 1691 254 verecundiam.
1712 223 1839 265 Justitiae
1849 235 1943 265 partes
1954 227 2020 257 sunt
2032 247 2040 260 ,
2057 237 2118 256 non
2131 225 2244 258 violare

1286 267 1446 294 homines:
1469 264 1683 299 verecundi-z,
1704 275 1766 295 non
1787 265 1957 297 ostendere:
1980 279 2010 298 in
2031 279 2092 309 quo
2109 268 2246 299 maxim&

1286 307 1460 347 perspicitur
1480 308 1526 336 vis
1543 307 1655 337 decori⁴
1680 309 1737 337 His
1754 309 1843 349 igitur
1862 308 2002 348 expofitis
2015 329 2024 342 ‚
2043 311 2129 350 quale¹
2151 309 2183 340 sit
2202 310 2245 344 id,

1286 349 1366 389 quod
1383 348 1486 378 decere
1499 347 1629 378 dicimus
1641 369 1649 382 ,
1669 349 1857 379 intellectum
1868 359 1950 389 puto
1975 350 2118 382 Officium
2129 362 2243 386 autem.

1287 390 1367 431 quod
1379 390 1414 419 ab
1425 399 1462 418 eo
1472 389 1590 420 ducitur
1601 410 1609 424 ,
1625 392 1699 420 hanc
1708 391 1842 431 primum
1855 391 1942 421 habet
1953 402 2032 422 viam
2050 413 2057 426 ,
2075 404 2140 434 quae
2152 393 2247 424 dedu-

1287 434 1326 462 cit
1345 431 1379 461 ad
1402 433 1646 461 convenientiam
1658 452 1666 465 ,
1686 433 2004 473 conservationemque
2015 442 2136 463 natura:
2155 445 2246 476 quam

1290 474 1308 502 si
1322 474 1479 514 sequemur
1489 473 1596 502 ducem
1607 493 1614 507 ,
1632 483 1799 515 numquam
1813 475 2031 504 aberrabimusz
2049 477 2246 516 4sequemur-

1288 525 1344 556 que
1364 515 1395 544 &
1415 515 1444 543 id
1456 534 1464 547 ,
1484 514 1566 555 quod
1584 524 1703 545 acutum
1718 535 1726 549 ‚
1748 516 1942 555 &perspicax
1958 526 2059 546 natura
2070 517 2128 547 est:
2149 519 2181 548 &
2194 518 2245 552 id.

1289 556 1370 598 quod
1389 555 1448 585 5ad
1472 557 1635 586 hominum
1655 557 1912 588 consociationem
1932 559 2192 588 accommdatum:
2214 560 2248 591 &

1291 599 1319 628 id
1330 618 1337 632 ,
1360 597 1442 638 quod
1453 599 1617 628 vehemens
1627 607 1713 640 atque
1723 598 1809 629 forte.
1834 600 1890 629 Sed
1903 602 2037 630 maxima
2047 602 2092 629 vis
2102 600 2203 630 decori
2214 603 2246 631 in

1291 643 1341 670 hac
1360 638 1436 669 inest
1453 649 1532 679 parte
1545 659 1553 673 ,
1574 640 1610 670 de
1628 651 1684 681 qua
1703 640 1900 680 disputamus.
1924 651 2019 681 neque
2041 643 2123 671 enim
2149 642 2246 672 solum

1289 683 1422 721 corporis
1432 700 1440 714 ,
1451 683 1503 721 qui
1514 682 1549 711 ad
1562 691 1696 712 natuiain
1709 685 1767 722 apti
1780 683 1857 716 sunt,
1870 682 1918 713 sed
1929 683 2029 712 multo
2040 686 2129 712 etiam
2142 685 2247 723 magis,
2288 714 2292 715 ⁷

1288 725 1383 754 animi
1395 732 1495 752 motus
1508 723 1671 762 probandi,
1689 727 1740 764 qui
1753 726 1826 754 item
1837 725 1873 754 ad
1885 733 2018 754 naturam
2030 726 2249 755 accommodati

1290 765 1366 795 sunt.
1391 765 1512 803 Duplex
1527 763 1569 795 est
1583 767 1667 794 enim
1680 769 1725 795 vis
1736 768 1909 796 animorum
1922 786 1929 799 ,
1951 775 2036 806 atque
2048 775 2174 796 naturae:
2195 775 2251 798 una

1288 817 1351 847 pars
1363 809 1393 836 in
1404 807 1532 847 appetitu
1544 805 1634 846 posita
1644 806 1686 837 est
1698 827 1705 841 ‚
1727 818 1792 849 quae
1803 807 1844 837 est
1855 809 1913 841 ὁρμὴ
1925 807 2029 838 Graece
2041 827 2048 840 ‚
2072 818 2136 848 qua:
2149 809 2250 838 'nomi-

1291 859 1359 879 nem
1372 849 1447 880 huc,
1464 848 1495 877 &
1504 850 1577 878 illuc
1587 850 1676 888 rapit:
1687 849 1774 879 altera
1787 853 1817 878 in
1827 850 1945 882 rarione,
1957 859 2022 890 quae
2032 849 2119 879 docet
2129 870 2137 882 ‚
2149 850 2182 880 δε
2196 859 2252 880 ex-

1290 892 1409 930 planat,
1426 887 1440 908 ⁶
1451 890 1522 929 quid
1534 889 1706 920 faoiendum
1723 912 1730 924 ,
1751 891 1992 933 fugiendumque
2003 889 2045 920 sit.
2071 893 2109 921 ita
2122 890 2154 920 fit
2164 911 2173 925 ,
2193 896 2208 920 7
2218 899 2251 921 ut

1291 934 1366 962 ratio
1385 930 1478 971 praesit
1497 952 1505 965 ‚
1528 934 1674 972 appetitus
1693 932 1765 963 vero
1786 932 1984 973 obtemperet.
2018 935 2127 962 Omnis
2147 942 2248 963 autem

1291 974 1369 1004 aeuo
1379 983 1478 1003 vacare
1488 973 1575 1003 debet
1584 976 1760 1008 temeritate,
1773 974 1806 1004 δε
1814 976 1992 1016 negligentia
2007 984 2011 1003 :
2023 985 2077 1004 nec
2086 974 2158 1004 vero
2167 984 2250 1015 agere

1291 1015 1457 1056 quidquam
1469 1034 1477 1048 ‚
1495 1025 1581 1054 cujus
1599 1025 1661 1044 non
1681 1015 1767 1055 poffit
1782 1017 1897 1045 causam
1917 1016 2102 1056 probabilem
2120 1016 2250 1046 reddere.

1294 1059 1367 1087 Haec
1379 1056 1421 1086 est
1434 1058 1517 1086 enirn
1532 1056 1594 1086 fere
1609 1056 1768 1097 descriptio
1782 1055 1886 1086 officii.
1911 1055 2110 1087 Efficiendum
2122 1077 2130 1092 ,
2151 1066 2252 1088 autem

1293 1098 1335 1129 est
1347 1119 1354 1132 ,
1376 1107 1408 1127 ut
1422 1099 1567 1138 appetitus
1581 1099 1688 1127 rationi
1702 1099 1845 1128 obediant
1855 1118 1863 1131 ,
1883 1108 2008 1139 eamque
2019 1109 2114 1139 neque
2125 1108 2251 1139 praecur-

1295 1149 1358 1170 rant
1370 1160 1377 1173 ,
1400 1149 1454 1169 nec
1465 1148 1583 1179 propter
1592 1141 1742 1179 pigritiam
1753 1159 1762 1173 ,
1784 1149 1833 1170 aut
1848 1142 1994 1181 ignaviam
2009 1140 2159 1170 deserant:
2181 1140 2252 1171 fint-

1293 1192 1350 1222 que
1370 1181 1524 1221 tranquilli
1536 1201 1544 1214 ‚
1566 1191 1653 1222 atque
1670 1184 1758 1212 omni
1776 1182 1999 1222 perturbatione
2015 1184 2250 1212 animi'careant.

1294 1227 1341 1254 Ex
1355 1233 1414 1264 quo
1428 1223 1558 1252 elucebit
1570 1225 1672 1253 omnis
1692 1223 1856 1254 constantia
1867 1244 1876 1257 ,
1899 1223 2060 1264 omnisque
2074 1223 2252 1253 moderatio.

1294 1275 1364 1295 nam
1383 1267 1435 1305 qui
1456 1266 1601 1304 appetitus
1620 1264 1743 1307 longius
1762 1274 1940 1307 evagantur,
1961 1265 2142 1305 &tanquam
2154 1265 2255 1295 exsul-

1294 1316 1388 1337 tantes
1398 1305 1457 1336 five
1467 1307 1618 1346 cupiendo
1629 1327 1638 1340 ‚
1654 1306 1712 1338 sive
1721 1306 1868 1347 fugiendo
1879 1327 1888 1340 ,
1906 1317 1969 1336 non
1982 1307 2047 1337 satis
2057 1308 2073 1337 a
2083 1309 2198 1337 ratione
2208 1316 2254 1337 re-

1294 1350 1448 1382 tinemut,
1463 1349 1493 1378 hi
1506 1346 1566 1378 fine
1577 1348 1670 1379 dubio
1682 1348 1786 1382 finem,
1799 1350 1830 1379 &
1842 1349 1969 1379 modum
1983 1349 2144 1378 transeunt.
2161 1349 2255 1379 relin-

1293 1400 1391 1431 quunt
1401 1392 1483 1420 enim
1495 1410 1503 1424 ‚
1515 1390 1546 1420 ὃς
1558 1390 1706 1429 abjiciunt
1714 1391 1917 1421 obedientiam
1931 1410 1938 1424 ,
1955 1400 2009 1420 nec
2021 1392 2128 1420 rationi
2139 1399 2252 1430 parent,

1294 1435 1342 1462 cui
1361 1432 1429 1462 sunt
1448 1432 1574 1471 subjecti
1592 1432 1656 1473 lege
1676 1430 1803 1463 natur&
1823 1433 1838 1463 a
1852 1433 1962 1474 quibus
1976 1442 2038 1462 non
2051 1431 2144 1462 modo
2158 1433 2254 1462 animi

1294 1474 1502 1514 perturbantur
1511 1494 1518 1507 ,
1532 1472 1579 1503 sed
1589 1483 1678 1504 etiarn
1691 1484 1823 1514 corpora.
1847 1476 1932 1504 Licet
1942 1484 1988 1503 ora
1999 1474 2058 1514 ipsa
2067 1483 2186 1503 cernere
2195 1476 2254 1503 ira-

1295 1525 1394 1546 torum
1407 1535 1415 1548 ,
1425 1524 1474 1545 aut
1484 1525 1592 1544 eorum
1605 1535 1613 1547 ,
1626 1518 1677 1555 qui
1689 1525 1736 1545 aut
1746 1515 1875 1545 libidine
1885 1516 1982 1555 aliqua
1995 1535 2002 1548 ‚
2013 1525 2061 1545 aut
2074 1524 2155 1544 metu
2166 1525 2253 1545 com-

1297 1559 1374 1586 moti
1384 1556 1512 1589 sunt‚aut
1522 1556 1780 1595 voluptatenimia
1789 1555 1929 1597 gestiunt:
1939 1566 2069 1596 quorum
2082 1552 2096 1575 ⁸
2106 1558 2251 1587 omnium

1295 1599 1395 1628 vultus
1406 1616 1415 1630 ,
1439 1606 1527 1627 voces
1539 1617 1546 1629 ,
1563 1606 1664 1627 motus
1674 1617 1682 1631 ‚
1697 1596 1843 1638 statusque
1854 1606 2007 1627 mutantur
2040 1600 2086 1628 Ex
2096 1597 2205 1638 quibus
2216 1598 2253 1627 il-

1295 1639 1346 1668 lud
1364 1639 1543 1678 intelligitur
1554 1638 1597 1676 (ut
1607 1639 1642 1668 ad
1653 1637 1747 1668 officii
1758 1637 1887 1669 formam
1899 1640 2094 1679 revertamur)
2105 1641 2252 1679 appetitus

1296 1683 1415 1709 omneis
1425 1680 1645 1710 contrahendos
1661 1700 1669 1713 ‚
1685 1680 1885 1720 sedandosque
1896 1681 2145 1721 excitandamque
2154 1682 2254 1711 anim-

1295 1720 1500 1752 adversionem
1513 1740 1521 1753 ,
1542 1721 1574 1750 &
1584 1721 1772 1762 diligentiam
1785 1741 1792 1755 ‚
1814 1731 1847 1751 ut
1862 1731 1899 1751 ne
1913 1721 1984 1761 quid
1999 1730 2111 1752 temere
2122 1742 2130 1755 ,
2150 1732 2182 1752 ac
2192 1721 2254 1752 for-

1295 1765 1372 1792 tuitu
1389 1782 1397 1796 ‚
1423 1761 1636 1792 inconsiderate
1648 1783 1656 1795 ,
1681 1763 1924 1804 negligenterque
1941 1773 2071 1804 agamus.
2104 1773 2125 1792 N
2138 1773 2157 1792 E
2168 1773 2223 1802 Q!
2234 1772 2254 1793 F.

1296 1814 1316 1833 E
1328 1814 1348 1833 N
1362 1814 1371 1832 1
1387 1814 1414 1833 M
1437 1814 1448 1832 1
1461 1813 1481 1832 τ
1494 1812 1515 1832 Α
1556 1805 1666 1833 enerati
1682 1803 1698 1833 a
1711 1813 1812 1834 natura
1827 1805 1930 1834 sumus
1941 1823 1949 1837 ,
1974 1814 2006 1834 ut
2022 1805 2056 1835 ad
2075 1804 2181 1834 ludum
2193 1825 2201 1839 ,
2222 1805 2256 1836 &

1293 1846 1398 1885 jocum
1421 1844 1489 1874 facti
1510 1814 1568 1876 elle
1583 1845 1756 1876 videamur:
1778 1845 1826 1876 sed
1836 1846 1870 1876 ad
1883 1846 2066 1877 severitatem
2078 1843 2180 1886 potius
2193 1866 2202 1880 ,
2222 1846 2256 1877 &

1296 1887 1331 1917 ad
1352 1887 1488 1927 quaedam
1511 1886 1607 1917 studia
1625 1890 1779 1928 graviora,
1801 1897 1887 1928 atque
1899 1889 2022 1923 maiora.
2046 1888 2134 1918 Ludo
2154 1897 2253 1919 autem

1297 1930 1484 1968 &joco‚9uti
1496 1930 1550 1958 illo
1561 1930 1685 1970 quidem
1699 1930 1767 1960 licet
1778 1940 1784 1958 z
1795 1928 1844 1959 sed
1852 1928 1924 1960 sicut
1934 1932 1962 1949 ¹0
1972 1930 2090 1963 somno,
2104 1930 2136 1960 &
2147 1931 2258 1971 quieti·

1296 1971 1350 2001 biis
1369 1972 1474 2000 ceteris
1485 1991 1492 2004 ,
1513 1980 1577 2001 tum
1592 1973 1663 2001 cum
1684 1971 1821 2012 gravibus
1832 1990 1841 2005 ,
1863 1972 2002 2012 seriisque
2013 1971 2100 2001 rebus
2110 1971 2259 2002 satisfece—

1296 2016 1402 2043 rimus.
1426 2012 1589 2053 Ipsumque
1606 2023 1701 2054 genus
1715 2013 1834 2051 jocandi
1853 2023 1915 2043 non
1932 2012 2088 2053 profusum
2100 2032 2108 2046 ‚
2129 2023 2184 2044 nec
2196 2015 2258 2042 im-

1297 2054 1468 2085 modestum
1483 2074 1490 2087 ,
1507 2055 1555 2085 sed
1566 2058 1732 2095 ingenuum
1744 2053 1913 2085 &facetum
1923 2053 1981 2086 ess‘e
1990 2055 2086 2086 debet.
2109 2058 2152 2085 Ut
2161 2057 2257 2090 enim,

1275 2113 1276 2124 l
1296 2098 1386 2140 pueris
1406 2106 1468 2126 non
1489 2106 1616 2126 ornnem
1636 2096 1761 2126 ludendi
1780 2098 1933 2127 licentiam
1953 2096 2057 2127 damus
2070 2116 2078 2131 ,
2105 2097 2152 2127 sed
2172 2107 2257 2130 eam,

1298 2148 1363 2179 qua:
1374 2138 1409 2168 ab
1420 2137 1554 2168 honestis
1563 2137 1733 2168 acl-ionibus
1745 2148 1808 2168 non
1820 2136 1853 2167 fit
1861 2141 1958 2169 aliena
1972 2149 1978 2167 z
1991 2142 1999 2157 ¹
2009 2136 2059 2169 'fic
2071 2140 2101 2168 in
2113 2139 2257 2179 ipsojoco

1299 2180 1422 2220 aliquod
1442 2181 1527 2220 piobi
1546 2181 1661 2222 ingenii
1678 2181 1782 2210 lumen
1796 2180 1916 2211 eluceat.
1941 2181 2064 2220 Duplex
2074 2183 2206 2210 omnino
2216 2179 2260 2211 est

1294 2223 1408 2262 jocandi
1417 2232 1511 2262 genus
1524 2233 1529 2251 :
1545 2232 1640 2252 unum
1654 2222 1798 2252 illiberale
1810 2242 1818 2255 ,
1829 2224 1964 2262 petulans
1975 2242 1983 2256 ,
1995 2221 2190 2263 flagitiosum,
2203 2222 2260 2252 ob-

1302 2265 1436 2294 scoenum
1450 2275 1455 2292 ;
1467 2266 1592 2294 alterum
1608 2284 1616 2297 ‚
1629 2265 1746 2304 elegans
1756 2284 1764 2297 ‚
1776 2265 1923 2294 urbanum
1936 2284 1944 2298 ,
1957 2265 2147 2305 ingeniosum
2160 2284 2169 2298 ,
2180 2264 2258 2293 facc-

1302 2316 1379 2336 tum.
1402 2316 1463 2346 quo
1475 2316 1581 2346 genere
1595 2316 1658 2335 non
1672 2306 1766 2335 modo
1780 2307 1896 2336 Plautus
1909 2305 2006 2336 noster
2017 2325 2025 2338 ‚
2045 2306 2077 2335 &
2087 2309 2257 2335 Atticorum

1300 2350 1420 2387 antiqua
1431 2349 1582 2378 cornoedia
1595 2368 1603 2381 .
1616 2349 1662 2378 sed
1674 2351 1762 2377 etiam
1776 2347 2026 2387 philosophorum
2037 2350 2257 2376 Socraticorum

1302 2389 1370 2418 libri
1384 2388 1480 2418 referti
1495 2390 1578 2419 sunt:
1601 2390 1754 2429 multaque
1771 2390 1936 2418 multorum
1946 2387 2038 2418 facete
2050 2387 2147 2418 didra:
2169 2397 2201 2418 ut
2212 2397 2257 2421 ea,

1301 2440 1366 2471 quae
1376 2431 1392 2460 a
1403 2430 1470 2460 sene
1483 2434 1595 2461 Catone
1605 2431 1730 2460 collecta
1741 2431 1817 2464 sunt,
1835 2433 1861 2449 ¹²
1879 2440 1944 2471 quae
1954 2439 2062 2461 vocant
2073 2434 2259 2470 ἀποφθεγμκῖᾷ.

2176 2473 2261 2501 Faci-

1301 2560 1365 2585 item
1379 2561 1493 2588 Palatiii.
1515 2561 1556 2586 sed
1568 2561 1667 2597 primus
1679 2568 1805 2596 practerea
1823 2560 1901 2587 habet
1916 2579 1924 2592 ,
1943 2561 1972 2591 ὠ
1982 2563 2099 2593 appetitus
2116 2561 2261 2593 obtemperet.

1305 2597 1397 2632 vulgg.
1410 2600 1527 2630 appetitus
1541 2599 1598 2622 verb
1612 2599 1757 2630 ohtemsoeret.
2249 2626 2253 2632 Ι

1340 2632 1366 2658 8.
1387 2638 1493 2659 Omnium
1503 2636 1598 2664 virltm,
1609 2642 1686 2664 voces,
1698 2641 1783 2664 morus,
1793 2633 1913 2666 starufique
1923 2632 2075 2666 mutantur]
2087 2631 2165 2658 Fabr.
2176 2630 2261 2658 codex

1304 2668 1437 2730 inltedrscrit
1448 2672 1622 2703 voces,gcstus‚
1634 2677 1717 2695 motus.
1740 2678 1769 2696 at
1779 2669 1913 2695 Palatinus
1925 2669 2005 2704 prim.
2025 2678 2056 2694 ne.
2067 2667 2172 2703 quidem
2184 2666 2261 2693 habet

1303 2705 1320 2730 il
1337 2714 1350 2730 u
1382 2713 1468 2731 motus.

1338 2749 1367 2775 9.
1388 2742 1471 2766 Uiiillo
1481 2741 1571 2775 quidem
1581 2742 1660 2775 licen]
1684 2741 1725 2767 Est
1737 2741 1751 2767 :i
1764 2748 1830 2767 vett.
1842 2739 1903 2766 edd.
1916 2741 1943 2766 Sc
1956 2739 2013 2766 niss‘.
2026 2741 2066 2766 M.
2076 2741 2108 2766 F.
2117 2739 2180 2765 item
2193 2737 2262 2764 Pau.

1304 2777 1450 2810 ceterisque
1461 2788 1466 2803 :
1491 2777 1617 2812 posterius
1630 2777 1680 2802 cusi
1692 2777 1748 2802 illis.

1345 2822 1386 2838 10.
1405 2817 1484 2838 Somno
1497 2813 1525 2843 &⁶
1541 2814 1660 2846 quienbm
1678 2812 1782 2846 ceteris]
1805 2813 1848 2838 Sic
1859 2811 1970 2838 Palatin.
1983 2812 2010 2837 &
2030 2810 2110 2836 M.F.
2130 2809 2157 2834 &
2169 2818 2261 2835 omnes

1305 2848 1423 2874 suffridi.
1446 2858 1526 2885 quare
1547 2848 1671 2875 iuducere
1683 2848 1788 2874 vei-bum
1800 2850 1918 2881 quietibus·
1937 2857 1986 2873 iion
2007 2846 2061 2872 sum
2082 2844 2168 2871 ausus.
2190 2844 2261 2878 quod

1307 2892 1392 2910 tamen
1407 2884 1492 2918 liquis
1504 2885 1599 2911 fecerit
1611 2905 1619 2914 ,
1641 2885 1737 2919 Langii
1751 2884 1847 2910 librum
1869 2883 2034 2910 vetustum&
2047 2880 2178 2916 judiciuin
2190 2881 2264 2919 secti-

1306 2928 1359 2951 tus,
1375 2930 1415 2946 nie
1427 2920 1525 2947 libente
1537 2920 1640 2947 fecerit.
1661 2920 1831 2946 biiiieliiiiiis.

1347 2966 1353 2982 1
1364 2966 1385 2982 1.
1404 2960 1443 2982 Sic
1452 2960 1477 2982 in
1487 2958 1531 2990 ipso
1540 2959 1592 2990 joco
1602 2956 1695 2991 aliquid
1701 2957 1860 2988 frobiingenii
1868 2953 1981 2987 eluceat]
2005 2951 2089 2978 Ausus
2100 2951 2155 2979 suin
2168 2952 2264 2986 ejicere

1309 2994 1425 3018 voculam
1437 2994 1523 3021 lumen,
1536 3003 1552 3029 q
1565 3001 1592 3018 ιε
1605 2993 1628 3018 i.i
1643 2991 1764 3017 omnibus
1779 2990 1865 3024 pristim
1878 2988 1938 3014 edd.
1951 2988 2021 3023 quod
2034 2989 2133 3024 priore>
2147 2987 2264 3014 viderem

1307 3027 1400 3054 habere
1411 3031 1444 3053 rili
1451 3029 1505 3061 prii
1515 3048 1522 3057 ‚
1541 3028 1610 3063 quod
1626 3028 1653 3053 St
1664 3030 1699 3053 eit
1711 3029 1735 3052 'iii
1748 3027 1786 3051 Μ.
1798 3027 1822 3051 8v
1836 3027 1866 3051 κ’,
1886 3026 1936 3050 elle
1945 3028 2021 3050 lumen
2041 3027 2056 3051 a
2076 3024 2158 3060 glossa
2167 3023 2265 3051 disti-te

1284 3094 1285 3099 Ἰ
1306 3064 1405 3091 indicat
1423 3064 1555 3090 inii-atinus
1568 3064 1646 3098 prim.
1659 3063 1682 3087 'iii
1695 3071 1747 3096 quo
1759 3061 1794 3086 cst
1806 3061 1876 3086 inici·
1887 3061 1980 3087 loeas*

1347 3109 1388 3125 η.
1404 3101 1464 3131 94η
1472 3106 1559 3124 vocam
1570 3096 1788 3130 apophthegmata]
1805 3097 1848 3122 Sic
1858 3097 1905 3132 prii
1916 3106 1947 3122 πε
1959 3096 2020 3123 edd.
2030 3105 2142 3127 numero
2153 3103 2218 3127 trez,
2233 3094 2267 3122 fic

1308 3135 1350 3162 M.
1362 3138 1398 3163 D.
1410 3137 1441 3162 1³.
1453 3135 1479 3161 St
1493 3133 1607 3162 Pul-itin.
1619 3143 1670 3161 uon
1681 3140 1812 3166 vocantur,
1825 3141 1854 3160 ut
1866 3133 1977 3170 vulgati.
2168 3143 2171 3145 ·
2244 3131 2254 3136 “

2167 3188 2169 3191 .
2202 3168 2272 3195 Lac

2271 940 2315 972 29
