2360 3400
511 135 716 179 Ense.
748 146 823 176 AD
857 130 1224 182 CONSULES,
1261 140 1338 172 ΕΤ
1372 129 1596 184 Amos,
1633 132 1754 178 Lm.
1780 133 1885 180 XV.

225 218 314 252 laude
329 214 480 250 vixerunt.
505 218 573 257 Ego
590 214 665 245 verb
678 214 725 245 vel
736 214 933 256 gratulatione
943 213 1108 242 litterarum
1121 220 1183 241 tua-

227 269 297 294 rum
309 280 318 295 ,
337 261 385 290 vel
397 258 580 289 testimoniis
590 257 742 287 sententiae
753 256 841 286 dietae
854 276 862 289 ‚
883 255 961 285 nihil
971 253 1014 284 est
1023 274 1032 287 ‚
1043 253 1123 293 quod
1135 262 1184 282 me

230 313 298 335 non
318 301 480 332 asserentum
499 308 613 339 putem.
654 298 746 339 quue
764 300 843 328 mihi
860 295 933 328 cum
956 293 1184 335 ampliffimum‚

231 354 298 376 tum
313 340 511 384 gratiffimum
530 340 592 374 est,
611 349 639 371 te
659 341 786 370 libenter
796 341 938 370 amicitiae
952 335 1063 368 dedifl‘e
1076 355 1085 369 ‚
1105 336 1185 376 quod

228 383 352 426 liquido
370 385 488 413 veritati
504 382 597 413 dares.
623 386 633 401 ¹
645 385 683 412 Et
693 402 700 415 ,
722 380 742 411 fi
752 392 813 411 non
826 379 920 411 modo
931 387 1038 410 omnes
1049 398 1058 411 ‚
1081 387 1185 408 verum

230 430 323 457 etiam
338 426 430 455 multi
441 427 567 454 Catones
577 422 670 454 ess'ent
679 426 712 453 in
721 425 837 453 civitate
851 422 951 452 nostra
961 441 969 455 ‚
982 423 1014 450 in
1024 429 1081 460 qua
1091 428 1185 448 unum

231 466 376 498 exstitiss'e
393 467 531 496 mirabile
549 465 606 496 est:
626 476 717 506 quem
733 475 787 505 ego
803 474 923 494 currum
936 483 945 496 ,
965 470 1112 502 autquam
1125 461 1187 489 lau-

229 520 312 541 ream
337 518 408 539 cum
444 519 494 538 rua
512 508 682 538 laudatione
696 506 865 538 conferrem
887 508 897 534 ?
925 507 1007 534 Nam
1027 503 1063 532 ad
1079 511 1186 531 meum

229 552 352 582 sensum
363 571 371 585 ‚
397 550 429 580 δε
439 550 473 580 ad
485 550 560 580 illud
575 548 722 580 sincerum
734 569 742 582 ,
754 558 785 578 ac
799 546 1065 586 subtilejudicium
1077 563 1085 577 ‚
1109 543 1187 572 nihil

224 593 327 635 potest
347 591 405 622 esse
416 592 592 622 laudabilius
601 611 610 625 ‚
631 591 720 632 quam
732 601 764 620 ea
775 599 822 620 tua
831 590 926 619 oratio
937 608 947 621 ‚
967 597 1031 627 quae
1041 585 1125 616 estad
1137 594 1186 631 me

229 636 389 676 perscripta
405 634 420 664 a
436 636 511 664 meis
523 632 704 663 neceffariis.
727 631 782 663 Sed
794 631 910 661 causam
922 639 996 659 rneae
1007 627 1183 660 voluntatis,

225 687 296 708 ⁴non
307 679 390 706 enirn
399 676 496 706 dicam
509 675 679 715 cupiditatis
691 695 699 708 ‚
720 673 845 713 exposui
854 672 910 702 tibi
920 669 1120 710 superioribus
1135 668 1185 698 lit-

228 721 313 749 teris:
337 728 402 759 quae
422 721 512 747 etiam
532 716 553 746 fi
570 727 675 756 parurn
691 715 768 756 justa
777 714 902 744 tibivisa
915 712 977 746 est,
999 712 1075 741 hanc
1084 719 1185 740 tamen

226 761 315 791 habet
332 762 481 790 rationem
492 779 500 792 ‚
518 768 583 788 non
600 767 633 788 ut
642 759 736 787 nimis
746 754 1000 794 concupiscendus
1011 754 1108 782 honos
1122 750 1185 782 :sed

227 811 331 833 tamen
346 821 354 835 2
374 800 395 831 si
413 800 558 831 deferatur
575 799 591 829 a
608 799 728 832 senatu,
757 795 890 826 minime
907 794 1106 834 aspernandus
1125 791 1183 822 effe

225 844 374 874 videatur.
397 845 488 882 Spero
498 850 607 873 autem,
618 840 709 869 illum
720 838 874 870 ordinem,
884 846 938 876 pro
950 838 1026 865 meis
1035 835 1076 865 ob
1086 843 1180 873 remp.

227 886 368 925 susceptis
388 882 540 913 laboribus
557 901 565 915 ,
586 890 635 911 me
653 890 718 910 non
737 878 900 918 indignum
918 879 1033 907 honore
1048 896 1057 911 ‚
1077 875 1182 906 usitato

225 927 388 968 praesertim
401 945 409 959 ‚
421 923 673 954 existimaturum.
697 921 788 963 Qod
799 919 819 950 si
834 922 874 950 ita
883 921 939 950 erit
950 939 959 952 ‚
970 927 1086 949 tanturn
1098 928 1136 948 ex
1151 927 1178 948 te
1194 922 1196 925 ·

225 978 297 1009 peto
308 988 318 1001 ,
328 966 409 1007 quod
419 963 594 996 amicissime
609 963 710 994 scribis
722 983 731 996 ,
745 971 778 992 ut
794 982 801 995 ,
811 960 882 992 cum
895 970 948 992 tuo
958 960 1072 999 judicio
1082 981 1091 995 ,
1101 959 1181 1001 quod

225 1007 443 1050 ampliffimum
461 1004 519 1036 ess‘e
536 1006 682 1036 arbitraris
693 1025 701 1038 ‚
722 1005 799 1034 mihi
822 1003 962 1033 tribueris
977 1013 982 1031 ·.
995 1001 1016 1031 fi
1028 1002 1057 1032 id
1069 1022 1077 1035 ,
1099 1001 1180 1042 quod

227 1052 374 1082 maluero,
385 1048 503 1081 accidit,
514 1047 651 1094 gaudeas.
675 1050 690 1066 2
699 1049 746 1077 Sic
756 1048 840 1076 enim
849 1044 948 1076 fecifl'e
960 1053 997 1078 te,
1010 1044 1042 1075 &
1053 1042 1181 1077 sensisse,

226 1093 261 1124 δε
276 1091 379 1122 veritis
397 1088 535 1129 scripfisse
555 1089 663 1119 video:
681 1088 853 1129 resqueipsa
863 1087 1007 1120 declarat,
1027 1085 1181 1116 tibiillurn

224 1135 376 1165 honorem
396 1131 534 1163 nostrum
554 1131 778 1171 supplicationis
795 1129 963 1170 jucundum
973 1126 1079 1161 fuiss'e,
1099 1126 1181 1169 quod

221 1175 385 1207 scribendo
402 1173 524 1205 affuisti.
548 1175 621 1203 Haec
639 1174 723 1202 enim
736 1170 982 1202 senatusconsult.
1000 1171 1183 1211 nonignoro

225 1218 263 1248 ab
273 1215 460 1248 amiciffimis
471 1216 535 1255 ejus
545 1234 552 1247 ‚
572 1215 658 1254 cujus
670 1214 707 1244 de
716 1214 832 1243 honore
842 1214 936 1254 agitur
946 1232 954 1246 ,
976 1211 1063 1242 scribi
1073 1212 1178 1241 solere.
1198 1225 1200 1246 t

225 1262 290 1302 Ego
301 1279 309 1292 ,
326 1268 358 1288 ut
368 1259 451 1298 spero
462 1278 471 1291 ‚
487 1266 516 1287 te
525 1256 701 1297 propediem
711 1255 821 1286 videbo
832 1274 840 1289 ‚
852 1264 939 1296 atque
950 1255 1066 1284 utinam
1077 1253 1179 1294 repub.
1199 1265 1200 1272 ¹

228 1302 368 1333 meliore,
379 1300 470 1341 quam
482 1301 586 1329 timeo.

191 1364 212 1398 7
287 1348 1011 1382 M-T.C.PROCOS.C.MARCELLO
1032 1348 1126 1377 COS.

532 1390 739 1420 DESIGN.
762 1391 883 1419 S.P.D.

341 1440 462 1468 Ax1MA
480 1435 546 1466 sum
564 1435 665 1465 laetiti'a
673 1433 808 1469 affeetu&
827 1433 898 1465 cum
909 1434 1024 1468 audivi,
1035 1442 1063 1465 te
1071 1434 1180 1465 consu-

340 1480 402 1509 lem
411 1477 526 1508 saelum
538 1475 604 1507 effe:
618 1486 750 1517 eumque
771 1478 921 1506 honorem
934 1476 990 1506 tibi
1001 1475 1074 1506 deos
1084 1475 1181 1506 fortu-

228 1531 298 1554 nare
308 1521 483 1560 volo,atque
492 1520 507 1549 a
518 1528 544 1549 te
554 1529 609 1559 pro
620 1518 869 1559 tua‚parenrisque
879 1520 923 1548 tui
932 1518 1074 1558 dignitate
1083 1517 1180 1548 adrni-

225 1562 352 1594 nistrari.
377 1565 458 1593 Nam
476 1560 547 1592 cum
563 1570 590 1591 te
602 1561 717 1601 semper
729 1563 840 1593 amavi,
858 1559 1012 1600 dilexique
1023 1580 1032 1593 ,
1043 1569 1108 1590 tum
1120 1561 1181 1590 mei

224 1602 463 1636 amantissimum
484 1604 615 1645 cognovi
627 1603 660 1633 in
669 1604 758 1632 omni
767 1603 904 1632 varietate
919 1611 1019 1631 rerum
1033 1611 1179 1631 mearum:

221 1655 291 1678 tum
310 1648 399 1687 patris
418 1647 462 1676 tui
480 1644 616 1685 pluribus
636 1643 808 1677 beneficiis,
828 1644 877 1674 vel
897 1642 1034 1674 defensus
1045 1643 1177 1673 tristibus

224 1687 423 1729 temporibus,
435 1687 484 1718 vel
493 1696 614 1717 ornatus
626 1689 638 1713 3
650 1686 803 1716 secundis:
816 1685 849 1716 &
860 1686 925 1716 sum
938 1694 1017 1715 totus
1028 1684 1133 1719 vester,
1147 1686 1180 1716 &

224 1730 282 1761 effe
292 1730 388 1760 debeo
402 1727 487 1759 :cum
498 1729 659 1769 praesertim
669 1729 771 1759 matris
782 1736 838 1758 tuae
851 1747 859 1761 ‚
879 1725 1057 1768 gravissimae
1070 1748 1078 1761 ‚
1093 1736 1180 1768 atque

223 1774 348 1812 optimae
366 1770 506 1801 foeminae
533 1791 542 1804 ,
563 1770 676 1810 majora
695 1780 760 1811 erga
779 1769 901 1800 salutem
915 1788 923 1802 ‚
944 1769 1181 1810 dignitatemque

223 1823 325 1844 meam
335 1812 430 1843 studia
439 1832 447 1846 ‚
469 1811 558 1853 quam
571 1821 653 1842 erant
661 1812 677 1842 a
687 1812 814 1842 muliere
823 1810 997 1850 postulanda
1008 1830 1015 1843 ‚
1024 1811 1179 1850 perspexe-

222 1858 295 1887 rim.
324 1857 511 1896 Qapropter
527 1853 544 1884 a
559 1862 587 1883 te
606 1862 675 1893 peto
692 1855 724 1883 in
744 1853 892 1892 majorem
912 1851 1040 1882 modum
1056 1871 1065 1887 ,
1087 1861 1119 1883 ut
1129 1862 1178 1883 me

220 1897 374 1929 absentem
384 1897 488 1937 diligas
501 1916 508 1929 ‚
519 1904 605 1936 atque
617 1894 770 1925 defendas.

185 1950 205 1983 8
242 1949 288 1977 M.
299 1948 338 1977 Τ.
350 1948 382 1976 C.
406 1947 520 1976 PROC.
531 1946 777 1978 MARCELLO,
793 1945 1014 1978 COLLEGAE,
1033 1945 1061 1974 S.
1075 1946 1105 1974 P.
1116 1946 1154 1973 D.

338 1995 531 2021 ARCELLUM
543 2000 629 2021 tuum
642 2010 650 2024 ,
673 1991 828 2020 consulem
840 1989 953 2020 {aestum
965 2010 973 2024 ‚
987 1999 1074 2031 teque
1086 2000 1117 2019 ea
1127 1991 1177 2020 lae-

339 2035 402 2064 titia
411 2030 554 2063 affeetum
564 2031 634 2066 effe,
652 2043 742 2073 quam
754 2032 888 2062 maxime
899 2031 1005 2071 optasti
1016 2052 1024 2066 ‚
1036 2036 1053 2059 4
1065 2034 1177 2062 miran—

223 2076 297 2107 dum
307 2077 341 2105 in
351 2075 479 2105 modum
489 2075 603 2116 gaudeo
617 2076 721 2115 :idque
731 2073 801 2104 curn
814 2073 904 2113 ipsius
914 2074 1008 2107 causa,
1020 2083 1085 2107 tum
1097 2073 1177 2114 quod

218 2127 252 2148 te
271 2117 416 2147 omnibus
435 2114 652 2146 secundissimis
662 2116 746 2146 rebus
757 2114 1079 2156 digniss'irnumjudico
1095 2127 1100 2144 z
1126 2126 1178 2146 cu-

219 2161 268 2200 jus
291 2169 356 2199 erga
375 2169 424 2188 me
445 2157 620 2199 singularem
633 2157 869 2188 benivolentiam
884 2158 932 2187 vel
942 2159 975 2187 in
986 2157 1084 2188 labore
1096 2167 1177 2192 meo,

218 2202 271 2232 vel
289 2202 322 2230 in
340 2202 458 2230 honore
477 2200 628 2240 perspexi:
650 2208 744 2230 totam
763 2199 893 2240 denique
909 2198 1039 2229 domum
1049 2198 1177 2229 vestram

215 2243 269 2274 *vel
291 2242 408 2275 salutis,
429 2243 476 2271 vel
497 2241 648 2282 dignitatis
659 2251 732 2271 meae
743 2239 984 2271 studiosissimam
998 2261 1007 2274 ‚
1025 2239 1180 2281 cupidissi-

221 2294 365 2324 mamque
374 2286 519 2325 cognovi.
542 2286 639 2322 Quare
650 2292 766 2324 gratum
777 2284 854 2313 mihi
862 2282 980 2315 feceris,
991 2281 1010 2312 fi
1020 2285 1111 2313 uxori
1123 2292 1179 2313 tuae

214 2328 319 2369 Juniae
330 2346 339 2361 ‚
358 2324 534 2367 gravissimae
548 2346 556 2358 ‚
576 2334 662 2366 atque
684 2323 950 2364 optimaefaeminae
963 2344 971 2358 ‚
992 2327 1069 2354 meis
1080 2325 1179 2354 verbis

221 2370 279 2399 eris
296 2368 463 2409 gratulatus.
489 2371 553 2397 Ate
563 2367 614 2401 id,
634 2367 717 2408 quod
727 2365 815 2397 suesti
827 2386 836 2400 ,
856 2375 948 2407 pem,
966 2376 1016 2397 me
1025 2366 1179 2397 absentem

220 2409 337 2449 diligas,
347 2418 431 2450 atque
442 2409 595 2439 defendas.

178 2474 204 2507 9
259 2459 304 2486 M.
315 2459 354 2486 T.
366 2458 400 2486 C.
421 2458 588 2487 PROCOS.
601 2457 902 2489 M.MARCELLO,
925 2457 1007 2486 COS-
1024 2457 1052 2486 S.
1065 2457 1150 2486 P.D.

318 2504 342 2532 E
354 2501 511 2541 &pietatis
522 2503 555 2531 in
569 2510 636 2532 tuos
648 2521 657 2535 ‚
668 2501 700 2531 ὃς
709 2503 804 2532 animi
816 2503 849 2531 in
858 2501 996 2541 rempub.
1009 2500 1041 2531 &
1054 2499 1177 2531 clarissi-

224 2568 227 2571 .
318 2544 380 2577 mi,
400 2552 487 2583 atque
505 2545 616 2582 optimi
632 2544 803 2573 consulatus
817 2564 825 2577 ‚
848 2546 872 2573 C
893 2543 1039 2572 Marcello
1048 2543 1172 2573 consule

220 2585 300 2616 facto
311 2605 318 2619 ‚
330 2584 463 2614 frustum
473 2583 580 2624 cepisse
589 2605 598 2618 ,
611 2586 807 2615 vehementer
820 2584 943 2624 gaudeo.
968 2587 1043 2614 Non
1053 2585 1173 2618 dubito,

219 2627 291 2669 quid
309 2627 465 2668 praesentes
482 2626 618 2657 sentiant.
641 2636 699 2656 nos
720 2626 845 2667 quidem
866 2626 1047 2667 longinqui,
1067 2627 1101 2657 &
1117 2626 1134 2658 *a
1153 2635 1181 2657 te

254 2749 263 2767 ι
272 2762 279 2769 .
300 2743 351 2776 Etsi
356 2751 401 2768 non
411 2741 473 2766 modii
482 2749 558 2766 omnes
569 2759 576 2772 ‚
596 2740 680 2765 verimi
689 2743 760 2765 ctiam
778 2741 846 2766 multi
857 2741 956 2764 Catones
965 2739 1061 2774 effcnn]
1081 2739 1125 2765 sic
1136 2739 1175 2766 le-

213 2777 333 2814 gendum
344 2787 377 2804 ex
389 2776 536 2803 recensione
547 2775 662 2802 ViE‘corii
677 2795 684 2807 ,
695 2775 812 2802 editione
822 2775 948 2811 primarii
962 2794 970 2806 ,
985 2774 1107 2801 Palatino
1117 2775 1175 2802 sex·

216 2821 248 2840 to
259 2833 267 2846 ‚
285 2814 404 2840 Vaticani
414 2813 548 2848 excerptis
557 2816 569 2845 ',
581 2813 765 2847 Hittorpiaiio.
786 2811 930 2838 Lambinus
942 2820 974 2837 ne
985 2820 1036 2837 non
1048 2812 1175 2838 sincerum

219 2857 264 2876 vas
275 2850 440 2882 incrustaret,
452 2849 566 2875 faciebat
576 2849 661 2883 ‹fuodfi
667 2859 712 2874 non
725 2848 785 2874 modo
794 2857 881 2878 omnes⁷
891 2848 987 2878 verium,
998 2848 1048 2878 ὠτ.
1068 2847 1176 2873 Guliel-
1194 2872 1196 2875 .

222 2885 291 2912 mins
301 2885 405 2920 legebat
415 2897 421 2912 z
432 2886 462 2917 ᾤ’
473 2904 481 2917 ,
500 2896 507 2910 ι
516 2885 578 2911 modo
587 2894 663 2911 omnes
675 2904 683 2917 ,
693 2886 812 2911 veltffiam
821 2886 899 2909 multi.
920 2883 1008 2918 Vulgo
1019 2893 1025 2910 :
1049 2883 1078 2913 ὠ·
1089 2884 1176 2917 ‚sinon

225 2921 288 2946 modi)
296 2930 370 2953 unm,
381 2931 476 2947 vcmm.

260 2964 289 2982 2.
306 2960 344 2982 Sit
352 2958 497 2990 enimfeceffe
508 2964 530 2982 re
542 2976 549 2989 ‚
570 2956 600 2987 ὠ·
609 2956 699 2991 ftnfiffe
707 2956 736 2987 &¹
744 2959 828 2982 verius
839 2955 951 2989 scripfiffi
960 2954 1055 2989 videm]
1077 2954 1120 2981 Sic
1129 2954 1177 2980 Vi-

222 2989 324 3018 &or'ius
337 3010 345 3023 ,
362 2992 512 3019 &Palatini
525 3012 534 3024 ,
553 2993 639 3028 sicque
649 3002 682 3018 ex
694 2991 784 3018 codice
795 2992 895 3018 vetusto
906 2991 1017 3026 primani
1030 2989 1177 3026 ixnpreffio-

224 3036 284 3053 nem
295 3027 416 3054 emendat
426 3029 565 3063 Egnatius.
584 3038 669 3064 neque
678 3029 756 3055 :iliter
766 3028 884 3054 Vaticani
896 3035 1019 3062 excerpta
1030 3028 1055 3052 8<
1070 3027 1179 3052 Hittor-

222 3063 327 3099 pianus.
346 3063 507 3090 Gulielmius
525 3064 697 3091 nihilominus
715 3063 877 3091 ariol-abatur
889 3083 897 3096 ,
916 3065 954 3098 etsi
963 3065 997 3097 sic
1015 3064 1043 3093 <jx
1055 3063 1134 3097 ftslssf
1149 3071 1179 3088 ie.

224 3098 320 3125 Paullo
331 3098 385 3134 post
397 3099 494 3125 l'eckio
503 3107 629 3136 excerpta
640 3120 648 3131 ,
659 3101 847 3136 Histoi-planus
861 3119 868 3132 ,
880 3100 947 3126 Pau.
958 3100 1075 3125 stribunt
1087 3109 1093 3125 ι
1113 3107 1180 3132 enfin

225 3136 306 3160 honore
315 3137 394 3168 agitur
397 3135 472 3168 firibi
481 3135 563 3168 filet-e.
583 3135 653 3162 unde
662 3136 708 3162 ille
721 3155 729 3168 ‚
740 3139 806 3172 eujus
816 3138 887 3162 honor
897 3138 987 3170 agitur.
1010 3136 1068 3171 Ego
1078 3144 1102 3171 pi
1110 3144 1124 3160 c
1138 3144 1179 3160 re-

217 3178 300 3207 cepta
309 3170 426 3199 lenione
440 3170 511 3198 stabo
529 3171 637 3207 potius:
657 3173 740 3209 quam
758 3172 870 3201 ruinosis
888 3173 998 3201 alterius
1018 3170 1179 3208 conjesturis

2073 151 2099 196 7
2109 154 2134 183 <2
2147 153 2164 167 .

1369 208 1377 215 ι
2144 176 2162 200 3

1225 209 1288 257 ipso
1299 209 1380 258 misti
1390 212 1422 241 in
1435 211 1558 258 ultimas
1569 214 1733 255 genteis‚ad
1746 217 1854 247 caelum
1866 216 2036 248 mehercule
2048 218 2186 248 tollimu-

1227 251 1385 282 verissimis
1399 273 1407 287 ,
1421 263 1452 283 ac
1463 254 1634 294 Justiss'imis
1646 257 1795 288 laudibus.
1822 262 1901 290 Nam
1916 259 1986 290 cum
1999 268 2026 290 te
2036 259 2049 289 ’Σῑ
2061 262 2187 300 pueritia

1227 301 1276 323 tua
1296 294 1384 341 uni-ce
1413 296 1572 327 dilexerim
1591 319 1599 330 ‚
1619 307 1709 340 tuque
1729 309 1778 329 me
1803 301 1835 330 in
1859 304 1945 332 omni
1956 311 2062 342 genere
2072 302 2187 341 semper

1229 334 1448 379 amp-lisslmum
1467 336 1524 368 esse
1544 339 1576 369 Sc
1598 340 1728 371 volueris
1737 361 1745 374 ‚
1767 341 1799 372 δε
1813 342 1972 382 judicaris:
1993 353 2058 374 tum
2068 344 2126 374 hoc
2137 343 2185 373 vel

1227 384 1279 405 tuo
1288 376 1368 423 rassto
1377 397 1385 411 ‚
1396 380 1444 407 vel
1454 380 1558 419 populi
1569 383 1606 411 R.
1619 381 1655 411 de
1666 392 1693 412 te
1707 383 1820 418 iudicio
1829 404 1836 415 ,
1856 385 1956 415 multo
1966 384 2059 415 acrius
2071 406 2079 418 ‚
2093 386 2185 414 vehe-

1228 419 1417 466 mentiusque
1436 420 1549 461 diligor
1574 425 1767 465 maximaque
1785 425 1886 456 laetitia
1903 425 2035 460 afficior,
2057 426 2126 456 cum
2147 426 2183 457 ab

1227 459 1407 505 horninibus
1426 462 1663 500 prudentissimis
1685 485 1693 499 ‚
1716 468 1846 508 virisque
1867 471 1991 507 optimis
2007 488 2015 501 ‚
2039 469 2185 498 omnibus

1226 499 1315 545 diEtis
1326 520 1335 534 ‚
1357 501 1443 532 taCtis
1455 522 1463 536 ‚
1484 503 1588 534 studiis
1602 525 1610 539 ,
1630 506 1772 538 institutis
1782 529 1790 542 ‚
1802 510 1851 539 vel
1867 520 1916 539 me
1932 513 1974 540 tui
1987 509 2114 539 similem
2125 509 2182 540 ess‘e

1226 541 1337 574 audio,
1356 544 1404 572 vel
1424 553 1451 573 te
1471 547 1542 574 mei.
1566 549 1671 577 Unum
1690 550 1761 579 vero
1782 549 1894 581 siaddis
1903 553 1937 582 ad
1952 550 2183 592 piaeclarisi'imas

1226 591 1271 611 res
1288 584 1457 631 consulatus
1472 588 1572 617 tuiaut
1585 590 1660 618 mihi
1676 591 1806 622 succedat
1816 593 1904 633 quarn
1916 593 2052 633 primum
2061 594 2180 634 aliquis,

1226 632 1275 653 aut
1285 634 1321 653 ne
1332 625 1405 665 quid
1414 626 1682 672 accedatteinporis
1692 633 1727 662 ad
1739 633 1779 666 id,
1791 635 1870 674 quod
1882 645 1914 666 tu
1924 637 2002 665 mihi
2013 636 2044 665 &
2054 636 2181 665 senatus

1224 666 1362 695 consulto
1372 686 1380 700 ‚
1410 667 1514 709 &lege
1526 670 1616 700 nnisti
1629 676 1749 704 :omnia
1760 685 1808 705 me
1818 686 1907 715 perte
1917 678 2111 707 consecutum
2124 687 2180 716 pu-

1225 706 1304 736 tabo.
1329 710 1405 738 Cura
1415 718 1446 756 ut
1456 710 1562 756 valeas,
1576 712 1608 741 &
1620 723 1668 743 me
1678 714 1829 746 absentem
1841 718 1945 759 diligas
1957 739 1965 752 ‚
1978 728 2064 759 atque
2074 718 2182 748 defen*

1224 749 1287 799 das.
1311 750 1385 796 Qae
1395 751 1471 780 mihi
1483 751 1519 781 de
1532 754 1642 784 Parthis
1652 758 1785 787 nuntiata
1797 759 1872 792 sunt,
1884 763 1952 800 quia
1961 771 2024 790 non
2036 760 2178 800 putabam

1224 801 1240 820 a
1259 800 1318 838 me
1327 800 1418 838 etiarn
1430 802 1511 822 nunc
1521 794 1673 826 scribenda
1683 796 1740 827 effe
1750 800 1871 837 publico}
1883 822 1890 833 ‚
1912 804 2065 841 propterea
2076 812 2113 831 ne
2126 811 2180 841 pro

1222 830 1422 863 familiaritate
1439 834 1565 879 quidem
1578 837 1674 868 nostra
1693 840 1780 869 volui
1798 841 1831 870 az!
1845 844 2018 873 rescribere*
2031 853 2068 873 ne
2079 863 2088 877 ‚
2105 846 2179 874 curn

1221 873 1255 904 ad
1265 875 1421 905 consulem
1432 876 1618 916 seripsiii'em,
1629 880 1750 920 publice
1761 882 1876 913 viderer
1884 884 2033 924 scripsiss'e.

1243 929 1337 958 M.T.
1350 930 1382 958 C.
1405 931 1502 961 lMP.
1528 934 1560 961 C.
1573 934 1616 961 M.
1637 935 1939 971 MARCELLO>
1960 941 1993 968 C.
2006 941 2036 968 F.
2060 941 2158 971 COS.

1527 976 1681 1005 DESIG
1696 978 1736 1005 N.
1761 980 1788 1008 S.
1801 981 1832 1008 P.
1845 981 1883 1008 D.

1227 1019 1307 1105 Q
1317 1023 1401 1069 UUM.
1413 1021 1441 1051 id
1453 1023 1578 1057 accidit,
1594 1025 1675 1065 quod
1687 1027 1763 1056 mihi
1775 1028 1910 1059 maxime
1921 1028 1980 1059 fuit
1991 1038 2135 1069 optatum,
2149 1039 2180 1060 ut

1240 1104 1244 1108 ι
1315 1072 1458 1110 omnium
1470 1066 1695 1101 Marcellorum,
1708 1070 1952 1101 lvfarcellinorum
1967 1073 2057 1101 etiam
2071 1092 2079 1105 ‚
2099 1073 2108 1110 (
2121 1083 2180 1101 mi—

1222 1101 1324 1151 rificus
1335 1115 1419 1135 enim
1429 1109 1558 1146 generis,
1570 1118 1603 1139 ac
1617 1112 1758 1140 nominis
1768 1111 1854 1141 ve‘lri
1865 1112 1923 1142 fuit
1933 1123 1997 1153 erga
2008 1123 2056 1143 me
2067 1114 2182 1153 semper

1220 1147 1361 1187 animus)
1379 1157 1473 1187 quum
1484 1159 1553 1190 ergo
1564 1152 1603 1180 ita
1612 1152 1728 1185 accidit,
1741 1162 1773 1182 ut
1783 1156 1925 1184 ninnium
1937 1153 2069 1184 vestrsim
2080 1154 2180 1185 studio

1222 1195 1291 1216 tuus
1303 1189 1474 1220 consulatus
1488 1191 1651 1222 satisfacere
1660 1193 1755 1233 poss'et
1765 1215 1773 1228 ,
1794 1197 1827 1225 iri
1838 1206 1928 1236 quem
1939 1206 2014 1226 meae
2025 1206 2069 1226 res
2077 1196 2175 1235 gestae,

1198 1251 1200 1259 .
1221 1229 1390 1269 lausque‚&
1400 1232 1499 1262 honos
1508 1243 1610 1264 carum
1621 1234 1808 1274 potissimum
1819 1238 1965 1268 incideret
1977 1248 1982 1266 τ
1994 1248 2064 1278 peto
2072 1240 2088 1268 ὲ
2097 1248 2124 1268 te
2135 1241 2176 1271 id,

1221 1271 1302 1310 quod
1311 1271 1494 1304 facillimum
1503 1274 1584 1305 factu
1598 1276 1639 1306 est
1650 1296 1657 1310 ‚
1671 1287 1734 1308 non
1745 1279 1915 1318 aspernante
1928 1300 1936 1313 ‚
1948 1289 1980 1310 ut
1989 1279 2124 1313 consitio,
2136 1283 2182 1309 {³:-

1223 1322 1317 1360 natu,
1350 1315 1490 1362 utquam
1510 1317 1855 1350 honorificentissimum
1875 1322 2177 1355 senatusconsultum,

1220 1354 1314 1402 literis
1332 1365 1410 1386 meis
1429 1359 1557 1389 recitatis
1575 1379 1583 1393 ‚
1603 1359 1779 1391 faciundum
1804 1372 1900 1392 cures.
1933 1365 1964 1393 Si
1984 1365 2061 1393 milii
2075 1367 2179 1394 tecum

1223 1406 1326 1443 minus
1335 1396 1422 1432 esset,
1445 1399 1537 1440 quam
1551 1400 1594 1431 est
1603 1412 1673 1432 cum
1685 1405 1743 1433 tuis
1755 1404 1899 1434 omnibus
1909 1424 1917 1438 ,
1938 1405 2094 1444 allegarem
2105 1406 2139 1435 ad
2152 1416 2179 1434 re

1222 1438 1292 1468 illos
1306 1459 1316 1473 ,
1340 1439 1475 1480 aquibus
1495 1443 1638 1484 intelligis
1656 1454 1706 1474 me
1724 1446 1872 1486 praecipue
1893 1446 1989 1486 diligi.
2024 1449 2117 1476 Patris
2136 1450 2177 1476 tui

1223 1479 1369 1511 beneficia
1388 1484 1421 1512 in
1441 1492 1491 1512 me
1511 1484 1777 1526 suntarnpliss'ima.
1796 1497 1893 1528 neque
1902 1497 1986 1517 enim
1995 1487 2080 1517 saluti
2092 1497 2177 1521 merc,

1220 1531 1319 1570 neque
1336 1523 1447 1568 honori
1463 1527 1590 1556 amicior
1608 1528 1766 1568 quisquam
1789 1528 1849 1559 dici
1869 1527 1975 1569 potest.
1999 1531 2098 1559 Frater
2109 1538 2177 1559 tuus

1218 1573 1322 1610 quanti
1341 1575 1390 1594 me
1399 1567 1505 1600 iaciat,
1526 1567 1701 1609 semperque
1710 1569 1833 1603 fecerit,
1857 1568 1914 1600 ess'e
1923 1571 2084 1600 hominem
2098 1591 2107 1604 ,
2126 1580 2181 1611 qui

1219 1615 1354 1646 ignoret,
1375 1607 1501 1638 arbitror
1518 1612 1688 1640 neminem.
1713 1613 1834 1641 Domus
1853 1620 1903 1642 tua
1917 1612 2046 1651 denique
2058 1621 2117 1642 tora
2128 1622 2177 1643 me

1219 1647 1335 1697 semper
1352 1649 1497 1679 omnibus
1514 1651 1643 1682 summis
1661 1651 1770 1683 officiis
1793 1654 1947 1693 prosecuta
1967 1653 2020 1684 est.
2068 1656 2179 1695 Neque

1219 1699 1291 1739 verp
1302 1698 1333 1719 tu
1343 1691 1375 1720 in
1385 1701 1435 1720 me
1449 1691 1608 1732 diligendo
1617 1696 1758 1735 cuiquam
1769 1693 1933 1726 conceffisti
1945 1704 2077 1726 tuorum.
2097 1698 2178 1737 Qa-

1219 1741 1249 1778 re
1268 1742 1284 1761 a
1304 1740 1409 1772 tepeto
1420 1735 1452 1763 in
1461 1736 1609 1780 maiorem
1621 1737 1748 1766 modum
1759 1757 1767 1770 ‚
1789 1746 1880 1767 utme
1889 1746 1978 1777 perte
1988 1738 2078 1778 quam
2089 1748 2181 1768 orna-

1221 1771 1366 1804 tiffimum
1383 1774 1552 1806 velisefle:
1571 1787 1732 1819 meamque
1749 1779 1782 1809 ὃς
1802 1781 1834 1808 in
1853 1779 2066 1819 supplicatione
2077 1779 2179 1810 decer..

1220 1815 1337 1849 nenda,
1361 1816 1393 1846 &
1411 1818 1444 1846 in
1463 1820 1569 1848 ceteris
1586 1819 1675 1850 rebus
1695 1819 1953 1851 existimatione-m
1973 1821 2040 1851 satis
2051 1821 2106 1852 tibi
2120 1820 2177 1852 effe

1218 1857 1462 1888 commendatam
1471 1868 1571 1899 putes.

1313 1916 1576 1949 M.T.c.1M1³.
1600 1921 1961 1955 C-MARCELLO,
1982 1923 2081 1952 COS.

1513 1962 1730 1992 DESIGN.
1754 1965 1876 1992 S.P.D.

1224 2003 1447 2091 QUANTAE
1457 2018 1532 2040 curae
1543 2010 1597 2040 tibi
1611 2020 1697 2041 meus
1711 2013 1809 2041 honos
1817 2010 1911 2042 fuerit
1921 2032 1929 2046 ‚
1949 2012 2175 2054 &quamidem

1263 2091 1267 2094 .
1313 2048 1460 2080 exstiteris
1477 2052 1583 2082 consul
1602 2053 1635 2082 in
1657 2063 1708 2083 me
1727 2053 1862 2083 ornando
1875 2074 1883 2087 ,
1906 2053 2175 2094 &amplificandm

1219 2098 1269 2129 qui
1282 2095 1382 2121 rueras
1396 2091 1512 2132 semper
1520 2103 1591 2123 curn
1602 2095 1773 2133 parentibus
1784 2097 1854 2129 tuis,
1869 2096 1902 2125 &
1913 2106 1982 2126 curn
1995 2105 2056 2127 tota
2065 2096 2172 2130 domo,

1219 2129 1270 2177 etsi
1288 2141 1334 2161 res
1343 2133 1411 2180 ‘ipsa
1432 2134 1627 2174 loquebatur,
1648 2139 1780 2178 cognovi
1791 2146 1892 2167 tamen
1906 2147 1944 2167 ex
1955 2148 2093 2168 meorum
2106 2148 2177 2168 orn-

1219 2181 1309 2203 nium
1328 2174 1446 2205 litteris.
1470 2179 1571 2217 ltaque
1589 2179 1667 2207 nihil
1683 2178 1725 2209 est
1736 2187 1852 2209 tantum
1865 2199 1873 2212 ,
1898 2179 1980 2220 quod
1991 2190 2045 2221 ego
2057 2188 2178 2210 nontua

1222 2215 1306 2245 causa
1321 2215 1445 2246 debeam
1461 2237 1470 2251 ,
1487 2217 1678 2260 facturusque
1698 2219 1751 2249 sim
1771 2220 1841 2250 cum
1851 2220 1980 2251 studiose
1991 2232 2023 2251 ac
2037 2221 2174 2251 libenter.

1222 2257 1311 2304 Nam*
1323 2259 1426 2299 magni
1443 2260 1564 2290 interest
1579 2280 1588 2293 ,
1609 2263 1657 2291 cui
1677 2261 1793 2292 debeas.
1815 2262 1922 2292 debere
1937 2272 2037 2293 autem
2057 2264 2177 2293 nemini

1219 2299 1333 2345 malui,
1352 2301 1442 2340 quam
1455 2301 1586 2332 tibi1cui
1597 2313 1647 2333 me
1660 2303 1731 2333 curn
1747 2302 1843 2334 studia
1851 2307 2027 2334 communia
2038 2324 2046 2337 ,
2061 2303 2178 2334 benefi-

1220 2349 1264 2370 cia
1282 2349 1421 2380 paterna,
1449 2345 1626 2384 tuaquejam
1641 2344 1709 2375 ante
1718 2349 1956 2385 conjunxerant:
1977 2355 2041 2376 tum
2052 2345 2175 2378 accedit,

1220 2391 1286 2412 mea
1302 2383 1425 2423 quidem
1442 2385 1588 2416 sententia
1612 2406 1620 2420 ‚
1643 2389 1813 2417 maximum
1835 2388 1991 2417 vinculum
2004 2408 2012 2421 ‚
2032 2388 2113 2428 quod
2134 2390 2175 2418 ita

1220 2433 1314 2464 remp.
1330 2428 1424 2466 geris,
1446 2435 1533 2468 atque
1550 2427 1655 2468 geffisti
1668 2449 1676 2463 ‚
1700 2439 1757 2469 qua
1766 2430 1844 2459 mihi
1854 2430 1948 2459 carius
1959 2429 2087 2459 nihilest
2099 2449 2107 2463 ‚
2129 2438 2173 2462 ut,

1219 2475 1366 2506 quantum
1386 2468 1440 2498 tibi
1460 2479 1569 2499 omnes
1588 2471 1663 2501 boni
1682 2470 1829 2503 debeant,
1850 2481 1909 2511 quo
1925 2471 2175 2501 min-sistantum-

1219 2508 1290 2538 dem
1313 2519 1369 2550 ego
1387 2520 1466 2540 unus
1488 2511 1611 2541 debeam
1625 2532 1633 2544 ,
1657 2522 1718 2542 non
1730 2513 1873 2542 recusem.
1898 2513 2104 2553 Qamobrem
2117 2513 2175 2543 tibi

1219 2550 1312 2579 velim
1336 2553 1368 2581 hi
1379 2551 1435 2582 fint
1444 2554 1543 2582 exitus
1553 2573 1561 2587 ‚
1585 2563 1661 2594 quos
1671 2556 1796 2583 mereris
1808 2574 1816 2586 ‚
1837 2553 1869 2583 &
1879 2563 1955 2594 quos
1964 2553 2027 2584 sore
2037 2552 2171 2584 confido.

1218 2593 1302 2632 Ego,
1323 2591 1343 2622 fi
1361 2603 1410 2624 me
1434 2595 1585 2635 navigatio
1601 2605 1665 2625 non
1676 2595 1860 2628 morabitur,
1885 2603 1950 2635 quae
1959 2595 2127 2626 incurrebat
2140 2597 2174 2626 in

1217 2634 1297 2673 ipsos
1308 2633 1429 2669 Etefias,
1442 2636 1618 2676 propediem
1632 2645 1670 2671 te,
1682 2646 1714 2667 ut
1727 2637 1822 2678 spero,
1832 2636 1953 2668 videbo.

1215 2747 1266 2773 five
1277 2747 1396 2773 maceriis
1408 2745 1505 2772 labem.

1251 2799 1276 2826 3.
1297 2792 1407 2816 Secundis
1419 2802 1424 2815 .·
1442 2791 1528 2824 &firm
1537 2797 1599 2815 totus
1607 2793 1683 2823 vester
1700 2791 1729 2822 &⁴
1737 2793 1778 2825 effi
1788 2791 1877 2826 debeo]
1898 2792 2064 2819 Succiiietius
2075 2802 2104 2820 ac
2114 2803 2170 2820 me—

1212 2826 1263 2853 lius
1275 2826 1308 2853 sic
1317 2827 1400 2853 editio
1410 2828 1494 2863 primu
1505 2828 1532 2852 8<
1547 2827 1710 2859 victoriana,
1722 2828 1819 2854 Palatt.
1830 2829 1955 2864 Hittorp.
1967 2830 2066 2856 Peckio
2079 2849 2087 2861 ⁷
2097 2831 2172 2856 Vau-

1212 2864 1322 2898 canique
1333 2871 1457 2899 excerpta
1470 2873 1478 2892 3
1489 2862 1580 2889 emisso
1591 2863 1638 2889 illo
1649 2862 1781 2899 superfluo
1792 2864 1902 2891 humore
1911 2874 1941 2891 ac
1949 2866 2045 2901 pituita
2058 2865 2149 2892 i'cnolae
2162 2888 2165 2890 .

1211 2900 1294 2933 neceffl
1304 2902 1349 2938 eff,
1359 2906 1386 2924 ut
1394 2900 1470 2932 &fini
1480 2906 1542 2924 torm
1552 2900 1627 2931 vester
1635 2900 1665 2930 όν
1674 2901 1715 2933 eff}
1723 2900 1826 2926 debeam.

1249 2951 1278 2976 4.
1298 2944 1440 2970 Mirandum
1450 2946 1476 2968 in
1485 2942 1574 2968 modum
1580 2943 1693 2978 gaudem]
1712 2944 1780 2971 Pall.
1791 2945 1924 2972 stewech.
1935 2946 2056 2973 Vaticani
2068 2947 2095 2972 ὃς
2108 2947 2172 2972 Pe:-

1215 2979 1263 3005 kio
1271 2987 1414 3015 excerpta:
1437 2978 1579 3010 editiones,
1590 2979 1674 3015 prima
1683 2986 1762 3016 atque
1773 2980 1888 3008 Victorii
1900 2992 1952 3009 non
1966 3002 1974 3014 ,
1993 2992 2088 3008 nnuman.
2110 2982 2170 3008 ficar

1215 3014 1285 3041 infra
1295 3015 1434 3042 introduxi
1444 3024 1476 3041 ex
1489 3013 1606 3041 editione
1616 3015 1702 3051 prima
1713 3036 1721 3048 ,
1734 3016 1867 3049 ViStono,
1879 3018 1999 3044 Palatino
2009 3020 2096 3053 primo
2109 3029 2113 3044 :
2136 3021 2177 3045 <A

1216 3058 1238 3076 re
1246 3051 1283 3082 id,
1291 3051 1426 3085 quodfiiesti
1437 3058 1504 3084 ‚pcto
1515 3062 1520 3067 ·
1541 3050 1603 3077 licet
1615 3061 1711 3087 negare
1721 3062 1772 3079 non
1784 3053 1874 3090 possim
1889 3074 1896 3085 ‚
1909 3055 2001 3080 restire
2014 3056 2038 3080 'iii
2053 3054 2173 3079 Palatino

1217 3087 1294 3113 sexto
1305 3105 1313 3118 ‚
1323 3088 1507 3113 Stewcchiano
1520 3105 1528 3117 ,
1541 3087 1715 3124 Hittoi-piano
1727 3108 1735 3120 ,
1755 3089 1978 3125 quemadmodum
1990 3091 2015 3116 8<
2030 3089 2174 3116 Lambinus

1218 3122 1315 3153 edidit,
1325 3124 1449 3155 conflasti:
1468 3121 1510 3149 sed
1521 3122 1588 3149 ‘illud
1607 3125 1760 3159 germanius
1770 3125 1820 3153 effe
1829 3127 1930 3164 putavi.
1951 3127 2040 3162 Vulgo
2051 3125 2176 3152 excusum

1220 3159 1256 3188 est
1265 3169 1275 3187 t
1295 3160 1356 3195 quod
1364 3160 1510 3196 consnewsti.

1555 3208 1581 3236 D
1592 3207 1609 3235 d
1620 3208 1637 3236 d
1646 3207 1664 3236 d
1673 3208 1691 3236 d
1710 3217 1728 3238 2

2083 3216 2093 3234 ι
2102 3227 2107 3233 .
2117 3210 2182 3233 Um«

2206 950 2244 972 ΣΘ

2203 1926 2239 1951 11
