2302 3353
473 157 548 190 DE
580 141 785 190 CLAR.
822 142 1106 191 ORATOR.

119 229 150 263 ῖὲ
160 229 316 271 loquentes
332 233 371 256 ex
381 222 503 255 diversis
520 223 604 254 locis.
628 232 689 263 quo
700 223 794 263 magis
809 221 1017 263 expurgandus
1035 220 1077 251 est
1091 223 1094 235 ¹

120 273 219 304 sermo
229 290 238 304 ,
249 270 282 299 &
291 266 456 298 adhibenda
466 286 474 300 ,
500 269 510 285 ¹
524 273 674 310 tamquqsn
684 262 792 335 (ΞΕ-ἱρῇ
802 283 811 297 ‚
821 265 896 293 ratio
907 282 915 296 ,
929 273 994 303 quae
1005 273 1076 292 mu·
1096 301 1098 309 Ι

120 315 174 345 tari
182 322 247 342 non
255 308 352 350 potest
361 329 370 342 ,
388 318 443 338 nec
453 307 600 338 utendum
612 308 692 347 prav'
731 315 780 335 ma
794 303 1022 335 consuetudinis
1031 314 1077 333 re-
1096 310 1099 337 i

119 355 195 398 gula.
218 355 255 383 T.
278 351 485 381 Flamininum
501 369 509 384 ‚
529 350 582 389 qui
599 358 669 379 cum
689 346 864 389 QMetello
883 345 990 376 consul
1007 344 1075 378 fuit,

118 397 203 437 pueri
210 394 353 425 vidimus.
377 391 604 422 existimabatur
612 391 689 420 bene
700 387 809 420 Latine
818 409 827 422 ‚
843 387 893 419 sed
904 388 1013 418 litteras
1023 396 1079 435 ne-

119 437 236 469 sciebat.
260 435 382 466 Catulus
392 442 452 464 erat
460 434 511 463 ille
521 432 647 474 quidem
657 430 789 462 minime
797 428 940 461 indoaus
951 448 960 463 ‚
983 437 1015 459 ut
1024 439 1040 458 a
1051 436 1079 475 te

118 477 221 520 paullo
232 476 274 508 est
282 476 350 507 ante
360 475 482 507 di&um
500 486 507 504 1
527 475 576 505 sed
586 483 688 505 tamen
699 474 825 504 suavitas
833 473 918 503 vocis
929 491 938 505 ,
959 470 1079 501 &lenis

119 520 277 561 appellatio
295 518 460 548 litterarum
480 538 488 551 ‚
509 517 586 547 bene
604 516 750 557 loquendi
768 514 883 545 famam
902 512 1080 544 confecerat.

120 565 206 593 Cotta
216 582 225 595 ,
237 563 307 603 quia
315 561 344 591 se
355 560 440 590 valde
451 559 611 591 dilatandis
620 559 726 589 litteris
735 557 750 588 a
761 555 959 587 similitudine
969 557 1080 585 Graecae

116 605 284 635 locutionis
312 601 489 633 abstraxerat
510 621 519 636 ,
550 601 730 641 sonabatque
755 599 941 630 contrarium
960 596 1077 629 Catulo,

116 644 282 686 »subagreste
291 643 436 686 quiddam
448 664 456 678 ‚
478 644 624 685 planeque
640 640 840 673 subrusticum
857 651 863 670 2
876 640 934 670 alia
942 638 1077 681 quidem,

121 687 199 730 quasi
210 687 321 718 inculta
331 706 339 720 ,
360 686 393 716 &
402 685 524 716 silvestri
534 687 582 716 via
593 705 601 718 ‚
622 684 657 715 ad
667 683 795 725 eandem
804 682 925 713 laudem
935 690 1080 729 pervene-

79 742 101 773 5
120 740 170 761 rat.
194 729 317 760 Sisenna
326 737 425 759 autem
437 748 445 762 ‚
457 726 536 768 quafi
547 725 722 757 emendator
730 725 878 755 iermonis
889 722 996 756 usitati,
1007 731 1080 752 cum

119 771 177 804 effe
186 771 296 806 vellet3
314 780 352 800 ne
370 766 387 800 εἷ
402 774 417 790 2
428 767 557 800 C.Rusio
566 768 689 809 quidem
700 767 866 797 accusatore
876 765 1015 796 deterreri
1026 774 1082 804 po-

121 816 197 848 tuit,
218 823 279 855 quo
296 810 553 842 minusinufitatis
564 810 662 840 verbis
674 817 816 840 uteretur.
840 806 1082 850 Qidnamistuc

121 856 186 888 est?
196 857 297 896 inquit
307 857 412 884 Brutus
425 863 430 883 :
443 862 493 883 aut
501 853 568 893 quis
578 850 620 882 est
631 850 685 882 iste
698 849 843 882 C.Rus1us
855 853 865 879 ?
883 853 921 880 Et
930 849 981 879 ille
993 869 1001 882 ,
1013 849 1083 879 Fuit

119 898 268 930 accusator
279 917 286 931 ³
299 897 398 937 inquit
408 915 416 929 2
427 903 513 925 vetus
523 914 532 928 ³
547 903 608 935 quo
634 897 645 921 3
657 893 811 924 accusante
822 891 998 923 Chritilium
1011 911 1018 925 ,
1037 891 1082 921 Si-

122 941 214 972 senna
223 938 386 969 defendens
396 957 405 971 ‚
426 936 504 967 dixit
514 956 522 970 ,
541 935 680 977 qua-,dam
699 935 763 976 ejus
774 933 946 974 sputatilica
957 931 1014 963 ess‘e
1024 933 1082 962 cri-

119 982 214 1012 mina.
237 983 320 1010 Tum
331 977 475 1009 C.Rufius
486 999 495 1012 ,
520 980 542 1007 C
541 978 730 1007 ircumvenioi·
739 997 748 1011 ,
758 978 860 1017 inquit
869 996 877 1010 ‚
885 986 896 1015 J
902 975 1013 1009 udices,
1027 971 1082 1003 nisi

117 1023 294 1056 subvenitis.
306 1021 428 1052 Sisenna
437 1019 511 1062 quid
522 1019 721 1054 dicasmescio
735 1029 740 1048 z
753 1027 857 1048 metuo
868 1016 999 1047 insidias.
1013 1016 1082 1056 spu-

119 1065 228 1096 tatilica
238 1084 246 1098 ‚
257 1063 330 1104 quid
343 1062 386 1093 est
395 1063 453 1093 hoc
464 1062 567 1102 ?sputa
576 1062 649 1103 quid
660 1060 694 1092 fit
705 1062 765 1091 scio
777 1081 785 1095 ,
797 1060 881 1091 tilica
890 1059 1002 1090 nescio.
1013 1060 1081 1089 Ma—

70 1122 74 1125 *
117 1109 198 1139 ximi
215 1106 291 1135 risus
310 1116 316 1134 z
333 1104 444 1135 sedille
453 1112 556 1134 tamen
573 1103 730 1134 familiaris
741 1112 827 1133 meus
837 1101 917 1132 1εέὶὲ
930 1101 1013 1142 loqui
1024 1110 1080 1140 pu-

117 1149 194 1180 tabat
212 1145 271 1178 esse
286 1167 295 1181 ,
319 1144 456 1177 inusitate
475 1146 570 1187 loqui.
595 1146 688 1176 Caesar
705 1153 806 1175 autem
827 1145 977 1174 rationem
995 1143 1081 1173 adhi-

118 1191 191 1222 bens
202 1210 211 1224 ,
231 1188 485 1220 consuetudinem
494 1188 636 1218 vitiosam
646 1187 858 1226 &corruptam
869 1206 878 1220 ‚
897 1195 970 1225 pura
989 1185 1081 1215 &in-

117 1240 254 1273 corrupta
269 1229 487 1262 consuetudine
504 1229 655 1261 emendat.
677 1232 779 1270 Itaque
789 1227 862 1259 curn
879 1228 915 1258 ad
926 1228 1003 1258 hanc
1019 1227 1081 1257 elc-

153 1277 249 1305 ntiam
257 1273 421 1304 verborum
431 1273 608 1302 Latinorum
630 1271 707 1313 (quae
720 1273 810 1301 etiam
821 1269 841 1299 fi
851 1278 949 1300 orator
958 1279 1022 1299 non
1030 1267 1078 1302 s15‚

171 1315 207 1346 sis
218 1318 367 1357 ingenuus
385 1315 460 1344 civis
469 1316 648 1348 Romanus,
666 1310 936 1344 tamenrneceffaria
952 1310 1008 1352 est)
1029 1310 1082 1341 ad-

114 1360 220 1401 jungit
237 1358 288 1388 illa
303 1358 428 1387 oratoria
445 1364 624 1386 ornamenta
633 1355 755 1386 dicendi
767 1365 772 1383 ;
784 1362 850 1384 tum
868 1353 988 1384 videtui·
1005 1361 1082 1383 tam-

118 1410 211 1442 quam
221 1399 332 1430 tabulas
350 1398 426 1428 bene
434 1396 529 1437 pi&as
547 1397 694 1428 collocare
713 1399 746 1427 in
765 1396 849 1427 bono
867 1395 981 1425 lumine.
1005 1396 1082 1425 hanc

116 1441 193 1474 cum
213 1440 317 1471 habeat
331 1441 513 1480 praecipuam
525 1439 645 1470 laudern
661 1441 695 1469 in
704 1437 924 1470 communibus
935 1458 944 1471 ‚
960 1446 1024 1467 non
1034 1438 1082 1466 vi-

118 1483 178 1516 deo
186 1485 235 1514 cui
246 1482 350 1513 debeat
359 1481 474 1513 cedere.
503 1481 690 1522 splendidam
699 1480 850 1522 quandam
860 1499 869 1514 ‚
890 1480 1082 1520 minimeque

119 1527 326 1557 veteratoriam
343 1526 491 1555 rationem
502 1524 623 1554 dicendi
640 1533 740 1557 tenet,
759 1532 853 1557 voce,
865 1530 970 1559 motu:>
983 1520 1082 1551 forma

120 1569 211 1599 etiam
222 1565 397 1608 magnifica,
409 1566 442 1597 &
450 1566 592 1607 generosa
598 1564 841 1608 quodammodo.
865 1567 950 1594 Tum
961 1565 1079 1596 Brutus,

122 1610 278 1641 Orationes
287 1609 411 1651 quidem
428 1610 492 1649 ejus
502 1608 580 1638 mihi
590 1609 785 1638 vehementer
793 1605 974 1647 probantur,
994 1615 1081 1636 corn-

120 1652 231 1692 plureis
250 1660 350 1682 autem
374 1651 443 1692 legi.
477 1652 685 1691 Atque.etiam
707 1649 916 1679 commentarios
933 1647 1081 1690 quosdam

120 1692 232 1734 scripfit
248 1703 348 1724 rerum
365 1693 494 1724 suarum.
518 1691 605 1722 valde
624 1692 748 1734 quidem
760 1712 769 1726 ‚
787 1693 913 1732 inquam
924 1710 932 1724 ‚
952 1689 1083 1730 proban-

121 1735 187 1767 dos.
209 1734 377 1766 nudienim
387 1734 472 1769 sunt,
491 1734 565 1764 τεᾶἰ
577 1754 585 1768 ,
607 1733 786 1767 &venusti‚
801 1732 889 1762 omni
899 1740 1005 1763 ornatu
1015 1741 1081 1761 ora-

119 1778 232 1811 tionis,
254 1781 434 1819 4tamquam
453 1775 534 1807 veste
543 1775 694 1807 detraCto:
714 1775 763 1806 sed
783 1775 857 1805 dum
868 1774 984 1808 voluit,
1006 1774 1081 1804 alios

121 1819 228 1850 habere
245 1828 358 1860 parata,
378 1818 459 1849 unde
469 1819 640 1853 sumerent,
657 1819 708 1860 qui
718 1817 833 1848 vellent
842 1816 968 1847 scribere
987 1814 1082 1846 histo-

121 1862 216 1892 riam:
229 1862 337 1901 ineptis
345 1870 463 1902 gratum
473 1858 592 1891 fortass'e
607 1859 698 1894 fecit.
727 1862 740 1887 5
750 1861 803 1900 qui
817 1859 927 1890 volunt
945 1858 997 1888 illa
1005 1857 1082 1888 cala—

118 1902 237 1935 mistris
248 1904 365 1933 inurere
377 1913 383 1932 :
404 1903 489 1933 sanos
499 1902 623 1943 quidem
632 1903 776 1932 homines
787 1900 803 1930 a
812 1900 970 1931 scribendo
986 1899 1082 1930 deter—

120 1946 192 1975 ruit.
216 1946 330 1974 Nmn.
352 1953 442 1974 ENlM
464 1943 550 1974 estin
559 1943 703 1978 historia,
721 1952 795 1983 pura
813 1941 963 1972 &illustri
980 1942 1082 1971 brevi-

122 1994 180 2016 tate
198 1985 328 2016 dulcius.
351 1985 406 2015 Sed
423 1984 459 2015 ad
479 1995 550 2018 eos,
571 1983 592 2014 fi
609 1985 724 2026 placet,
744 1986 797 2024 qui
806 1985 868 2013 vita
885 1981 1083 2015 excefferum,

54 2027 106 2076 '76
123 2036 317 2058 revertamur.
341 2029 372 2057 C.
383 2027 514 2057 Sicinius
524 2027 631 2068 igitur,
651 2027 761 2068 Qinti
771 2025 1018 2065 Pompeiisshus,
1031 2025 1083 2064 qui

122 2067 294 2101 censorfuit
302 2088 310 2102 ‚
322 2078 360 2099 ex
371 2066 432 2098 filia
440 2078 535 2107 nepos
543 2088 551 2101 ‚
568 2067 744 2109 quaestorius
755 2076 894 2097 mortuus
905 2065 947 2096 est
957 2086 965 2100 ‚
977 2066 1085 2105 proba-

122 2111 193 2142 bilis
213 2118 313 2140 orator
331 2121 337 2139 :
351 2110 415 2149 jam
433 2109 506 2140 vero
524 2111 613 2139 etiam
630 2109 771 2149 probatus
781 2128 790 2143 ‚
811 2118 850 2138 ex
869 2109 923 2138 hac
941 2110 1028 2148 inopi
1048 2106 1083 2136 ad

122 2152 295 2183 ornandum
313 2172 323 2187 ‚
342 2151 390 2182 sed
409 2151 446 2181 ad
464 2150 686 2181 inveniendum
703 2149 841 2190 expedita
858 2169 866 2184 ,
891 2151 1084 2190 Hermagorae

122 2194 290 2235 disciplina.
321 2204 355 2224 ea
374 2193 424 2224 dat
438 2195 569 2223 rationes
586 2201 677 2223 certas
698 2213 707 2226 ‚
732 2193 766 2222 &
787 2200 931 2232 praecepta
948 2191 1083 2221 dicendi:

124 2246 192 2278 quae
201 2235 222 2266 fi
232 2237 385 2266 minorem
396 2235 506 2265 habent
521 2243 690 2275 apparatum
701 2254 710 2269 ‚
731 2233 813 2274 (sunt
823 2236 908 2264 enim
919 2233 1021 2273 exilia)
1041 2241 1084 2263 ta-

124 2288 198 2309 men
209 2278 320 2309 habent
326 2278 448 2308 ordinem
458 2297 466 2311 ‚
478 2277 511 2307 86
521 2276 661 2318 quasdam
671 2286 764 2307 errare
774 2277 807 2306 in
818 2274 948 2306 dicendo
958 2285 1023 2305 non
1034 2284 1085 2315 pa-

123 2322 244 2351 tienteis
253 2321 326 2350 vias.
351 2322 412 2350 Has
421 2320 473 2349 ille
483 2328 588 2349 tenens
597 2338 606 2352 ,
626 2319 659 2349 &
667 2326 780 2359 paratus
791 2317 827 2349 ad
836 2318 935 2348 causas
944 2319 1082 2351 veniens,

125 2361 288 2394 verborum
299 2372 363 2392 non
373 2371 463 2403 egens
473 2382 482 2395 ‚
501 2361 560 2401 ipsa
576 2361 627 2391 illa
644 2361 869 2401 comparatione
881 2379 889 2392 ‚
908 2359 1083 2400 disciplina-

126 2414 185 2448 que
194 2404 313 2435 dicendi
322 2405 385 2444 jam
395 2406 428 2433 in
437 2412 634 2443 patronorum
646 2412 808 2432 numerum
818 2411 1001 2442 pervenerat.
1015 2404 1085 2432 Erat

124 2447 217 2477 etiam
224 2448 272 2477 vir
280 2445 427 2476 (1061113111
437 2447 544 2485 primis
554 2447 585 2475 C.
595 2445 738 2475 Visellius
749 2446 842 2474 Varro
853 2465 862 2478 ,
882 2444 1082 2474 consobrinus

128 2498 214 2519 meus
225 2508 234 2522 ,
254 2489 306 2529 qui
316 2487 375 2518 fuit
383 2497 454 2517 cum
471 2488 584 2518 Sicinio
594 2495 675 2517 aetate
684 2486 753 2526 conj
758 2485 876 2516 11116105.
899 2488 924 2515 is
935 2484 1006 2517 cum
1017 2485 1084 2526 post

125 2528 261 2560 curulem
274 2530 447 2560 aedilitatem
463 2529 558 2570 judex
577 2528 750 2570 quaestionis
760 2526 849 2562 effer,
871 2527 916 2558 est
934 2537 1082 2558 mortuus:

126 2573 161 2602 in
170 2581 231 2613 quo
237 2572 332 2602 fateor
339 2572 421 2612 vulgi
429 2571 579 2612 judicium
590 2574 606 2601 a
613 2570 729 2611 judicio
740 2580 812 2601 meo
821 2568 992 2601 diffenfiss'e.
1011 2580 1083 2601 nam

126 2614 241 2654 populo
250 2624 315 2644 non
324 2622 385 2644 erat
393 2614 460 2643 satis
469 2612 614 2643 vendibilis
631 2623 636 2642 :
655 2623 783 2653 praeceps
791 2611 928 2654 quaedam
939 2632 947 2646 ‚
969 2612 1002 2642 &
1011 2611 1083 2643 cum

127 2655 239 2686 ‘idcirco
249 2655 371 2686 obscura
382 2675 391 2689 ‚
411 2658 480 2696 quia
497 2664 651 2696 peracuta,
672 2664 737 2685 tum
755 2654 854 2694 rapida
865 2675 874 2688 ‚
895 2654 1083 2685 &celeritate

126 2705 231 2728 caecata
240 2699 334 2728 oratio
354 2708 360 2727 ;
375 2697 426 2727 sed
436 2707 534 2738 neque
541 2697 640 2728 verbis
651 2698 797 2737 aptiorem
812 2695 873 2727 cito
888 2697 982 2727 alium
998 2696 1084 2727 dixe-

124 2740 205 2773 rim,
222 2749 320 2781 neque
336 2740 490 2772 sententiis
507 2739 698 2770 crebriorem.
727 2742 867 2770 Praeterea
883 2737 1034 2779 perfectus
1051 2741 1084 2769 in

166 2870 176 2887 1
185 2881 190 2887 .
207 2863 332 2896 ‘Tanquam
340 2863 430 2896 obruffh
441 2863 528 2897 ratim]
544 2863 583 2889 Ita
593 2859 716 2889 emendat
731 2872 763 2889 cx
776 2861 824 2889 ms.
835 2862 930 2888 Nicol.
939 2861 1088 2893 Viftorius,

127 2895 305 2934 adprobatque
314 2897 454 2925 Turnebus
467 2897 513 2924 lib.
525 2907 575 2925 xiv
583 2918 588 2924 .
597 2898 640 2925 Ad
646 2895 710 2923 vers.
720 2907 778 2935 cap.
788 2907 836 2924 22.
855 2898 902 2925 nisi
913 2897 1034 2925 malimus
1046 2898 1087 2923 in·

128 2934 186 2968 quit
196 2952 205 2965 ‚
217 2935 367 2967 eummbruffa
374 2946 383 2967 ‚-
397 2934 511 2970 vulgatae
520 2934 627 2971 propius
639 2954 648 2967 ,
660 2934 686 2960 in
698 2943 750 2969 qua
758 2943 830 2969 quam
840 2935 944 2968 obtrusa.
962 2942 991 2961 at
1002 2934 1086 2960 Palat.

125 2970 156 2994 a&
168 2970 290 3010 (gujacius
302 2989 311 3003 ,
328 2978 444 3006 quantum
456 2972 548 3006 obruffa
566 2974 628 2998 ratio
633 2983 646 3007 5
664 2970 737 3006 quod
756 2969 834 2998 video
852 2971 1017 3007 amplexatus
1027 2971 1087 2998 Ma—

129 3011 228 3032 nutios.

165 3049 194 3066 2.
213 3044 242 3067 C.
251 3043 341 3077 Rufio]
362 3042 441 3070 Haud
451 3042 531 3070 aliter
541 3043 637 3070 Pal&
648 3044 742 3079 Cujac.
753 3044 869 3071 Manutii
883 3063 892 3076 ‚
909 3045 985 3079 Rufio.
1007 3044 1089 3070 Lam-

129 3075 207 3102 binus
219 3096 227 3108 ‚
235 3079 326 3110 Ruscio.
345 3079 455 3105 Amicus
465 3080 552 3109 noster
562 3080 671 3116 Pighius
684 3080 861 3107 verisimiliter
871 3079 1014 3106 admodum
1025 3089 1089 3106 con-

128 3111 238 3152 jiciebat
247 3116 351 3146 Erucio,
374 3115 420 3151 qui
438 3114 589 3143 consulatur
607 3117 635 3143 in
655 3115 725 3144 fastis
743 3116 946 3144 laboriofiffimis
954 3115 1088 3143 adanuum

131 3155 243 3174 Dextri.
1012 3156 1014 3159 '

1142 144 1740 194 L1-B.>srvn‘BRu'·1-US.
2001 161 2088 209 147

1118 223 1222 252 litteris
1236 242 1243 256 ‚
1259 221 1392 263 jurisque
1407 222 1508 253 civilis
1523 223 1698 265 jamapatre
1710 222 1866 254 Aculeone
1884 224 2021 256 traditam
2041 235 2085 257 te-

1118 265 1186 294 nuit
1201 263 1401 304 disciplinam.
1428 265 1647 306 Reliquisunt‚
1664 267 1717 307 qui
1734 268 1846 296 monui
1865 265 1938 300 sint,
1958 270 1993 298 L.
2006 271 2085 298 Tor-

1118 314 1221 345 quatus
1232 325 1240 338 ‚
1259 316 1351 347 quem
1362 315 1393 336 tu
1403 317 1467 337 non
1479 316 1539 337 tam
1550 307 1612 339 cito
1622 310 1776 339 rhetorem
1785 307 1908 339 dixisses
1918 330 1925 343 ,
1944 308 2006 350 (etsi
2017 320 2079 340 non

1118 350 1431 391 deei·at0ratio)quam
1443 355 1602 386 ,utGrteci
1616 353 1739 388 dicunt,
1762 351 1925 384 πλη-κεί·-
1949 357 2081 385 Erantin

1121 400 1157 420 eo
1166 391 1304 430 plurimae
1316 393 1428 427 litterae,
1439 404 1494 425 nec
1501 405 1542 425 eae
1551 396 1695 436 vulgares,
1706 396 1756 426 sed
1765 398 1923 427 interiores
1932 397 2080 438 quaedam,

1122 431 1155 461 &
1171 433 1349 463 reconditaet
1367 434 1470 466 divina
1480 440 1629 468 memoria
1640 458 1649 472 ‚
1668 438 1788 469 summa
1801 439 1964 470 verborum
1976 440 2077 480 &grai-

1121 475 1214 521 vitas,
1232 474 1428 521 &elegantia
1446 486 1531 518 atque
1547 480 1610 509 haec
1626 482 1730 510 omnia
1749 483 1820 512 vitte
1841 479 2021 512 6decorabat
2036 482 2083 511 di-

1122 524 1218 557 gmtas
1228 535 1248 562 ‚-
1257 516 1290 546 &
1301 524 1461 563 ziztegrztas.
1485 522 1535 550 Me
1545 520 1670 561 quidem
1679 522 1846 553 admodum
1863 522 2028 554 delefilkabat
2038 532 2081 553 et-

1125 560 1185 588 iarn
1194 560 1304 588 Triarii
1314 578 1322 591 ‚
1339 568 1372 587 in
1382 559 1432 589 illa
1441 569 1520 591 aetate
1531 582 1538 595 ‚
1554 563 1784 603 plenalitteratae
1794 565 1955 596 senectutis
1973 567 2079 596 oratio-

1123 608 1232 641 quanta
1240 599 1376 630 severitas
1387 601 1514 632 invultu
1528 606 1532 632 !
1544 614 1690 644 quantum
1699 607 1820 646 pondus
1830 609 1862 637 in
1870 607 1980 638 verbis!
1989 607 2081 649 quam

1123 641 1201 671 nihil
1212 651 1276 671 non
1283 640 1502 673 consideratum
1514 645 1612 675 exibat
1620 657 1659 676 ex
1669 658 1720 678 ore
1740 651 1746 677 !
1772 651 1857 679 Tum
1867 652 1974 679 Brutus
1985 670 1993 683 ‚
2003 652 2083 680 Tor-

1125 684 1224 724 quati,
1244 683 1277 713 &
1288 685 1396 714 Triarii
1416 687 1574 716 mentione
1591 697 1765 720 commotus
1778 711 1786 724 ,
1806 689 1981 732 (utrumque
1999 694 2081 721 enim

1125 736 1231 755 eorum
1246 725 1414 755 admodum
1432 726 1588 768 dilexerat)
1605 731 1660 759 Nae
1676 741 1748 772 ego,
1768 735 1866 773 inquit
1882 737 1927 771 (ut
1943 735 2084 764 omittam

1124 776 1236 801 cetera,
1254 777 1319 809 quae
1330 767 1398 797 sunt
1408 769 1651 811 innumerabilia)
1669 771 1776 802 deistis
1787 774 1903 804 duobus
1919 774 1990 805 cum
2001 777 2086 816 cogi-

1125 819 1156 839 to
1168 830 1176 842 ,
1195 809 1287 839 doleo
1296 829 1304 843 ,
1324 810 1403 839 nihil
1415 818 1497 841 tuam
1508 820 1683 851 perpetuam
1693 813 1899 846 auctoritatem
1911 816 1946 846 de
1955 827 2024 856 pace
2034 826 2086 847 va·

1124 850 1222 882 luisse.
1247 861 1318 882 nam
1332 861 1389 882 nec
1400 851 1471 882 istos
1487 854 1681 884 excellenteis
1691 857 1772 885 viros
1785 877 1793 890 ,
1811 867 1866 887 nec
1878 859 1990 889 multos
2005 859 2082 889 alios

1123 892 1306 934 praestanteis
1326 895 1421 924 civeis
1443 895 1518 935 resp.
1541 894 1725 936 perdidiss'et.
1749 898 1895 928 Sileamus
1917 921 1924 933 ,
1948 902 2083 942 inquam,

1124 938 1214 966 Brute
1226 955 1235 969 ‚
1254 934 1291 965 de
1303 935 1366 966 istis
1377 956 1385 970 ‚
1397 946 1435 966 ne
1447 947 1605 978 augeamus
1614 937 1761 968 dolorem.
1785 950 1855 969 nam
1867 941 1898 970 &
1908 944 2088 972 PRAETx-:RI-

1125 988 1245 1008 10111111
1257 977 1421 1008 recordatio
1432 977 1475 1008 est
1484 979 1585 1009 acerba
1595 1000 1603 1013 ‚
1629 980 1662 1010 &
1672 981 1804 1011 acerbior
1822 982 2004 1022 exspet‘tatio
2018 984 2087 1013 reli-

1124 1029 1267 1061 quorum.
1291 1022 1391 1061 Itaque
1401 1022 1578 1052 omittamus
1591 1023 1689 1064 lugere
1701 1043 1709 1057 ‚
1730 1023 1763 1054 δε
1773 1023 1890 1054 tantum
1903 1045 1910 1058 ,
1923 1025 1996 1066 quid
2007 1026 2088 1066 quis-

1123 1072 1182 1103 que
1200 1061 1330 1092 dicendo
1345 1064 1477 1102 potuerit
1487 1083 1495 1097 ‚
1514 1063 1673 1104 (quoniam
1692 1064 1722 1095 id
1739 1068 1928 1107 quaerimus‚)
1946 1068 2088 1107 praedice-

1125 1113 1203 1134 mus.
1225 1107 1303 1134 Sunt
1317 1107 1408 1134 etiam
1421 1107 1506 1135 exiis
1518 1126 1526 1139 ‚
1551 1108 1602 1147 qui
1613 1106 1721 1137 eodem
1732 1107 1814 1138 bello
1824 1109 2002 1140 occiderunt
2011 1129 2019 1143 ‚
2040 1111 2085 1138 M.

1125 1145 1251 1177 Bibulus
1262 1166 1270 1178 .
1291 1147 1343 1187 qui
1361 1146 1578 1187 &scriptitavit
1587 1148 1720 1179 accurate
1730 1169 1738 1184 ,
1761 1148 1833 1180 cum
1843 1151 2008 1191 praesertim
2019 1161 2083 1181 non

1125 1187 1197 1219 ess'et
1206 1197 1304 1218 orator
1315 1208 1323 1221 ‚
1336 1188 1368 1218 &
1378 1190 1439 1230 egit
1448 1190 1541 1220 multa
1550 1189 1721 1221 constanter
1732 1202 1737 1220 :
1749 1195 1864 1232 Appius
1874 1192 2026 1226 Claudius,
2040 1193 2089 1223 so-

1124 1240 1174 1261 cer
1184 1239 1252 1260 tuus
1263 1250 1272 1264 ,
1293 1230 1408 1271 collega
1419 1252 1428 1264 ‚
1442 1231 1475 1261 &
1484 1230 1640 1262 familiaris
1651 1243 1737 1263 meus
1752 1245 1757 1263 z
1776 1235 1896 1274 hicjam
1908 1236 1941 1265 ὃς
1950 1235 2016 1265 satis
2025 1234 2087 1265 stu-

1124 1272 1233 1302 diosus·
1247 1292 1255 1306 ‚
1275 1272 1313 1302 ’δε
1322 1273 1408 1302 valde
1419 1272 1491 1303 cum
1501 1273 1610 1304 doetus
1625 1295 1633 1308 ‚
1657 1283 1722 1305 tum
1734 1278 1824 1306 etiam
1835 1279 2013 1307 exercitatus
2023 1287 2089 1307 ora·-

1124 1323 1172 1345 tor
1183 1335 1190 1348 ‚
1205 1314 1238 1344 δε
1247 1313 1320 1344 cum
1331 1315 1476 1356 auguralis
1487 1336 1494 1349 ‚
1507 1324 1573 1346 tum
1584 1318 1687 1346 omnis
1695 1318 1811 1357 publici
1818 1318 1893 1357 juris
1906 1340 1914 1351 ,
1926 1321 2086 1360 antiquita-

1124 1357 1220 1397 tisque
1229 1355 1338 1386 nostra:
1347 1357 1424 1387 bene
1434 1359 1546 1397 peritus
1556 1357 1622 1388 fuit.
1646 1361 1682 1388 L.
1695 1361 1853 1390 Domitius
1864 1361 1946 1391 nulla
1956 1361 2008 1390 ille
2019 1362 2087 1401 qui-

1124 1398 1195 1428 dem
1205 1407 1264 1428 arte
1277 1419 1287 1432 ‚
1310 1398 1359 1428 sed
1371 1400 1476 1429 Latine
1489 1407 1591 1430 tamen
1601 1420 1609 1433 ,
1634 1401 1666 1430 &
1677 1401 1773 1431 multa
1781 1411 1852 1432 cum
1862 1402 1995 1432 libertate
2006 1403 2087 1433 dicen

1126 1441 1184 1471 bat.
1209 1442 1283 1470 Duo
1300 1449 1441 1481 practerea
1459 1443 1585 1472 Lentuli
1602 1443 1786 1477 consulares,
1812 1454 1943 1484 quorum
1963 1444 2087 1474 Publius

1123 1483 1175 1513 ille
1188 1503 1197 1516 ‚
1214 1481 1383 1513 nostrarum
1393 1484 1573 1523 injuriarum
1583 1484 1684 1518 ultor,
1693 1484 1906 1516 3118101111111113
1918 1507 1926 1519 ‚
1938 1486 2084 1527 quidquid

1125 1525 1243 1558 habuit,
1257 1532 1538 1567 quantumcumque
1548 1525 1606 1556 fuit
1616 1546 1624 1560 ‚
1642 1526 1718 1556 illud
1729 1536 1827 1557 totum
1840 1527 1942 1558 habuit
1951 1538 1988 1558 ex
1999 1528 2088 1558 disci-

1122 1567 1221 1607 plina:
1233 1565 1432 1597 instrumenta
1443 1576 1549 1597 natura
1558 1567 1678 1598 deerant
1689 1579 1693 1597 z
1715 1569 1764 1599 sed
1774 1578 1872 1599 tantus
1882 1571 1977 1599 animi
1988 1570 2089 1610 splen—

1125 1609 1181 1639 dor
1193 1629 1201 1642 ,
1225 1608 1348 1642 &tanta
1358 1610 1536 1650 magnitudo
1546 1630 1554 1643 ,
1567 1619 1599 1640 ut
1609 1608 1661 1640 fibi
1672 1612 1776 1641 omnia
1786 1631 1794 1645 ,
1807 1621 1872 1652 quae
1881 1612 2030 1642 clarorum
2040 1613 2087 1642 vi-

1125 1660 1229 1681 rorum
1240 1649 1333 1680 effent
1341 1671 1349 1684 ‚
1368 1661 1433 1681 non
1444 1651 1591 1682 dubitaret
1599 1652 1757 1683 adsciscere
1768 1673 1776 1686 ‚
1789 1663 1879 1694 eaque
1889 1656 1977 1684 omni
1988 1653 2088 1695 digni-

1125 1701 1181 1723 tate
1192 1693 1351 1723 obtineret.
1362 1695 1398 1723 L.
1411 1702 1510 1724 autem
1522 1694 1671 1725 Lentulus
1682 1715 1691 1728 ‚
1702 1695 1769 1726 satis
1778 1694 1931 1726 eratfortis
1941 1705 2052 1729 orator,
2064 1694 2085 1726 fi

1127 1733 1223 1765 modo
1233 1743 1353 1769 orator,
1379 1735 1427 1765 sed
1438 1735 1589 1777 cogitandi
1605 1746 1671 1766 non
1685 1735 1950 1768 ferebatlaborem.
1967 1747 2030 1768 vox
2041 1747 2088 1767 ca-

1126 1786 1201 1807 nora
1211 1797 1219 1811 ,
1239 1776 1329 1807 verba
1338 1787 1402 1807 non
1410 1778 1531 1808 horrida
1538 1777 1606 1808 sane
1618 1798 1627 1812 ‚
1641 1778 1769 1819 utplena
1777 1777 1952 1810 essetanimi
1963 1800 1972 1813 ,
1985 1779 2018 1811 ὃς
2030 1789 2088 1810 ter·

1125 1821 1200 1849 roris
1211 1821 1319 1849 oratio.
1345 1821 1499 1860 Qaereres
1508 1822 1541 1850 in
1556 1819 1680 1859 judiciis
1695 1819 1813 1851 fortass'e
1823 1822 1935 1851 melius
1954 1832 1960 1851 :
1983 1823 2016 1851 in
2025 1832 2086 1862 rep.

1125 1860 1207 1902 quod
1218 1869 1295 1894 erat,
1307 1859 1365 1891 effe
1373 1861 1520 1901 judicares
1531 1862 1607 1892 satis.
1620 1865 1668 1892 Ne
1679 1864 1768 1893 Titus
1779 1862 1905 1904 quidem
1917 1863 2090 1894 Postumius

1125 1903 1367 1933 contemnendus
1376 1906 1410 1933 in
1421 1903 1550 1933 dicendo
1571 1913 1576 1931 :
1600 1903 1636 1933 de
1647 1914 1707 1943 rep.
1722 1903 1794 1934 vero
1806 1915 1870 1935 non
1886 1907 1987 1935 miuus
1997 1907 2089 1935 vehe-

1126 1954 1214 1974 mens
1224 1953 1341 1978 orator,
1358 1944 1449 1985 quam
1460 1945 1585 1975 bellator
1593 1944 1652 1974 fuit
1659 1944 1818 1976 effrenatus
1829 1966 1838 1980 ‚
1862 1947 1895 1977 &
1905 1957 1969 1977 acer
1979 1949 2085 1981 nimis,

1126 1985 1175 2016 sed
1186 1986 1344 2025 bene-iuris
1353 1986 1468 2025 publici
1478 1986 1658 2028 leges,atqiie
1668 1986 1802 2017 instituta
1811 1997 2000 2028 cognoverat.
2017 1990 2087 2019 Hoc

1126 2027 1195 2057 loco
1205 2028 1321 2057 Atticus
1333 2047 1341 2060 ,
1355 2030 1490 2057 Putarem
1501 2037 1528 2057 te
1538 2048 1546 2062 ,
1566 2029 1682 2069 inquit,
1702 2028 1899 2060 ambitiosum
1911 2028 1986 2063 esse,
2006 2029 2027 2059 si
2038 2029 2085 2069 (ut

1125 2068 1240 2109 dixisti)
1257 2070 1296 2102 ii,
1322 2069 1521 2110 quosjarndiu
1531 2070 1648 2110 colligis
1660 2090 1668 2103 ‚
1692 2072 1840 2101 viverent.
1863 2073 1990 2101 Omneis
1999 2073 2086 2102 enim

1126 2120 1349 2140 commemoras
1360 2131 1368 2143 ,
1380 2113 1432 2152 qui
1443 2109 1500 2141 ausi
1510 2111 1671 2154 aliquando
1682 2112 1750 2142 sunt
1752 2111 1858 2148 stantes
1866 2113 1945 2155 loqui
1955 2133 1963 2147 ‚
1984 2122 2016 2144 ut
2027 2115 2088 2143 mi-

1126 2153 1158 2182 hi
1168 2151 1345 2192 imprudens
1357 2155 1400 2182 M.
1412 2154 1573 2183 Servilium
1584 2152 1751 2194 ptaeteriifl'e
1763 2154 1891 2185 videare.
1917 2158 1992 2185 Non
2005 2176 2014 2189 ,
2038 2157 2088 2185 in·
2108 2160 2149 2202 78

1127 2204 1228 2235 quam,
1240 2204 1295 2234 ego
1305 2193 1381 2224 istuc
1391 2196 1498 2235 ignoro
1509 2215 1517 2228 ‚
1531 2198 1703 2236 Pomponi,
1717 2196 1830 2226 multos
1840 2195 1929 2227 fuisse
1940 2218 1948 2231 ,
1960 2199 2011 2239 qui
2022 2208 2088 2228 ver-

1128 2236 1202 2265 bum
1212 2245 1382 2277 numquam
1400 2239 1433 2266 in
1443 2236 1565 2277 publico
1574 2236 1713 2268 feciss'ent
1721 2258 1729 2272 ‚
1750 2237 1823 2268 cum
1832 2239 1944 2269 melius
1953 2241 2088 2280 aliquan-

1127 2287 1158 2307 to
1167 2276 1303 2318 poss'ent,
1327 2277 1418 2319 quam
1430 2277 1479 2308 isti
1488 2287 1617 2309 oratores
1628 2300 1636 2313 ,
1647 2290 1724 2321 quos
1736 2281 1867 2321 colligo,
1891 2281 1987 2311 dicere
2009 2292 2014 2310 :
2037 2281 2088 2313 sed

1125 2321 1172 2349 his
1192 2320 1470 2350 commemorandis
1488 2322 1578 2351 etiam
1595 2322 1671 2352 illud
1690 2320 1824 2363 ass'equor
1833 2342 1842 2356 ,
1866 2331 1898 2353 ut
1915 2323 2090 2364 intelligatis

1126 2360 1264 2402 primum
1274 2371 1313 2392 ex
1324 2364 1411 2392 omni
1421 2372 1552 2393 numero
1563 2383 1571 2397 ‚
1592 2364 1683 2405 quarn
1694 2374 1759 2394 non
1775 2363 1932 2395 multiausi
1940 2363 1996 2394 fint
2007 2363 2088 2395 dice·

1127 2413 1157 2434 re
1168 2424 1177 2438 ‚
1199 2402 1309 2434 deinde
1320 2414 1358 2434 ex
1369 2405 1406 2434 iis
1417 2402 1485 2445 ipsis
1495 2405 1585 2445 quam
1596 2407 1682 2445 pauci
1692 2405 1805 2435 suerint
1825 2405 1907 2435 z'azcde
1914 2406 2004 2447 digni.
2027 2409 2090 2438 Ita-

1128 2456 1185 2487 que
1196 2455 1234 2476 ne
1244 2447 1299 2476 hos
1309 2446 1434 2488 quidem
1443 2455 1558 2487 equites
1568 2449 1727 2477 Romanos
1738 2467 1746 2480 ,
1764 2449 1877 2478 amicos
1887 2448 2004 2478 nostros
2015 2468 2023 2483 ‚
2035 2450 2089 2489 qui

1128 2497 1225 2528 nuper
1235 2489 1347 2518 mortui
1358 2488 1427 2518 sunt
1437 2509 1446 2522 ,
1470 2491 1499 2519 P.
1512 2490 1726 2520 Comminium
1735 2489 1924 2530 Spoletinum
1938 2511 1946 2524 ,
1967 2501 2027 2531 quo
2039 2501 2086 2521 ac-

1126 2531 1245 2560 cusante
1261 2529 1383 2560 defendi
1395 2533 1426 2560 C.
1438 2531 1618 2561 Cornelium
1637 2541 1642 2560 :
1666 2532 1698 2560 in
1708 2541 1769 2571 quo
1783 2530 1817 2561 &
1829 2531 2030 2572 compofitum
2042 2532 2087 2562 di-

1128 2572 1215 2602 cendi
1225 2582 1319 2614 genus
1329 2593 1338 2605 ,
1350 2572 1382 2602 &
1391 2582 1453 2603 acre
1466 2593 1474 2606 ,
1489 2572 1521 2603 &
1530 2572 1707 2613 expeditum
1717 2573 1783 2603 t'uit.
1801 2575 1842 2603 T.
1852 2576 1980 2604 Accium
1989 2574 2089 2604 Pisau-

1129 2614 1247 2645 rensem
1259 2634 1267 2648 ‚
1279 2615 1326 2654 cuj
1330 2624 1364 2644 us
1374 2615 1551 2644 accusationi
1561 2614 1699 2655 respondi
1709 2625 1763 2655 pro
1773 2615 1955 2646 A.Cluentio
1969 2627 1974 2644 2
1992 2618 2043 2657 qui
2056 2617 2090 2647 δε

1129 2655 1259 2686 accurate
1271 2655 1387 2687 dicebat
1399 2676 1407 2690 ‚
1428 2656 1460 2686 δε
1471 2656 1536 2686 satis
1545 2656 1670 2697 copiose
1682 2667 1688 2685 :
1707 2665 1825 2698 eratque
1835 2667 1972 2698 praeterea
1981 2658 2090 2688 (1061115

1131 2700 1323 2740 Hermagorae
1342 2700 1494 2738 praeceptis
1514 2709 1519 2726 z
1542 2699 1652 2739 quibus
1672 2697 1722 2729 etsi
1741 2709 1916 2729 ornamenta
1937 2710 2001 2730 non
2022 2701 2090 2729 satis

1130 2741 1233 2781 opima
1241 2740 1362 2771 dicendi
1373 2759 1383 2775 ‚
1406 2749 1508 2771 tamen
1518 2759 1528 2775 ‚
1552 2749 1583 2771 ut
1593 2739 1671 2777 hasta
1683 2760 1691 2774 ‚
1709 2741 1852 2772 velitibus
1861 2749 2009 2771 amentata
2019 2763 2028 2776 ,
2053 2740 2092 2772 fic

2028 2793 2092 2824 apta

1130 2862 1256 2889 blicatum
1267 2864 1413 2888 Clrirti'inm.
1434 2862 1525 2898 primae
1542 2860 1603 2888 edd.
1615 2864 1780 2887 C.Rutilinm.
1810 2862 1970 2889 Gulielmius
1982 2862 2094 2889 inclina-

1132 2898 1177 2926 bat
1187 2899 1213 2925 in
1225 2901 1253 2924 C.
1264 2901 1379 2925 Hirtium.
1409 2907 1470 2925 nam
1480 2897 1603 2932 Cujicius
1615 2899 1751 2924 Chii-tilam.
1780 2899 1837 2925 Pal.
1848 2906 1936 2926 tamen
1946 2901 2092 2926 Chirtilium.

1131 2936 1240 2963 retinet.

1167 2980 1195 3004 4.
1214 2973 1336 3005 Tanquam
1344 2972 1405 3004 veste
1415 2970 1544 3006 den-aaa]
1566 2970 1686 3008 Recepta
1694 2970 1776 2997 iet-”tio
1786 2971 1905 2997 ‹ixi-aera.
1924 2970 1966 2997 sed
1977 2971 2090 2999 alterum

1132 3008 1245 3044 requirit
1257 3007 1403 3036 l'ententia3
1417 3014 1446 3033 ut
1456 3007 1522 3033 bene
1533 3007 1638 3034 monuit
1649 3007 1789 3033 Turnebus
1800 3007 1828 3032 d.
1840 3016 1945 3042 capxn..

1168 3053 1193 3077 5.
1215 3045 1357 3076 inez'unt
1366 3045 1407 3069 illa
1417 3044 1658 3078 calantillri5‚&c.]
1679 3044 1775 3070 Rixius
1795 3043 1886 3069 mallet
1904 3046 2000 3076 τοίεπὶς
2020 3041 2091 3079 quod

1130 3080 1215 3107 statim
1227 3079 1330 3106 admisit
1342 3079 1499 3111 Lambinus,
1511 3080 1717 3116 repugnantibus
1728 3079 1897 3106 membranis.

1165 3117 1192 3142 6.
1213 3118 1344 3142 Occaraba!
1355 3116 1455 3148 digniias
1464 3116 1493 3147 ζ’-γ
1502 3117 1651 3149 integritas]
1677 3116 1718 3142 list
1738 3126 1752 3141 a
1773 3116 1855 3142 Rivio
1866 3124 1874 3146 5
1895 3115 1935 3150 seq
1940 3122 2021 3140 nuntii
2027 3122 2095 3148 tque

1130 3152 1266 3180 Manutius
1285 3161 1314 3180 ac
1330 3152 1486 3181 Lambinus.
1506 3151 1596 3191 scripti
1615 3160 1702 3179 tamen
1715 3152 1742 3177 3<
1755 3151 1856 3187 vulgati
1869 3170 1876 3184 ,
1893 3154 2003 3184 gui-rim
2014 3151 2042 3180 (ly
2050 3153 2091 3175 1¹0·-

166 3191 194 3222 3.
213 3185 342 3218 accusante
349 3187 512 3223 ehrhiliumfl
524 3188 568 3217 Est
577 3188 609 3218 ab
617 3188 734 3217 editione
747 3188 874 3218 Victorii.
894 3197 953 3218 nam
963 3188 1027 3217 alias
1038 3196 1088 3225 pu·
1107 3205 1113 3221 ,
1129 3191 1236 3221 tegritas.

1618 3224 1643 3251 Τ
1660 3232 1677 3251 ι
1998 3230 2022 3248 ).
2033 3221 2091 3256 11ὄὶ-
