2302 3353
527 120 610 164 At>
644 117 1063 176 HERENmuM,
1099 123 1297 170 LIBER
1331 120 1636 172 Tnss’rius.

115 203 273 242 laudabile.
303 201 424 234 Regium
441 199 485 231 est
493 220 503 234 ,
522 199 604 240 quod
615 208 686 229 cum
695 201 805 229 virtute
816 199 849 229 ὃς
860 199 964 230 officio
975 200 1017 231 fit.
1041 202 1074 232 Id

116 249 260 282 dividitur
268 247 301 276 in
310 244 500 284 prudentiam
511 261 520 275 ,
540 240 687 280 justitiam
698 260 706 274 ,
726 239 937 271 fortitudinem
949 261 957 274 ,
970 243 1077 272 mode-

115 292 211 324 stiam.
242 286 401 318 Prudentia
409 284 451 314 est
461 283 604 314 calliditas
615 302 623 316 ,
643 283 832 322 quaeratione
842 282 970 323 quadam
980 283 1077 323 potest

116 330 267 364 dele6ium
277 327 384 357 habere
393 326 546 356 bonorum
558 324 590 355 δε
601 325 761 353 malorum.
783 323 893 353 dicitur
911 326 985 354 item
1006 334 1077 364 pru-

115 374 215 406 dentia
223 390 232 404 ,
247 370 367 400 scientia
376 367 422 407 cuj
427 366 530 398 usdam
540 364 667 396 artificii.
690 367 765 395 item
775 366 936 405 appellatur
945 367 1077 405 pruden—

115 418 164 448 tia,
178 412 341 444 multarum
351 419 451 440 rerum
462 409 610 439 memoria
619 427 628 441 ‚
648 407 681 436 δε
690 407 758 436 usus
768 408 972 446 complurium
983 417 1077 448 nego-

117 459 239 488 tiorum.
259 451 378 494 Justitia
388 450 431 481 est
440 452 558 491 aequitas
569 469 578 483 ,
587 449 636 488 jus
647 450 809 489 unicuique
820 449 954 478 tribuens
965 458 1019 488 pro
1030 449 1076 479 di-

117 500 226 540 gnitate
237 495 284 534 cuj
288 494 386 534 usque,
408 492 563 523 Fomtudo
573 490 616 521 est
626 500 725 520 rerum
737 500 913 532 magnarum
923 492 1074 530 appetitio,

118 541 152 570 &
162 547 262 569 rerum
271 536 439 566 humilium
451 535 629 566 contemtio,
643 528 675 562 δε
686 532 794 562 laboris
805 542 876 562 cum
887 533 1021 562 utilitatis
1032 542 1078 562 ra-

118 583 202 612 tione
212 575 365 619 perpeffio.
389 575 548 608 Modestia,
560 574 602 605 est
611 577 644 604 in
654 576 757 604 animo
768 575 928 603 continens
939 574 1078 604 modera-

119 625 162 653 tio
171 620 378 661 cupiditatum.
422 617 588 648 Prudentiae
605 615 736 656 partibus
755 624 873 645 utemur
890 617 923 645 in
934 615 1076 648 dicendo,

119 663 140 694 si
150 661 313 694 commoda
322 671 392 691 cum
403 658 609 690 incommodis
620 656 810 687 conferemus
821 677 829 689 ‚
860 655 932 686 cum
952 657 1078 686 alterum

119 707 213 746 sequi,
223 706 315 734 vitare
325 703 450 732 alterum
470 699 693 731 cohortabimur
704 709 709 727 :
732 700 793 727 Aut
810 696 831 727 fi
850 708 940 738 quam
959 698 994 728 ad
1013 708 1077 728 rem

119 745 344 778 cohortabimur
361 744 491 784 aliquem
502 762 510 776 ‚
539 741 585 780 cuj
590 750 622 770 us
632 741 675 769 rei
684 740 815 780 aliquam
826 739 1079 779 disciplinabilem

119 789 273 821 scientiam
286 787 450 826 poterimus
460 784 566 813 habere
577 793 582 810 z
595 782 627 812 δε
636 791 697 822 quo
708 780 812 814 modo,
824 789 873 810 aut
882 791 938 821 qua
948 781 1079 822 quidque

119 833 234 862 ratione
245 827 310 858 fieri
320 823 663 867 oporteat‚ostendemus
675 834 680 852 :
692 825 752 853 Aut
761 821 781 852 si
792 822 981 853 suadebimus
991 825 1081 863 quip-

120 875 203 914 piam
214 891 223 905 ‚
244 871 328 909 cujus
338 870 380 898 rei
389 866 476 909 gestae
486 875 533 897 aut
543 866 718 906 praesentem
729 885 738 898 ,
758 873 808 894 aut
818 864 949 894 auditam
960 874 1080 894 memo-

120 917 196 945 riam
207 913 370 953 poterimus
386 909 491 938 habere
503 919 509 937 :
532 917 589 948 qua
599 909 631 936 in
641 917 671 937 re
683 906 770 937 facile
782 906 812 936 id
824 926 832 940 ‚
843 906 924 946 quod
935 907 1078 939 velimus,

121 954 241 997 exemplo
261 953 346 982 allato
368 950 537 991 persuadere
555 947 708 989 poffimns.
737 947 863 990 Justitiae
875 948 1005 987 partibus
1016 957 1081 977 ute-

121 1007 206 1029 mur,
233 993 311 1024 fiaut
320 995 518 1023 innocentum
530 1011 538 1025 ,
560 1000 608 1020 aut
620 991 787 1030 supplicum
798 990 934 1019 dicemus
946 989 1081 1020 misereri

121 1046 256 1078 oportere
268 1047 274 1065 :
296 1034 318 1065 fi
336 1033 528 1064 ostendemus
549 1032 625 1062 bene
646 1031 832 1062 merentibus
842 1033 966 1071 gratiam
977 1030 1080 1061 referri

121 1080 283 1110 convenire
296 1087 301 1106 z
320 1075 341 1106 fi
360 1074 633 1110 demonstrabimus
652 1074 755 1104 ulcisci
765 1072 844 1103 male
856 1074 979 1103 meritos
990 1082 1080 1112 opor-

121 1130 182 1153 tere
195 1131 201 1150 ;
219 1119 240 1149 si
251 1118 343 1149 fidem
353 1126 532 1159 magnopere
542 1115 731 1146 censebimus
742 1114 975 1145 conservandam
988 1125 993 1143 :
1006 1113 1027 1144 fi
1039 1115 1081 1144 le-

122 1173 173 1205 ges
185 1162 218 1192 &
229 1171 330 1191 mores
339 1161 467 1190 civitatis
476 1157 592 1200 egregie
603 1157 739 1187 dicemus
757 1157 863 1187 servari
881 1165 1017 1197 oportere
1030 1166 1036 1184 :
1059 1154 1080 1185 fi

124 1206 378 1243 societates‚atque
387 1202 533 1231 amicitias
544 1198 675 1230 studiose
686 1198 821 1229 dicemus
831 1198 891 1228 coli
901 1199 1063 1229 convenire
1076 1209 1081 1226 z

126 1245 157 1280 fi,
169 1245 250 1287 quod
261 1245 308 1285 jus
319 1246 351 1273 in
361 1243 506 1283 parenteis
517 1262 525 1275 ‚
537 1241 609 1271 deos
621 1261 629 1274 ,
640 1243 763 1281 patriam
774 1249 879 1270 natura
889 1241 1080 1280 comparavit,

124 1288 155 1319 id
165 1286 304 1328 religiose
314 1284 476 1315 colendum
488 1282 759 1313 demonstrabimus
772 1293 778 1312 2
797 1281 818 1311 si
828 1282 955 1321 hospitia
966 1302 974 1315 ,
987 1282 1084 1312 clien-

124 1330 199 1360 telas
209 1349 218 1363 ‚
230 1329 423 1370 cognationes
433 1346 442 1359 ‚
457 1324 614 1355 affinitates
625 1323 700 1355 caste
711 1324 850 1354 colendas
860 1321 917 1353 effe
929 1323 1065 1354 dicemus
1078 1334 1084 1352 :

126 1370 148 1401 si
158 1382 212 1401 nec
222 1380 317 1411 prece,
328 1378 384 1398 nec
394 1369 499 1407 pretio,
510 1376 566 1396 nec
575 1368 674 1407 gratia,
686 1376 742 1396 nec
749 1365 884 1406 periculo
895 1385 903 1399 ‚
915 1375 971 1395 nec
981 1364 1085 1395 simul-

126 1421 183 1443 tate
194 1413 209 1443 a
219 1414 266 1442 via
276 1410 355 1441 recta
363 1408 556 1439 ostendemus
566 1407 673 1438 deduci
683 1416 818 1448 oportere
831 1418 835 1436 :
857 1405 878 1436 si
896 1406 1032 1437 dicemus
1052 1408 1086 1436 in

126 1454 271 1485 omnibus
278 1453 325 1493 jus
336 1451 480 1492 aequabile
498 1449 583 1480 statui
602 1452 774 1480 convenire.
804 1451 861 1479 His
879 1457 964 1489 atque
983 1449 1035 1489 huj
1040 1449 1086 1478 us-

127 1496 214 1527 modi
222 1494 352 1535 partibus
359 1492 481 1533 justitiae
491 1490 512 1521 fi
521 1502 612 1532 quam
623 1501 686 1522 rem
698 1493 730 1521 in
741 1493 899 1524 concione,
912 1499 961 1521 aut
971 1492 1003 1520 in
1013 1500 1087 1521 con-

127 1539 200 1569 cilio
212 1535 379 1567 faciendam
391 1534 592 1567 censebimus,
601 1533 712 1573 justam
723 1531 781 1563 effe
791 1532 983 1563 ostendemus
996 1543 1001 1561 :
1013 1542 1088 1562 con-

129 1581 233 1613 trariis,
247 1576 398 1617 injustam.
422 1579 466 1606 Ita
476 1574 535 1610 fiet,
549 1584 580 1606 ut
591 1575 705 1605 eisdem
716 1576 790 1605 locis
802 1575 834 1605 ὃς
844 1575 879 1604 ad
890 1574 1087 1608 suadendum,

132 1622 166 1652 &
176 1621 211 1652 ad
222 1618 450 1650 dissiiadendum
461 1616 550 1647 simus
560 1618 658 1657 paiati.
681 1619 734 1648 Sin
737 1616 916 1656 fortitudinis
926 1616 1087 1646 retinendae

131 1663 215 1694 causa
222 1660 395 1692 faciendum
405 1659 478 1701 quid
488 1658 545 1689 efl'e
557 1660 692 1689 dicemus
703 1679 712 1693 ,
735 1658 929 1689 ostendemus
941 1678 949 1691 2
972 1668 1016 1688 res
1026 1668 1091 1688 ma-

132 1714 214 1746 gnas,
227 1703 260 1733 &
271 1703 358 1733 celsas
368 1703 450 1743 sequi
462 1721 471 1735 ‚
484 1701 516 1731 δε
525 1703 622 1742 appeti
631 1710 765 1741 oportere
777 1721 785 1735 ,
806 1700 839 1730 δε
849 1702 923 1730 item
933 1710 978 1730 res
988 1701 1091 1729 humi-

132 1748 188 1777 leis
199 1766 208 1780 ,
229 1744 408 1785 &indignas
418 1745 489 1774 viris
499 1743 626 1773 fortibus
637 1763 645 1776 ‚
668 1746 677 1762 ¹
689 1743 738 1773 vel
747 1744 827 1773 viros
837 1741 927 1772 fortes
939 1750 1093 1782 propterea

133 1795 325 1819 contemnere
344 1794 479 1826 oportere
490 1805 499 1819 ,
521 1795 577 1815 nec
595 1784 717 1815 idoneas
737 1784 879 1825 dignitate
889 1784 939 1814 sua
945 1784 1088 1823 judicare.

133 1832 210 1861 Item
219 1828 235 1859 a
246 1828 328 1859 nulla
337 1838 367 1857 re
376 1826 499 1857 honesta
509 1847 517 1861 ,
539 1827 663 1867 periculi
675 1847 683 1860 ‚
704 1835 754 1857 aut
762 1826 871 1856 laboris
882 1825 1090 1866 magnitudine

134 1871 242 1902 deduci
252 1878 387 1910 oportere
400 1879 405 1898 :
432 1872 685 1907 Annos-uoniam
704 1876 836 1898 mortem
846 1867 1028 1907 turpitudine
1039 1869 1091 1897 ha-

135 1913 199 1944 beri
211 1923 217 1942 z
236 1912 322 1942 nullo
332 1910 436 1940 dolore
447 1912 525 1952 cogi,
536 1919 569 1940 ut
578 1910 613 1940 ab
624 1909 727 1940 officio
735 1909 886 1940 recedatur
897 1910 1028 1939 :nullius
1038 1919 1092 1949 pro

137 1957 180 1984 rei
189 1956 310 1984 veritate
321 1960 452 1982 metuere
463 1953 638 1981 inimicitias
649 1963 655 1980 z
683 1951 839 1993 quodlibet
847 1961 901 1992 pro
911 1953 1002 1991 patria
1013 1971 1021 1985 ,
1043 1961 1093 1991 pa-

136 1995 281 2027 rentibus,
293 1993 459 2032 hospitibus
470 2012 479 2026 ,
491 1994 595 2022 amicis
606 2012 614 2025 ,
628 1995 708 2024 &iis
719 1993 805 2023 rebus
817 2013 825 2025 ,
841 2003 912 2033 quas
919 1992 1033 2032 justitia
1042 2002 1094 2022 co-

137 2037 197 2067 lere
207 2034 380 2076 cogit,adire
390 2035 569 2074 periculum,
577 2034 609 2063 &
619 2034 786 2075 quemlibet
796 2035 938 2073 suscipere
949 2034 1093 2063 laborem.

139 2076 277 2113 Modesti-z
284 2076 414 2116 partibus
424 2084 544 2105 utemur
554 2096 562 2109 ,
574 2074 594 2104 fi
604 2078 714 2106 nimias
725 2075 866 2105 libidines
877 2076 1001 2106 honoris
1013 2094 1021 2108 ‚
1044 2085 1095 2115 pe-

137 2121 235 2150 cuniae
245 2138 254 2153 ‚
266 2116 469 2158 similiumque
479 2127 579 2146 rerum
589 2117 833 2156 vitupeiabi'mus.
856 2119 887 2146 Si
896 2126 1096 2157 unamquam—

138 2171 197 2202 que
207 2170 270 2190 rem
280 2168 361 2190 certo
370 2167 480 2188 naturae
491 2160 622 2188 termino
632 2157 822 2188 definiemus.
860 2161 874 2177 2
885 2159 915 2188 Si
925 2157 1021 2198 quoad
1032 2160 1096 2187 cui-

138 2213 196 2244 que
207 2202 273 2232 satis
283 2199 316 2231 sit
325 2220 334 2234 ,
357 2199 551 2231 ostendemus
561 2220 569 2234 ,
582 2200 615 2230 &
625 2202 759 2229 nimium
770 2199 907 2241 progredi
916 2197 1097 2229 dissuadebi-

141 2254 220 2278 mus,
233 2244 265 2274 &
276 2241 404 2272 modum
416 2243 578 2282 unicuique
587 2243 629 2272 rei
640 2241 811 2272 statuemus.
837 2240 1023 2281 Hujusmodi
1031 2251 1097 2281 par-

140 2294 183 2316 tes
195 2286 262 2316 sunt
270 2286 399 2318 virtutis,
410 2283 638 2323 amplificandae,
651 2282 671 2313 fi
682 2283 871 2313 suadebimus
884 2294 889 2312 2
900 2283 1096 2317 arrenuaudae,

139 2326 161 2358 fi
171 2327 207 2358 ab
215 2328 262 2357 his
272 2325 497 2356 dehortabimui·
507 2346 515 2359 ,
537 2334 570 2355 ut
579 2326 640 2355 haec
650 2334 839 2356 attenuentur
849 2345 857 2359 ,
876 2335 942 2366 quae
953 2325 1037 2365 supra
1047 2325 1098 2355 de-

143 2368 317 2399 monstravi.
347 2370 429 2397 Nam
439 2377 532 2397 nemo
542 2369 597 2397 erit
607 2388 615 2401 ‚
627 2369 679 2408 qui
689 2368 804 2398 censeat
813 2367 828 2397 a
837 2369 948 2397 viitute
959 2367 1099 2397 receden-

142 2411 216 2442 dum
228 2421 234 2439 ;
249 2408 355 2440 verum
366 2417 415 2439 aut
425 2419 469 2438 res
480 2419 544 2439 non
556 2413 568 2436 ³
579 2409 752 2449 hujusmodi
763 2408 876 2439 dicatur
885 2407 952 2442 effe,
964 2418 997 2439 ut
1007 2411 1100 2439 virtu—

142 2461 204 2484 tem
215 2450 358 2492 poffimus
367 2452 513 2493 egregiam
523 2453 662 2491 experiri,
682 2460 732 2482 aut
741 2453 773 2481 in
782 2453 937 2482 contrariis
947 2452 1045 2492 potius
1056 2461 1101 2481 re-

141 2494 197 2525 bus
208 2515 217 2528 ,
238 2493 329 2535 quam
341 2494 374 2523 in
383 2494 429 2522 his
441 2513 449 2527 ,
469 2495 562 2523 virtus
572 2492 706 2524 constare
715 2492 895 2524 ostendatur.
919 2496 997 2523 Item
1009 2491 1030 2522 si
1040 2503 1100 2534 quo

142 2535 228 2577 paSto
238 2537 403 2576 poterimus
414 2555 422 2568 ,
436 2545 526 2575 quam
537 2536 562 2564 is
574 2537 625 2575 qui
638 2534 739 2566 contra
748 2535 846 2569 dicet,
859 2534 1004 2571 justitiam
1013 2545 1102 2565 voca-

142 2580 200 2612 rit,
221 2587 277 2608 nos
287 2575 560 2607 demonstrabimus
571 2578 721 2618 ignaviam
732 2576 790 2607 effe
802 2597 810 2611 ‚
835 2578 868 2608 δε
886 2579 1027 2607 inertiam
1039 2597 1048 2611 ‚
1069 2587 1102 2606 ac

143 2629 263 2660 pravam
274 2619 439 2648 libeitatem
454 2628 459 2647 :
479 2628 569 2659 quam
575 2619 754 2660 prudentiam
764 2620 916 2659 appellarit
926 2639 935 2654 2
955 2628 1100 2659 ineptam,

144 2662 180 2692 &
189 2661 346 2703 garrulam,
359 2660 391 2690 &
402 2660 538 2691 odiosam
548 2661 704 2690 scientiam
716 2660 774 2691 esse
784 2662 919 2691 dicemus
933 2672 937 2690 :
948 2671 1039 2702 quam
1050 2661 1102 2690 ille

147 2702 304 2739 modestiam
314 2702 392 2732 dicet
403 2701 459 2732 effe
471 2722 480 2736 ,
500 2712 566 2732 earn
577 2712 632 2732 nos
642 2704 780 2733 inertiam
792 2724 800 2736 ,
822 2703 855 2733 &
865 2701 1038 2733 diffolutam
1048 2713 1103 2733 ne-

144 2746 317 2786 gligentiam
328 2743 463 2774 dicemus
475 2754 479 2772 z
490 2754 580 2784 quam
591 2744 642 2773 ille
645 2744 848 2783 fortitudinem
858 2747 1101 2778 nominai·it,eam

146 2796 202 2817 nos
212 2785 416 2827 gladiatoriam
426 2806 435 2821 ,
445 2817 447 2819 ,
456 2785 488 2816 &
498 2784 743 2817 'inconsideratam
754 2787 968 2827 appellabimus
978 2788 1101 2817 temeri-

188 2900 199 2918 1
207 2911 212 2918 .
233 2893 274 2918 Vel
280 2893 423 2925 rvirosfortes
429 2900 553 2925 propterea
565 2911 573 2924 ‚
582 2893 650 2927 elya]
672 2892 772 2919 Addidi
782 2894 793 2919 k
804 2894 860 2920 Pal.
872 2900 967 2929 quarto
978 2892 1104 2928 syllabam

147 2929 205 2960 41:15
223 2925 294 2963 quod
302 2934 421 2961 propterea
430 2928 497 2954 illud
508 2928 661 2955 invenissem
682 2929 708 2955 in
727 2929 847 2965 pluribus
866 2929 994 2955 Palatinis
1006 2948 1015 2961 ‚
1034 2928 1106 2964 quod

148 2963 267 2998 alioquin
278 2963 426 2990 Gulielmio
436 2963 585 2990 tollendum
597 2964 753 2993 videbatur:
776 2966 818 2992 vel
837 2972 923 2992 mutet
938 2972 1061 2999 propterea
1077 2965 1104 2990 in

145 3006 270 3032 preterca,
279 2998 331 3025 fide
342 2999 400 3026 Pal.
410 3008 452 3035 pr.
462 3009 492 3026 ac
503 3001 601 3036 quinti.

187 3043 217 3061 2.
236 3038 261 3060 Si
270 3035 347 3069 quoad
363 3038 445 3070 cuique
456 3037 519 3069 stitis
530 3055 539 3068 ‚
557 3037 624 3071 &c.]
644 3037 733 3072 Vulgo
745 3056 753 3069 ,
771 3041 797 3064 Si
806 3039 902 3072 denique
911 3037 970 3071 quid
977 3037 1108 3071 cuiquesa-

151 3076 182 3109 {es
194 3087 203 3101 ,
219 3071 270 3101 &za
298 3069 340 3096 fied
350 3080 397 3097 nos
409 3072 540 3099 vetustum
550 3072 676 3109 loquendi
686 3083 768 3109 genus
780 3073 941 3110 reposuimus
953 3092 962 3105 ,
973 3079 1108 3109 repertum

153 3113 183 3130 m
191 3105 323 3145 Pal-tert.
334 3107 440 3142 quinto,
451 3107 538 3140 sexto,
546 3109 611 3136 item
624 3109 702 3136 Fabr.
713 3111 742 3135 &
753 3109 915 3136 Coloniensi.
926 3109 1036 3135 Plautus
1047 3110 1108 3136 Me-

155 3139 275 3169 machmis
288 3151 294 3168 :
314 3142 397 3169 Varum
407 3146 442 3170 (Β
449 3145 529 3171 modm
536 3152 614 3172 tamen
626 3162 635 3179 ‚
652 3146 787 3180 quoadpati
795 3155 889 3173 uxorem
897 3152 991 3178 oportet.

1131 214 1233 236 tatem.
1278 205 1441 236 Laudabile
1452 204 1495 236 est
1506 225 1514 239 ‚
1526 204 1607 246 quod
1617 203 1741 236 conficit
1750 204 1906 236 honestam
1917 204 1950 236 ὃς
1958 207 2088 247 praesen-
2109 219 2132 250 4

1129 249 1238 281 tem,&
1250 248 1422 289 sequentem
1432 249 1768 277 commemorationem.
1786 250 1856 277 Hoc
1866 257 1922 277 nos
1932 246 1969 277 eb
1979 248 1994 277 a
2004 248 2087 278 resto

1128 288 1334 327 separavimus,
1346 299 1410 319 non
1418 288 1500 330 quod
1510 290 1556 319 hae
1565 297 1703 330 quattuor
1711 298 1804 329 partes
1815 309 1823 322 ‚
1846 299 1911 330 quae
1921 289 2087 329 subjiciun-

1126 336 1174 358 tur
1183 331 1237 359 sub
1247 331 1393 360 vocabulo
1403 330 1474 361 redii
1481 352 1488 364 ,
1501 331 1577 361 hanc
1586 329 1747 361 honestatis
1757 333 2086 362 commemorationem

1128 369 1195 399 dare
1205 381 1270 400 non
1282 372 1394 402 soleant
1406 383 1411 401 2
1439 372 1488 402 sed
1498 382 1680 413 quamquam
1690 382 1728 402 ex
1738 371 1820 402 reete
1832 372 1979 402 laudabile
1989 374 2088 403 nasca-

1128 419 1192 444 tur,
1223 420 1323 441 tamen
1333 415 1366 442 in
1376 414 1504 444 dicendo
1514 414 1645 445 seorsum
1656 413 1786 445 :metand
1792 424 1843 444 um
1854 413 1896 444 est
1910 415 1968 444 hoc
1977 414 2013 444 ab
2024 415 2087 444 illo.

1130 454 1237 493 Neque
1248 455 1331 482 enim
1343 453 1442 484 solum
1452 455 1539 484 laudis
1548 457 1633 495 caccfiz
1644 455 1759 486 rectum
1770 456 1850 496 sequi
1861 458 2004 486 convenit
2015 476 2024 488 ,
2037 455 2085 485 sed

1128 493 1149 524 si
1169 495 1231 524 laus
1252 494 1442 534 consequitur
1452 516 1460 529 ,
1490 496 1655 536 duplicatur
1673 497 1746 527 sceti
1764 497 1920 538 appetendi
1939 498 2088 527 voluntas.

1127 535 1225 566 4Cum
1236 537 1327 576 igitur
1335 538 1391 565 erit
1399 536 1665 568 demonstrandum
1676 539 1802 573 reditum,
1810 539 1956 569 laudabile
1967 537 2023 568 effe
2036 538 2088 568 cle-

1131 577 1366 607 monstrabimus
1377 586 1425 606 aut
1436 578 1470 607 ab
1480 578 1574 607 ulonczs
1584 581 1759 610 hominibus
1771 602 1779 615 ‚
1801 590 1833 610 ut
1842 579 1863 610 si
1872 590 1929 621 qua
1939 591 1982 610 res
1994 581 2088 610 lione-

1130 618 1213 649 stiori
1233 618 1335 648 ordini
1353 618 1465 658 placeat
1476 638 1484 652 ‚
1514 630 1578 659 quae
1589 620 1603 650 a
1614 621 1758 652 deteriore
1768 623 1874 652 ordine
1885 622 2073 662 improbetur
2086 632 2092 650 τ

1127 663 1177 690 a‘ut
1187 660 1222 690 ab
1231 660 1380 700 aliquibus
1390 660 1475 690 sociis
1486 680 1493 693 ‚
1515 670 1565 690 aut
1574 663 1717 692 omnibus
1727 664 1843 694 civibus
1854 685 1862 697 ,
1875 665 1983 694 exteris
1993 665 2092 693 natio-

1130 702 1220 731 nibus
1232 722 1239 734 ,
1250 701 1430 742 posterisque
1441 700 1559 732 nostris.
1590 702 1667 732 Cum
1680 705 1852 743 hujusmodi
1863 706 2002 735 locorum
2012 705 2091 734 divi-

1132 742 1172 773 sio
1183 741 1217 773 fit
1227 745 1259 772 in
1272 743 1488 773 consultatione
1499 763 1507 776 ,
1531 743 1659 774 breviter
1668 747 1824 784 aperienda
1833 747 1875 776 est
1885 749 1974 777 totius
1985 746 2090 776 transta-

1129 787 1173 815 tio
1183 785 1283 815 causae.
1308 784 1447 815 Exordiri
1458 785 1561 814 licebit
1571 805 1579 819 ‚
1591 785 1638 815 vel
1649 785 1664 815 a
1673 788 1821 826 principio
1832 808 1840 821 ‚
1854 789 1903 818 vel
1913 789 1948 818 ab
1958 786 2089 818 insinua·

1131 829 1215 857 tione
1226 846 1234 860 ,
1254 826 1304 856 vel
1312 826 1421 856 iisdem
1432 827 1596 857 rationibus
1608 847 1616 861 ,
1637 827 1742 868 quibus
1756 831 1786 857 iii
1794 829 1927 867 judiciali
1938 830 2030 860 caula.
2060 832 2091 860 Si

1132 868 1215 908 cujus
1229 869 1270 898 rei
1281 869 1408 898 narratio
1418 868 1548 902 incidet,
1569 869 1672 898 eadem
1683 871 1796 899 ratione
1808 881 1920 900 narrare
1931 871 2089 910 oportebit-

1132 912 1286 950 Qoniam
1298 912 1330 939 in
1340 909 1515 949 hujusmodi
1526 909 1616 940 causis
1628 909 1696 940 finis
1708 909 1749 940 est
1759 912 1880 944 utilitas,
1896 913 1927 941 ὃς
1938 923 1970 942 ea
1980 912 2091 942 dividi-

1131 961 1219 981 turin
1231 953 1378 981 rationem
1392 960 1484 980 tutam
1495 960 1580 992 atque
1591 952 1748 982 honestam
1761 963 1766 982 :
1790 951 1810 982 si
1829 962 1988 994 utrumque
2006 963 2091 993 pote-

1130 995 1225 1023 rimus
1235 992 1391 1023 ostendere
1402 1013 1409 1026 ,
1432 1002 1590 1034 utrumque
1609 994 1821 1033 pollicebimur
1839 1004 1893 1024 nos
1912 997 1945 1024 in
1962 994 2091 1024 dicendo

1131 1033 1385 1064 demonstraturos
1404 1033 1461 1064 effe
1474 1045 1479 1063 2
1509 1033 1552 1064 sin
1572 1035 1696 1065 alterum
1715 1035 1947 1066 demonstraturi
1968 1038 2091 1069 erimus,

1133 1075 1401 1116 simplicitenquod
1413 1075 1522 1106 dietim-i
1533 1077 1645 1111 sumus,
1657 1076 1860 1107 ostendemus.
1881 1080 1921 1107 At
1931 1076 1950 1106 fi
1960 1077 2091 1107 nostram

1133 1120 1281 1148 rationem
1292 1126 1386 1148 tutam
1397 1116 1453 1147 effe
1464 1118 1611 1152 dicemus,
1625 1117 1772 1149 divisione
1783 1127 1903 1149 utemur
1912 1122 1945 1148 in
1953 1121 2018 1149 vim
2030 1139 2038 1152 ,
2061 1119 2094 1148 δε

1132 1158 1302 1190 consilium.
1334 1161 1416 1189 Nam
1427 1180 1435 1193 ‚
1459 1160 1540 1200 quod
1551 1162 1583 1190 in
1594 1160 1732 1191 docendo
1741 1162 1783 1190 rei
1796 1160 1995 1191 dilucidandae
2011 1160 2096 1190 causa

1131 1201 1226 1230 dolum
1245 1201 1459 1241 appellavimus
1471 1222 1479 1235 ‚
1505 1201 1535 1232 id
1548 1204 1579 1232 in
1590 1202 1720 1232 dicendo
1730 1200 1884 1232 honestius
1895 1202 2037 1243 confilium
2047 1212 2097 1242 ap-

1134 1243 1322 1283 pellabimus.
1354 1246 1385 1273 Si
1405 1245 1528 1273 rationis
1545 1243 1654 1274 nostrae
1673 1244 1850 1274 sententiam
1860 1244 1971 1274 reblam
1982 1243 2038 1273 effe
2050 1244 2097 1273 di-

1134 1295 1237 1315 cemus
1249 1305 1257 1318 ,
1270 1285 1302 1314 &
1312 1295 1420 1314 omnes
1430 1294 1524 1325 partes
1535 1285 1607 1315 resti
1619 1285 1755 1316 incident
1766 1297 1771 1315 :
1799 1285 2006 1326 quadripartita
2017 1285 2098 1316 divi-

1136 1326 1217 1357 sione
1227 1335 1356 1356 utemui‘.
1378 1325 1396 1356 si
1408 1337 1471 1356 non
1480 1327 1614 1357 incident
1624 1348 1631 1361 ‚
1652 1336 1726 1368 quot
1735 1337 1823 1357 erunt
1834 1348 1842 1361 ,
1854 1336 1898 1357 tot
1907 1337 2097 1367 exponemus

1135 1371 1168 1398 in
1178 1368 1316 1398 dicendo.
1340 1371 1376 1398 In
1386 1366 1617 1399 confirmatione
1629 1390 1636 1402 ,
1660 1370 1693 1399 &
1702 1368 1910 1399 confutatione
1922 1378 2042 1399 utemur
2052 1369 2098 1398 lo-

1136 1412 1188 1444 cis,
1200 1420 1274 1450 quos
1285 1419 1351 1440 ante
1362 1409 1561 1444 ostendimus,
1575 1410 1683 1441 nostris
1693 1409 1909 1440 confirmandis
1921 1431 1928 1443 ‚
1941 1412 2097 1440 contrariis

1134 1450 1334 1482 confutandis.
1345 1454 1621 1493 Argumentationis
1630 1451 1792 1483 artificiosae
1805 1451 1961 1482 traEtandae
1974 1453 2050 1482 ratio
2060 1451 2097 1481 de

1138 1493 1268 1524 secundo
1279 1493 1357 1523 libro
1366 1503 1490 1533 petetur.
1533 1495 1589 1525 Sed
1600 1493 1621 1523 si
1630 1494 1780 1528 acciderit,
1792 1503 1825 1524 ut
1834 1496 1868 1524 in
1877 1494 2095 1524 consultatione

1137 1536 1220 1566 alteri
1230 1535 1265 1565 ab
1276 1544 1337 1565 tuta
1346 1538 1459 1566 ratione
1470 1556 1477 1569 ‚
1501 1536 1585 1566 alteri
1594 1536 1630 1566 ab
1640 1535 1763 1566 honesta
1772 1556 1781 1570 ‚
1802 1536 1949 1566 sententia
1958 1534 1993 1565 sit
2002 1555 2011 1569 ‚
2023 1544 2054 1565 ut
2065 1536 2098 1564 in

1138 1577 1352 1608 deliberatione
1371 1587 1476 1607 eorum
1488 1597 1497 1611 ,
1518 1580 1570 1618 qui
1590 1578 1606 1608 a
1624 1580 1724 1608 Poenis
1745 1576 1925 1608 circumseffi
1934 1577 2099 1608 deliberant

1139 1618 1213 1660 quid
1231 1627 1334 1660 agant:
1356 1621 1407 1659 qui
1428 1628 1521 1649 tutam
1539 1621 1688 1650 rationem
1699 1620 1779 1660 sequi
1790 1619 1923 1649 suadebit
1933 1639 1941 1653 ,
1964 1621 2012 1649 his
2023 1620 2098 1648 locis

1141 1669 1254 1691 utetur:
1278 1662 1399 1690 Nullam
1407 1671 1463 1690 rem
1472 1661 1615 1691 utiliorem
1624 1661 1680 1692 ess'e
1691 1662 1900 1692 incolumitate
1912 1672 1918 1690 ;
1936 1659 2098 1691 virtutibus

1141 1706 1184 1733 uti
1204 1705 1362 1733 neminem
1381 1702 1463 1743 poss'e
1474 1724 1483 1737 ‚
1502 1706 1554 1748 qui
1565 1704 1627 1734 suas
1638 1705 1767 1734 rationes
1778 1706 1885 1733 intuto
1897 1713 1960 1733 non
1970 1703 2100 1732 colloca-

1141 1747 1179 1775 rit
1190 1756 1195 1773 :
1206 1754 1244 1774 ne
1254 1744 1325 1774 deos
1335 1744 1457 1785 quidem
1469 1744 1525 1775 esse
1534 1746 1652 1775 auxilio
1662 1747 1709 1779 iis,
1721 1747 1772 1786 qui
1784 1746 1812 1775 se
1823 1743 1996 1775 inconsulto
2006 1745 2037 1774 in
2048 1753 2101 1783 pe-

1141 1787 1271 1817 riculum
1282 1788 1402 1816 mittant
1413 1797 1417 1815 :
1428 1786 1589 1817 honestum
1601 1788 1678 1816 nihil
1689 1796 1824 1827 oportere
1833 1786 2007 1819 existimari,
2020 1784 2102 1826 quod

1142 1838 1207 1858 non
1217 1828 1343 1858 salutem
1353 1830 1452 1868 pariat.
1485 1831 1545 1870 Q
1558 1838 1627 1858 tutae
1637 1831 1679 1859 rei
1688 1837 1839 1869 praeponet
1847 1830 1995 1858 rationem
2007 1829 2103 1857 hone-

1144 1869 1218 1900 stam
1229 1890 1238 1904 ,
1260 1871 1307 1899 his
1318 1870 1391 1900 locis
1401 1879 1500 1900 utetur
1513 1881 1517 1899 :
1538 1872 1678 1900 virtutem
1688 1871 1774 1900 nullo
1785 1879 1920 1910 tempore
1929 1870 2103 1910 relinquen-

1144 1912 1223 1942 dam.
1245 1912 1294 1941 vel
1304 1911 1441 1941 dolorem
1453 1932 1461 1946 ,
1473 1911 1493 1941 si
1505 1914 1529 1942 is
1540 1914 1681 1942 timeatur
1694 1913 1757 1942 :vel
1767 1921 1909 1945 mortem,
1922 1909 1943 1940 fi
1953 1921 1985 1941 ea
1993 1911 2104 1941 formi—

1145 1954 1239 1987 detur,
1252 1953 1407 1987 dedecore,
1420 1954 1452 1983 &
1461 1953 1588 1984 infamia
1597 1954 1748 1984 leviorem
1755 1952 1811 1983 effe
1826 1952 2104 1993 :confiderare,quae

1146 1994 1179 2024 sit
1189 1995 1341 2034 turpitudo
1350 1995 1551 2025 consecutura.
1584 1997 1624 2025 At
1632 2005 1696 2024 non
1706 1995 1965 2025 immortalitatem
1977 2014 1986 2027 ‚
2007 2003 2104 2033 neque

1145 2045 1284 2065 aeternam
1306 2037 1548 2066 incolumitatem
1568 2037 1727 2077 consequi:
1750 2046 1807 2066 nec
1827 2034 1884 2065 effe
1902 2036 2103 2074 exploratum,

1144 2077 1200 2106 illo
1217 2079 1311 2106 vitato
1329 2077 1462 2116 periculo
1473 2097 1481 2111 ,
1501 2078 1622 2107 nullum
1632 2079 1665 2107 in
1675 2077 1755 2107 aliud
1765 2078 1932 2117 periculum
1943 2085 2086 2106 venturos
2099 2086 2105 2104 ς

1145 2120 1253 2148 virtute
1263 2119 1312 2148 vel
1321 2117 1401 2148 ultro
1413 2118 1447 2148 ad
1458 2128 1589 2149 moitem
1600 2116 1818 2159 proficisci,esse
1829 2119 2012 2158 praeclarum:
2023 2121 2105 2148 FOR-

1146 2169 1308 2189 TITUDINI
1328 2159 1482 2190 fortunam
1501 2171 1620 2201 quoque
1638 2159 1695 2190 effe
1713 2160 1888 2200 adjumento
1899 2161 1992 2190 solere
2002 2168 2009 2188 ·.
2032 2169 2103 2189 eum

1146 2201 1208 2231 tute
1220 2202 1331 2235 vivere,
1343 2204 1394 2242 qui
1405 2201 1530 2232 honeste
1541 2204 1631 2235 vivat,
1644 2212 1708 2232 non
1717 2205 1768 2243 qui
1780 2204 1812 2232 in
1823 2202 1976 2242 praesentia
1985 2201 2105 2231 incolu-

1148 2245 1206 2272 mis
1218 2241 1251 2273 sit
1264 2253 1270 2272 ·.
1292 2243 1324 2273 &
1335 2252 1405 2273 eum
1416 2263 1424 2277 ,
1445 2246 1496 2284 qui
1508 2247 1630 2284 turpiter
1640 2246 1721 2274 vivat
1731 2264 1740 2278 ,
1760 2245 1992 2274 incolumemin
2002 2253 2106 2283 perpe—

1147 2294 1234 2314 tuum
1254 2283 1312 2314 effe
1325 2295 1389 2315 non
1398 2285 1490 2325 posse.
1514 2284 1764 2316 Conclusionibus
1774 2285 1836 2315 fere
1847 2283 1993 2315 similibus
2003 2287 2037 2314 in
2047 2285 2104 2317 his,

1150 2326 1384 2366 &judicialibus
1394 2326 1483 2357 causis
1495 2329 1536 2357 uti
1548 2328 1677 2358 solemus
1690 2348 1698 2361 ,
1711 2326 1766 2357 nisi
1775 2326 1856 2368 quod
1868 2329 1902 2356 in
1912 2329 1958 2356 his
1970 2325 2104 2356 maxime

1149 2368 1291 2398 conducit
1300 2370 1524 2409 quamplurima
1534 2379 1634 2399 rerum
1644 2369 1712 2400 ante
1723 2369 1870 2410 gestarum
1880 2369 2018 2408 exempla
2036 2377 2106 2407 pro-

1149 2410 1232 2440 fei-re.
1261 2413 1354 2440 Nunc
1371 2412 1406 2440 ad
1427 2410 1693 2441 demonstrativum
1712 2421 1805 2452 genus
1815 2411 1906 2440 causae
1915 2410 2103 2440 transeamus.

1151 2455 1320 2493 QON1AM
1338 2453 1400 2482 haec
1418 2453 1501 2483 causa
1513 2453 1658 2483 dividitur
1666 2454 1699 2482 in
1710 2452 1827 2483 laudern
1838 2472 1846 2486 ‚
1868 2452 1901 2481 &
1910 2452 2101 2491 vituperatio·
2126 2454 2146 2487 6

1150 2504 1234 2527 nem,
1245 2494 1354 2535 quibus
1364 2504 1401 2524 ex
1411 2495 1495 2525 rebus
1507 2495 1627 2524 laudem
1637 2494 1889 2527 constituerimus,
1903 2503 1940 2523 ex
1951 2494 2106 2523 contrariis

1151 2536 1237 2566 rebus
1257 2538 1313 2566 erit
1330 2538 1508 2577 vituperatio
1526 2536 1732 2575 comparanda.
1756 2537 1834 2565 Laus
1844 2537 1934 2575 igitur
1942 2534 2038 2575 potest
2049 2532 2106 2563 effe

1151 2587 1250 2607 rerum
1261 2587 1460 2612 eXternarum,
1473 2578 1505 2608 &
1515 2579 1658 2617 coiporis,
1671 2577 1704 2607 &
1713 2578 1818 2607 animi*
1843 2579 1959 2607 Rerum
1969 2585 2107 2606 externa-

1152 2629 1220 2649 rum
1232 2619 1300 2650 sunt
1309 2630 1351 2653 ea,
1363 2630 1427 2661 quae
1437 2620 1513 2653 casu,
1525 2628 1575 2649 aut
1583 2618 1703 2649 fortuna
1713 2619 1849 2653 secunda,
1861 2627 1912 2648 aut
1919 2618 2048 2651 adversa,
2060 2627 2107 2647 ac·

1151 2661 1248 2691 cidere
1266 2660 1385 2701 possunt
1397 2673 1402 2690 ;
1426 2670 1457 2691 iit
1475 2671 1566 2702 genus
1578 2680 1587 2694 ,
1608 2660 1743 2690 educatio
1754 2680 1762 2694 ,
1783 2660 1896 2690 divitiae
1907 2680 1915 2694 ,
1939 2659 2107 2700 potestates,

1151 2707 1164 2730 5
1173 2703 1275 2744 gloriae
1284 2724 1292 2737 ‚
1311 2705 1411 2733 civitas
1422 2724 1430 2737 ,
1442 2704 1597 2736 amicitiae‚
1622 2702 1655 2732 &
1665 2712 1728 2743 qua:
1741 2702 1916 2742 hujusmodi
1928 2703 2006 2735 sunt,
2018 2702 2050 2731 8(
2061 2711 2104 2734 ea,

1152 2755 1218 2786 quae
1228 2746 1274 2774 his
1284 2745 1352 2775 sunt
1361 2747 1512 2775 contraria.
1533 2746 1672 2783 Corporis
1682 2744 1750 2774 sunt
1759 2754 1868 2785 ea,quae
1879 2752 1980 2774 natura
1989 2753 2036 2773 coi
2041 2743 2107 2783 pori

1154 2787 1288 2818 attribuit
1296 2786 1469 2820 commoda,
1480 2794 1529 2816 aut
1538 2785 1735 2816 incommoda
1747 2796 1752 2815 :
1764 2795 1795 2816 ut
1806 2786 1959 2819 velocitas,
1969 2783 2108 2818 vires‚di-

1999 2835 2105 2868 giiii-as,

1187 2900 1213 2926 3.
1232 2891 1365 2924 szusmodi
1374 2900 1418 2915 non
1436 2890 1531 2914 dicam·
1547 2890 1613 2925 esta]
1634 2890 1693 2917 Pal.
1713 2898 1777 2917 tei-t.
1797 2899 1872 2926 quar.
1893 2890 1968 2926 quin.
1987 2890 2110 2920 dicantur,

1151 2926 1221 2963 quod
1233 2927 1297 2953 ferri
1308 2927 1372 2952 item
1384 2932 1473 2960 queat.

1194 2971 1222 2996 4.
1251 2966 1308 2988 Cum
1325 2965 1397 2994 igitur
1415 2965 1460 2986 trit
1478 2961 1701 2996 demonstrandum]
1730 2963 1773 2989 Ita
1792 2961 1950 2998 Pal.quart.
1969 2961 1996 2986 Sc
2020 2960 2107 2987 sextus

1151 3007 1246 3036 praeter
1265 2997 1397 3024 Tosaiium
1419 3016 1428 3029 ,
1456 2997 1565 3024 Genibl.
1593 3000 1619 3024 ὃ(
1640 2999 1741 3026 Coloii.
1770 2999 1840 3035 pri-..s
1860 2997 1912 3024 cusi
1932 3016 1940 3029 ,
1968 2997 2109 3030 demonstra-

1150 3044 1209 3062 tum.

1190 3080 1216 3104 5.
1236 3070 1561 3104 Gloriae‚ciwiras‚anricitix.]
1582 3070 1625 3096 Sic
1634 3069 1703 3096 Pall.
1715 3079 1806 3096 omues
1817 3071 1881 3096 item
1894 3068 1979 3095 Bruil.
1989 3068 2017 3093 ὅ(
2028 3067 2107 3094 Fabr-

1154 3106 1237 3132 retle.
1249 3115 1327 3132 nemo
1337 3106 1408 3131 enim
1419 3105 1530 3132 duarum
1541 3106 1681 3133 civitatum
1692 3106 1740 3132 effe
1753 3110 1835 3143 potclt
1844 3106 1904 3139 jure
1916 3112 2024 3131 naturae.
2036 3104 2061 3128 S:
2075 3103 2109 3129 de

1154 3141 1261 3171 clatione
1270 3141 1387 3169 civitatis
1398 3142 1527 3169 Romanae
1537 3142 1612 3178 loqui
1621 3150 1739 3179 apparet.
1761 3142 1867 3178 vulgata
1879 3161 1888 3176 ‚
1907 3143 2026 3201 civitate-{i
2053 3175 2076 3209 st

1959 3185 1981 3201 1.
2031 3183 2056 3200 7¹⁴¹
2078 3181 2109 3200 ra
