2360 3400
510 120 843 170 Tuscut..

202 207 395 239 mirationem
406 222 415 238 ,
435 204 572 233 Numam
581 211 703 243 quoque
712 210 812 242 regem
825 220 834 234 ,
848 200 1067 242 Pythagoreum
1080 199 1095 230 a
1105 209 1161 240 po-

203 247 375 280 sterioribus
396 244 615 275 existimatum.
640 248 648 263 ¹
674 253 745 274 nam
764 241 836 274 cum
849 243 1019 284 Pythagorae
1029 241 1159 282 discipli-

203 299 274 321 nam
286 308 296 323 ,
316 288 349 319 δε
366 285 718 327 institutacognoscerent
728 306 737 320 ‚
757 284 890 326 regisque
899 285 963 323 ejus
973 285 1157 325 aequitatem,

202 331 237 362 δε
248 331 420 371 sapientiam
431 328 446 359 a
458 328 624 368 majoribus
635 328 695 358 suis
704 324 893 367 accepissent,
903 334 1001 356 aetates
1012 334 1112 356 autem
1124 324 1156 355 δε

198 381 335 412 tempora
344 367 513 412 ignorarent
525 389 533 403 ‚
543 379 662 410 propter
671 368 845 400 vetustatem
856 386 865 402 ,
877 377 948 397 eum
961 387 970 401 ,
982 368 1034 408 qui
1042 366 1157 406 sapien-

167 423 188 447 2
200 416 240 445 tia
248 412 407 443 excelleret
419 432 428 447 ,
446 412 616 452 Pythagor-ae
626 410 792 442 auditorem
802 407 889 440 fuiffe
896 409 1097 440 crediderunt.
1120 410 1158 438 Et

199 455 237 487 de
254 454 425 495 eumedium
443 453 568 494 quidem
586 453 739 484 halitenus.
760 451 992 491 vestigiaautem
1006 451 1155 490 Pythago-

201 506 322 528 reorum
333 516 342 531 ,
365 505 546 538 quamquam
569 495 664 525 multa
674 494 776 535 colligi
788 490 908 533 poss'unt
918 513 927 526 ,
947 493 1046 532 paucis
1056 500 1156 527 tamen

202 548 324 570 utemur
337 558 346 572 ,
364 540 511 579 quoniam
533 547 598 567 non
619 535 650 567 id
663 539 757 577 agitur
767 536 824 565 hoc
833 543 978 574 tempore.
1003 543 1072 564 nam
1083 532 1155 563 cum

201 581 387 611 carminibus
407 580 485 610 soliti
497 579 543 609 illi
554 577 610 609 ess'e
622 578 757 608 dicantur
767 577 799 607 ὃς
809 576 1094 616 praeceptaquaedam
1105 585 1156 605 oc-

201 622 315 653 cultius
335 621 463 655 tradere,
488 620 521 651 &
537 628 645 650 menteu
659 621 726 660 suas
744 615 763 648 ἃ
781 618 985 659 cogitationum
994 617 1156 651 intentione,

202 672 289 694 cantu
301 684 310 697 ‚
323 662 532 704 fidibusquead
539 663 780 704 tranquillitatem
790 659 930 690 traducere
942 680 951 693 ,
971 657 1156 701 gravissimus

201 705 305 737 auctor
315 709 347 735 in
360 705 534 746 Originibus
542 703 620 735 dixit
628 706 712 738 Cato,
722 713 839 733 morem
851 702 928 741 apud
937 703 1066 742 maJ'ores
1076 702 1157 730 hunc

203 748 360 788 epularum
374 745 462 777 fuiss'e
472 767 480 781 ‚
492 755 525 776 ut
535 746 675 786 deinceps
684 765 692 779 ,
704 747 756 786 qui
767 745 944 776 accubarent
953 763 961 776 ‚
973 751 1111 774 canerent
1120 742 1156 772 ad

202 790 309 820 tibiam
327 789 475 820 clarorum
499 789 634 818 virorum
649 787 749 818 laudes
761 807 770 821 ‚
790 795 877 827 atque
890 787 1023 816 virtutes.
1045 794 1084 814 ex
1095 794 1158 825 quo

200 831 390 872 perspicuum
413 829 475 864 est,
496 829 528 860 &
551 832 565 849 ²
582 838 684 859 cantus
705 838 769 860 tum
780 827 867 858 fuiss'e
880 827 1036 866 rescriptos
1046 835 1156 856 vocum

203 873 298 907 sonis,
308 872 340 903 &
350 873 488 903 carmina.
502 880 684 911 quamquam
696 869 728 900 id
738 870 863 910 quidem
874 871 963 900 etiam
975 878 1010 898 xi
1018 878 1040 898 1.
1051 868 1156 897 tabulae

201 915 367 947 declarant,
385 913 477 943 condi
493 914 556 951 jam
577 920 641 947 tum
660 912 785 942 solitum
802 910 860 941 ess'e
879 909 1109 950 carmentquod
1121 919 1159 938 ne

200 957 304 987 liceret
323 955 385 985 fieri
401 954 438 984 ad
453 954 574 984 alterius
595 953 736 991 injuriam
749 972 758 986 ,
781 955 794 980 3
814 953 875 994 lege
894 952 1064 982 sanxerunt.
1103 961 1159 980 nec

200 997 274 1029 veto
299 996 375 1026 illud
394 1005 458 1025 non
476 994 662 1025 eruditorum
683 1003 854 1034 temporum
875 1002 1085 1035 argumentum
1104 991 1158 1025 est,

199 1039 282 1080 quod
301 1037 335 1067 &
353 1037 481 1067 deorum
500 1036 706 1076 pulvinaribus
718 1055 726 1070 ,
748 1036 781 1066 &
799 1036 898 1075 epulis
919 1033 1156 1076 magistratuum,

200 1080 275 1111 fides
290 1078 566 1120 praecinunt:quod
586 1079 739 1118 proprium
750 1078 816 1117 ejus
827 1076 883 1108 fuit
896 1097 904 1110 ‚
924 1077 959 1107 de
969 1087 1026 1117 qua
1038 1078 1154 1118 loquor,

199 1122 377 1162 disciplinae.
401 1121 477 1150 mihi
488 1119 610 1161 quidem
623 1122 712 1149 etiam
728 1121 819 1160 Appii
829 1120 907 1150 Caci
918 1128 1040 1149 carmen
1052 1138 1060 1152 ,
1073 1118 1154 1159 quod

199 1164 286 1196 valde
294 1165 441 1194 Panaetius
452 1163 549 1192 laudat
557 1160 681 1201 epistola
691 1162 830 1202 quadam,
841 1171 907 1202 quae
917 1159 958 1191 est
969 1161 1004 1190 ad
1016 1162 1077 1201 Q.
1089 1163 1155 1190 Tu-

198 1205 344 1237 beronem
358 1225 366 1239 ,
386 1205 636 1245 Pythagoreorum
657 1205 782 1234 videtur.
804 1204 927 1233 4multa
937 1204 1026 1233 etiam
1041 1203 1152 1233 suntin

202 1246 313 1278 nostris
327 1245 470 1276 institutis
481 1245 569 1275 dueta
578 1246 613 1275 ab
623 1246 700 1279 illis,
716 1248 729 1271 5
738 1255 803 1286 quae
817 1253 961 1285 praetereo
972 1264 979 1278 ,
992 1254 1030 1274 ne
1041 1255 1084 1278 ca,
1095 1254 1156 1285 quae.

194 1287 321 1332 peperiffie
332 1288 381 1329 iffi
386 1296 523 1329 putamur
534 1307 542 1321 ,
554 1287 667 1317 aliunde
675 1286 798 1324 didiciff'e
810 1288 965 1316 videamur.
987 1285 1042 1316 Sed
1055 1306 1063 1320 ,
1076 1296 1106 1316 ut
1115 1286 1150 1316 ad

195 1329 380 1371 propositum
392 1330 492 1360 redeat
502 1332 597 1359 oratio
610 1340 616 1358 ε
631 1339 721 1370 quam
735 1329 817 1358 brevi
833 1339 967 1369 tempore
979 1349 987 1361 ,
1006 1337 1097 1368 quot,
1121 1328 1152 1358 ὃς

192 1381 300 1413 quanti
310 1373 404 1412 po'e'tae
415 1390 422 1404 ,
434 1372 486 1411 qni
495 1380 593 1401 autem
605 1379 735 1400 oratores
745 1370 941 1400 exstiterunt?
961 1370 1048 1400 facile
1060 1380 1090 1399 ut
1101 1379 1152 1409 ap-

197 1423 304 1454 pareat,
317 1413 413 1449 nostros
421 1414 516 1441 omnia
524 1412 650 1453 consequi
656 1411 782 1453 potm'ffi’,
786 1412 876 1452 simul
882 1420 916 1440 ut
928 1414 995 1441 velle
1004 1411 1150 1453 coepissknr.

197 1455 247 1486 sed
263 1455 299 1485 de
307 1464 411 1484 ceretis
423 1454 527 1483 studiis
539 1454 598 1483 alio
608 1463 676 1482 ioco
686 1455 716 1482 ὃ(
727 1454 863 1482 dicemus
876 1473 883 1486 ‚
897 1453 915 1482 si
928 1454 994 1483 usus
1006 1453 1107 1486 fuerit,
1119 1454 1152 1484 &

163 1505 179 1538 3
198 1497 272 1536 saepe
295 1496 443 1525 diximus.
470 1498 625 1534 Sapientiae
635 1493 767 1524 studium
781 1504 865 1524 vetus
876 1494 906 1524 id
916 1496 1040 1534 quidem
1053 1497 1085 1524 in
1096 1504 1152 1525 no-

196 1537 279 1570 stiis:
301 1537 350 1567 sed
374 1545 474 1566 tamen
490 1555 499 1570 ,
517 1545 584 1566 ante
593 1536 825 1569 Laeliiaetatem,
850 1535 1042 1575 &Scipionis
1054 1555 1063 1569 ,
1089 1545 1153 1566 non

193 1580 309 1619 reperio
318 1597 328 1612 ,
339 1587 414 1619 quos
424 1578 570 1617 appellare
582 1575 690 1617 poffim
704 1578 899 1607 nominatim.
918 1577 1029 1618 quibus
1038 1576 1153 1606 adoles—

187 1618 331 1652 centibus
340 1621 474 1650 Stoicum
488 1621 663 1660 Diogenem
674 1638 683 1652 ‚
696 1619 727 1649 &
741 1619 956 1649 Academicum
967 1618 1149 1648 Cirneadem

191 1662 283 1693 video
304 1661 340 1692 ad
360 1661 498 1691 senatum
516 1661 551 1690 ab
572 1659 803 1691 Atheniensibus
825 1659 931 1691 miss'os
950 1659 1008 1690 effe
1028 1660 1151 1705 legatOS,

189 1702 329 1746 quicum
342 1704 414 1743 reip.
426 1703 542 1732 nullam
554 1712 698 1743 umquam
711 1712 826 1742 partem
836 1700 994 1743 attigissent
1004 1722 1013 1736 ‚
1023 1701 1152 1743 efletque

190 1754 298 1776 eorum
318 1745 389 1775 alter
408 1746 560 1784 cyreneus
574 1763 583 1778 ,
602 1746 675 1774 alter
694 1744 895 1784 Babylonius,
917 1753 1072 1784 nunquam
1083 1754 1152 1784 pro—

190 1786 274 1817 seat>
294 1786 403 1817 scholis
413 1784 507 1816 effent
517 1788 660 1819 excitati,
682 1796 779 1827 neque
789 1786 824 1816 ad
837 1785 913 1815 iilud
923 1795 1036 1815 munus
1047 1785 1150 1819 eleffl,

192 1827 248 1859 nifi
271 1830 303 1859 in
313 1827 492 1869 quibusdam
502 1827 709 1867 principibus,
729 1827 916 1867 temporibus
927 1827 987 1856 illis
998 1846 1008 1860 ,
1026 1825 1152 1857 fuiss'ent

193 1869 290 1901 studia
297 1868 455 1900 doetrinae.
474 1871 526 1910 qui
542 1868 613 1899 curn
625 1878 719 1899 cetera
729 1869 834 1899 litteris
845 1868 1031 1902 mandarent,
1043 1869 1151 1908 aliijus

190 1913 293 1945 civile,
304 1912 354 1941 alii
366 1912 517 1941 orationes
528 1911 603 1944 suas,
614 1911 665 1941 alii
677 1919 877 1940 monumenta
892 1911 1043 1948 majorum
1055 1921 1061 1938 ;
1075 1911 1150 1940 hanc

190 1953 391 1995 ampliffimam
409 1953 534 1982 omnium
551 1953 659 1983 arrium
678 1952 741 1982 bene
761 1951 873 1982 vivendi
889 1952 1068 1994 difitplinam
1085 1952 1151 1981 vita

191 2005 280 2037 magu
290 2015 298 2029 ‚
317 1992 406 2037 quiam
415 1995 515 2023 litteris
532 1995 668 2037 persecuti
682 1995 759 2035 funt.
783 1996 883 2034 Itaque
895 1996 978 2023 itlius
988 2004 1074 2027 verse,
1089 1994 1147 2023 ele-

189 2038 346 2079 gantisque
355 2036 562 2077 philosophiae,
573 2047 637 2077 quae
650 2036 739 2066 ducta
748 2036 764 2067 a
772 2042 890 2068 Socrate
901 2037 934 2065 in
946 2037 1145 2076 Peripateticis

190 2079 288 2110 adhuc
306 2076 465 2119 permanfit
479 2097 487 2111 ,
506 2079 538 2108 &
554 2079 637 2108 idem
656 2079 717 2109 alio
734 2078 829 2108 modo
844 2078 1014 2108 dicentibus
1025 2079 1146 2111 Stoicis,

188 2120 262 2152 cum
280 2120 454 2151 Academici
481 2130 587 2150 corum
603 2119 816 2151 controversias
825 2119 1021 2159 disceptarent
1032 2139 1040 2153 ‚
1061 2120 1145 2150 nulla

189 2162 254 2194 fere
275 2163 363 2195 sunt,
382 2171 432 2191 aut
450 2171 540 2201 pauca
549 2161 716 2192 admodum
727 2164 832 2192 Latina
841 2171 1062 2195 monumenta,
1082 2160 1141 2192 sive

187 2213 311 2246 propter
321 2203 560 2244 magnitudinem
572 2214 669 2233 rerum
689 2223 698 2237 ,
711 2202 727 2223 ⁶
740 2205 1029 2244 occupationemque
1039 2205 1142 2233 homi-

191 2257 266 2277 num
280 2266 288 2281 ‚
313 2245 371 2275 five
379 2254 470 2275 etiam
483 2265 492 2279 ,
502 2245 585 2287 quod
595 2247 744 2285 imperitis
755 2255 788 2275 ea
801 2245 917 2286 probari
931 2244 1013 2284 porse
1025 2255 1085 2275 non
1097 2255 1141 2275 ar-

189 2288 374 2319 bitrabantur
388 2298 394 2317 z
413 2292 427 2315 7
444 2287 515 2317 cum
526 2288 649 2317 interim
661 2306 671 2321 ,
691 2288 753 2317 illis
762 2286 915 2318 silentibus
924 2289 959 2317 C.
971 2286 1140 2317 Amafinius

187 2329 303 2360 exstitit
320 2330 438 2360 dicens:
458 2330 544 2369 cujus
565 2329 651 2359 libris
669 2329 778 2363 editis,
799 2338 954 2360 commota
972 2329 1140 2360 multitudo

186 2373 319 2409 contulit
336 2372 364 2403 se
372 2371 408 2402 ad
418 2371 544 2402 eandem
553 2369 744 2411 potiffimum
755 2372 944 2412 disciplinam
956 2391 967 2405 .
989 2370 1048 2402 five
1057 2369 1140 2414 qubd

913 120 1477 182 QAEsrrouuiu
1558 126 1718 174 Lia-
1774 126 1868 173 IV..

2035 127 2157 188 1087

1203 210 1263 232 erat
1281 203 1404 244 cognitu
1422 201 1574 244 perfacilis
1592 223 1603 239 ,
1621 202 1682 235 five
1698 204 1781 246 qubd
1806 203 1987 237 invitabatur
1999 205 2158 239 illecebris

1205 243 1322 275 blandis
1342 245 1502 285 voluptatis
1524 265 1533 280 ,
1553 245 1611 277 five
1631 249 1722 278 etiam
1734 267 1743 281 ,
1762 249 1832 289 quia
1849 247 1921 278 nihil
1934 247 2088 290 prolatum*
2097 256 2160 279 erat

1201 286 1302 314 metim
1315 298 1324 320 3
1345 285 1416 317 illud
1424 307 1433 321 ‚
1443 287 1585 329 quoderat
1596 309 1604 323 ‚
1617 287 1755 319 tenebant.
1779 288 1846 330 post
1855 288 2045 321 Amafinium
2055 300 2158 322 autern

1201 327 1291 357 multi
1320 328 1454 368 ejusdcm
1487 331 1590 361 aemuli
1620 333 1744 362 rationis
1763 332 1858 362 multa
1879 330 1952 363 cum
1969 331 2156 373 scripsissent,

1199 369 1315 400 Italiam
1339 378 1432 401 totam
1454 381 1675 412 occupaverunt
1695 384 1701 402 :
1718 373 1859 415 quodque
1880 376 2052 405 maximum
2069 384 2156 416 argu-

1199 420 1338 457 mentum
1354 411 1417 446 est,
1438 423 1502 443 non
1523 414 1582 445 dici
1607 415 1657 445 illa
1677 415 1842 449 subtiliter,
1860 415 1943 457 quod
1957 418 2050 446 etiam
2063 415 2154 448 facile

1195 451 1360 483 ediscantur
1371 473 1379 487 ,
1391 455 1423 484 &
1432 454 1468 484 ab
1478 455 1609 486 indoEtis
1619 456 1783 496 probentur
1795 477 1804 491 ,
1827 457 1858 488 id
1868 458 1915 487 illi
1927 456 2155 489 firmamentum

1197 491 1254 523 effe
1264 493 1430 541 disciplinae
1440 505 1553 535 putant.
1565 492 1638 528 SSed
1650 497 1789 529 defendat
1797 499 1923 540 quidem
1933 500 2017 540 quod
2028 500 2154 541 quisque
2172 508 2196 540 4

1197 535 1287 565 sentit
1300 546 1304 563 t
1311 536 1380 575 funt
1393 539 1476 567 enim
1482 539 1595 576 judicia
1604 538 1689 569 libera
1699 551 1709 567 .·
1722 551 1780 571 nos
1789 540 1961 571 institutum
1970 542 2156 577 tenebimus5

1198 577 1347 617 nullisque
1359 580 1448 608 unius
1458 580 1622 620 disciplinae
1633 582 1747 622 legibus
1760 581 1892 614 adstriEH
1904 602 1913 616 ‚
1924 582 2034 623 quibus
2044 585 2076 613 in
2086 584 2157 623 phi—

1199 618 1335 663 losoph-ia
1347 619 1506 651 necessario
1516 631 1668 661 pareamus
1679 643 1687 657 ‚
1707 624 1821 666 qriidfit
1829 625 1858 653 in
1868 634 1983 665 quaque
1991 634 2019 653 re
2029 625 2157 655 maxime'

1194 658 1350 707 probabile,
1366 661 1471 702 semper
1492 664 1670 704 requiremus.
1693 666 1775 706 quod
1796 665 1868 697 cum
1886 666 1961 706 saepe
1976 664 2047 697 aliis
2058 685 2067 700 ‚
2087 675 2154 697 tum

1199 711 1294 749 nuper
1324 713 1355 749 in
1385 704 1558 735 Tusculano
1580 705 1713 737 studiose
1730 709 1857 748 egimus.
1891 710 1995 749 Itaque
2012 706 2158 748 expolitis

1198 744 1290 773 tridui
1301 743 1551 784 disputationibus
1563 766 1572 781 ‚
1583 756 1703 788 quartus
1718 749 1781 779 dies
1792 751 1848 780 hoc
1859 749 1937 780 libro
1946 748 2148 781 concluditur.

1196 794 1228 829 ut
1238 787 1322 816 enim
1342 787 1374 816 in
1386 786 1560 818 inferiorem
1572 789 1811 822 ambulationem
1822 791 2034 822 descendimus
2046 811 2055 826 ,
2066 790 2150 832 quod

1197 830 1363 858 feceramus
1382 828 1466 859 idem
1484 830 1684 870 superioribus
1703 831 1830 866 diebus,
1854 836 1869 859 9
1889 832 1953 864 ³6³3
1971 842 2018 863 res
2034 832 2078 864 est
2101 831 2152 865 fic.

1200 879 1235 898 M.
1249 871 1348 902 Dicat,
1366 868 1385 899 fi
1396 872 1462 911 quis
1473 873 1538 902 vult
1548 891 1556 906 ,
1577 875 1607 891 ¹0
1615 883 1673 913 qua
1683 872 1719 903 de
1729 883 1759 903 re
1769 873 1909 914 disputari
1919 874 2004 905 velit.
2028 884 2060 905 A.
2076 877 2154 906 Non.

1197 912 1276 940 mihi
1295 911 1412 942 videtur
1430 915 1518 943 omni
1536 916 1632 944 animi
1650 915 1872 954 perturbatione
1887 914 1968 955 posse
1979 917 2093 957 sapiens
2104 927 2155 947 va·

1193 962 1267 983 care.
1291 963 1329 982 M.
1343 955 1532 995 AEgritudine
1549 956 1673 996 quidem
1695 955 1828 987 hesterna
1851 957 2051 997 disputatione
2069 958 2156 989 vide.-

1197 994 1280 1024 batur
1293 1005 1299 1024 ;
1312 999 1338 1014 ¹¹
1349 994 1404 1025 nisi
1414 995 1492 1026 forte
1507 1000 1651 1038 temporis
1660 998 1744 1029 causa
1757 997 1960 1029 assentiebare.
1974 1008 2005 1029 A.
2018 1000 2154 1031 Minime

1196 1035 1284 1066 verb.
1306 1046 1375 1067 nam
1397 1039 1476 1068 mihi
1499 1040 1615 1081 egregie
1635 1040 1756 1080 probata
1778 1039 1819 1071 est
1838 1041 1934 1071 oratio
1945 1049 2003 1072 tua.
2028 1051 2064 1071 M.
2077 1044 2154 1073 Non

1194 1079 1286 1120 igitur
1295 1078 1450 1110 existimas
1458 1080 1600 1111 caderem
1610 1082 1772 1122 sapientem
1783 1082 2006 1123 aegritudinem?
2020 1092 2052 1112 A.
2064 1086 2153 1114 Pror-

1190 1120 1236 1150 sus
1248 1129 1314 1151 non
1324 1121 1637 1164 arbitror.M.Atqui‚si
1648 1123 1702 1154 ista
1709 1126 1878 1164 perturbare
1886 1126 2025 1155 animum
2036 1125 2154 1165 sapien-

1192 1163 1230 1192 tis
1239 1172 1303 1193 non
1314 1162 1421 1203 potest,
1433 1165 1516 1195 nulla
1526 1168 1644 1205 poterit.
1668 1166 1750 1207 Qid
1762 1168 1867 1196 enim?
1881 1167 2017 1196 metusne
2027 1175 2154 1197 contur-

1193 1203 1261 1234 bet?
1271 1208 1311 1234 At
1321 1215 1422 1235 earum
1433 1215 1532 1236 rerum
1543 1206 1586 1237 est
1595 1207 1763 1238 absentium
1775 1217 1873 1237 metus
1884 1218 2009 1248 quarum
2020 1208 2151 1248 praesen-

1194 1248 1270 1276 tium
1281 1245 1323 1276 est
1332 1247 1488 1288 aegritudo.
1503 1247 1620 1288 sublata
1628 1250 1720 1291 igitur
1727 1249 1898 1290 egritudine,
1904 1247 2036 1289 fiiblatas
2047 1248 2084 1285 est
2092 1259 2152 1279 me·-

1192 1295 1249 1317 ms.
1273 1287 1381 1319 restant
1389 1289 1454 1320 duae
1465 1291 1713 1330 perturbationes,
1726 1292 1826 1321 laetitia
1837 1290 1979 1332 gestiens,
1992 1292 2024 1321 &
2034 1290 2148 1321 libido:

1191 1339 1257 1370 quae
1268 1329 1287 1359 fi
1299 1340 1362 1361 non
1371 1331 1475 1362 cadent
1486 1334 1517 1362 in
1527 1332 1823 1373 sapientem,semper
1834 1342 1920 1363 mens
1930 1335 1986 1363 erit
1994 1333 2156 1372 tranquilla

1192 1372 1342 1411 sipientis.
1368 1382 1400 1402 A.
1414 1376 1461 1404 Sic
1470 1375 1588 1413 prorsus
1599 1375 1746 1414 intelligo.
1760 1385 1797 1404 M.
1811 1373 1923 1405 Utrum
1935 1376 2026 1415 igitur
2034 1376 2129 1404 mavis
2141 1377 2153 1405 ἓ

1190 1412 1329 1444 statimne
1340 1424 1396 1444 nos
1406 1416 1471 1446 vela
1479 1415 1573 1446 facere
1584 1436 1593 1450 ‚
1607 1426 1645 1446 an
1656 1414 1735 1457 quasi
1747 1417 1764 1446 ὲ
1775 1426 1862 1457 portu
1872 1417 2070 1457 egredienteis
2079 1426 2155 1456 pau-

1190 1455 1288 1485 lulum
1300 1458 1457 1498 remigare?
1471 1465 1503 1486 Α.
1514 1458 1668 1499 Qiidnam
1680 1457 1722 1488 est
1731 1457 1818 1489 istuc?
1828 1468 1891 1488 non
1902 1460 1987 1488 enim
1998 1458 2149 1497 intelligo,

1192 1506 1229 1526 M.
1273 1500 1320 1526 uia
1342 1497 1521 1539 Chrysippus
1532 1519 1540 1532 ‚
1559 1499 1592 1529 &
1602 1501 1705 1533 Stoici,
1716 1499 1786 1530 cum
1798 1499 1835 1529 de
1848 1501 1942 1529 animi
1953 1499 2150 1539 perturbatio·
2171 1502 2194 1532 5

1192 1538 1282 1567 nibus
1293 1538 1443 1578 disputant
1454 1560 1462 1572 ‚
1478 1550 1615 1581 magnam
1626 1543 1782 1580 partemin
1796 1542 1842 1570 his
1852 1540 2013 1580 partiendis
2029 1560 2038 1573 ‚
2050 1540 2083 1570 &
2099 1541 2153 1570 de·

1193 1577 1336 1608 finiendis
1356 1583 1493 1620 occupati
1513 1583 1600 1612 sunt:
1622 1583 1674 1612 illa
1692 1592 1798 1611 eorum
1818 1583 1978 1621 perexigua
1990 1582 2086 1610 oratio
2097 1581 2154 1615 est,

1192 1630 1250 1661 qua
1258 1620 1434 1651 medeantur
1444 1623 1557 1653 animis
1566 1642 1574 1656 ,
1597 1633 1652 1652 nec
1662 1632 1715 1652 eos
1727 1624 1916 1652 turbulentos
1926 1619 1984 1651 ess‘e
1993 1624 2154 1662 patiantur.

1195 1664 1378 1701 Peripatetici
1402 1672 1503 1694 autem
1524 1664 1558 1694 ad
1580 1663 1739 1703 placandos
1759 1666 1880 1695 animos
1900 1664 1995 1694 multa
2012 1662 2153 1695 afferunt:

1195 1704 1293 1744 spinas
1311 1705 1481 1744 partiendi,
1501 1704 1709 1736 &definiendi
1719 1708 1959 1746 praetermittunt.
1983 1705 2154 1746 quaerebam

1195 1748 1296 1787 igitur,
1308 1751 1409 1777 utrum
1421 1748 1581 1787 panderem
1591 1748 1657 1778 vela
1667 1749 1813 1779 orationis
1824 1746 1923 1778 statim
1934 1766 1943 1780 ,
1960 1757 1996 1777 an
2007 1757 2072 1777 eam
2082 1747 2152 1779 ante

1194 1787 1361 1827 paullulum
1374 1788 1599 1820 dialerfkicorum
1611 1791 1703 1819 remis
1713 1789 1920 1829 propellerem.
1943 1797 1974 1817 Α.
1984 1787 2046 1818 Isto
2056 1789 2155 1819 modo

1193 1827 1277 1858 veib.
1300 1831 1356 1858 erit
1366 1831 1450 1860 enim
1463 1832 1520 1860 hoc
1530 1840 1629 1861 totum
1642 1851 1651 1864 ,
1670 1832 1751 1871 quod
1761 1841 1863 1871 quaero
1875 1850 1883 1864 ‚
1896 1839 1933 1859 ex
1945 1839 2071 1871 utroque
2084 1840 2154 1871 per·

1191 1869 1310 1900 i'ectius.
1334 1880 1371 1900 M.
1393 1871 1444 1901 Est
1461 1872 1490 1901 id
1511 1872 1637 1912 quidem
1657 1872 1786 1902 restius:
1808 1872 1855 1901 sed
1872 1870 1939 1911 pbst
1957 1874 2090 1912 requires
2099 1892 2109 1906 ,
2128 1870 2151 1904 fi

1192 1913 1266 1952 quid
1288 1910 1378 1941 fuerit
1388 1913 1552 1943 obscurius.
1579 1923 1601 1942 A
1622 1915 1740 1943 Faciam
1750 1913 1904 1954 equidem.
1927 1922 1960 1943 tu
1973 1922 2074 1943 tamen
2085 1933 2094 1947 ,
2118 1922 2153 1945 ut

1192 1954 1289 1985 soles,
1311 1952 1391 1983 dices
1409 1954 1465 1984 ista
1482 1955 1541 1995 ipsa
1559 1955 1684 1985 obscura
1700 1955 1839 1995 planius,
1861 1955 1952 1996 quam
1972 1955 2114 1986 dicuntur
2132 1955 2151 1987 ὲ

1190 1997 1311 2025 Graecis-
1336 2005 1372 2024 M.
1394 1999 1498 2026 Enitar
1518 1997 1659 2037 equidem
1672 2007 1677 2026 :
1704 1997 1752 2027 sed
1773 1997 1877 2026 intento
1896 2005 1960 2039 opus
1970 1995 2005 2033 est
2013 1999 2106 2026 animo
2117 2008 2151 2027 nc

1189 2038 1284 2066 omnia
1297 2035 1461 2067 dilabantur
1471 2058 1479 2072 ‚
1488 2038 1512 2078 [ἰ
1520 2049 1608 2067 unum
1617 2039 1734 2079 aliquod
1741 2039 1880 2079 effugerit.
1904 2041 2071 2079 Quoniam,
2081 2049 2150 2080 quae.
2176 2046 2179 2074 ζ

1192 2081 1288 2109 Graeci
1308 2080 1370 2109 πάθη
1387 2090 1498 2111 vocant
1509 2101 1518 2113 ,
1539 2081 1630 2110 nobis
1646 2082 1883 2120 perturbationes
1905 2082 2044 2121 appellari
2055 2084 2151 2120 magis

1189 2122 1303 2160 placet,
1323 2122 1414 2163 quam
1433 2123 1558 2152 morbos
1570 2133 1576 2151 ;
1595 2123 1627 2152 in
1647 2124 1694 2152 his
1713 2122 1899 2163 explicandis
1920 2132 2049 2153 veterem
2062 2123 2148 2153 illam

1188 2164 1331 2203 equidem
1350 2166 1522 2204 Pythagorae
1532 2164 1666 2204 primum
1679 2183 1688 2198 ,
1708 2164 1818 2194 deinde
1827 2165 1959 2195 Platonis
1969 2164 2148 2204 descriptio—

1185 2214 1256 2234 nem
1269 2206 1370 2248 sequar
1382 2209 1451 2247 :qui
1462 2208 1599 2236 animum
1610 2207 1644 2236 in
1653 2205 1723 2236 duas
1733 2208 1840 2246 parteis
1850 2206 1993 2236 dividunt
2005 2216 2010 2235 :
2022 2207 2146 2236 alteram

1182 2249 1307 2278 rationis
1324 2250 1499 2288 participem
1508 2247 1641 2282 faciunt,
1663 2249 1785 2278 alteram
1796 2256 1960 2288 expertem.
1981 2250 2014 2278 in
2024 2248 2146 2287 partici-

1179 2298 1216 2328 pe
1226 2292 1350 2320 rationis
1362 2297 1481 2330 ponunt
1490 2290 1734 2331 tranquillitatem
1747 2310 1756 2323 ,
1773 2289 1803 2320 id
1818 2288 1861 2320 est
1871 2309 1880 2323 ,
1893 2289 2050 2329 placidam,
2061 2291 2146 2329 quie-

1182 2339 1302 2372 tamque
1313 2331 1511 2362 constanciam
1525 2343 1529 2361 :
1541 2334 1574 2361 in
1584 2332 1635 2362 illa
1644 2332 1733 2361 altera
1744 2341 1844 2361 motus
1855 2331 1991 2361 tui-bidos
2000 2340 2066 2361 tum
2079 2334 2144 2367 irat,

1181 2380 1248 2403 tum
1256 2374 1427 2414 cupiditatis
1438 2394 1447 2409 ,
1457 2375 1634 2408 contrarios,
1645 2373 1847 2415 inimicosque
1857 2375 1978 2404 rationi.
2000 2375 2043 2404 Sit
2053 2373 2145 2414 igitur

2093 2415 2145 2448 hic

223 2493 247 2511 1.
267 2488 331 2511 Nam
341 2494 391 2510 cum
400 2485 532 2518 Pythagora
549 2483 573 2509 di
583 2484 694 2517 ⁴ciplinam
703 2483 733 2514 ὁ·
749 2483 885 2519 instituta]
906 2485 973 2511 Tres
986 2484 1053 2510 Pan.
1064 2485 1123 2511 Vati

183 2528 241 2548 can.
253 2523 385 2553 constituta.
398 2520 452 2546 Pal.
464 2527 552 2555 quart.
571 2520 716 2553 disciplinam
725 2519 754 2549 ὠ·
763 2522 918 2551 constitutam.
939 2521 1026 2556 quint.
1038 2521 1141 2554 discipli-

184 2565 241 2583 nam
252 2559 385 2585 constituta.
405 2556 502 2582 Melius
512 2557 622 2582 omniuo
635 2557 767 2588 constituta,
779 2555 942 2590 quiasancim
952 2557 1086 2590 &st-creta.

220 2602 248 2618 ².
267 2595 419 2619 Commium
430 2591 659 2626 suifferesiripros]
679 2591 720 2617 Sic
730 2600 821 2618 omnes
835 2592 914 2618 nostri
927 2592 983 2619 mff.
996 2592 1062 2620 Pall.
1075 2593 1141 2619 Fab.

181 2628 292 2656 Gembl.
312 2628 414 2654 Victor.
426 2627 492 2654 edit.
503 2627 531 2654 in
543 2628 662 2654 Vatican.
681 2636 787 2663 quoque
798 2627 930 2661 restriptos.
950 2629 977 2654 ὃ(
989 2627 1065 2664 supra
1076 2627 1140 2656 scri-

182 2671 276 2700 ptum:
299 2665 432 2698 descriptos.

219 2708 246 2736 3.
266 2703 324 2733 Lege
335 2699 506 2733 sanxerunt.]
527 2698 638 2725 Reduxi
658 2698 708 2725 hoc
727 2708 760 2725 ex
779 2698 894 2725 Vit‘torii
914 2698 1031 2726 editione
1044 2719 1051 2732 ,
1071 2700 1139 2728 Pau.

179 2743 288 2772 quarto,
299 2736 402 2772 quinto.
424 2735 543 2762 Vaticani.
561 2742 639 2761 tamen
648 2738 674 2761 in
682 2736 783 2761 alterim
791 2737 907 2770 injuriam
915 2738 981 2770 legem
993 2738 1139 2771 sanxerunt.

181 2772 280 2808 vulgo,
289 2774 346 2806 leges
357 2773 506 2805 sanxerunt.

215 2815 244 2842 4.
265 2810 348 2836 Multa
357 2811 430 2834 etiam
441 2808 501 2841 fiant
518 2811 544 2833 in
562 2808 668 2842 nostrisa]
691 2808 752 2834 Hoc
762 2806 842 2834 modo
852 2808 995 2843 procedant
1007 2809 1084 2836 verba
1102 2819 1136 2837 ex

179 2842 248 2871 edit.
257 2844 362 2871 vietor.
372 2843 490 2880 quinque
501 2844 570 2870 Pau.
582 2843 658 2870 Fabr.
671 2844 742 2870 Pith.
753 2844 832 2875 alias,
844 2846 919 2870 mulia
930 2845 991 2878 fitne
1002 2848 1082 2871 eriam.

221 2887 248 2912 5.
266 2881 320 2913 Qae
335 2887 441 2914 pretereo
454 2900 461 2911 ,
471 2889 499 2905 na
509 2889 536 2905 ta
548 2899 555 2911 ,
567 2881 728 2913 quaepepcriffe
737 2881 779 2914 i*fi
785 2887 899 2913 putamur
910 2900 918 2912 ,
932 2882 1027 2907 aliunde
1036 2882 1138 2915 didiciffe

181 2915 334 2950 videamur]
355 2917 434 2943 Varii:
444 2916 559 2952 agitatus
580 2916 650 2942 locus
661 2917 686 2942 in
698 2915 800 2952 scriptis
821 2916 894 2942 libris
907 2926 915 2947 3
936 2926 998 2952 quas
1010 2917 1136 2944 turbellas

181 2959 326 2986 proponere
336 2952 438 2987 exiguae
448 2961 533 2990 operae
545 2952 580 2978 est
595 2962 601 2978 z
622 2953 705 2979 Palat.
718 2954 796 2988 prim.
816 2960 842 2978 ut
852 2962 880 2978 ea
889 2962 975 2987 quoque
982 2955 1089 2986 peperisse
1096 2955 1140 2987 iffi

178 2993 268 3019 putem.
280 2993 344 3014 tert.
353 2996 382 3012 ne
389 2996 418 3013 ca
426 2988 602 3022 quaeperperiſji':
611 2990 666 3021 ipse.
686 2989 782 3015 iterum
795 2999 835 3025 pr.
856 2991 939 3019 nostros
950 2990 1018 3015 aliud
1026 2989 1136 3022 didiciſjb.

179 3022 313 3048 ‘videantur
319 3025 396 3049 omnia
405 3025 515 3059 consequi.
537 3031 599 3051 tert.
611 3026 697 3056 nosti-os
705 3026 800 3051 aliunde
809 3025 908 3058 didiciffe
918 3026 1053 3051 videamur.
1066 3025 1135 3052 Pali.

179 3065 271 3094 quart.
280 3066 309 3084 ne
314 3061 392 3091 peperi
390 3058 424 3091 ffe
433 3069 460 3084 ea
469 3069 517 3093 qua
521 3062 642 3093 percepiff}
651 3063 694 3094 ipſs
699 3069 820 3093 putamur.
831 3062 1001 3090 acuummdo
1016 3063 1098 3096 legam
1105 3071 1133 3087 us

175 3101 296 3127 putemur.
315 3094 402 3129 quint.
414 3104 441 3119 ne
451 3104 478 3120 ea
493 3097 600 3129 pepi-riffi
609 3098 652 3129 ipsi
665 3105 773 3130 putemur
784 3097 878 3123 aliunde
888 3097 987 3130 didicisti
996 3098 1132 3123 videamur.

213 3129 242 3155 6.
261 3132 480 3164 occupationemque
496 3132 638 3165 hominum]
659 3134 700 3161 lta
712 3140 764 3161 ret.
783 3132 845 3161 cod.
863 3133 901 3161 ita
912 3134 970 3161 l’al.
988 3142 1077 3170 quart.
1097 3134 1135 3162 ita

176 3164 274 3195 Lamb.
284 3165 444 3202 elegantius.
469 3166 549 3203 vulgo
560 3170 671 3196 omnuim.

1221 2493 1237 2519 7
1244 2505 1249 2511 .
1269 2485 1328 2511 cnm
1337 2489 1432 2512 interim
1441 2488 1468 2511 C.
1478 2488 1616 2519 Amafinius
1624 2486 1711 2516 exstitit
1720 2483 1826 2517 dicens]
1839 2481 1982 2509 Lambinus
1991 2483 2144 2515 Amafinius,

1184 2521 1212 2547 &
1222 2521 1258 2548 ita
1269 2521 1341 2548 estin
1353 2522 1421 2548 Pau.
1434 2529 1497 2548 tert.
1516 2529 1603 2556 quart.
1625 2521 1650 2546 in
1664 2520 1721 2546 Pal.
1741 2527 1828 2546 tamen
1840 2519 1934 2553 quinto
1947 2537 1955 2549 ,
1974 2518 2001 2543 &
2015 2518 2144 2545 Vaticano

1181 2558 1378 2591 est‚Am1finim·.
1400 2558 1480 2593 vulgo
1491 2558 1663 2589 cAmafanius.
1678 2557 1799 2582 ceterum
1818 2559 1846 2582 τὸ
1856 2555 1936 2580 dicens
1952 2562 2006 2590 prae
2016 2552 2040 2580 se
2051 2554 2144 2581 ferunt

1182 2594 1300 2629 quinque
1311 2593 1378 2620 Pali.
1389 2594 1467 2621 Fabr.
1480 2594 1550 2620 Pith.
1571 2592 1640 2619 unde
1650 2591 1803 2626 conju-&urii
1823 2600 1875 2618 non
1886 2589 1997 2618 absurdis
2006 2589 2142 2618 Gulielm-

1182 2633 1278 2655 Picens.
1290 2629 1400 2655 Gembl.
1412 2631 1503 2655 docens,

1223 2665 1250 2692 8.
1270 2667 1316 2690 Sed
1331 2666 1440 2698 defendat
1457 2665 1518 2700 quod
1533 2665 1629 2699 quisque
1638 2662 1739 2697 flurin]
1760 2663 1895 2689 Tenentur
1914 2661 1964 2689 hoc
1980 2671 2014 2688 ex
2025 2661 2142 2689 Victorii

1180 2699 1247 2727 edit.
1259 2700 1327 2728 Pau.
1346 2701 1451 2728 secund,
1466 2708 1530 2728 tert.
1551 2702 1639 2736 quint.
1654 2700 1772 2726 Vaticani.
1792 2699 1870 2725 Fabr.
1890 2698 1962 2725 Pith.
1983 2697 2082 2733 vulgo:
2097 2697 2146 2731 fid

1181 2737 1290 2769 deftndat
1306 2737 1402 2771 quidem
1416 2738 1478 2772 quod
1494 2738 1600 2772 quisque.
1620 2737 1705 2763 Paiat.
1717 2742 1806 2772 quart.
1817 2737 1841 2769 Ji
1857 2735 1966 2769 defendat
1983 2735 2144 2769 unusquffque

1198 2774 1244 2799 uod
1268 2776 1338 2799 emit.

1182 2783 1196 2807 q
1214 2817 1244 2844 9.
1253 2774 1327 2835 safra
1337 2819 1374 2835 res
1382 2808 1479 2844 eft‘ste]
1500 2809 1564 2835 Non
1575 2807 1744 2835 temerarium
1756 2806 1792 2834 est
1803 2806 1836 2834 fic
1845 2806 1973 2833 collocari
1983 2807 2009 2834 in
2020 2805 2140 2834 editione

1179 2844 1307 2877 Victorii,
1320 2846 1385 2872 l’all.
1397 2846 1476 2882 prim.
1488 2852 1575 2881 quart.
1586 2845 1670 2875 alias;
1689 2845 1721 2878 fic
1731 2846 1788 2869 aHa
1797 2852 1834 2869 res
1843 2845 1882 2877 est.

1219 2891 1261 2908 10.
1279 2882 1336 2915 QA
1344 2883 1371 2907 de
1380 2892 1405 2908 re
1413 2883 1532 2916 disputari
1540 2881 1627 2915 velim]
1648 2879 1794 2907 Conl'enl'us
1805 2879 1925 2906 omnium
1941 2878 2060 2906 codicum
2072 2879 2138 2906 banc

1180 2916 1322 2944 lectionem
1334 2919 1468 2954 prtelatuin
1479 2917 1530 2944 ess't:
1540 2918 1612 2951 cogit
1625 2937 1632 2949 ,
1645 2925 1738 2952 nempe
1748 2916 1818 2943 Pall.
1827 2923 1942 2952 quatuor
1954 2935 1963 2949 ,
1974 2914 2054 2942 Fabi.
2065 2915 2138 2942 Pith.

1180 2954 1300 2981 Vatican.
1323 2954 1399 2980 editae
1419 2955 1445 2979 de
1453 2954 1503 2988 quii
1512 2963 1536 2979 re
1546 2954 1666 2987 disputare
1682 2954 1752 2979 velit.
1772 2952 1859 2980 Palat.
1870 2952 1958 2988 quint.
1977 2952 2041 2978 dicas
2052 2952 2140 2986 siqus'e

1177 2992 1232 3015 vult
1244 2991 1270 3015 de
1280 2990 1330 3024 qud
1339 2991 1456 3023 disputari
1465 2992 1535 3015 velie.
1549 2989 1676 3025 liquidior
1686 2989 1742 3016 illa.

1218 3035 1226 3052 ι
1236 3035 1258 3052 i.
1279 3028 1331 3059 Nifi
1339 3027 1397 3058 fimi}
1407 3027 1511 3059 temporis
1520 3025 1597 3052 causa'
1606 3025 1783 3059 affinriebare]
1803 3022 1907 3051 Victor.
1918 3023 2042 3050 Lambin.
2053 3030 2139 3056 rempo-

1178 3062 1211 3087 ris
1221 3062 1301 3088 causa'
1307 3064 1369 3088 nobis
1378 3064 1531 3095 affinxit-bare
1544 3073 1551 3087 .·
1569 3061 1609 3088 sed
1621 3063 1694 3093 nobis,
1705 3061 1730 3087 in
1744 3060 1827 3087 Palat.
1840 3060 1947 3096 quinto,
1959 3061 1985 3086 ὅτ
1997 3060 2079 3096 vulgi>
2090 3059 2140 3085 de·

1176 3097 1217 3124 fit:
1240 3107 1287 3134 pro
1299 3107 1353 3133 quo
1365 3098 1432 3124 l'all.
1455 3099 1534 3134 prim.
1546 3106 1634 3134 quart.
1644 3097 1751 3124 'l'ol‘sam
1761 3096 1870 3123 Gembi.
1882 3096 1955 3123 Pirh.
1973 3099 2032 3122 novi
2042 3115 2051 3128 ‚
2070 3094 2141 3122 unde

1177 3133 1353 3165 Gulielmius,
1364 3143 1397 3160 ex
1408 3133 1575 3170 comedi-ura,
1584 3144 1629 3162 non
1637 3137 1666 3161 ve*
1677 3143 1686 3166 5
1708 3133 1780 3171 quod
1789 3133 1877 3162 exstat
1886 3133 1915 3161 in
1925 3133 2071 3162 Vaticano:
2086 3140 2139 3158 non

1178 3170 1288 3198 omuino
1300 3169 1407 3199 absone.

2047 3212 2057 3231 J
2065 3222 2070 3229 .
2081 3204 2143 3228 {Per-
