2302 3353
507 154 581 186 nr:
626 138 1045 187 luvana-rome
1090 139 1472 187 Rnnroch
1521 138 1647 185 L1a.
1685 138 1747 184 11.

165 223 247 268 quod
257 243 265 258 ,
277 221 332 255 nifi
341 221 396 253 alia
405 227 525 261 quoque
533 217 647 249 incidet
655 216 832 259 constitutio
843 237 852 250 ‚
865 227 914 247 aut
921 227 985 257 pars
996 217 1111 248 consti-

166 267 291 298 tutionis
302 284 310 298 ,
328 261 454 302 simplex
463 263 520 291 erit
529 260 671 297 judicatio
683 279 691 293 ‚
711 260 743 290 &
753 261 787 288 in
795 258 959 299 quaestione
970 260 1028 299 ipsa
1037 269 1113 288 con-

163 308 314 340 tinebitur.
337 307 373 335 In
388 303 594 342 deprecatione
605 322 613 334 ‚
632 300 826 340 hujusmodi,
838 303 1015 340 oporteatne
1025 309 1114 339 poena

162 348 245 380 affici
256 359 261 376 :
271 349 304 377 in
314 343 568 381 hac,hujusmodi,
580 346 758 383 oporteatne
767 344 929 382 praemium
938 341 1009 372 dari.
1022 343 1054 370 N
1057 351 1114 371 unc

108 392 147 435 38
163 390 199 429 ad
215 389 332 430 praemii
341 385 541 428 quaestionem
549 381 696 425 appositos
704 384 787 414 locos
798 392 998 423 exponemus.
1021 383 1113 413 Ratio

161 433 253 472 igitur
260 430 377 470 praemii
386 436 525 469 quattuor
533 427 575 457 est
585 429 619 456 in
627 427 735 466 parteis
744 425 908 455 distributa:
914 427 947 455 in
957 422 1112 457 beneficia,

161 475 196 503 in
206 473 365 502 hominem
377 490 387 503 ‚
398 473 431 500 in
439 469 556 510 praemii
566 477 659 510 genus
670 488 679 500 ‚
701 469 733 497 in
743 466 904 499 facultates.
927 465 1065 505 Beneficia
1074 475 1113 495 ex

163 515 212 545 sua
229 515 284 547 vi,
302 522 341 542 ex
358 520 492 551 tempore
503 530 511 544 ,
529 520 567 541 ex
576 512 680 540 animo
690 510 753 549 ejus
765 529 773 543 ‚
793 510 845 549 qui
863 508 953 543 fecit,
975 518 1013 538 ex
1029 507 1114 538 causa.

160 554 392 586 considerantur.
416 556 463 583 Ex
473 552 521 583 sua
529 554 560 582 vi
571 560 738 592 quaerentur
749 571 758 584 ‚
780 551 839 580 hoc
848 550 943 581 modo
963 560 969 580 z
989 552 1111 590 Magna,

161 606 201 629 an
210 606 295 637 parva
306 606 311 624 z
322 595 420 626 facilia
431 615 438 628 ‚
450 604 487 624 an
498 592 632 624 difficilia
644 604 649 622 z
660 591 813 633 singularia
822 589 879 622 sint
887 612 896 626 ,
916 602 954 623 an
964 592 1095 631 vulgaria
1106 601 1111 618 ;

160 648 230 670 vera
239 658 248 672 ,
260 648 296 668 an
306 636 376 668 falsa
385 636 512 678 quadam
522 645 559 665 ex
570 636 703 665 oratione
713 633 918 663 honestentur.
935 637 981 664 Ex
991 642 1111 672 tempo—

160 691 192 711 re
203 689 303 710 autem
314 699 323 712 ,
335 681 442 709 Situm
452 698 461 712 ‚
472 677 544 708 esim
554 677 619 706 indi
639 682 756 705 eremus
769 674 856 704 :cum
867 677 956 705 ceteri
967 684 1030 704 non
1041 675 1111 718 pos-

162 722 228 753 sent
240 742 248 755 ,
268 729 318 751 aut
327 721 445 752 nollent
454 719 610 759 opitulari:
652 726 717 747 tum
729 736 737 749 ,
752 720 760 735 ¹
774 714 846 746 cum
856 717 919 756 spes
928 714 1109 746 deseruisset.

163 766 211 794 Ex
228 765 333 793 animo
343 783 352 796 ,
372 764 402 792 Si
412 771 477 791 non
486 761 529 790 sui
539 757 696 789 commodi
704 755 788 788 causa
796 777 805 791 ‚
825 758 874 788 sed
885 768 920 788 eo
930 756 1056 788 consilio
1066 756 1111 787 fe-

159 807 202 836 cit
211 807 318 835 omnia
326 824 334 838 ,
345 814 379 834 ut
387 805 444 833 hoc
454 800 598 832 conficere
608 797 712 840 posset.
735 802 782 829 Ex
793 800 845 829 cas
842 811 858 829 u
868 820 876 833 ‚
897 802 927 829 Si
937 809 1002 830 non
1013 797 1110 829 fortu-

160 857 198 877 na
208 867 216 880 ‚
229 846 278 877 sed
287 845 432 876 industria
439 843 552 874 laetum
561 841 722 874 videbitur,
736 850 787 871 aut
796 839 817 870 fi
827 842 879 871 ind
885 841 981 872 ustriae
989 840 1111 871 fortuna

160 886 329 918 obstitisset.
341 890 375 917 In
385 886 546 915 hominem
555 893 653 914 autem
665 902 676 916 ,
685 882 803 925 Qibus
812 883 978 913 rationibus
988 885 1110 915 vixerit,

160 929 234 971 quid
245 930 357 959 sumtus
376 930 483 957 ineam
494 936 557 956 rem
569 946 576 959 ‚
598 934 648 956 aut
664 924 774 954 laboris
785 925 957 955 insumserit
978 935 983 954 :
1003 923 1109 965 ecquid

161 970 322 1012 aliquando
332 969 388 999 tale
398 967 501 998 fecerit
511 988 519 1002 ‚
531 977 607 997 num
616 967 707 996 alieni
717 966 828 996 laboris
837 986 846 1000 ,
857 975 907 997 aut
916 967 1043 997 deorum
1055 966 1111 996 bo-

160 1013 262 1044 nitatis
277 1012 435 1051 praemium
445 1009 499 1040 sibi
515 1008 646 1049 postulet
664 1018 672 1037 ι
690 1018 766 1037 num
776 1008 939 1048 aliquando
947 1009 1009 1048 ipse
1019 1008 1109 1038 talem

159 1054 202 1084 ob
220 1053 336 1084 causam
352 1054 478 1093 ptaemio
497 1053 629 1091 aliquem
648 1048 728 1080 affici
745 1051 859 1090 negarit
875 1059 1011 1089 oportere
1033 1060 1038 1080 :
1061 1058 1112 1080 aut

159 1098 176 1116 θ’
186 1104 262 1125 num
275 1095 338 1134 jam
354 1095 420 1124 satis
438 1103 493 1133 pro
508 1103 544 1122 eo
558 1114 567 1125 ,
587 1091 668 1133 quod
678 1090 782 1122 fecerit
792 1111 800 1124 ‚
820 1091 919 1122 honos
930 1092 1048 1123 habitus
1059 1090 1108 1121 fit:

158 1145 209 1168 aut
218 1146 293 1166 num
304 1134 417 1165 necesse
427 1134 517 1164 fuerit
525 1136 553 1164 ei
562 1133 655 1164 facete
665 1132 695 1163 id
707 1153 715 1166 ‚
735 1133 818 1173 quod
828 1132 933 1164 fecerit
947 1145 953 1163 ;
973 1142 1025 1164 aut
1033 1144 1109 1163 num

160 1177 338 1214 huiusmodi
354 1176 387 1207 fit
401 1176 515 1207 fafitum
528 1197 536 1209 ,
555 1184 607 1208 ut,
626 1174 679 1215 mfi
689 1174 797 1213 fecisset
809 1196 818 1207 ‚
836 1175 984 1215 supplicio
1003 1175 1112 1216 dignus

159 1218 251 1254 efl'et3
270 1229 334 1249 non
344 1239 352 1252 ‚
374 1221 443 1260 quia
452 1217 555 1248 fecerit
566 1238 574 1251 ,
594 1218 721 1257 praemio
741 1227 746 1245 2
765 1225 817 1246 aut
828 1227 904 1247 num
915 1226 982 1248 ante
993 1226 1112 1256 tempus

158 1263 320 1302 praemium
338 1270 434 1300 petat,
455 1261 488 1290 δε
499 1260 580 1300 spem
598 1262 744 1288 incertam
761 1267 841 1288 certo
850 1259 986 1289 venditet
995 1262 1091 1298 pretio
1106 1269 1111 1287 1

159 1312 211 1334 aut
220 1313 296 1332 num
308 1323 316 1336 ,
335 1301 397 1343 quo
407 1302 584 1342 supplicium
595 1300 717 1340 aliquod
727 1301 801 1329 vitet
810 1320 819 1333 ,
839 1299 876 1329 εὸ
886 1303 1046 1340 praemium
1057 1310 1114 1340 po-

101 1349 115 1382 3
122 1349 144 1382 9
163 1344 251 1375 stulet
261 1365 270 1379 ‚
281 1346 324 1374 uti
333 1345 369 1374 de
378 1344 407 1374 se
414 1354 483 1384 prae]
491 1342 625 1372 udieium
635 1340 749 1372 {aetum
759 1340 817 1371 effe
826 1341 971 1372 videatur.
993 1345 1029 1371 In
1038 1353 1113 1382 prae-

95 2644 143 2677 40

162 1388 220 1417 mii
229 1395 328 1416 autem
338 1395 444 1427 genere
453 1405 462 1419 ‚
474 1384 545 1425 quid
556 1405 564 1418 ,
577 1385 609 1413 ὅ(
619 1392 766 1424 quantum
775 1402 785 1416 ,
806 1383 839 1412 ὃς
850 1384 1047 1428 quamobrem
1059 1393 1114 1423 po-

159 1428 294 1461 stuletur,
306 1428 339 1457 &
348 1437 409 1468 quo
420 1447 428 1460 ,
441 1435 554 1467 quanto
563 1435 688 1467 quaeque
698 1435 742 1454 res
752 1427 878 1465 praemio
888 1425 978 1466 digna
986 1428 1029 1460 lit,
1040 1436 1115 1456 con-

157 1469 339 1501 fiderabitur.
370 1468 489 1498 Deinde
499 1488 507 1501 ‚
528 1467 604 1508 apud
614 1468 730 1506 majores
742 1466 851 1507 quibus
861 1467 1039 1497 hominibus
1050 1488 1059 1500 ,
1081 1469 1114 1498 &

158 1511 268 1553 quibus
278 1511 314 1541 de
324 1509 413 1541 causis
423 1512 487 1540 talis
498 1511 596 1540 honos
607 1508 640 1539 fit
649 1508 766 1539 habitus
777 1529 786 1542 ,
801 1518 960 1550 quaeretur.
992 1509 1113 1540 Deinde

161 1564 200 1584 ne
218 1555 244 1583 is
260 1553 359 1583 honos
378 1556 391 1579 3
409 1550 546 1582 nimium
562 1560 743 1593 pervagetur.
766 1553 865 1592 Atque
882 1552 933 1581 hic
949 1553 1014 1591 ejus
1034 1572 1042 1584 ‚
1061 1554 1113 1593 qui

160 1603 266 1626 contra
281 1594 413 1636 aliquem
430 1596 592 1634 praemium
611 1592 815 1633 postulantem
836 1592 914 1623 dicet
926 1613 936 1627 ,
956 1594 1040 1624 locus
1060 1595 1117 1623 erit

160 1638 336 1667 communis
346 1657 355 1670 ,
376 1639 398 1666 Ρ
408 1646 430 1665 R
441 1642 473 1665 Ε.
484 1647 511 1666 M
525 1647 536 1665 1
549 1645 571 1665 A
589 1637 708 1665 virtutis
717 1635 750 1665 &
761 1633 854 1664 officii
866 1656 874 1668 ‚
891 1634 988 1666 saneta
998 1636 1031 1665 ὃς
1039 1634 1116 1665 casta

162 1676 221 1708 effe
238 1686 373 1718 oportere
392 1688 398 1706 :
416 1688 511 1718 neque
532 1688 565 1708 ea
581 1686 630 1707 aut
638 1687 710 1706 cum
725 1677 873 1716 improbis
883 1679 1114 1718 communicari,

161 1728 213 1750 aut
228 1721 260 1749 in
271 1719 472 1750 mediocribus
482 1718 661 1749 hominibus
672 1719 847 1759 pervulgari.
872 1721 909 1749 Et
927 1720 1019 1753 alter,
1039 1729 1066 1749 M
1086 1729 1116 1749 1-

163 1771 187 1791 N
205 1771 228 1791 U
248 1772 261 1791 s
282 1761 423 1791 homines
432 1763 550 1792 virtutis
560 1760 685 1801 cupidos
696 1759 773 1793 fore,
784 1762 902 1790 virtutis
911 1763 1039 1801 praemio
1048 1771 1115 1801 per-

162 1803 294 1844 vulgato.
317 1813 383 1844 quae
400 1806 485 1834 enim
495 1814 555 1834 rara
565 1823 574 1837 ‚
595 1804 627 1834 &
646 1802 734 1833 ardua
751 1801 807 1833 sint
817 1822 825 1836 ,
846 1806 864 1830 4
876 1813 910 1833 ea
928 1813 966 1833 ex
985 1805 1113 1843 praemio

160 1844 260 1886 pulcra
271 1865 280 1878 ,
301 1845 334 1875 &
344 1845 479 1885 jucunda
495 1845 673 1876 hominibus
687 1844 796 1875 videri.
820 1847 858 1876 Et
867 1847 969 1875 tertius
980 1865 988 1880 ‚
1009 1843 1030 1875 si
1040 1844 1116 1876 exfi-

162 1886 239 1921 stant
247 1906 257 1920 ,
273 1888 326 1927 qui
335 1887 411 1927 apud
422 1889 550 1928 majores
560 1886 679 1918 nostros
697 1887 738 1917 ob
754 1889 899 1928 egregiam
911 1890 1053 1919 virtutem
1065 1889 1115 1919 tali

162 1928 278 1957 honore
293 1927 406 1968 dignati
417 1929 486 1959 sunt
496 1949 504 1963 ‚
524 1939 626 1959 nonne
637 1929 672 1959 de
691 1929 740 1959 sua
756 1930 848 1970 gloria
858 1949 867 1963 ‚
889 1928 960 1960 cum
969 1932 1031 1970 pari
1041 1941 1115 1971 prae-

163 1970 231 1999 mio
247 1969 328 1998 taleis
338 1969 479 1999 homines
490 1969 567 2000 affici
577 1970 699 2000 videant
709 1990 718 2004 ‚
736 1973 750 1997 5
769 1970 924 2001 deliberari
934 1975 1063 2011 putent?
1081 1973 1115 2002 &

162 2019 271 2043 eorum
281 2013 469 2041 enumeratio
480 2031 490 2044 ‚
511 2011 543 2041 δε
551 2021 622 2041 cum
632 2014 674 2041 eis
685 2031 692 2045 ‚
712 2021 788 2051 quos
798 2021 902 2041 contra
911 2012 990 2043 dicat
1001 2033 1010 2046 ,
1028 2023 1116 2042 com-

163 2053 287 2092 paratio.
311 2053 383 2092 Ejus
393 2061 492 2083 autem
502 2072 511 2087 ,
529 2054 581 2093 qui
590 2055 751 2092 praemium
761 2062 839 2092 petet
849 2073 857 2086 ‚
874 2051 944 2083 faffi
954 2054 997 2084 sui
1007 2055 1117 2094 ampli-

163 2091 264 2122 ficatio
275 2112 284 2126 ,
295 2092 329 2122 δε
338 2103 443 2122 eorum
454 2114 462 2126 ,
473 2096 525 2134 qui
535 2096 662 2133 praemio
671 2092 770 2124 affefifi
781 2094 851 2125 sunt
859 2116 867 2128 ‚
879 2105 950 2124 cum
962 2095 1020 2125 suis
1030 2095 1115 2126 factis

160 2135 329 2165 contentio.
352 2135 471 2165 Deinde
489 2144 602 2165 ceteros
621 2135 638 2165 a
653 2137 771 2165 virtutis
790 2134 890 2166 studio
900 2138 1050 2175 repulsum
1066 2139 1115 2170 iri,

162 2174 186 2212 fi
203 2175 264 2216 ipse
271 2178 397 2216 praemio
407 2186 473 2206 non
489 2175 663 2206 fitasteehis.
686 2176 848 2207 Facultates
864 2187 963 2208 autem
980 2178 1117 2209 conside-

160 2225 263 2256 rantur
273 2237 282 2251 ³
294 2227 365 2247 cum
373 2218 497 2259 aliquod
507 2220 712 2258 pecuniarium
723 2221 882 2258 praemium
892 2219 1056 2259 postulatur
1066 2231 1072 2250 2
1084 2221 1118 2250 in

161 2269 223 2300 quo
233 2268 333 2289 utrum
343 2261 468 2300 copiane
477 2259 511 2289 sit
519 2262 577 2301 agri
588 2280 596 2294 ,
607 2259 803 2301 veffigalium
816 2281 825 2293 ‚
836 2264 972 2300 pecuniae
982 2281 990 2295 ,
1009 2272 1046 2292 an
1057 2272 1118 2302 pae-

162 2302 250 2332 nuria
259 2321 267 2334 ,
278 2299 486 2332 consideratur.
505 2304 582 2333 Loci
593 2311 775 2332 communes
784 2321 792 2335 ‚
814 2305 836 2332 F
849 2312 871 2332 A
883 2313 902 2332 c
913 2314 935 2333 u
947 2314 967 2333 Ι..
976 2314 996 2333 τ
1008 2314 1030 2334 A
1041 2315 1060 2334 T
1072 2314 1092 2333 E
1102 2315 1115 2334 s

160 2352 340 2384 augere,non
350 2345 501 2376 minuere,
510 2353 659 2384 oportere,
670 2344 704 2373 &
720 2346 733 2373 Ι
745 2354 771 2374 M
783 2354 799 2373 P
809 2354 831 2374 υ
843 2354 863 2373 1)
874 2354 894 2375 ε
905 2354 926 2374 N
937 2356 957 2374 τ
967 2355 988 2375 r.
999 2356 1025 2375 M
1046 2344 1115 2379 effe,

161 2387 213 2424 qui
223 2394 278 2425 pro
289 2383 437 2415 beneficio
447 2395 510 2415 non
519 2388 640 2427 gratiam
654 2405 662 2419 ,
681 2383 786 2415 verum
797 2385 967 2416 mercedem
978 2386 1117 2425 postulet:

161 2424 267 2456 contr-³1
276 2435 374 2456 autem
384 2426 420 2456 de
429 2430 559 2466 pecunia
574 2428 742 2457 ratiocinari
752 2447 760 2460 ‚
782 2427 937 2458 sordidum
947 2427 1005 2458 ess'e
1016 2449 1024 2463 ‚
1045 2428 1115 2459 cum

162 2465 199 2497 de
208 2470 297 2508 gratia
304 2467 456 2498 referenda
465 2468 689 2499 delibereturz&
702 2469 729 2498 se
739 2479 806 2498 non
814 2472 946 2508 pretium
956 2480 1010 2510 pro
1021 2469 1114 2504 faeto,

162 2508 212 2539 sed
221 2509 369 2541 honorem
382 2530 394 2543 ‚v
404 2511 444 2540 ita
455 2519 488 2540 ut
498 2510 667 2541 factitatum
679 2510 722 2543 fit,
733 2520 786 2550 pro
798 2509 947 2541 beneficio
956 2511 1115 2552 postulare.

162 2552 206 2581 Ac
224 2550 260 2580 de
268 2550 539 2582 constitutionibus
550 2552 674 2593 quidem
693 2553 759 2582 satis
769 2552 886 2582 dietum
897 2552 940 2583 est
962 2564 966 2582 2
988 2564 1070 2584 nunc
1079 2554 1116 2584 de

161 2592 198 2623 ijs
207 2592 413 2623 controversiis
423 2614 433 2626 ‚
455 2604 520 2634 quae
532 2596 565 2623 in
583 2595 691 2634 scripto
703 2594 876 2636 versantur,
894 2594 1056 2625 dicendum
1068 2598 1117 2625 vi-

160 2633 253 2664 detur.
294 2637 333 2664 In
349 2636 457 2674 scripto
469 2636 599 2666 versatur
608 2634 806 2666 controversia
816 2656 824 2668 2
843 2635 915 2667 cum
925 2647 965 2666 ex
981 2637 1116 2677 scriptio·-

160 2676 209 2706 nis
227 2677 341 2706 ratione
359 2677 472 2717 aliquid
483 2677 569 2707 dubii
587 2678 724 2707 nascitur.
745 2677 780 2707 Id
798 2675 832 2707 fit
848 2687 886 2707 ex
895 2679 1037 2719 ambiguo
1048 2699 1056 2713 ‚
1077 2689 1114 2709 ex

158 2716 267 2757 scripto
281 2717 314 2747 &
324 2718 469 2748 sententia
479 2739 488 2751 ,
502 2729 540 2748 ex
550 2720 706 2749 contrariis
717 2719 830 2760 legibus
841 2739 849 2752 ‚
860 2729 899 2748 ex
909 2722 1112 2751 ratiocinatio-

157 2767 210 2790 ne,
221 2767 258 2788 ex
268 2757 457 2790 definitione.
481 2763 529 2790 Ex
540 2760 683 2804 ambiguo
692 2770 791 2790 autem
801 2761 929 2790 nascitur
936 2770 1114 2792 controver-

154 2797 193 2830 fia
204 2818 214 2834 ‚
231 2798 304 2830 curn
314 2801 387 2842 quid
397 2802 522 2832 senserit
531 2803 656 2843 scriptor
665 2821 674 2835 ‚
694 2802 856 2832 obscurum
866 2802 908 2832 est
918 2822 928 2836 ‚
948 2803 1031 2843 quod
1042 2803 1114 2833 scri-
1128 2823 1131 2844 ι

193 2906 216 2923 1.
235 2901 351 2931 cumspes
360 2899 515 2934 deliruiffbt]
533 2900 576 2927 Ad
587 2908 694 2927 textum
705 2901 842 2933 hammus,
852 2903 1029 2935 osimlatusfit,
1039 2902 1077 2936 cuj
1084 2912 1111 2928 us

154 2932 393 2966 millumjudicium
405 2935 432 2962 in
444 2936 501 2962 Pal.
512 2936 561 2962 ste.
573 2944 618 2963 aut
628 2939 711 2963 Grev.
722 2937 834 2973 ideoque
845 2937 936 2970 abieci.

191 2977 220 2994 2.
239 2971 302 2995 Num
305 2970 368 3003 satis
378 2989 387 3002 ‚
396 2971 447 3001 &c.
458 2973 526 2997 honos
535 2974 632 2998 habitus
634 2973 695 3007 fin]
710 2972 801 2999 Editio
811 2973 932 3000 Lambini
945 2973 1021 2999 habet
1031 2982 1112 3010 appo-
1133 2967 1135 2991 =¹

156 3003 232 3030 situm
242 3013 295 3030 01-ae
305 3024 317 3036 ‚
334 3005 403 3032 forte
414 3008 508 3033 honoris
518 3027 526 3039 ,
546 3017 598 3034 non
609 3008 723 3034 alterum
743 3013 816 3045 aequ‘e
829 3009 924 3037 Latine
944 3008 1041 3035 dicitur
1053 3018 1061 3041 5
1084 3017 1112 3036 ut
1132 3021 1134 3046 χ

156 3038 274 3074 pluribus
284 3041 383 3067 ostendi
395 3041 420 3068 in
431 3041 529 3069 libellis
540 3043 733 3080 Suspicionum.
770 3065 777 3071 .

193 3082 220 3110 3.
239 3078 516 3113 Nimiumpervagaur]
535 3080 680 3106 Lambinus
690 3080 727 3106 ait
737 3080 787 3107 ess‘e
799 3099 807 3112 ,
817 3080 862 3116 qui
873 3087 1009 3107 autument
1021 3079 1112 3107 substi-
1132 3070 1134 3098 i

155 3108 297 3152 tuendum,
304 3114 453 3145 per-maegetur
463 3133 472 3146 ,
487 3114 558 3155 quod
568 3125 599 3142 ea
608 3125 671 3144 voce
682 3125 745 3144 mox
758 3123 857 3146 utatur,
876 3124 903 3146 at
912 3115 973 3144 ideo
984 3116 1049 3145 mihi
1060 3117 1112 3144 mi-

155 3152 227 3173 nime
238 3146 302 3180 quid
312 3147 467 3177 mutandum
479 3148 594 3179 videtur.

2051 136 2109 184 61

1158 224 1244 255 ptum
1256 216 1325 247 duas
1335 217 1482 257 plureisve
1492 226 1536 247 res
1546 214 1688 258 fignificat
1696 236 1704 250 ‚
1716 215 1751 246 ad
1762 216 1843 246 hunc
1852 214 1981 246 modum
1992 224 1997 243 :
2015 216 2113 245 Pater-

1157 256 1287 288 familias
1304 280 1314 292 ,
1324 257 1394 289 cum
1406 257 1505 288 filium
1516 258 1656 288 heredem
1665 258 1773 288 faceret
1784 278 1792 292 ‚
1803 257 1943 288 vasorum
1956 264 2112 297 argenteo-

1157 307 1225 327 rum
1243 309 1364 330 centum
1384 300 1487 340 pondo
1497 300 1653 330 uxorisuae
1671 298 1708 330 fic
1726 300 1834 341 legavit
1853 309 1859 327 ·.
1884 300 1997 328 Haut-:s
2021 307 2112 327 MEUS

1156 347 1264 369 uxotu
1278 351 1361 370 MEAE
1381 351 1542 372 vAsottUM
1561 351 1820 372 Artoarta-EORUM
1839 350 1944 370 roxno
1956 349 2110 371 ceu-rum,

1157 388 1238 418 QJJE
1262 391 1389 415 vorm,
1413 393 1508 413 DATO·
1538 382 1607 414 Post
1624 392 1755 413 mortem
1772 385 1837 423 ejus
1855 381 1921 413 vast
1941 379 2112 422 magnifica,

1157 420 1189 450 ὃς
1199 422 1327 459 pretiose
1338 424 1436 454 caelata
1448 426 1521 464 petit
1531 424 1546 455 a
1557 423 1621 454 filio
1632 434 1735 456 mater.
1747 425 1798 455 ille
1809 426 1848 458 se,
1859 433 1925 465 quae
1939 423 1998 464 ipfie
2007 422 2110 454 vellet.

1157 461 1264 492 debere
1282 463 1365 493 dicit.
1388 466 1524 495 Primum
1544 486 1552 498 ‚
1572 464 1591 495 fi
1611 465 1674 496 fieri
1693 469 1820 507 poterit,
1841 463 2112 496 demonstrandum

1158 502 1200 533 est
1209 523 1218 537 ‚
1230 514 1294 533 non
1304 503 1361 534 ess'e
1371 505 1510 546 ambigui·
1523 508 1662 546 scriptum
1676 529 1683 541 ,
1703 517 1856 548 propterea
1865 506 1947 548 qubd
1958 516 2065 537 omnes
2078 507 2111 535 iii

1154 545 1369 576 consuetudine
1382 546 1526 576 sermonis
1539 546 1576 577 sic
1589 552 1631 578 uti
1650 550 1746 579 solent
1765 560 1801 580 eo
1810 549 1903 580 verbo
1914 559 1975 578 uno
1987 569 1996 582 ,
2016 548 2107 589 pluri-

1155 586 1246 617 busve
1258 588 1291 616 in
1301 588 1476 627 eafhntentz'a
1486 608 1494 621 ‚
1506 590 1537 617 in
1547 600 1603 629 qua
1614 592 1647 622 is,
1660 594 1711 631 qui
1723 591 1802 621 dicct
1811 612 1817 624 ,
1830 590 2038 622 acciniendum
2049 587 2108 618 essi-

1155 627 1383 659 demonstrabit.
1408 629 1527 659 Deinde
1546 641 1583 660 ex
1603 632 1749 671 superiore
1760 654 1767 664 ,
1784 633 1816 663 δε
1834 643 1872 663 ex
1887 631 2028 662 inferiore
2041 632 2111 661 scri-

1152 678 1238 709 ptura
1256 670 1428 700 docendum
1440 691 1448 703 ,
1468 671 1498 700 id
1515 691 1523 705 ,
1545 672 1625 712 quod
1645 683 1805 713 quietatur,
1828 674 1891 704 lieri
1909 674 2108 714 perspicuum.

1154 713 1251 751 Qssre
1270 710 1361 752 sripsa
1373 712 1526 752 separatim
1538 723 1575 742 ex
1594 713 1622 742 se
1634 714 1721 744 verba
1730 715 1970 749 considerentur,
1990 716 2105 745 omnia.

1153 762 1203 782 aut
1211 753 1360 794 pleraque,
1372 754 1509 795 ambigua
1519 755 1583 784 visu
1590 765 1618 784 m
1630 758 1678 784 iri.
1698 758 1770 797 Qae
1781 767 1878 787 autem
1890 767 1927 787 ex
1937 759 2026 787 omni
2034 767 2110 787 con·

1154 792 1274 825 fiderata
1282 795 1420 835 scriptura
1428 797 1582 836 perspicua
1590 796 1661 827 fiant
1672 817 1679 829 ,
1698 798 1760 827 haec
1770 799 1908 839 ambigua
1917 810 1979 829 non
1989 808 2108 839 oporte-

1153 845 1183 865 re
1193 835 1368 867 existimari.
1391 838 1512 867 Deinde
1531 848 1588 877 qua
1607 841 1639 868 in
1658 839 1802 869 sententia
1811 841 1931 879 scriptor
1940 840 2047 874 fuerit,
2070 851 2107 869 ex

1153 880 1258 907 ceteris
1268 879 1331 918 ejus
1349 880 1461 919 scriptis
1474 900 1481 911 ,
1494 878 1579 909 faetis
1594 900 1601 912 ,
1615 879 1704 910 dietis
1715 900 1723 913 ,
1744 882 1848 910 animo
1860 901 1867 913 ,
1880 891 1965 922 atque
1975 884 2034 912 vita
2045 883 2108 921 ejus

1155 919 1233 949 sumi
1242 920 1394 960 oportebit
1403 941 1410 955 ‚
1431 921 1464 951 δε
1472 931 1537 951 eam
1550 922 1641 960 ipsam
1652 922 1823 962 scripturam
1835 942 1843 955 ‚
1866 924 1898 952 in
1907 934 1962 963 qua
1974 926 2063 953 inerit
2073 925 2109 952 il-

1156 960 1208 990 lud
1220 962 1397 1003 ambiguum
1409 983 1416 995 ‚
1435 963 1471 992 de
1487 973 1548 1003 quo
1558 965 1698 1003 quaeritur
1709 984 1717 996 ,
1739 973 1832 993 totam
1843 965 1987 994 omnibus
1998 975 2035 994 ex
2045 975 2105 1004 par—

1155 1002 1236 1032 tibus
1246 1013 1409 1042 pertentare
1420 1025 1428 1038 ‚
1440 1003 1459 1033 si
1470 1004 1540 1045 quid
1553 1024 1561 1038 ,
1573 1015 1622 1035 aut
1632 1005 1666 1035 ad
1676 1005 1706 1035 id
1717 1004 1881 1045 appositum
1893 1004 1926 1035 sit
1936 1027 1944 1039 ,
1962 1006 2042 1046 quod
2057 1017 2110 1035 no<

1155 1045 1385 1084 interpretemur
1394 1066 1402 1079 ,
1420 1055 1469 1076 aut
1479 1048 1505 1076 ci
1517 1067 1525 1079 ,
1538 1047 1619 1087 quod
1630 1046 1810 1077 adversarius
1821 1048 1968 1089 intelligat
1978 1069 1986 1080 ,
2006 1048 2111 1078 adver-

1155 1086 1241 1115 setur.
1276 1089 1356 1117 Nam
1376 1087 1483 1121 facile,
1504 1089 1575 1129 quid
1587 1087 1748 1118 verisimile
1764 1087 1798 1119 sit
1815 1099 1887 1119 eum
1905 1089 2039 1127 voluiffit,
2059 1092 2110 1130 qui

1156 1126 1283 1167 scripsit,
1301 1139 1339 1158 ex
1350 1132 1436 1159 omni
1447 1130 1585 1170 scriptura
1594 1151 1602 1163 ‚
1615 1131 1648 1160 δε
1658 1141 1696 1160 ex
1705 1132 1829 1170 persona
1838 1132 1986 1171 scriptoris
1997 1152 2005 1165 ,
2024 1141 2113 1171 atque

1157 1170 1192 1199 iis
1211 1170 1299 1200 rebus
1319 1191 1327 1204 ,
1347 1182 1413 1212 quae
1431 1173 1564 1211 personis
1582 1172 1727 1203 attributae
1745 1173 1813 1203 lunt
1831 1193 1839 1207 ‚
1868 1171 2110 1203 considerabitur.

1158 1212 1278 1242 Deinde
1290 1215 1345 1243 crit
1353 1213 1622 1244 demonstrandum
1641 1234 1649 1248 ‚
1671 1213 1690 1244 si
1700 1215 1773 1255 quid
1783 1224 1821 1244 ex
1833 1215 1893 1254 ipsa
1903 1225 1933 1244 re
1943 1215 2061 1245 dabitur
2069 1214 2111 1244 fa-

1157 1253 1286 1287 cultatis,
1298 1254 1340 1288 id,
1353 1255 1434 1296 quod
1444 1255 1623 1286 adversarius
1635 1257 1902 1297 intelligant-nula)
1913 1259 2015 1287 minus
2026 1267 2113 1286 com-

1159 1295 1252 1325 mode
1262 1295 1326 1325 fieri
1336 1296 1418 1336 posse
1427 1317 1435 1330 ‚
1452 1300 1544 1338 quam
1554 1297 1582 1327 id
1594 1318 1602 1332 ,
1621 1298 1702 1339 quod
1714 1308 1769 1327 nos
1780 1300 1942 1338 accipimus
1954 1319 1962 1332 ,
1981 1297 2063 1339 quod
2074 1300 2111 1328 il-

1158 1337 1216 1366 lius
1226 1340 1269 1367 rei
1279 1348 1378 1379 neque
1388 1338 1616 1372 administratio,
1628 1349 1724 1381 neque
1734 1342 1834 1369 exitus
1846 1341 1923 1369 ullus
1935 1340 2030 1370 exstet
2040 1351 2044 1369 :
2056 1350 2094 1370 no
2102 1351 2112 1369 3

1159 1379 1240 1419 quod
1252 1379 1385 1409 dicamus
1396 1401 1404 1414 ,
1417 1379 1503 1410 facile
1517 1381 1549 1411 &
1560 1381 1726 1412 commode
1737 1380 1851 1423 transigi
1860 1380 1951 1422 posse.
1974 1391 2006 1412 ut
2015 1384 2047 1412 in
2058 1383 2112 1411 hnc

1158 1421 1222 1461 lege
1233 1419 1322 1458 (nihil
1332 1425 1415 1451 enim
1427 1422 1565 1462 prohibet
1578 1422 1677 1453 ilfi-am
1688 1424 1822 1464 exempli
1832 1427 1900 1453 ioco
1910 1433 2020 1464 ponere
2031 1444 2039 1458 ‚
2051 1434 2112 1464 quo

1157 1461 1277 1492 facilius
1296 1473 1341 1493 res
1359 1465 1552 1505 intelligatur)
1569 1467 1756 1495 Mamarmx
1778 1475 1941 1496 CORONAM
1966 1475 2112 1496 AUREA-M

1160 1514 1205 1533 NE
1235 1514 1375 1535 HABEro.
1415 1509 1449 1536 S1
1473 1516 1646 1536 nAeuEnn·
1668 1528 1675 1541 ,
1700 1517 1846 1537 pusschA
1879 1517 1957 1538 Esro
1970 1528 1979 1542 ,
2009 1517 2113 1544 contra

1160 1556 1245 1580 eum,
1258 1548 1310 1588 qui
1320 1550 1507 1578 meretricem
1519 1548 1664 1588 publicari
1676 1549 1752 1579 dicat
1763 1550 1875 1590 exlege
1885 1559 2031 1590 oportere,
2043 1550 2113 1590 pos-

1160 1588 1201 1618 set
1211 1588 1271 1618 d-ici
1282 1609 1290 1622 ,
1312 1599 1408 1630 neque
1418 1589 1711 1620 administrationem
1727 1590 1784 1621 css'e
1803 1592 1895 1621 ullam
1906 1592 2033 1632 publica:
2049 1602 2115 1622 me-

1160 1631 1292 1665 retricis,
1312 1641 1409 1672 neque
1427 1633 1544 1661 exitum
1565 1633 1638 1673 legis
1657 1634 1689 1662 in
1701 1635 1855 1663 meretrice
1873 1634 2060 1673 publicanda.
2085 1643 2114 1663 at

1159 1673 1193 1702 in
1211 1683 1282 1702 auro
1298 1673 1479 1713 publicando
1494 1674 1526 1703 &
1536 1673 1825 1705 administrationem
1836 1695 1845 1708 ,
1864 1676 1896 1704 ὃς
1906 1678 2022 1705 exitum
2041 1675 2112 1705 faci-

1160 1713 1221 1744 lem
1232 1713 1290 1745 esse
1302 1734 1310 1749 ‚
1330 1715 1566 1757 &incommodi
1577 1717 1654 1746 nihii
1665 1715 1770 1746 inesse.
1813 1720 1856 1747 Ac
1865 1717 2022 1758 diligenter
2033 1717 2109 1747 illud

1158 1766 1278 1797 quoque
1295 1756 1445 1787 attendere
1464 1757 1634 1797 oportebit,
1656 1768 1733 1788 num
1751 1778 1760 1791 ‚
1782 1759 1837 1789 illo
1856 1759 1980 1799 probato
1998 1779 2007 1793 ‚
2029 1759 2111 1800 quod

1158 1797 1342 1829 adversarius
1351 1798 1499 1839 intelligat
1508 1820 1516 1833 ‚
1538 1800 1640 1830 utilior
1651 1810 1695 1830 res
1708 1821 1715 1833 ‚
1736 1810 1785 1831 aut
1795 1800 1951 1831 honestior
1960 1821 1968 1835 ‚
1989 1811 2037 1831 aut
2047 1811 2111 1831 ma-

1158 1841 1203 1881 gis
1221 1839 1378 1871 neceffaria
1395 1861 1403 1875 ,
1423 1840 1439 1871 ὲ
1459 1841 1598 1881 scriptore
1615 1842 1749 1883 neglefta
1766 1843 1910 1873 videatur.
1939 1843 1974 1873 Id
1996 1842 2045 1873 fiet
2059 1864 2068 1876 ‚
2091 1840 2112 1872 fi

1159 1882 1191 1912 id
1202 1903 1211 1917 ‚
1222 1882 1304 1925 quod
1315 1894 1372 1913 nos
1383 1883 1655 1914 demonstrabimus
1666 1905 1674 1918 ‚
1697 1884 1858 1915 honestum
1870 1906 1879 1918 ,
1900 1894 1949 1915 aut
1959 1887 2031 1915 utile
2041 1905 2049 1919 ‚
2062 1894 2114 1915 aut

1158 1924 1354 1956 neceffarium
1364 1924 1639 1956 demonstrabimus
1653 1937 1658 1955 z
1681 1926 1713 1956 &
1723 1947 1732 1960 ‚
1745 1925 1764 1956 fi
1774 1927 1804 1957 id
1815 1947 1823 1960 ‚
1844 1927 1925 1967 quod
1935 1927 1970 1957 ab
1980 1927 2115 1957 adversa-

1159 1968 1211 1997 riis
1228 1968 1362 2002 dicetur,
1381 1967 1513 1997 minime
1532 1968 1680 2008 ejusmodi
1698 1968 1833 1998 dicemus
1850 1967 1929 1999 effe..
1951 1968 2072 1999 Deinde
2090 1967 2112 1997 fi

1159 2010 1193 2037 in
1212 2010 1275 2051 lege
1292 2012 1349 2039 erit
1367 2019 1405 2038 ex
1421 2009 1563 2050 ambiguo
1572 2007 1788 2043 controversia,
1809 2010 1875 2039 dare
1886 2019 2010 2049 operam
2021 2020 2112 2050 opor-

1161 2049 1252 2084 tebit,
1273 2060 1306 2080 ut
1323 2050 1359 2080 de
1378 2061 1432 2084 eo,
1454 2050 1534 2091 quod
1553 2050 1731 2080 adversarius
1750 2051 1915 2092 intelligat,
1931 2052 1986 2081 alia
2004 2052 2111 2092 inlege

1160 2102 1280 2122 cautum
1298 2091 1356 2122 effe
1373 2091 1525 2121 doceatur.
1557 2093 1746 2122 Permultum
1762 2103 1861 2122 autem
1879 2091 2016 2133 proficiet
2034 2093 2112 2122 illud

1160 2130 1361 2164 demonstrare
1371 2153 1379 2167 ,
1400 2134 1658 2174 quemadmodum
1670 2132 1838 2174 scripsisset,
1860 2133 1880 2164 fi
1900 2134 1930 2164 id
1940 2154 1949 2168 ‚
1969 2134 2050 2176 quod
2060 2134 2113 2164 ad·-

1158 2176 1301 2205 ve1·s.n·ius
1311 2177 1452 2215 accipiat,
1473 2174 1559 2208 fieri,
1575 2186 1623 2206 aut
1642 2177 1769 2217 intelligi
1787 2175 1941 2206 voluisset:
1962 2186 1994 2206 ut
2012 2178 2045 2206 in
2060 2177 2114 2206 hac

1160 2218 1243 2247 causa
1254 2237 1262 2250 ‚
1282 2219 1315 2247 in
1324 2228 1380 2258 qua
1389 2217 1425 2247 de
1437 2215 1508 2247 vafis
1519 2220 1662 2258 argenteis
1673 2221 1813 2259 quaeritur
1823 2239 1832 2252 ,
1852 2216 1937 2258 poffit
1948 2218 2056 2249 mulier
2066 2217 2114 2248 di-

1161 2270 1226 2289 cere
1237 2279 1245 2293 ,
1258 2260 1336 2289 nihil
1347 2257 1495 2289 attinuisse
1505 2259 1646 2293 adscribi,
1663 2271 1721 2301 qux
1732 2260 1805 2289 volet
1816 2280 1823 2294 ,
1847 2260 1867 2290 sl
1877 2260 1991 2290 heredis
2001 2260 2116 2290 volun-

1160 2303 1210 2331 tati
1220 2303 1419 2341 permitteret.
1433 2312 1470 2331 eo
1479 2303 1565 2330 enirn
1579 2312 1643 2331 non
1652 2302 1799 2342 adscripto·
1807 2302 1885 2332 nihil
1895 2301 1986 2332 iness'e
1996 2302 2117 2332 dubita-

1161 2345 1254 2373 tionis
1264 2363 1273 2377 ,
1284 2345 1357 2392 quin
1369 2344 1452 2373 heres
1464 2364 1471 2377 ‚
1483 2353 1548 2383 quae
1559 2344 1618 2383 ipse
1628 2344 1720 2373 vellet
1730 2364 1738 2378 ‚
1751 2344 1839 2374 daret.
1863 2346 2013 2374 Amentiae
2023 2345 2113 2385 igitur

1160 2384 1259 2418 fuisse,
1270 2394 1341 2415 cum
1352 2385 1453 2415 heredi
1463 2385 1554 2415 vellet
1563 2396 1663 2415 cavere
1674 2405 1682 2419 ‚
1696 2385 1724 2415 id
1736 2385 1908 2419 adscribere,
1918 2395 1979 2425 quo
1989 2395 2052 2415 non
2061 2385 2113 2415 ad-

1161 2427 1287 2466 scripto,
1308 2427 1512 2457 nihilominus
1532 2427 1632 2457 heredi
1651 2436 1808 2457 caveretur.
1833 2430 1929 2468 Qare
1939 2428 1997 2456 hoc
2007 2437 2113 2466 genere

1160 2478 1340 2510 magnopere
1352 2469 1458 2498 talibus
1469 2471 1500 2498 in
1511 2467 1598 2498 causis
1610 2472 1652 2498 uti
1664 2469 1811 2511 oportebit
1824 2480 1827 2497 :
1839 2467 1859 2497 si
1871 2469 1929 2498 hoc
1938 2469 2032 2498 modo
2044 2469 2114 2500 scri*-

1159 2509 1263 2550 psiss'et,
1275 2509 1332 2540 isto
1342 2510 1433 2540 verbo
1443 2511 1510 2540 usus
1521 2520 1584 2539 non
1595 2509 1742 2542 effessnon
1752 2509 1808 2539 isto
1820 2511 1887 2539 loco
1897 2510 2023 2539 verbum
2035 2509 2113 2540 istud

1159 2550 1336 2582 collocass'et.
1349 2554 1429 2582 Nam
1441 2562 1479 2582 ex
1490 2552 1535 2581 his
1546 2552 1689 2581 sententia
1699 2552 1844 2590 scriptoris
1856 2551 1992 2581 maxime
2001 2553 2115 2592 perspi-

1157 2596 1244 2624 citur.
1268 2594 1390 2624 Deinde
1400 2604 1459 2634 quo
1471 2603 1605 2632 tempore
1615 2593 1754 2632 scriptum
1765 2591 1799 2622 sit
1811 2614 1821 2626 ,
1838 2592 2033 2634 quaerendum
2048 2594 2089 2623 est
2103 2613 2111 2626 ,

1157 2644 1208 2670 ut,
1227 2636 1298 2676 quid
1309 2645 1380 2666 eum
1392 2634 1517 2664 voluisse
1534 2637 1565 2663 in
1585 2633 1730 2673 ejusmodi
1742 2644 1876 2674 tempore
1886 2634 2045 2666 verisimile
2056 2634 2089 2665 sit
2100 2655 2112 2667 ⁵

1133 2701 1135 2715 1
1156 2679 1347 2719 intelligatur.
1371 2675 1438 2707 Post
1450 2686 1486 2705 ex
1497 2676 1720 2717 deliberationis
1734 2677 1864 2716 partibus
1874 2697 1882 2710 ,
1904 2676 1976 2717 quid
1987 2677 2088 2707 utilius
2101 2697 2111 2710 ,

1157 2721 1190 2749 δε
1200 2720 1272 2760 quid
1284 2718 1448 2751 honestius,
1461 2719 1492 2747 &
1505 2718 1547 2746 illi
1559 2717 1593 2747 ad
1604 2717 1793 2747 scribendum
1804 2738 1815 2751 ,
1826 2719 1858 2748 δε
1869 2720 1915 2748 his
1925 2718 1959 2748 ad
1969 2729 2112 2758 compro-

1156 2761 1289 2791 bandum
1301 2759 1353 2792 s1t,
1364 2758 1632 2790 demonstrandum
1647 2770 1652 2786 z
1673 2758 1705 2788 δε
1717 2769 1753 2789 ex
1765 2760 1823 2793 his,
1833 2759 1853 2789 fi
1864 2760 1936 2800 quid
1948 2760 2112 2799 amplifica-

1158 2805 1250 2833 tionis
1261 2802 1378 2832 dabitur
1388 2821 1396 2835 ,
1417 2800 1632 2830 communibus
1644 2809 1803 2842 utrumque
1816 2802 1888 2832 loeis
1901 2804 1940 2831 uti
1952 2802 2113 2841 oportebit.

2068 2847 2113 2874 Ex

1135 2919 1137 2935 ,
1189 2909 1217 2934 4.
1240 2905 1278 2926 Ea
1287 2902 1425 2933 exstem-mdo
1434 2901 1599 2934 pulcrffidvm]
1615 2902 1746 2927 Rexocm
1760 2902 1828 2937 quod
1842 2911 1895 2927 erat
1908 2903 1933 2928 iu
1947 2902 2012 2928 l‘all.
2026 2902 2110 2927 wil-us

1133 2944 1136 2964 l
1154 2937 1182 2963 &
1194 2939 1278 2963 Grex‘.
1289 2946 1372 2971 neque
1385 2935 1518 2962 recedebat
1529 2935 1571 2961 ed.
1582 2937 1699 2972 antiqu-1²,
1712 2937 1757 2963 nili
1768 2937 1838 2973 quod
1850 2948 1879 2964 ea
1888 2939 2112 2970 c.=,·;·tdie71‹.‘o,dein-

1154 2982 1212 3008 ccps
1224 2972 1364 3008 publicata,
1374 2981 1401 2997 ea
1411 2975 1637 3005 expraemiopulcra,
1647 2974 1696 3003 dyc.
1727 2983 1784 2999 uani
1797 2973 1938 3000 lec-‘tionem
1951 2984 2001 3000 non
2014 2974 2112 2999 iollici-

1155 3008 1305 3038 taxl'emmifi
1316 3010 1331 3033 ir
1344 3008 1428 3033 nostra
1438 3008 1563 3035 stetissent
1575 3009 1652 3034 eti-‚un
1666 3018 1689 3034 in
1717 3030 1722 3035 .
1734 3010 1857 3036 l..;1mbin.
1869 3012 1932 3036 item
1946 3010 2088 3044 Reciiling.

1192 3053 1218 3077 5.
1238 3045 1458 3075 Deliberat-mutent
1467 3044 1492 3078 ?]
1505 3044 1648 3070 Lambinus
1660 3045 1782 3072 emendat
1793 3047 1917 3077 ΑιΙιύιιῑν-ῑ,
1929 3046 1992 3072 mili
2004 3045 2108 3071 videba-

1155 3086 1199 3105 tur
1220 3078 1283 3104 ferri
1304 3079 1373 3114 poil'c
1395 3079 1518 3114 vulgata3
1540 3081 1567 3106 Si
1580 3080 1705 3106 vellemus
1717 3082 1741 3107 izi
1753 3081 1864 3108 dubium
1877 3083 1961 3107 *ocari
1982 3091 2011 3107 :iu
2024 3090 2108 3117 operm

1131 3107 1134 3137 ἕ
1155 3115 1269 3150 pretium
1282 3114 1403 3141 fecerint.
1424 3116 1540 3142 alioouin
1553 3117 1672 3143 veniebat
1684 3117 1729 3144 sub
1739 3117 1847 3153 stylum,
1859 3119 1969 3145 delibari.
1990 3117 2112 3143 rideatur

1130 3153 1134 3179 l
1154 3152 1180 3178 ὅ(
1193 3150 1235 3187 huj
1241 3160 1268 3178 us
1281 3149 1341 3179 libs}
1353 3160 1406 3189 cap.
1418 3139 1606 3187 penultimum.
1641 3187 1668 3216 H

1691 3209 1701 3224 )

2055 3189 2116 3213 rs}
