2360 3400
480 102 567 137 nia
645 88 987 135 NATURA
1071 87 1414 137 DnontrM
1493 92 1651 139 L113.
1710 94 1785 141 II.

157 181 294 209 miretur:
314 181 379 204 eam
394 169 448 203 fibi
460 171 565 203 cibum
576 179 704 211 quaerere
715 168 904 201 advolantem
916 168 952 199 ad
965 177 1015 199 eas
1023 170 1113 202 aveis,

1983 114 2109 164 11³5·

1154 170 1228 202 dum
1249 170 1402 212 aptiffimae
1419 172 1513 203 :&in
1522 175 1596 204 mari
1609 194 1617 208 ‚
1640 174 1673 205 ὃς
1686 175 1719 205 in
1734 175 2110 210 faeminacommiscendo-

155 229 222 261 quae
232 219 304 249 sein
313 216 388 246 mari
400 222 585 255 mergerent:
605 222 671 253 quae
681 212 751 243 cum
763 209 945 242 emersissent
954 230 963 244 ‚
986 210 1114 250 piscem·
1152 222 1221 243 rum
1231 224 1394 255 corporum
1406 216 1489 246 mirae
1499 215 1653 246 libidines.
1677 216 1759 248 Cum
1769 227 1868 249 autem
1883 221 1913 249 in
1923 220 1998 251 locis
2009 224 2112 254 semen
2122 246 2130 251 ,

153 270 212 302 que
221 256 364 298 cepissent
374 276 384 290 ,
402 256 496 297 usque
511 253 550 285 eb
564 264 700 295 premere
716 263 819 285 earum
835 253 930 292 capita
947 251 1113 286 mordicus,

153 296 303 333 dum'illae
315 307 435 338 captum
448 299 622 329 amitterent
633 308 644 331 5
663 295 694 326 id
706 295 788 337 quod
797 295 857 335 ipsa
869 293 1032 325 invaderet.
1055 296 1112 325 Ea—

151 343 283 383 demque
292 340 356 372 haec
367 341 428 371 avis
438 339 575 370 scribitur
584 339 709 369 conchis
719 339 747 368 se
757 337 850 368 solere
861 336 1013 376 complere
1022 354 1033 369 ‚
1051 335 1111 366 eas-

148 393 210 425 que
219 402 229 418 ,
245 381 318 413 cum
329 382 478 413 stomachi
486 381 585 412 calore
595 381 789 412 concoxerit,
801 387 944 409 evomere
955 397 963 411 ,
975 386 1061 418 atque
1072 379 1111 407 ita

147 426 259 465 eligere
269 434 308 455 ex
320 425 357 454 iis
365 444 373 458 ‚
390 434 455 466 quae
468 424 536 454 sunt
545 423 701 454 esculenta.
725 424 810 450 Ranae
818 429 918 451 autern
929 421 1050 450 marinae
1063 418 1110 450 di·

147 475 260 497 cuntur
272 466 399 496 obruere
411 466 471 496 sese
483 475 570 495 arena
580 465 674 495 solere
683 483 693 498 ,
713 463 747 493 &
758 464 874 493 moveri
887 462 982 501 prope
989 470 1107 501 aquam:

147 508 184 539 ad
196 517 268 549 quas
278 528 287 542 ,
306 507 385 548 quali
394 507 430 538 ad
440 507 535 538 escam
547 526 557 540 ‚
577 506 671 546 pisces
680 504 751 535 cum
762 502 932 535 accesserint
942 522 950 536 ,
970 501 1081 533 confici
1092 501 1108 532 a

145 552 242 584 ranis,
265 559 353 590 atque
373 549 523 580 consumi.
548 552 557 568 ¹
568 548 667 580 Milvo
685 545 726 577 est
736 546 888 587 quoddam
901 545 1015 575 bellum
1026 543 1106 585 quasi

145 592 277 621 naturale
294 601 365 622 cum
384 600 489 622 corvo.
513 601 582 632 ergo
600 590 674 620 alter
692 589 813 619 alterius
823 608 831 622 ,
855 587 1039 627 ubicumque
1053 596 1105 618 ua-

144 632 211 663 stus
230 632 273 664 est
283 652 291 667 ,
309 643 365 664 ova
382 632 502 674 frangit.
525 631 605 663 Illud
616 630 688 661 verb
697 630 733 661 ab
746 629 904 660 Aristotele
913 627 1104 660 animadver-

144 675 212 705 sum
224 695 233 708 ‚
245 674 260 705 a
269 684 330 716 quo
340 675 478 715 pleraque
489 695 498 708 ,
509 675 576 715 quis
585 672 682 714 potest
693 682 757 702 non
768 672 868 702 mirari
880 674 890 701 ?
912 672 1002 700 Grues
1011 690 1019 704 ,
1032 669 1102 701 cum

143 717 211 747 loca
228 716 371 747 calidiora
388 725 524 756 petentes
544 720 559 736 2
569 717 662 746 maria
675 715 892 747 transmittant,
913 712 1053 753 trianguli
1063 710 1107 742 ef·

144 756 232 788 ficere
242 757 389 788 formam.
413 759 479 796 ejus
493 767 593 788 autem
609 758 731 787 summo
750 755 861 795 angulo
877 755 926 786 a‘e'r
944 753 980 784 ab
998 756 1036 784 iis
1055 753 1106 784 ad-

141 800 246 829 versus
254 800 378 840 pellitur
389 810 394 829 :
418 798 527 829 deinde
538 797 645 829 senfim
657 797 693 828 ab
703 807 829 838 utroque
839 797 931 827 latere
941 816 950 829 ‚
964 804 1102 836 tanquam

141 843 233 871 remis
244 860 253 875 ,
274 843 315 871 ita
323 842 433 880 pennis
441 841 544 870 cursus
555 842 660 870 avium
672 840 794 869 levatur.
816 837 893 868 Baiis
902 846 1001 867 autern
1014 839 1104 868 trian-

143 882 225 923 guli,
237 891 328 922 quam
339 890 425 921 grues
433 879 571 910 efficiunt
581 899 590 912 ‚
601 890 633 909 ea
644 889 785 919 tanquam
795 878 810 908 a
819 881 930 918 puppi,
943 880 1043 907 ventis
1052 878 1103 908 ad—

136 926 277 962 juvatur:
291 923 394 961 haeque
406 923 439 950 in
450 929 532 961 tergo
541 921 772 960 praevolantium
783 939 791 953 ,
803 920 880 949 colla
890 939 899 952 ‚
911 919 943 948 ὃς
952 921 1046 958 capita
1056 929 1102 949 re-

138 972 268 1004 ponunt.
291 961 373 1003 quod
390 964 463 1003 quia
477 962 539 1002 ipse
556 962 619 993 dux
635 961 730 992 facere
746 971 810 991 non
820 960 917 1001 potest
928 980 936 994 ,
957 962 1028 1002 quia
1038 971 1102 991 non

138 1005 229 1036 habet
238 1004 292 1035 ubi
301 1005 412 1035 nitatur
420 1025 430 1038 ,
442 1004 572 1038 revolat,
583 1012 616 1034 ut
625 1004 685 1044 ipse
695 1013 818 1044 quoque
828 1003 968 1044 quiescat.
991 1005 1029 1032 In
1039 1003 1103 1043 ejus

137 1047 244 1078 locum
255 1046 385 1076 succedit
395 1056 435 1077 ex
445 1048 484 1076 iis
495 1065 503 1079 ‚
516 1049 528 1073 3
539 1055 605 1086 quae
614 1047 793 1086 acquierunt
806 1055 812 1075 :
826 1054 918 1085 eaque
929 1043 1099 1075 vicissitudo

138 1090 173 1118 iii
189 1089 278 1118 omni
294 1088 382 1119 cursu
398 1088 601 1119 conservatur.
624 1087 721 1117 Multa
730 1086 883 1126 ejusmodi
893 1085 1024 1126 proferre
1033 1087 1102 1126 pos-

137 1131 205 1161 sum
216 1140 221 1159 :
233 1129 282 1160 sed
291 1139 388 1171 genus
397 1130 497 1171 ipsum
509 1129 627 1159 videtis.
645 1130 714 1170 Jam
725 1128 859 1160 νει-01113
867 1131 956 1158 etiam
968 1131 1099 1163 notiora,

159 1181 250 1202 uanto
268 1172 297 1202 se
316 1182 405 1212 opere
420 1171 591 1202 custodiant
606 1170 707 1201 bestiae
719 1190 728 1204 ,
744 1171 819 1200 utin
828 1169 911 1211 pastu
920 1169 1100 1210 circumspe—

136 1182 220 1244 gtent
229 1233 238 1248 ‚
259 1222 292 1244 ut
310 1215 343 1244 in
363 1213 518 1244 cubilibus
535 1213 719 1243 delitescant.
752 1214 850 1252 Atque
868 1211 921 1242 illa
939 1211 1100 1243 mirabilia.

1153 255 1263 286 insedit
1275 276 1284 290 ,
1302 259 1378 297 rapit
1387 266 1514 288 omnem
1525 257 1587 288 fere
1597 259 1699 290 cibum
1711 260 1745 290 ad
1758 260 1816 290 sese
1825 281 1833 294 ‚
1855 256 1870 281 ⁸
1881 260 1976 303 eoque
1984 263 2113 302 saeptum

1154 294 1240 343 fingit
1260 299 1390 329 animal:
1410 299 1490 339 quod
1503 299 1577 330 cum
1587 310 1625 331 ex
1636 310 1722 332 utero
1731 302 1863 342 elapsum
1874 304 1988 335 excidit
1999 317 2008 339 ;
2029 306 2114 336 iniis

1151 339 1375 373 animantibus,
1399 350 1465 381 quae
1483 341 1559 372 lade
1576 342 1696 373 aluntur
1708 364 1722 377 ‚
1740 347 1843 375 omnis
1862 344 1923 376 fere
1944 346 2028 377 cibus
2042 357 2110 378 ma·

1152 388 1231 409 trum
1257 380 1413 413 laetescere
1425 385 1546 423 incipit:
1567 393 1658 425 eaque
1670 405 1678 418 ‚
1697 395 1763 425 quae
1772 387 1861 426 paulo
1869 397 1936 418 ante
1946 397 2012 419 nata
2026 390 2109 423 sunt,

1150 419 1210 450 sine
1220 422 1360 463 magistro
1371 443 1380 457 ‚
1399 424 1474 455 duce
1483 435 1586 456 natura
1594 445 1604 459 ,
1633 437 1770 456 mammas
1780 435 1913 469 appetunt
1924 449 1931 463 ,
1944 440 2109 471 earumque

1150 461 1280 507 ubertate
1298 464 1471 496 saturantur.
1495 470 1610 508 Atque,
1631 477 1664 498 ut
1681 469 1886 509 intelligamus
1907 472 1987 501 nihil
1998 473 2107 503 horum

1149 502 1206 533 esse
1216 503 1378 536 fortuitum
1391 526 1399 540 ,
1411 511 1427 533 9
1439 507 1471 537 &
1482 508 1545 538 haec
1555 511 1659 540 omnia
1669 509 1727 540 effe
1737 520 1824 550 opera
1834 512 1968 551 provida:
1978 514 2109 544 solertis-

1147 554 1204 585 que
1226 554 1338 594 naturae
1350 557 1356 576 τ
1374 558 1440 588 quae
1460 550 1643 590 multiplices
1663 550 1748 582 faetus
1766 562 1902 593 procreat
1920 563 1951 584 ut
1970 555 2034 584 sues
2045 575 2054 588 ,
2075 565 2108 586 ut

1146 596 1235 616 canes
1248 606 1257 620 ‚
1276 588 1324 617 his
1343 598 1546 621 mammarum
1566 592 1631 624 data
1647 593 1692 624 est
1702 594 1886 626 multitudo:
1905 605 1978 636 quas
1988 597 2109 628 easdem

1145 637 1252 668 paucas
1264 629 1374 660 habent
1388 641 1430 662 eae
1439 632 1551 666 bestiae,
1563 644 1627 674 quae
1639 645 1726 675 pauca
1735 637 1873 677 gignunt.
1899 637 1981 678 Qid
1992 637 2106 673 dicam.

1144 679 1272 711 quantus
1283 680 1368 701 amor
1377 672 1536 704 bestiarum
1548 674 1619 705 sitin
1631 677 1771 707 educandis
1784 697 1793 710 ‚
1822 677 2013 717 custodiendis
2022 680 2107 713 neiis.

1144 722 1204 753 qua
1220 719 1433 752 procreaverunt
1443 735 1451 748 ‚
1477 718 1508 735 ¹0
1519 718 1651 757 usquead
1665 729 1736 749 eum
1749 718 1855 755 finem,
1869 721 1943 751 dum
1953 689 2063 761 poffint
2073 722 2102 751 se

1144 754 1205 794 ipsa
1215 753 1377 785 defendere
1389 758 1401 785 ?
1425 756 1476 786 etsi
1486 758 1579 796 pisces
1589 777 1599 792 ,
1620 768 1650 789 ut
1659 760 1741 798 ajunt
1753 781 1761 793 ,
1774 771 1830 792 ova
1839 772 1910 793 eum
1922 771 2108 803 genuerunt,

1145 795 1332 836 relinquunt.
1356 796 1444 827 facile
1453 801 1537 828 enim
1547 800 1610 833 illa,
1621 811 1694 841 aqua
1704 802 1736 832 &
1747 802 1940 838 sustinentur,
1953 805 1986 835 &
1997 804 2102 835 faetum
2122 818 2176 849 φῖ,

1142 836 1286 868 fundunt.
1310 837 1493 870 Testudines
1510 849 1609 872 autem
1621 862 1630 875 2
1652 843 1685 872 &
1707 844 1879 875 crocodilos
1888 845 2012 879 dicunt,
2031 846 2105 877 cum

1144 881 1176 925 in
1188 888 1262 909 terra
1272 888 1388 918 partum
1400 880 1550 913 ediderint
1559 902 1567 916 ‚
1587 883 1713 914 obruere
1725 895 1780 915 ova
1793 905 1801 919 ‚
1824 886 1934 917 deinde
1943 887 2104 919 discedere.

1144 929 1185 951 ita
1208 921 1429 968 &nascuntui·,
1453 924 1729 966 &educanturipla
1737 937 1788 967 pet
1799 928 1867 958 sese.
1889 929 1958 969 Jam
1973 930 2104 970 gallinae.

1142 962 1271 1003 avesque
1290 962 1412 1003 reliquae
1432 964 1465 994 &
1487 968 1625 1006 quietum
1648 971 1803 1009 requirunt
1822 970 1859 1000 ad
1868 971 2046 1010 pariendum
2057 972 2106 1001 lo—

1143 1013 1212 1034 cum
1225 1025 1233 1037 ‚
1253 1004 1286 1034 δε
1303 1005 1414 1036 cubilia
1426 1004 1498 1040 sibi,
1519 1008 1664 1050 nidosque
1672 1010 1851 1042 construunt
1861 1031 1875 1045 ‚.
1892 1012 2001 1053 eosque
2009 1014 2104 1054 quain

1141 1044 1261 1086 poffunt
1278 1046 1455 1077 mollissime
1478 1049 1691 1085 substernunt,
1713 1061 1745 1082 ut
1763 1053 1854 1093 quam
1874 1052 2023 1085 facillime
2046 1065 2110 1086 ova
2124 1076 2131 1085 η
2173 1076 2177 1083 -

1141 1089 1307 1118 serventur.
1332 1092 1379 1119 Ex
1389 1089 1499 1130 quibus
1509 1092 1607 1131 pullos
1618 1093 1690 1123 cum
1701 1095 1883 1126 excluserint
1893 1115 1901 1129 ,
1914 1096 1954 1126 ita
1965 1105 2108 1131 tuentur,-

1142 1139 1175 1160 ut
1185 1130 1217 1160 &
1227 1132 1335 1170 pennis
1344 1130 1477 1165 foveant,
1492 1143 1530 1163 ne
1540 1133 1650 1174 frigore
1662 1135 1804 1166 laedantur
1816 1148 1825 1171 3
1845 1137 1878 1168 &
1892 1157 1900 1171 ,
1911 1136 1930 1167 fi
1941 1137 1983 1168 est
1992 1138 2073 1168 calor
2085 1138 2103 1169 a

1142 1171 1203 1202 sole
1215 1192 1224 1205 ‚
1234 1173 1264 1202 se
1273 1182 1437 1212 opponant.
1462 1174 1540 1205 cum
1555 1185 1654 1206 autem
1666 1178 1742 1216 pulli
1753 1180 1897 1217 pennulis
1907 1181 1952 1209 uti
1964 1178 2100 1219 possunt,

1140 1222 1206 1243 tum
1226 1214 1342 1244 volatus
1352 1225 1458 1246 eorum
1470 1226 1576 1248 matres
1588 1219 1830 1259 prosequuntur3
1853 1221 1966 1261 reliqua
1978 1231 2048 1251 cura
2059 1222 2099 1251 li-

76 1267 123 1298 50
140 1256 223 1301 Qid
233 1266 269 1301 ¹ea
279 1275 288 1289 ‚
307 1265 374 1296 quae
392 1265 487 1295 nuper
497 1275 505 1289 ,
525 1254 556 1285 id
569 1253 611 1284 est
620 1256 723 1294 paucis
731 1256 798 1284 ante
809 1253 924 1284 saeculis
933 1252 1103 1283 medicorum
1140 1254 1289 1285 bei-antur.
1313 1256 1438 1287 Accedit
1447 1259 1538 1289 etiam
1547 1259 1583 1289 ad
1597 1261 1819 1292 nonnullorum
1831 1263 2032 1292 animantium
2045 1283 2053 1297 ‚
2067 1263 2102 1294 &

142 1308 257 1338 angemis
265 1306 378 1336 reperta
387 1297 477 1328 sunt?
493 1301 511 1324 4
520 1298 692 1327 vomitione
706 1305 806 1329 canes5
815 1298 990 1336 purgatione
999 1304 1098 1326 autem

136 1339 220 1370 alvos
232 1338 295 1369 ibes
305 1341 454 1380 AEgyptiae
462 1347 575 1369 curant.
598 1338 746 1369 Auditum
757 1336 799 1367 est
810 1359 817 1372 ‚
838 1337 993 1378 pantheras
1004 1357 1013 1375 2
1032 1348 1098 1379 quae

135 1382 172 1411 in
180 1380 314 1411 barbaria
333 1384 347 1408 5
355 1389 501 1411 venenata
510 1390 596 1410 carne
606 1388 782 1420 caperentur
791 1399 800 1413 ,
820 1379 990 1409 remedium
1001 1380 1098 1420 quod-

135 1422 204 1453 dam
217 1422 340 1453 habere:
354 1432 416 1463 quo
428 1422 499 1452 cum
511 1419 602 1451 efl‘ent
612 1422 670 1451 usae
684 1440 692 1454 ‚
703 1431 767 1451 non
779 1429 982 1451 morerentur:
1000 1431 1100 1461 ,capras

135 1473 236 1494 autem
254 1465 288 1493 in
298 1465 384 1495 Creta
401 1463 477 1493 feras
486 1483 496 1497 ‚
517 1462 590 1492 cum
602 1461 696 1492 efl'ent
708 1460 837 1492 confixae
848 1464 1003 1492 venenatis
1013 1463 1097 1502 lagit-

134 1508 174 1536 tis
184 1525 194 1539 ,
215 1504 338 1534 herbam
349 1514 480 1546 quaerere
489 1513 554 1546 quae
562 1502 723 1533 dietamnm
733 1512 898 1534 vocaretur.
922 1513 1013 1544 quam
1023 1505 1096 1534 cum

133 1544 326 1588 gustavissent
338 1566 347 1579 ‚
367 1545 385 1566 ⁶
400 1548 515 1588 sagittas
523 1545 662 1578 excidere
674 1546 780 1576 dicunt
791 1546 807 1575 ὲ
817 1554 954 1584 corpore.
977 1548 1095 1576 Cervae-

131 1597 189 1628 que
198 1588 288 1628 paulo
297 1596 491 1629 antepartum
503 1596 682 1629 perpurgant
690 1588 719 1618 se
729 1586 857 1628 quadarn
867 1586 991 1617 herbula
1000 1606 1009 1621 ‚
1030 1597 1095 1628 quae

130 1630 236 1660 Seselis
253 1629 373 1661 dicitur.
394 1640 460 1670 Jam
480 1631 533 1661 illa
550 1632 705 1661 cernimus
715 1649 724 1664 ‚
746 1638 779 1659 ut
799 1636 901 1659 contra
910 1635 1018 1658 metum
1028 1648 1037 1662 ,
1060 1629 1094 1659 ὃς

131 1671 212 1705 vim,
238 1671 298 1702 suis
306 1672 335 1701 se
348 1674 440 1702 armis
449 1681 575 1713 quaeque
585 1670 736 1701 defendat.
758 1669 913 1700 Cornibus
923 1672 999 1701 tauri
1009 1690 1018 1703 ,
1028 1672 1090 1710 apri

131 1712 290 1747 dentibus,
314 1713 417 1743 morsu
433 1714 538 1744 leones
549 1725 560 1747 ;
575 1713 640 1743 aliae
658 1712 728 1754 fuga
744 1712 773 1742 se
783 1731 792 1746 ,
813 1712 879 1742 aliae
888 1712 1093 1742 occultatione

131 1763 282 1785 tutantur:
300 1757 459 1785 atramenti
482 1753 628 1785 effusione
644 1754 729 1794 sepiae
742 1773 751 1787 ‚
773 1762 895 1792 torpore
906 1753 1092 1792 torpedines.

132 1797 238 1827 multae
255 1798 347 1828 etiam
368 1796 560 1827 inseetameis
578 1795 682 1826 odoris
700 1794 883 1825 intolerabili
894 1793 1029 1825 foeditate
1039 1795 1092 1825 de-

64 1841 108 1882 '51
128 1839 256 1879 pellunt.
280 1841 324 1870 Ut
332 1838 405 1870 verb
414 1846 573 1879 perpetuus
583 1836 692 1868 mundi
700 1836 772 1867 effer
781 1845 917 1870 ornatus,
929 1846 1035 1877 magna
1042 1837 1093 1867 ad-

127 1880 224 1911 hibita
240 1890 310 1911 cura
327 1879 370 1910 est
389 1880 406 1912 a
425 1880 618 1921 providentia
627 1879 756 1910 deorum
768 1899 778 1913 ,
810 1887 841 1908 ut
847 1878 953 1921 semper
964 1877 1046 1915 effint
1057 1879 1090 1909 ὃς
1107 1909 1109 1912 ,

127 1921 290 1953 bestiarum
300 1932 410 1963 genera
419 1942 428 1956 ‚
450 1922 483 1953 &
493 1922 637 1953 arborum
652 1941 660 1955 ‚
670 1926 685 1950 7
695 1930 899 1960 omniumque
913 1930 1015 1951 retum
1027 1931 1093 1962 quae

125 1964 193 1995 alta:
201 1974 249 1995 aut
259 1964 409 1995 radicibus
419 1964 435 1994 a
446 1973 520 1995 terra
531 1985 540 1997 ,
564 1971 614 1993 aut
623 1962 763 2003 stirpibus
773 1965 1010 1996 continerentur,
1027 1973 1092 2003 quae

125 2006 251 2047 quidem
269 2008 376 2037 omnia
397 2016 464 2036 eam
484 2008 549 2036 vim
570 2005 695 2035 seminis
715 2004 825 2034 habent
835 2006 868 2034 in
879 2004 907 2034 se
918 2024 930 2038 ‚
948 2014 981 2034 ut
992 2014 1026 2034 ex
1035 2015 1089 2034 uno

120 2048 207 2091 plura
214 2056 395 2089 generentur
406 2048 515 2089 :idque
523 2047 628 2078 semen
636 2046 789 2077 inclusum
800 2045 883 2076 estin
894 2048 1002 2077 intima
1011 2055 1091 2087 parte
1105 2081 1106 2086 ¹

1104 2093 1106 2098 '
1125 2089 1276 2129 pecudum
1293 2092 1417 2132 generi,
1444 2092 1483 2121 iis
1501 2091 1632 2132 denique
1652 2093 1817 2127 omnibus,
1842 2103 1908 2134 quae
1920 2096 2060 2124 oriuntur
2073 2095 2093 2125 ὲ

125 2100 229 2120 earum
250 2089 388 2121 bacarum
401 2109 410 2124 ,
431 2100 498 2131 quae
516 2099 556 2120 ex
574 2098 689 2130 quaque
701 2088 789 2128 stirpe
797 2087 934 2118 funditur
946 2099 951 2118 :
963 2089 1089 2120 iisdem-

122 2141 182 2173 que
200 2132 369 2162 seminibus
389 2131 423 2162 &
443 2133 588 2162 homines
607 2129 721 2161 affatim
740 2130 924 2164 vescuntur,
948 2130 982 2160 &
1003 2140 1087 2162 terrae

124 2173 260 2214 ejusdem
281 2175 401 2215 generis
419 2173 557 2214 stirpium
569 2173 769 2203 renovatione
778 2172 980 2212 complentur.
1005 2173 1086 2214 Qid
1103 2186 1104 2190 ¹

123 2215 239 2256 loquar,
249 2224 357 2257 quanta
366 2216 441 2245 ratio
450 2226 481 2245 tn
491 2213 578 2250 bestiis
586 2214 621 2245 ad
631 2223 807 2254 perpetuam
816 2213 1083 2247 conservationem

120 2267 224 2288 earum
243 2259 359 2298 generis
377 2267 510 2298 appareat
522 2258 533 2286 ?
553 2266 626 2287 nam
646 2254 782 2296 primum
806 2255 871 2286 aliae
886 2265 975 2285 mares
985 2275 994 2290 ,
1020 2257 1086 2288 aliae

114 2299 232 2338 famina
242 2300 310 2330 sunt
320 2310 326 2329 :
346 2299 551 2339 perpetuitatis
560 2298 644 2329 causa
653 2298 822 2328 machinata
831 2307 934 2328 natura
946 2297 995 2328 est.
1019 2300 1085 2329 De—

121 2340 194 2371 inde
210 2350 306 2381 partes
325 2343 460 2382 corporis
469 2341 502 2372 ὃς
511 2340 548 2372 ad
557 2339 777 2381 procreandum
788 2360 799 2374 ‚
819 2339 852 2371 &
860 2339 896 2371 ad
906 2341 1084 2382 concipien-
1100 2365 1103 2373 r

1107 1950 1109 1966 l

1139 1306 1241 1327 earum
1252 1307 1352 1328 rerum
1363 1317 1372 1332 ,
1393 1308 1466 1338 quas
1477 1308 1552 1330 terra
1560 1302 1656 1341 gignit
1668 1323 1678 1337 ‚
1703 1303 1965 1334 conservationem
1979 1324 1990 1337 ‚
2011 1305 2045 1334 δε
2055 1305 2103 1334 sa-

1140 1338 1233 1370 lutem
1245 1358 1253 1372 ,
1265 1339 1410 1368 hominum
1419 1341 1636 1380 etiamsbuertia
1647 1363 1655 1376 ,
1670 1344 1703 1374 δε
1712 1344 1882 1384 diligentia.
1903 1347 1985 1375 Nam
1995 1346 2108 1377 multa:-

1139 1379 1172 1410 &
1182 1380 1310 1420 pecudes
1320 1401 1328 1416 ‚
1348 1382 1381 1411 &
1395 1381 1500 1422 stirpes
1511 1383 1599 1418 sunt,
1619 1395 1684 1426 quae
1700 1384 1760 1416 fine
1774 1388 1986 1426 procuratione
1996 1389 2102 1418 homi·

1136 1431 1212 1452 num
1230 1422 1317 1453 salvae
1336 1422 1394 1454 effe
1411 1434 1476 1455 non
1496 1424 1627 1464 poffunt.
1651 1429 1769 1468 Magnae
1779 1430 1873 1459 etiam
1881 1431 2100 1468 oportunitates

1135 1463 1170 1494 ad
1181 1465 1296 1494 cultum
1309 1465 1489 1500 hominum,
1500 1475 1586 1507 atque
1596 1468 1811 1500 abundantiam
1824 1489 1832 1503 ,
1846 1470 1983 1500 aliaealz'is
1992 1471 2022 1500 in
2032 1471 2096 1500 lacis

1134 1508 1335 1544 reperiuntur.
1360 1509 1527 1548 AEgyptum
1539 1512 1754 1551 Ninusirrigat
1763 1530 1772 1544 ,
1782 1511 1815 1541 Sc
1827 1530 1834 1544 ,
1848 1510 1919 1541 cum
1931 1520 1991 1542 tota
2001 1511 2100 1542 aestate

1134 1547 1273 1577 obrutam
1286 1567 1295 1581 ‚
1306 1548 1516 1588 oppletamque
1527 1551 1642 1584 tenuit,
1665 1560 1730 1581 tum
1742 1552 1847 1582 recidit
1861 1572 1871 1585 ‚
1886 1553 2096 1593 mollitosque,

1133 1587 1167 1617 &
1177 1587 1342 1619 oblimatos
1350 1599 1435 1629 agros
1447 1590 1482 1620 ad
1497 1590 1828 1633 serendum,relinquit.
1841 1595 2099 1633 Mesopotamiam

1129 1629 1262 1660 fertilem
1275 1628 1369 1660 efficit
1378 1640 1586 1662 Euenum-ns:
1600 1634 1664 1662 ¹·¹in
1675 1643 1766 1674 quam
1776 1637 1938 1675 quotannis
1948 1635 2028 1675 quasi
2039 1646 2105 1666 no*

1134 1681 1189 1702 vos
1197 1681 1282 1713 agros
1291 1672 1419 1703 invehit.
1444 1683 1544 1704 mnus
1554 1673 1626 1704 vero
1639 1695 1648 1711 ,
1658 1679 1711 1716 qui
1722 1675 1764 1706 est
1774 1678 1916 1706 omnium
1928 1675 2097 1708 fluminum

1131 1715 1287 1744 maximus
1299 1734 1309 1748 ,
1320 1724 1384 1745 non
1394 1725 1468 1756 aqua
1476 1714 1576 1746 solum
1587 1726 1672 1758 agros
1683 1716 1812 1748 laetificat
1822 1738 1830 1752 ‚
1844 1718 1876 1748 δε
1886 1720 2005 1759 mitigat
2015 1738 2024 1752 ,
2045 1718 2105 1750 sed.

1131 1765 1183 1785 eos
1193 1756 1283 1785 etiam
1293 1756 1433 1787 conserit.
1457 1767 1598 1797 magnam
1610 1760 1694 1788 enim
1707 1762 1737 1778 ¹2
1749 1761 1813 1789 vim
1824 1760 1978 1790 seminum
1990 1760 2098 1792 secutur

1130 1795 1278 1827 frumenti
1295 1796 1444 1828 similium
1467 1798 1580 1829 dicitur
1603 1799 1765 1839 deportare.
1811 1801 1969 1841 Multaque
1985 1802 2043 1832 alia
2059 1804 2100 1833 inv

1130 1838 1197 1868 aliis
1208 1838 1284 1868 locis
1295 1840 1579 1871 commemorabilia
1587 1841 1720 1880 proferre
1729 1840 1849 1882 possum
1866 1853 1871 1872 :
1883 1843 1997 1875 multos
2008 1842 2094 1873 ferti·

1130 1880 1186 1910 leis
1211 1889 1295 1921 agros
1313 1880 1444 1911 aliorum
1463 1880 1630 1913 frustuum.
1654 1883 1710 1914 Sed
1730 1884 1782 1914 illa
1802 1893 1911 1925 quanta
1923 1884 2094 1926 benignitas
2111 1892 2156 1926 5⁷3

1131 1930 1243 1952 naturae
1254 1941 1263 1955 ‚
1283 1921 1366 1963 quod
1381 1931 1441 1953 tam
1456 1924 1554 1955 multa
1562 1924 1598 1955 ad
1610 1925 1791 1956 vescendum
1806 1946 1815 1959 ,
1839 1935 1900 1957 tam
1912 1929 2004 1960 varia,
2015 1936 2094 1958 tam-

1130 1973 1187 2004 que
1195 1963 1328 2003 jucunda
1339 1966 1449 2005 gignit:
1464 1974 1561 2006 neque
1571 1976 1603 1996 ea
1614 1977 1676 1997 uno
1686 1976 1822 2008 tempore
1833 1970 1906 1998 anni
1918 1978 1924 1998 t
1936 1977 1969 1998 ut
1978 1969 2095 2009 semper

1129 2006 1166 2038 ὼ·
1173 2007 1304 2038 novitate
1311 2005 1478 2036 delestemur
1488 2026 1496 2041 ,
1509 2008 1544 2039 &
1553 2009 1650 2049 copia?
1671 2009 1770 2047 Quam
1780 2009 1977 2049 tempestivos
1989 2020 2092 2042 autem

1127 2047 1228 2081 dedit,
1249 2048 1338 2088 quiim
1361 2049 1510 2079 salutareis
1530 2060 1594 2080 non
1615 2050 1711 2081 modo
1729 2052 1894 2082 hominum
1909 2072 1918 2085 ,
1939 2052 1987 2082 sed
1999 2054 2091 2084 etiam

1127 2140 1221 2166 terra,
1243 2140 1340 2162 ventos
1362 2132 1479 2173 erefias?
1500 2143 1631 2174 quorum
1642 2132 1713 2165 flatu
1727 2137 1819 2165 nimii
1831 2144 2033 2175 temperantur
2042 2145 2094 2166 ca-

1124 2173 1214 2204 lores.
1237 2173 1285 2203 Ab
1303 2174 1410 2205 iisdem
1436 2176 1527 2205 etiam
1545 2177 1693 2206 maritimi
1711 2177 1813 2208 cursus
1823 2177 1954 2211 celei—es,
1975 2177 2090 2209 &certi

1130 2215 1310 2256 diriguntur.
1335 2217 1432 2247 Multa
1450 2217 1655 2257 praetereunda
1674 2218 1759 2249 sunt:
1780 2221 1813 2250 δε
1831 2227 1931 2249 tamen
1940 2220 2034 2249 multa
2044 2219 2093 2249 di-

1123 2267 1243 2288 cuntur.
1268 2260 1446 2289 Enumerari
1459 2261 1542 2289 enim
1553 2270 1618 2290 non
1629 2258 1752 2310 possunt
1763 2260 1931 2292 fluminum
1945 2270 2090 2301 opportu-

1122 2300 1231 2330 nitates
1253 2320 1263 2333 ,
1285 2298 1371 2330 aestus
1381 2302 1528 2331 maritimi
1540 2302 1676 2332 multum
1688 2303 1861 2333 accedentes
1872 2324 1880 2336 ,
1904 2303 1936 2333 δε
1946 2303 2093 2333 recedem-

1123 2349 1165 2372 tes
1177 2352 1183 2372 z
1196 2350 1319 2374 montes
1327 2341 1439 2378 vestiti,
1448 2351 1535 2384 atque
1545 2343 1690 2376 silvestres
1704 2345 1820 2376 :salinae
1829 2345 1864 2375 ab
1876 2355 1926 2375 ora
1935 2346 2088 2379 maritima

1983 2396 2088 2416 remo-

157 2456 169 2473 ι
176 2465 182 2473 .
202 2449 279 2474 Miho
289 2450 324 2473 es!
332 2447 446 2482 quoddam
455 2447 538 2471 bollum
546 2447 614 2481 quasi*
622 2448 734 2473 naturale
746 2466 754 2479 ‚
765 2447 832 2481 elya]
853 2448 1020 2475 Revocatam
1032 2458 1080 2476 vo-

116 2483 169 2510 luit
178 2482 324 2509 dictionem
334 2484 402 2517 quast
408 2481 601 2514 Vi&orius,sed
612 2482 699 2509 nescio
708 2491 740 2509 an
750 2483 809 2518 quis
820 2483 921 2510 secutus
934 2484 973 2512 fit:
986 2485 1080 2513 exulat

116 2518 176 2546 fine
186 2518 295 2546 Aldinis
312 2519 341 2545 &
351 2518 487 2545 Brutianis
505 2518 534 2544 &
545 2517 727 2546 Lambini-anis
739 2537 747 2551 ,
758 2519 813 2545 &c.
830 2519 1031 2557 agnoscuntque
1049 2523 1078 2549 Se

117 2555 187 2582 Pali.
197 2556 225 2582 δε
236 2556 349 2581 WVouw.
360 2555 388 2580 &
399 2555 430 2580 P.
441 2553 593 2581 Gulielmii.

152 2600 183 2617 ι.
202 2594 290 2623 Maria
307 2590 499 2624 transmittant]
520 2591 562 2617 Ita
579 2590 648 2617 Pall.
667 2591 696 2617 δε
714 2590 798 2618 editio
816 2590 942 2619 meroni.
962 2593 1075 2621 Wouw.

118 2627 147 2653 St
159 2627 190 2654 P.
201 2636 268 2653 mare
283 2627 434 2661 transmeant
445 2645 454 2659 ‚
473 2626 545 2663 quod
564 2625 649 2653 visum
667 2627 771 2663 placere
781 2627 941 2661 Gulielmio,
963 2629 1080 2665 vulgati,

118 2663 295 2698 transmittunt.

154 2708 181 2734 3.
199 2701 256 2733 ρει
273 2701 424 2734 acquierum.
444 2707 517 2734 eaque
527 2718 536 2731 ‚
556 2698 624 2733 dra]
654 2699 799 2727 Lambinus
812 2719 820 2732 ,
838 2710 888 2735 με
905 2702 1077 2736 acquic-nerum

89 2764 93 2771 x
112 2738 223 2768 proxima
233 2755 241 2768 ‚
261 2744 344 2770 eaque.
363 2734 407 2762 sed
418 2735 625 2771 repugnantibus
636 2734 712 2762 libi-is
724 2736 843 2763 vetustis.

151 2777 179 2804 4.
199 2771 322 2798 Vomitiom
330 2780 400 2797 canes
412 2791 420 2803 ,
433 2775 575 2805 purgatione
587 2778 665 2797 autem
675 2773 744 2798 alvos
760 2773 812 2798 Ibes
822 2774 951 2809 tAEgyptiae
960 2775 1076 2809 curant]

116 2806 161 2834 Est
169 2806 204 2834 ab
211 2806 328 2838 editione
339 2806 453 2834 Viftorii
466 2817 474 2837 ;
495 2816 580 2844 neque
588 2807 668 2834 :iliter
680 2807 765 2835 Palat.
775 2817 816 2844 pr.
827 2818 886 2835 nain
899 2808 947 2836 sec.
966 2817 1077 2843 purgan-

113 2848 157 2881 tur·
164 2850 242 2870 autem
251 2845 320 2870 ahos
328 2844 376 2869 Ibis
392 2846 519 2881 ‘aegyptia
528 2851 626 2870 curant.
646 2850 710 2870 tert.
722 2845 799 2875 vero,
805 2852 909 2877 purgare
917 2851 997 2871 autem
1007 2848 1076 2873 alvos

114 2879 163 2903 Ibu-
178 2881 305 2915 tAEgyptiae
322 2886 420 2906 curant.
441 2880 556 2916 vulgata:
568 2899 576 2913 ‚
603 2882 728 2907 vomitione
737 2881 803 2907 tanis
815 2887 921 2914 purgare
938 2883 1006 2908 alvos
1024 2884 1077 2909 lbes

116 2916 245 2948 vssgyptiae
254 2922 352 2942 curam.
372 2916 403 2946 P.
414 2917 550 2944 Manutius
562 2916 678 2952 fingebat
690 2926 698 2947 5
712 2919 835 2942 vomitione
845 2925 915 2942 canes
920 2924 1058 2950 purgantur
1068 2930 1075 2945 :

115 2950 210 3011 ‘g'fffi
226 2952 276 2976 lbes
294 2953 421 2987 cffigyptiae
438 2960 535 2980 curam.
554 2953 709 2982 Lambinus,
720 2952 778 2980 heic
797 2962 850 2980 non
870 2952 1023 2989 simpliciter
1032 2955 1076 2982 in-

148 2991 198 3011 nit.

116 3029 192 3092 δ’ᾆί
200 3024 322 3050 anenata
329 3031 402 3050 carm
408 3026 574 3062 capernaum]
595 3025 664 3054 Pali.
675 3035 729 3054 uno
737 3034 784 3053 ore
794 3032 970 3060 carperentur,
988 3034 1074 3063 neque

137 3066 144 3083 i
187 3065 250 3084 icet.

150 3094 180 3120 6.
196 3097 303 3127 Sagitta,-
312 3096 415 3123 excidere
423 3097 504 3124 dicunt
512 3097 524 3124 ὲ
532 3098 650 3133 corpore]
671 3099 763 3128 Dic'tio
773 3099 855 3126 dicunt
863 3106 969 3136 poterat
978 3099 1062 3126 abesse
1068 3119 1074 3125 .

146 3136 178 3164 7·
195 3133 346 3167 Omniumque
362 3141 441 3162 rerum
450 3142 498 3170 qua
506 3135 560 3165 alta
580 3136 756 3181 miradicc‘buf
771 3134 788 3165 ἂ
799 3144 868 3165 terra
878 3155 895 3172 ‚,
908 3137 1077 3174 ‹mtstirpihuo
1116 3136 1199 3168 rianae
1206 3135 1344 3168 editionis.

1122 2449 1323 2484 continerentur]
1345 2451 1409 2477 Non
1420 2450 1523 2486 possum
1534 2448 1629 2476 habere
1638 2448 1704 2475 hanc
1714 2448 1869 2484 scripturam
1881 2457 1928 2483 pro
1940 2456 2000 2473 vera
2012 2466 2020 2478 ‚
2030 2446 2088 2473 dif-

1120 2484 1237 2512 famaiite
1248 2495 1303 2513 eam
1316 2485 1375 2512 mss.
1386 2487 1536 2513 nostrorum
1548 2484 1688 2520 quadriga,
1701 2493 1760 2511 nam
1772 2485 1827 2510 Pal.
1839 2493 1880 2519 pr.
1891 2484 1918 2509 ὃ(
1931 2482 2006 2509 P.ser
2013 2491 2085 2514 vaur,

1117 2531 1167 2555 quae
1176 2520 1191 2547 ἂ
1202 2529 1269 2548 terre
1280 2524 1397 2555 stirpibus
1406 2525 1563 2549 continemur.
1584 2529 1632 2546 nec
1642 2520 1720 2547 aliter
1730 2520 1779 2546 ste.
1799 2520 1844 2545 nili
1857 2518 1925 2555 quod
1938 2519 1958 2544 is
1979 2518 1995 2544 ἃ
2006 2526 2084 2545 terra,

1118 2556 1218 2584 omiffis
1229 2565 1323 2584 ceteris
1335 2558 1457 2585 omnibus
1469 2578 1478 2591 ,
1497 2566 1554 2593 quae
1565 2555 1640 2583 olent
1658 2555 1782 2592 pi⁴0fe5to
1792 2554 1880 2581 ibrdes
1899 2555 2081 2582 librariorum,

1119 2593 1194 2620 nolui
1205 2601 1292 2621 tamen
1303 2594 1407 2630 aliquid
1417 2595 1476 2622 heic
1486 2603 1528 2621 mu
1534 2601 1590 2621 tare
1602 2612 1611 2625 ‚
1631 2592 1702 2628 quod
1713 2593 1740 2618 &
1753 2591 1889 2627 vulgatum
1900 2590 2083 2627 repraesentas-

1096 2621 1098 2630 ’
1120 2629 1158 2656 set
1168 2630 1200 2656 P.
1214 2630 1361 2658 vium-ius.

1154 2664 1182 2692 8.
1201 2669 1280 2701 quue
1292 2667 1389 2700 saeptum
1402 2669 1476 2702 fingit
1494 2667 1596 2692 animal.
1607 2664 1621 2699 ]
1646 2664 1753 2691 Excuffi
1775 2664 1919 2700 praecipuas
1939 2663 2091 2698 editiones,

1117 2709 1226 2738 eratque
1237 2704 1264 2730 in
1275 2703 1398 2730 omnibus
1415 2704 1502 2730 isthaec
1520 2701 1603 2728 leetio
1614 2721 1622 2734 ‚
1644 2710 1730 2737 neque
1748 2700 1858 2727 abibant
1874 2699 2035 2727 mis-nostri.
2054 2706 2088 2727 a:

1117 2747 1170 2765 non
1182 2737 1260 2766 video
1270 2748 1316 2765 cui·
1327 2749 1378 2766 non
1390 2740 1479 2776 potius
1489 2738 1598 2764 rescribi
1609 2736 1705 2764 debeat
1715 2744 1818 2770 caeptum.
2073 2755 2078 2759 .

1152 2782 1181 2809 9.
1201 2778 1234 2800 Et
1243 2777 1287 2801 lm
1296 2779 1373 2801 onmia
1383 2777 1423 2809 ff
1432 2783 1511 2808 opera,
1522 2774 1589 2808 elya]
1612 2773 1729 2800 Verbum
1740 2773 1900 2809 postremum
1912 2771 2008 2798 inserui
2018 2780 2082 2807 pen

1116 2809 1200 2837 suasus
1212 2812 1227 2838 ii
1239 2811 1295 2838 mss'.
1308 2812 1401 2838 nostris
1413 2812 1553 2837 minimum
1564 2810 1608 2836 sex
1620 2819 1630 2842 5
1652 2808 1808 2837 adservante
1824 2809 1890 2835 item
1902 2808 2022 2836 editione
2031 2808 2086 2835 vi-

1095 2841 1097 2851 '
1117 2846 1249 2880 (storiam,
1261 2847 1294 2874 sic
1305 2848 1358 2883 legi
1369 2847 1396 2874 in
1408 2847 1483 2873 libris
1496 2846 1614 2873 vetustis.

1156 2892 1199 2910 10.
1219 2884 1292 2919 Usque
1302 2885 1335 2909 ad
1345 2893 1396 2909 eum
1402 2885 1486 2918 finem,
1497 2883 1552 2908 dum
1558 2883 1670 2916 pffntse
1678 2882 1730 2916 ipsa
1739 2881 1883 2915 deftndere]
1905 2879 2004 2908 Nestio
2011 2888 2089 2916 quoe

1118 2919 1199 2947 modo
1209 2920 1278 2956 quasi
1288 2919 1476 2957 supervacanea
1486 2918 1626 2945 videantur
1637 2917 1696 2949 illa,
1707 2919 1742 2944 ad
1749 2927 1800 2943 eum
1811 2920 1896 2951 finem».

1156 2965 1167 2982 1
1176 2965 1199 2983 x.
1210 2960 1238 2983 ln
1247 2965 1318 2991 quam
1332 2956 1460 2990 quotannis·
1471 2956 1539 2988 quast
1548 2963 1631 2986 novas,
1641 2954 1707 2988 &·c.]
1722 2954 1810 2980 Habet
1821 2952 1969 2986 Victorius,
1980 2952 2086 2990 reperi-

1117 2993 1205 3027 quein
1217 2993 1301 3019 tribus
1313 2992 1380 3018 Pall.
1392 2999 1532 3026 quotannos.
1553 2990 1619 3017 adeo
1629 2997 1659 3018 ut
1670 2989 1845 3017 revocandum
1860 2989 1992 3017 videatur.

1157 3036 1199 3054 12.
1219 3030 1270 3055 Vim
1283 3027 1668 3062 fiminumftumentifimilium]
1699 3027 1758 3053 Vox
1776 3025 1906 3063 postrema
1927 3035 1979 3052 non
1998 3025 2034 3052 est
2053 3024 2081 3051 in

1117 3063 1182 3089 Aldi
1196 3065 1278 3100 patris
1289 3063 1417 3090 editione.
1438 3063 1594 3100 posteriores
1605 3061 1767 3090 admiserunt
1780 3082 1788 3094 ‚
1808 3061 1851 3089 sed
1860 3061 1968 3089 admissa
1977 3061 2084 3096 insuper

1117 3098 1217 3135 syllaba
1227 3101 1265 3131 &a
1286 3100 1458 3141 qiianimodo
1476 3100 1543 3139 ejeci
1561 3099 1728 3132 aunei-itate
1742 3098 1812 3129 Pau.
1831 3098 1916 3128 trium
1936 3099 1966 3126 Sc
1987 3097 2088 3126 victo--

1995 3163 2078 3197 ῑςῖῗὸφ
