2295 3400
189 125 288 174 206
597 123 1105 172 MsTuner

187 215 223 236 eo
234 203 420 247 potiffimum
432 213 576 245 tempore,
592 203 661 234 cum
675 202 789 233 ibidem
800 199 891 233 ess'ent
900 201 961 232 duo
971 200 1146 232 adolescen-

190 257 232 278 tes
245 247 299 278 filii
311 269 319 282 ,
343 250 394 289 qui
407 247 556 277 &sentire
566 266 573 279 ,
598 246 630 275 &
641 244 800 275 defendere
818 243 905 274 facile
922 241 1061 282 possent?
1083 250 1143 272 erat

190 289 281 330 porro
292 299 384 320 nemo
394 310 401 323 ,
412 291 443 318 in
453 299 544 329 quem
553 298 584 317 ea
593 287 719 327 suspicio
730 288 916 316 conveniret.
939 288 1060 315 Tamen
1069 282 1142 315 cum

189 332 312 371 planum
326 331 474 366 iudicibus
482 329 552 359 ess'et
559 328 674 359 fastum
685 349 693 362 ‚
704 336 796 367 aperto
805 326 867 363 ostio
876 327 1045 356 dormienteis
1054 337 1094 356 eos
1105 335 1146 354 re-

187 381 279 414 pertos
287 371 335 410 effe
342 384 352 399 .·
365 372 475 409 iudicio
486 371 611 401 absoluti
619 371 829 403 adolescentes,
840 369 872 399 &
882 369 1048 409 suspicione
1056 368 1146 399 ornni

191 415 307 445 liberati
318 415 395 444 sunt.
421 416 524 443 Nesto
542 422 632 442 ENIM
654 411 786 452 putabat,
797 420 981 452 quemquam
991 409 1048 441 este
1062 431 1070 444 ,
1081 411 1146 452 qui,

191 455 263 486 cum
275 458 380 486 omnia
390 455 492 485 divina
504 475 512 487 ,
530 463 616 495 atque
627 455 828 493 humanajura
838 453 944 483 scelere
953 452 1067 483 nefario
1078 453 1148 493 pol-

191 496 292 527 luiss'et
301 518 308 531 ‚
333 498 475 527 somnum
494 496 592 527 statim
608 505 709 536 capere
727 493 883 535 potuisset:
903 503 1056 535 propterea
1065 494 1149 536 quod

192 541 244 580 qui
256 548 371 569 tantum
379 537 496 569 facinus
504 539 800 571 commiserunt,non
811 535 906 567 modo
919 536 979 566 sine
987 547 1055 567 cura
1064 539 1149 577 quie-

131 583 178 616 24
195 582 271 611 scere
285 601 292 613 ‚
306 580 353 611 sed
364 590 401 610 ne
412 581 518 620 spirare
526 580 650 621 quidem
661 579 722 609 sine
733 588 817 609 metu
827 577 956 619 possunt.
980 578 1147 611 Videtisne,

194 633 270 664 quos
281 622 370 652 nobis
385 624 481 662 po'e'tae
493 621 692 656 tradiderunt,
710 623 799 661 patris
808 620 970 650 ulciscendi
982 620 1064 650 causa
1080 621 1148 660 sup-

190 666 318 705 plicium
328 663 364 694 de
376 673 468 694 matre
478 662 619 697 sumsisse,
630 662 703 694 curn
711 663 872 703 praesertim
881 661 1008 692 deorum
1019 664 1149 692 immor-

192 706 299 736 talium
308 704 390 745 juffis
402 726 410 739 ,
424 715 510 747 atque
520 705 634 735 oraculis
645 704 768 744 idfeciſje
777 704 908 733 dicantur
919 724 926 736 ,
940 712 1040 734 tamen
1054 713 1086 733 ut
1096 713 1148 733 eos

191 737 301 790 agiteent
312 746 397 778 furiae
407 767 415 781 ,
430 757 526 788 neque
535 745 691 777 consistere
701 747 822 787 usquam
832 747 997 785 patiantur,
1015 744 1096 785 quod
1112 756 1150 775 ne

192 831 284 861 dices.
308 833 470 861 MAGNAM
490 841 558 861 vtM
575 851 583 865 ,
608 839 748 870 magnam
768 827 985 861 necessitatem,
1010 838 1150 868 magnam

192 871 317 912 possidet
325 873 506 914 religionem
515 882 652 913 paternus
662 892 670 905 ‚
681 871 888 910 maternusque
900 870 1014 911 sanguis
1025 879 1030 898 :
1041 880 1079 899 ex
1090 879 1150 910 quo
1173 872 1174 881 ¹

192 912 211 944 si
223 925 280 955 qua
291 916 406 945 macula
423 923 568 954 concepta
585 913 645 947 cst,
670 918 678 932 ¹
692 923 755 942 non
773 911 868 941 modo
884 911 944 940 elui
961 921 1025 940 non
1043 910 1150 950 potest.

192 955 300 986 verum
313 957 404 997 usque
419 955 456 986 eo
475 965 626 996 permanat
641 955 675 985 ad
685 956 822 984 animum
836 974 843 986 ‚
867 961 899 983 ut
909 953 1047 982 summus
1056 952 1150 986 furor,

190 1006 280 1039 atque
291 1000 421 1028 amentia
429 1008 486 1027 con
492 998 633 1038 sequatur.
659 997 764 1026 Nolite
774 997 858 1024 enirn
869 1003 968 1034 putare
980 1013 988 1027 ‚
1008 994 1153 1035 quemad-

195 1039 324 1070 modurn
334 1042 367 1069 in
376 1039 484 1069 fabulis
504 1036 710 1079 saepenumero
720 1036 829 1067 videtis
846 1057 853 1069 ,
878 1046 948 1070 eOS,
972 1038 1023 1076 qui
1039 1035 1152 1076 aliquid

195 1081 291 1122 impie
303 1101 311 1115 ,
336 1082 530 1121 scelerateque
550 1079 761 1110 commiserint
772 1098 780 1112 ,
803 1079 922 1120 agitari,
948 1078 980 1107 δε
999 1079 1153 1117 perterreri

193 1124 346 1153 Furiarum
362 1123 430 1152 tadu
440 1121 608 1151 ardentibus.
647 1124 715 1151 SUA
736 1129 906 1160 Qi-:MQE
925 1118 1023 1153 fraus,
1044 1119 1154 1149 &suus

194 1174 287 1195 terror
297 1166 434 1195 maxime
444 1173 546 1194 vexat:
567 1164 653 1194 suum
664 1172 814 1203 quemque
825 1162 915 1191 scelus
924 1163 1029 1202 agitat,
1049 1171 1153 1190 amen-

194 1208 294 1247 tiaque
304 1205 396 1236 afficit
409 1216 414 1234 :
432 1206 490 1236 suae
500 1205 585 1236 malae
596 1206 790 1246 cogitationes
804 1224 812 1236 ,
829 1203 1078 1243 conscientiaeque
1087 1204 1153 1232 ani-

198 1249 242 1278 rni
252 1257 370 1278 terrent.
393 1248 439 1278 hae
450 1248 518 1278 sunt
527 1249 630 1287 impiis
641 1244 757 1276 affiduae
767 1266 775 1279 ‚
796 1244 1027 1285 domesticaeque
1039 1246 1132 1274 Furiae
1147 1255 1152 1273 z

195 1300 263 1330 quae
273 1289 335 1320 dies
347 1309 355 1324 ,
377 1288 550 1330 nocteisque
561 1297 718 1329 parentum
729 1297 831 1327 poenas
841 1286 856 1316 a
867 1284 1153 1316 consceleratissimis

195 1331 266 1362 filiis
278 1339 417 1371 repetant.
441 1333 514 1361 Haec
525 1329 700 1372 magnitudo
711 1327 852 1359 maleficii
864 1327 942 1362 facit,
957 1337 990 1357 ut
1004 1326 1059 1357 nisi
1068 1327 1153 1367 paene

196 1372 391 1403 manifestum
401 1372 595 1413 parricidium
607 1369 910 1411 profei·atur‚credibil'e
919 1369 1082 1410 nonsit-nifi
1094 1378 1155 1398 tur-

195 1417 242 1456 pis
251 1415 448 1445 adolescentia
458 1434 466 1448 ,
486 1412 539 1444 nisi
551 1413 696 1443 omnibus
707 1412 826 1454 flagitiis
837 1413 897 1442 vita
907 1413 1061 1452 inquinata
1071 1431 1078 1445 ,
1099 1410 1154 1440 nifi

196 1457 313 1488 suimus
324 1455 406 1486 effusi
425 1466 496 1486 curn
506 1456 616 1496 probro
628 1475 637 1489 ‚
660 1464 746 1496 atque
764 1453 907 1484 dedecore
918 1473 925 1487 ,
949 1452 1004 1483 nisi
1015 1461 1153 1492 prorupta

197 1498 317 1529 aifflacia
330 1518 338 1532 ,
363 1497 418 1528 nisi
429 1507 507 1528 tanta
529 1499 677 1527 temeritas
696 1516 704 1530 ‚
728 1504 761 1525 ut
772 1505 835 1525 non
844 1495 1109 1535 proculabhorreat
1119 1494 1155 1524 ab

197 1541 321 1570 insania.
346 1539 471 1570 Accedat
489 1541 548 1569 huc
559 1547 675 1579 oportet
684 1538 790 1568 odium
800 1538 946 1577 parentis,
967 1536 1154 1566 animadver-

199 1581 290 1612 sionis
300 1590 426 1622 paternae
437 1591 554 1614 metuS,
571 1582 661 1610 amici
672 1579 804 1620 improbi
815 1600 823 1614 ,
843 1579 918 1609 servi
927 1579 1039 1609 conscii
1050 1599 1057 1611 ‚
1077 1587 1156 1608 tem—

196 1634 251 1664 pus
261 1623 406 1654 idoneum
422 1644 430 1657 ,
456 1624 538 1653 locus
548 1623 716 1663 opportune
727 1630 827 1661 captus
838 1620 872 1651 ad
883 1631 948 1651 eam
959 1630 1022 1650 rem
1040 1631 1046 1650 t
1071 1630 1154 1660 paene

196 1666 294 1696 dicam
306 1686 314 1699 ,
338 1665 479 1705 respersas
495 1674 601 1695 manus
616 1665 758 1705 sanguine
772 1672 894 1703 paterno
901 1662 1017 1703 judices
1034 1663 1154 1692 videant

196 1716 313 1747 oportet
323 1728 331 1741 ,
356 1706 376 1736 fi
386 1715 503 1737 tanturn
514 1706 646 1739 facinus,
673 1715 735 1736 tarn
749 1707 882 1735 immane
897 1725 905 1738 ,
930 1713 990 1734 tam
1001 1704 1152 1736 acerbum,

197 1749 337 1780 credituri
348 1747 412 1778 sint.
435 1751 531 1789 Qare
550 1748 607 1778 hoc
619 1768 627 1780 ‚
653 1748 827 1789 quominus
845 1745 887 1776 est
905 1745 1052 1777 credibile*
1065 1766 1074 1779 ,
1098 1744 1154 1775 nisi

196 1789 364 1821 ostenditur
383 1801 388 1819 :
411 1800 448 1820 eo
467 1791 561 1831 magis
573 1789 633 1823 est,
660 1789 681 1818 fi
693 1790 881 1819 convincitur
893 1809 901 1821 ‚
925 1787 1153 1818 vindicandum.

136 1837 180 1869 25
197 1835 300 1873 Itaque
310 1831 380 1862 cum
392 1832 498 1862 multis
507 1842 544 1861 ex
554 1831 641 1861 rebus
651 1831 781 1872 intelligi
791 1829 896 1870 potest,
917 1832 1073 1868 MAJORES
1096 1839 1153 1858 No-

201 1884 298 1905 srnos
316 1884 378 1904 non
397 1873 491 1903 modo
503 1875 594 1903 armis
608 1873 675 1913 plus
685 1892 693 1906 ,
705 1873 795 1913 quam
806 1881 914 1902 ceteras
925 1874 1061 1901 nationes
1072 1891 1080 1905 ‚
1101 1881 1155 1901 ve-

200 1916 270 1947 rum
283 1917 372 1946 etiam
382 1914 508 1946 consilio
519 1916 718 1955 sapientiaque
724 1912 852 1954 potuisse
864 1925 870 1943 2
886 1923 951 1943 tum
960 1923 997 1943 ex
1006 1914 1097 1943 haere
1108 1913 1156 1943 vel

200 1957 337 1988 maxime
348 1978 356 1991 ‚
369 1956 451 1999 quod
462 1959 494 1987 in
505 1958 616 1996 impios
625 1955 768 1997 singulare
778 1956 955 1995 supplicium
964 1957 1156 1985 invenerunt.

198 2010 256 2040 qua
266 2002 298 2029 in
309 2010 338 2029 re
346 2008 491 2040 quantum
502 1998 661 2038 prudentia
670 1996 858 2038 praestiterint
868 1999 904 2026 iis
916 2017 923 2030 ,
935 1999 987 2038 qui
997 1996 1072 2037 apud
1080 2006 1159 2026 cete-

195 2051 244 2072 ros
257 2038 553 2081 sapientiffimifuiss'e
563 2040 705 2070 dicuntur
715 2060 724 2073 ‚
745 2038 933 2069 considerate.
968 2036 1159 2069 Prudentiffi-

202 2093 252 2113 ma
259 2085 364 2112 civitas
374 2080 603 2112 Atheniensium
613 2101 622 2115 ,
642 2081 714 2111 dum
732 2091 766 2111 ea
775 2091 875 2110 rerum
887 2082 981 2120 potita
991 2080 1034 2110 est
1044 2100 1052 2114 ,
1072 2078 1160 2110 fuiss'e

202 2123 336 2154 traditur.
359 2125 424 2164 ejus
443 2122 534 2164 porro
553 2125 679 2154 civitatis
700 2121 943 2162 sapientissimum
955 2123 1100 2152 Solonem
1112 2121 1161 2152 di-

204 2175 277 2196 cunt
286 2164 373 2195 fuiss'e
385 2185 392 2199 ‚
403 2175 474 2195 eum
486 2185 494 2199 ,
506 2167 557 2206 qui
568 2166 646 2206 leges
656 2185 663 2198 ,
676 2165 786 2205 quibus
795 2163 884 2194 hodie
895 2174 1015 2204 quoque
1024 2172 1159 2196 utuntur,

203 2208 359 2247 scripserit.
382 2209 411 2236 Is
426 2217 496 2237 cum
507 2210 736 2248 interrogaretur
750 2225 758 2238 ,
779 2206 834 2235 fur
849 2206 970 2235 nullum
981 2206 1160 2244 supplicium

209 2247 446 2279 constituiffetin
456 2258 526 2278 eum
537 2268 545 2282 ,
564 2250 775 2289 quiparentem
786 2245 928 2278 necafi'et,
947 2246 1114 2286 respondit,
1134 2246 1164 2285 se

208 2290 240 2320 iel
249 2291 383 2320 neminem
393 2288 668 2331 fassurumpusaſjk.
692 2290 844 2328 Sapienter
851 2286 949 2317 fecisse
960 2287 1079 2320 dicitur,
1090 2286 1161 2317 cum

202 2332 239 2363 de
251 2342 288 2362 co
303 2332 381 2362 nihil
390 2333 518 2361 sanxerit
529 2352 537 2365 ,
558 2330 640 2372 quod
649 2329 734 2360 antea
743 2328 940 2360 commiss'um
957 2339 1022 2359 non
1031 2338 1091 2358 erat
1100 2349 1108 2362 ,
1124 2339 1162 2358 ne

207 2382 340 2404 nontam
350 2372 490 2414 prohibere
502 2394 510 2406 ,
521 2374 612 2414 quam
621 2371 763 2400 admonere
772 2371 931 2401 videretur.
942 2380 1054 2411 quanto
1066 2371 1163 2411 majo-

204 2425 250 2446 res
260 2414 352 2445 nostri
363 2413 524 2455 sapientius
536 2417 547 2444 ?
569 2416 622 2455 qui
634 2413 706 2443 cum
717 2413 918 2455 intelligerent
928 2433 935 2446 ,
960 2415 1072 2442 Nmn.
1091 2422 1164 2442 Essa

204 2466 265 2488 tam
275 2456 411 2487 sane'ium
424 2477 432 2490 ‚
455 2456 536 2498 quod
547 2466 610 2486 non
620 2455 781 2496 aliquando
791 2455 916 2484 violaret
928 2454 1047 2485 audacia
1063 2474 1071 2488 ‚
1096 2455 1164 2494 sup·

205 2499 331 2540 plicium
343 2501 375 2529 in
384 2498 540 2538 parricidas
551 2497 692 2539 singulare
701 2498 946 2538 excogitaverunt
957 2507 962 2525 :
973 2505 1015 2530 ut,
1025 2506 1102 2537 quos
1112 2506 1164 2525 na-

207 2550 269 2571 tura
288 2541 348 2580 ipsa
357 2542 483 2570 retinere
499 2542 532 2569 in
540 2538 645 2569 officio
661 2549 726 2568 non
742 2536 883 2578 potuisset
894 2540 944 2571 ,'ii
955 2537 1162 2578 magnitudine

209 2592 307 2622 poenae
321 2602 329 2614 ‚
343 2580 491 2612 maleficio
506 2582 778 2612 summoverentur.
800 2580 879 2610 insui
890 2580 1051 2609 voluerunt
1066 2582 1098 2609 in
1114 2590 1166 2609 cu—

143 2623 188 2655 26
208 2627 290 2654 leum
301 2625 406 2656 vivos,
425 2631 512 2664 atque
531 2625 570 2653 ita
584 2625 617 2652 in
635 2621 753 2652 flumen
771 2621 870 2661 dejici.
896 2620 1108 2662 Osingularem
1121 2621 1164 2651 sa-

207 2667 353 2706 pientiam
366 2685 373 2698 ,
395 2665 511 2704 judices
534 2667 538 2693 !
563 2667 687 2694 Nouus
704 2673 881 2695 vinENTUR
902 2665 984 2693 hunc
1001 2663 1163 2692 hominem

206 2718 245 2738 ex
256 2717 356 2737 rerum
366 2715 468 2736 natura
482 2705 628 2736 sustuliss‘e
639 2706 671 2736 δε
683 2704 820 2746 eripuisse
830 2726 838 2739 ‚
857 2706 905 2734 cui
914 2704 1034 2745 repente
1044 2705 1162 2737 caelum,

207 2749 301 2780 solem
315 2770 322 2782 ,
336 2758 441 2789 aquam
455 2768 463 2781 ‚
475 2757 581 2779 terram
606 2758 640 2777 ue
650 2748 843 2780 ademerunt,
855 2755 904 2780 ut,
915 2749 967 2787 qui
977 2757 1047 2776 eum
1066 2746 1165 2776 necas-

211 2791 251 2821 set
262 2811 269 2824 ,
289 2789 369 2820 unde
380 2790 440 2831 ipse
460 2799 544 2820 natus
559 2801 573 2819 e
602 2799 630 2819 et
641 2810 649 2823 ‚
670 2791 825 2819 careretiis
841 2789 928 2818 rebus
938 2788 1084 2818 omnibus
1096 2808 1104 2822 ‚
1125 2797 1162 2817 ex

208 2833 318 2873 quibus
329 2834 433 2862 omnia
443 2841 510 2862 nata
518 2830 575 2861 e'ss'e
592 2832 733 2861 dicuntur
752 2834 762 2860 ?
785 2831 960 2861 Noluerunt
970 2829 1041 2860 feris
1058 2839 1164 2869 corpus

207 2874 339 2912 objicere
351 2894 358 2907 ,
372 2884 409 2903 ne
420 2872 521 2903 bestiis
538 2883 657 2914 quoque
666 2894 673 2906 ,
686 2883 751 2913 quae
762 2881 878 2902 tantum
888 2872 981 2902 scelus
991 2869 1162 2913 attigissent,

207 2915 441 2945 immanioribus
454 2924 612 2945 uteremur:
621 2925 684 2945 non
695 2914 733 2945 sic
745 2914 844 2945 nudos
854 2916 887 2944 in
898 2912 1014 2943 flumen
1023 2913 1161 2953 dejicere,

248 3056 270 3073 i.
289 3050 341 3072 Non
360 3047 483 3085 mndoflui
501 3056 545 3072 non
560 3047 658 3080 potest]
673 3046 878 3075 mimum-um
892 3066 900 3079 ,
919 3049 998 3073 leniri.
1018 3045 1089 3083 quod
1100 3048 1127 3074 St
1138 3047 1165 3073 iii

207 3082 344 3109 nonnullis
356 3082 412 3108 mss.
424 3082 464 3108 led
475 3083 519 3108 alii
532 3084 588 3108 levi.
610 3082 666 3108 Pal.
678 3092 741 3108 vero
752 3093 792 3119 pr.
803 3087 864 3110 emi.

245 3127 273 3144 ι..
293 3123 366 3144 'terra
376 3128 419 3143 non
429 3125 514 3151 tangat
525 3121 576 3143 :ita
585 3119 634 3148 εἴγε.
646 3120 801 3153 abluantur]
814 3121 854 3145 lta
865 3117 933 3145 Pali.
944 3117 1005 3144 edd.
1017 3126 1084 3145 vett.
1096 3120 1170 3146 Con-

206 3155 309 3190 jecerat
318 3155 345 3181 iii
357 3157 464 3184 Corum.
477 3154 509 3183 ad
519 3154 663 3183 Oratorem
676 3151 845 3184 Hotomanus
857 3173 866 3187 ,
885 3161 973 3182 terram
991 3165 1035 3181 non
1053 3161 1155 3190 tangant
1167 3165 1173 3180 :
1189 3181 1193 3190 ⁵

1171 781 1172 786 ¹
1191 744 1323 785 praeess'et
1334 756 1338 774 :
1350 754 1451 776 tamen
1461 744 1635 786 diligentius
1647 765 1655 778 ,
1667 746 1852 786 paratiusque
1861 743 1998 775 venisses.
2022 745 2151 780 Utrum,

192 799 232 829 pii
243 789 366 830 quidem
377 788 436 819 fine
446 789 552 820 scelere
562 787 620 818 effe
633 790 816 828 potuerunt?
838 789 884 817 Sic
895 787 922 816 se
933 797 977 816 res
989 788 1091 819 habet,
1104 788 1150 825 ju-
1171 787 1172 794 ¹

1185 120 1718 177 Cecnuou1s

1186 211 1224 232 ne
1234 222 1242 236 ‚
1261 200 1333 233 ciii-n
1344 200 1434 233 delati
1449 199 1542 232 essent
1550 203 1583 232 in
1593 210 1672 232 mare
1680 220 1689 235 ,
1709 200 1806 242 ipsum
1816 199 2005 242 polluerent,
2026 210 2088 244 quo
2096 204 2151 234 ced

1187 252 1246 274 tera
1255 263 1264 278 ,
1274 254 1339 285 quae
1346 244 1456 274 violata
1464 245 1540 278 sunt,
1554 245 1666 283 expiari
1673 252 1822 283 putantur.
1845 245 1986 284 Denique
1996 245 2076 279 nihil
2086 253 2148 279 tam

1187 286 1248 316 vile
1258 306 1267 320 ‚
1291 296 1388 327 neque
1400 294 1461 316 tam
1470 285 1589 327 vulgare
1601 284 1643 314 est
1662 305 1670 318 ,
1693 285 1777 324 cujus
1787 293 1901 326 partem
1914 286 2008 316 ullam
2017 286 2151 327 relique-

1189 329 1258 358 rint.
1278 330 1392 358 etenim
1409 327 1482 368 quid
1493 335 1553 357 tam
1565 326 1607 356 est
1617 336 1801 361 commune,
1822 326 1913 368 quam
1925 327 2043 366 spiritus
2061 328 2150 363 vivis.

1195 377 1268 399 terra
1277 370 1390 399 mortuis
1400 388 1408 403 ‚
1427 379 1505 398 mare
1509 367 1723 406 flua‘suanribus
1736 389 1745 402 ,
1769 369 1837 398 [triu
1847 367 1954 408 ejec‘bu?
1976 372 2022 400 Ita
2028 371 2151 404 vivunt.

1195 411 1269 441 dum
1280 410 1420 451 possunt,
1445 419 1478 441 ut
1487 411 1591 440 ducere
1602 412 1736 440 animam
1746 410 1783 441 de
1792 412 1870 441 coelo
1881 421 1945 441 non
1954 420 2064 452 queant
2083 422 2089 440 :
2111 413 2155 445 ita

1194 456 1368 483 moriuntur
1379 473 1387 486 ,
1402 461 1435 483 ut
1445 462 1551 482 eorum
1562 450 1623 482 offa
1644 454 1658 472 ²
1675 461 1748 483 terra
1756 462 1821 483 non
1829 461 1927 494 tangat
1938 463 1943 482 :
1960 456 2000 483 ita
2005 452 2155 493 jactantur

1192 494 1334 525 fluctibus
1347 515 1355 528 ‚
1368 504 1401 524 ut
1409 504 1567 535 nunquam
1577 494 1750 524 abluantur:
1769 496 1809 524 ita
1817 493 1970 534 postremo
1980 495 2005 535 ej
2010 496 2154 530 iciuntur,

1193 546 1225 567 ut
1235 548 1272 566 ne
1281 536 1315 567 ad
1328 537 1393 567 saxa
1401 536 1525 577 quidem
1535 538 1648 566 mortui
1658 537 1878 577 conquiescant.
1909 538 2003 566 Tanti
2012 536 2156 568 maleficii

1184 580 1308 608 crimen
1320 600 1328 612 ,
1341 580 1389 608 cui
1400 577 1550 608 maleficio
1567 586 1626 608 tam
1638 576 1750 618 insigne
1761 578 1940 618 supplicium
1949 577 1992 608 est
2008 578 2156 609 constitu-

1193 629 1259 650 tum
1270 640 1278 654 ‚
1301 621 1422 661 probare
1435 628 1462 650 te
1472 640 1480 654 ,
1504 621 1592 650 Eruci
1604 640 1611 653 ‚
1636 621 1736 649 censes
1753 618 1834 659 poffe
1846 619 1952 650 talibus
1966 621 2040 650 viris
2052 640 2060 654 ,
2084 619 2155 652 fine

1191 663 1308 692 causam
1319 662 1443 703 quidem
1462 660 1603 692 maleficii
1617 662 1776 701 protuleris
1795 664 1806 691 ?
1829 663 1860 692 Si
1869 663 1950 691 hunc
1959 662 2037 701 apud
2053 662 2158 692 bono·

1191 714 1259 734 rum
1277 713 1406 734 emtores
1424 704 1501 743 ipsos
1517 703 1681 737 accusares,
1710 705 1796 744 eique
1808 703 1926 743 judicio
1942 704 2156 745 Chrysogonus

1192 787 1265 827 quid
1283 796 1382 828 agatur
1391 807 1398 820 ‚
1418 797 1483 817 non
1494 787 1577 817 vides
1589 790 1600 815 Ρ
1619 797 1656 816 an
1674 786 1751 826 apud
1762 797 1836 827 quos
1845 796 1944 828 agatur
1963 789 1974 816 ?
1995 788 2114 828 ..Agitur
2122 787 2155 816 de

1190 829 1341 871 parricidio
1352 828 1453 869 :quod
1467 827 1526 859 sine
1536 828 1640 858 multis
1650 827 1740 859 caufis
1750 828 1856 869 suscipi
1864 839 1928 859 non
1937 828 2043 868 potest.
2064 828 2155 869 Apud

1195 871 1337 899 homines
1347 879 1447 900 autem
1458 869 1702 909 prudentissimos
1711 872 1823 911 agitur:
1839 872 1891 911 qui
1902 871 2076 912 intelligunt
2086 891 2094 904 ‚
2106 881 2154 901 ne-

1196 912 1299 940 minem
1316 922 1346 940 ne
1364 912 1515 940 minimum
1531 912 1644 953 quidem
1660 911 1893 953 maleficiumfine
1902 913 1985 951 cause'z
1993 912 2153 942 admittere.

1196 952 1266 983 Esto
1279 964 1284 982 :
1296 954 1412 983 causam
1424 953 1555 992 proferre
1564 963 1628 983 non
1636 964 1730 994 potes.
1754 953 1868 984 tametsi
1878 953 1976 984 statim
1987 953 2090 984 vicisse
2101 954 2154 985 de·

1197 994 1253 1025 beo
1265 1014 1272 1028 ,
1297 1003 1398 1024 tamen
1418 995 1454 1025 de
1466 1005 1536 1025 ineo
1549 996 1615 1035 jure
1623 995 1765 1025 decedam
1786 1006 1791 1025 :
1815 995 1848 1026 δε
1857 996 1932 1028 tibi,
1955 996 2037 1036 quod
2055 998 2088 1026 in
2097 996 2154 1028 alia

1198 1037 1280 1066 causa
1290 1047 1354 1066 non
1362 1037 1558 1067 concederem
1570 1057 1578 1070 ‚
1591 1039 1622 1067 in
1636 1038 1689 1067 hac
1700 1038 1864 1068 concedam
1876 1058 1884 1070 ,
1904 1036 1996 1067 fretus
2006 1039 2096 1076 hujus
2104 1039 2155 1068 in-

1197 1080 1345 1108 nocentia.
1369 1081 1444 1109 Non
1452 1089 1552 1119 quaero
1570 1078 1623 1108 abs
1639 1087 1667 1109 te
1677 1098 1686 1112 ‚
1708 1089 1796 1119 quare
1806 1088 1920 1119 patrem
1930 1082 2012 1109 Sext.
2025 1080 2155 1110 Roscius

1195 1119 1338 1150 occiderit
1354 1130 1360 1148 z
1376 1130 1476 1161 quaero
1486 1140 1494 1153 ‚
1515 1120 1647 1161 quomodo
1660 1120 1799 1150 occiderit.
1824 1124 1868 1150 Ita
1883 1130 1984 1161 quaero
1992 1120 2042 1150 abs
2052 1128 2080 1150 te
2090 1141 2099 1155 ,
2109 1123 2155 1152 *C-

1198 1163 1286 1191 Eruci
1298 1181 1305 1195 ‚
1321 1162 1478 1201 quomodo
1491 1172 1496 1190 2
1517 1163 1549 1192 ὃς
1560 1161 1598 1191 sic
1609 1170 1707 1192 tecum
1719 1173 1802 1203 agam
1813 1183 1820 1196 ,
1840 1170 1874 1192 ut
1882 1164 1915 1191 in
1924 1172 1961 1191 eo
1971 1162 2039 1192 loco
2047 1162 2097 1193 vel
2106 1172 2155 1192 re·-

1196 1203 1380 1243 spondendi,
1400 1203 1448 1233 vel
1466 1203 1675 1243 interpellandi
1692 1204 1748 1233 tibi
1765 1203 1939 1244 potestatem
1956 1202 2064 1234 faciam
2075 1223 2084 1237 ‚
2101 1203 2152 1234 vel

1196 1247 1285 1275 etiarn
1298 1265 1305 1277 ‚
1318 1243 1339 1274 fi
1348 1244 1420 1285 quid
1428 1245 1512 1275 voles
1523 1264 1531 1278 ,
1543 1245 1754 1285 interrogandi.
1777 1245 1943 1287 Qomodo
1951 1245 2063 1276 occidit
2072 1249 2082 1275 ?
2091 1246 2155 1285 ipse

1197 1284 1333 1328 percussit
1342 1306 1350 1319 ,
1360 1296 1398 1316 an
1408 1287 1473 1316 aliis
1483 1286 1684 1316 occidendum
1695 1286 1797 1316 dedit?
1816 1289 1846 1317 Si
1855 1287 1953 1327 ipsum
1963 1289 2057 1328 arguis
2068 1307 2076 1321 ‚
2087 1289 2154 1318 Ro-

1199 1338 1256 1358 mae
1265 1338 1329 1358 non
1338 1327 1404 1358 fuit.
1429 1326 1450 1357 fi
1464 1338 1515 1368 per
1527 1329 1601 1358 alios
1610 1326 1709 1358 fecisse
1720 1329 1795 1358 dicis
1805 1339 1810 1357 :
1819 1338 1920 1369 quaero
1932 1349 1940 1362 ,
1952 1329 2099 1363 servosne,
2112 1338 2152 1359 an

1199 1370 1331 1400 liberos?
1352 1380 1427 1410 quos
1445 1371 1606 1399 homines?
1627 1369 1805 1400 indidemne
1814 1372 1944 1404 Ameria,
1963 1380 2000 1400 an
2017 1371 2104 1401 hosce
2114 1379 2155 1402 ex

1196 1412 1267 1441 urbe
1280 1410 1394 1441 ficarios
1412 1413 1423 1439 ?
1443 1413 1474 1441 Si
1485 1413 1623 1442 Ameria:
1640 1413 1691 1452 qui
1703 1412 1832 1441 sunthi?
1850 1422 1976 1442 curnon
1986 1414 2154 1443 nominan-

1197 1463 1245 1484 tur
1255 1457 1265 1482 ?
1275 1452 1295 1483 si
1305 1456 1422 1483 Roma:
1433 1453 1513 1483 unde
1523 1463 1574 1483 eos
1585 1462 1707 1483 noverat
1717 1453 1854 1487 Roscius,
1865 1455 1917 1494 qui
1925 1456 2060 1484 Romam
2072 1454 2155 1484 mul·—

1197 1497 1233 1525 tis
1244 1497 1330 1526 annis
1341 1505 1405 1525 non
1419 1497 1522 1528 venit,
1542 1505 1640 1535 neque
1649 1505 1794 1535 umquam
1805 1495 1871 1535 plus
1889 1495 1988 1525 triduo
2005 1494 2084 1526 fuit?
2100 1495 2156 1527 ubi.

1202 1547 1254 1567 eos
1265 1536 1426 1567 convenit?
1436 1538 1561 1577 quicum
1573 1537 1690 1566 locutus
1699 1536 1753 1566 est?
1762 1536 1920 1577 quomodo
1929 1536 2078 1576 persuasit?
2088 1546 2158 1577 pre-

1199 1581 1278 1609 tium
1289 1578 1375 1608 dedit
1383 1579 1393 1604 ἓ
1401 1581 1450 1608 cui
1459 1578 1541 1608 dedit
1551 1579 1621 1618 ?per
1629 1588 1720 1619 quem
1729 1578 1829 1608 dedit?
1838 1577 1919 1608 unde
1929 1598 1937 1612 ,
1949 1587 1998 1609 aut
2006 1588 2154 1619 quantum.

1195 1621 1288 1651 dedit?
1299 1630 1403 1650 nonne
1412 1621 1459 1650 his
1466 1619 1598 1661 vestigiis
1605 1620 1643 1648 ad
1651 1628 1734 1662 caput
1742 1618 1877 1658 maleficii
1881 1620 2020 1660 perveniri
2023 1620 2108 1659 Jblet?
2120 1620 2156 1652 δε

1196 1661 1285 1692 simul
1295 1662 1351 1692 tibi
1361 1664 1394 1692 in
1411 1671 1547 1692 mentem
1566 1664 1685 1695 veniat,
1702 1661 1793 1693 facito
1805 1681 1814 1695 ,
1829 1661 2091 1703 quemadmodum
2107 1663 2159 1692 vi-

1195 1714 1256 1735 tam
1275 1704 1401 1744 hujusce
1417 1703 1608 1744 depinxeris:
1630 1704 1711 1734 hunc
1726 1705 1905 1737 hominem,
1927 1702 2027 1733 ferum
2038 1723 2047 1737 .
2070 1711 2158 1744 atque

1197 1745 1342 1787 agrestem
1351 1744 1448 1775 fuisse:
1459 1755 1626 1787 numquam
1639 1755 1711 1775 cum
1720 1747 1848 1775 homine
1859 1755 2012 1787 quoquam
2021 1745 2158 1775 collocu-

1200 1798 1264 1818 tum
1272 1787 1330 1817 efl'e
1341 1807 1348 1821 ‚
1371 1797 1539 1828 numquam
1549 1790 1582 1816 in
1592 1787 1704 1827 oppido
1722 1786 1895 1817 constitisse.
1928 1789 1994 1827 le
2002 1789 2035 1816 in
2045 1797 2075 1817 re
2083 1796 2161 1828 prae-

1197 1839 1276 1860 tereo
1284 1829 1360 1859 illud
1369 1849 1377 1863 ‚
1395 1829 1478 1871 quod
1489 1829 1566 1858 mihi
1577 1830 1717 1858 maximo
1733 1837 1909 1869 argumento
1919 1828 1955 1857 ad
1965 1829 2055 1864 huius
2065 1830 2161 1859 inno-

1197 1873 1325 1902 centiam
1336 1868 1450 1911 poterat
1460 1869 1515 1900 ess'e
1525 1890 1533 1904 ‚
1553 1871 1581 1899 in
1593 1868 1697 1906 rusticis
1704 1868 1826 1899 moribus
1837 1890 1845 1904 ,
1865 1872 1897 1900 in
1906 1869 1991 1900 victu
2002 1870 2085 1900 arido
2096 1890 2105 1904 ,
2123 1871 2159 1901 in.

1200 1915 1255 1944 hac
1266 1913 1385 1943 horrida
1395 1933 1403 1947 ,
1414 1913 1584 1953 incultaque
1592 1913 1651 1942 vita
1661 1911 1831 1942 istiusmodi
1840 1910 1988 1942 maleficia
2002 1913 2084 1953 gigni
2093 1921 2161 1943 non

1201 1956 1293 1986 solere
1306 1967 1315 1989 3
1338 1958 1388 1985 UT
1408 1965 1475 1985 NON
1496 1964 1620 1984 OMNEM
1630 1953 1760 1996 frugem,
1771 1963 1869 1994 neque
1878 1953 2015 1983 arborem
2025 1956 2059 1983 in
2069 1954 2160 1984 omni

1200 2007 1268 2038 agro
1285 1998 1411 2037 reperire
1429 1995 1517 2037 poffis
1529 2007 1534 2025 :
1561 1994 1599 2026 fic
1614 2005 1679 2025 non
1698 2005 1793 2025 omne
1809 1995 1925 2026 facinus
1944 1997 1978 2025 in
1996 1996 2084 2026 omni
2098 1996 2162 2028 vita

1201 2039 1339 2069 nascitur.
1364 2041 1400 2068 In
1412 2039 1484 2069 urbe
1494 2039 1627 2068 luxuries
1637 2046 1765 2067 creatur:
1786 2047 1825 2067 ex
1840 2038 1958 2067 luxuria
1967 2036 2084 2068 exsistat
2091 2046 2162 2067 ava·

1199 2083 1267 2111 ritia
1276 2079 1388 2110 neceffe
1398 2080 1441 2110 est
1461 2091 1466 2109 :
1490 2090 1528 2110 ex
1537 2081 1656 2110 avaritia
1663 2087 1799 2119 erumpat
1806 2078 1927 2108 audacia
1943 2089 1949 2107 ;
1971 2078 2043 2108 inde
2052 2080 2161 2109 omnia

1202 2123 1306 2153 scelera
1318 2142 1326 2155 ,
1346 2132 1378 2151 ac
1395 2120 1542 2152 maleficia
1559 2123 1730 2161 gignuntur.
1754 2121 1823 2149 Vita
1841 2129 1941 2150 autern
1960 2120 2024 2151 haec
2039 2119 2158 2154 rustica,

1201 2173 1291 2205 quam
1306 2172 1337 2193 tu
1347 2162 1490 2203 agrestem
1499 2172 1586 2192 vocas
1596 2181 1604 2195 ‚
1621 2160 1806 2201 parsimoniae
1815 2181 1824 2194 ,
1836 2161 1999 2203 diligentia:
2009 2182 2018 2195 ,
2033 2172 2044 2202 J
2050 2160 2159 2192 ustitiae

1203 2203 1337 2245 magistra
1346 2204 1399 2234 est.
1423 2203 1538 2233 Verum
1554 2204 1616 2233 haec
1627 2201 1713 2232 missa
1728 2201 1819 2232 facio.
1841 2203 1923 2233 Illud
1939 2213 2052 2244 quaero.
2065 2205 2090 2233 is
2101 2204 2159 2233 ho·-

1204 2256 1257 2275 mo
1266 2266 1273 2279 ,
1285 2248 1356 2286 qui,
1369 2253 1401 2275 ut
1410 2254 1470 2275 tute
1480 2244 1554 2276 dicis
1566 2265 1573 2278 ,
1584 2254 1738 2285 nunquam
1750 2246 1827 2274 inter
1835 2245 1977 2275 homines
1987 2244 2094 2278 fuerit,
2106 2254 2159 2285 per

1203 2297 1278 2329 quos
1295 2289 1436 2316 homines
1446 2288 1503 2316 hoc
1513 2295 1630 2317 tantum
1639 2286 1755 2316 facinus
1764 2306 1772 2319 ,
1790 2295 1852 2316 tam
1862 2287 2016 2316 occultum
2029 2307 2037 2321 ,
2055 2287 2162 2317 absens

1205 2329 1380 2370 praesertim,
1389 2327 1539 2358 conficere
1547 2330 1686 2368 potuerit.
1697 2328 1791 2357 multa
1802 2328 1869 2358 sunt
1876 2327 1957 2361 falsa,
1965 2329 2162 2369 judice82quae

1209 2380 1310 2401 tamen
1319 2371 1403 2410 argui
1407 2370 1553 2409 suspiciose⁴
1562 2368 1689 2409 pofl'unt.
1702 2371 1735 2398 in
1744 2370 1791 2399 his
1802 2370 1889 2399 rebus
1898 2368 1919 2398 fi
1928 2370 2056 2409 suspicio
2064 2379 2164 2410 reper-

1205 2421 1233 2443 ta
1249 2414 1320 2446 erit,
1339 2412 1456 2452 culpam
1468 2411 1560 2441 inefl'e
1570 2410 1744 2441 concedam.
1777 2413 1961 2442 RomaeSex.
1971 2412 2100 2442 Roscius
2110 2421 2164 2442 oc·-

1206 2454 1330 2487 cidirur,
1349 2453 1422 2484 curn
1439 2456 1471 2483 in
1485 2464 1553 2496 agro
1564 2455 1712 2483 Amerino
1722 2451 1792 2483 esset
1812 2452 1901 2483 filius.
1921 2454 2030 2483 litteras
2040 2473 2048 2488 ,
2060 2453 2161 2487 credo,

1207 2495 1287 2526 misit
1296 2496 1384 2526 alicui
1393 2494 1493 2525 sicario
1505 2515 1512 2529 ‚
1530 2497 1581 2536 qui
1592 2497 1700 2525 Roma:
1712 2503 1835 2525 noverat
1844 2497 2011 2525 neminem.
2035 2493 2162 2526 Arceffi-

1207 2538 1402 2578 vitaliquem.
1426 2537 1610 2578 Atquando?
1633 2538 1787 2567 Nuntium
1799 2535 1888 2567 misit.
1910 2539 2011 2579 Qem
2027 2539 2039 2565 ?
2060 2545 2109 2566 aut
2125 2535 2163 2568 ad

1206 2589 1297 2621 quem
1309 2582 1317 2606 ?
1328 2581 1425 2609 Pretio
1438 2599 1445 2612 ,
1456 2588 1545 2621 gratia
1556 2599 1564 2612 ‚
1576 2580 1623 2619 spe
1633 2598 1640 2612 ‚
1654 2576 1801 2619 promissis
1811 2578 1933 2608 induxit
1942 2580 2092 2619 aliquem?
2103 2579 2164 2608 Ni-

1208 2622 1251 2651 hil
1270 2622 1380 2650 horum
1392 2631 1429 2650 ne
1440 2620 1574 2662 confingi
1594 2622 1718 2661 quidem
1737 2619 1848 2660 potest:
1868 2621 1900 2650 &
1910 2629 2012 2650 tamen
2031 2620 2115 2650 causa
2125 2618 2164 2649 de

1208 2662 1365 2703 parricidio
1375 2662 1491 2692 dicitur.
1510 2664 1675 2702 Reliquum
1686 2661 1738 2695 est,
1749 2670 1782 2691 ut
1790 2671 1842 2701 per
1850 2662 1949 2692 servos
1956 2661 1987 2692 id
1997 2661 2163 2693 admiserit,

1211 2704 1289 2734 Odii
1311 2705 1500 2734 immortales
1514 2706 1518 2733 !
1538 2714 1602 2733 rem
1619 2704 1757 2733 miseram
1776 2703 2033 2733 &calamitosam
2058 2706 2070 2730 3
2081 2700 2164 2744 quod

1212 2748 1243 2776 in
1254 2746 1607 2776 talicrimineinnocenti
1622 2746 1706 2775 saluti
1716 2745 1790 2775 solet
1799 2743 1875 2778 effe,
1895 2746 2024 2785 utsbrvos
2042 2745 2073 2773 in
2089 2754 2164 2786 qua-

1200 2787 1316 2825 stionem
1321 2789 1484 2830 polliceatur
1495 2808 1503 2821 ,
1516 2788 1545 2817 id
1555 2790 1620 2817 Sex.
1631 2787 1744 2817 Roscio
1753 2786 1848 2817 facere
1857 2797 1922 2817 non
1933 2789 2011 2816 licet.
2033 2796 2100 2820 vos,
2109 2785 2163 2826 qui

1210 2831 1290 2859 hunc
1299 2830 1437 2859 accusatis
1447 2849 1455 2863 ,
1467 2831 1587 2859 omneis
1599 2829 1662 2864 eius
1673 2829 1773 2858 servos
1783 2828 1907 2858 habetis.
1919 2838 1997 2858 unus
2006 2838 2079 2868 puer
2087 2847 2096 2861 ,
2113 2828 2161 2866 vi-

1212 2871 1276 2901 &us
1293 2871 1460 2912 quotidiani
1478 2869 1670 2903 administer,
1689 2879 1727 2899 ex
1744 2878 1822 2899 tanta
1837 2869 1954 2900 familia
1968 2873 2037 2900 Sex.
2048 2869 2162 2900 Roscio

1212 2912 1331 2943 renerus
1342 2922 1405 2943 non
1415 2911 1468 2942 est.
1491 2915 1537 2942 Te
1545 2921 1626 2942 nunc
1635 2911 1752 2951 appello
1764 2930 1773 2945 2
1790 2913 1943 2951 P.Scipio;
1960 2919 1988 2941 te
1999 2930 2008 2946 ,
2026 2909 2160 2982 Metelklje,

2073 2961 2114 2982 vo
2135 2959 2162 2981 is

1205 3050 1241 3073 ita
1250 3047 1300 3077 &a
1312 3048 1446 3071 alluanmr.

1244 3091 1270 3117 3.
1290 3082 1356 3114 Qod
1363 3085 1387 3107 in
1398 3084 1443 3107 taisi
1453 3083 1547 3108 crIminc
1555 3082 1671 3107 innocenti
1673 3081 1775 3114 saluii]
1788 3080 1830 3107 Sic
1841 3079 1923 3107 Palat.
1933 3089 1973 3116 pr.
1984 3082 2158 3116 praeterquam

1210 3116 1281 3154 quod
1294 3119 1314 3143 is
1324 3121 1450 3143 innocenii.
1469 3125 1496 3143 at
1515 3117 1559 3143 alii
1572 3136 1580 3148 ‚
1599 3124 1626 3143 at
1637 3118 1664 3143 5.
1675 3116 1790 3143 νὶᾶὶοι·ἰε
1803 3135 1811 3148 ,
1828 3123 1856 3142 at
1868 3116 1933 3142 olim
1944 3115 2058 3152 impress.
2067 3116 2128 3151 quod
2135 3118 2163 3142 in

1212 3155 1256 3180 tali
1267 3157 1333 3180 esim.
1343 3153 1404 3188 quod
1410 3155 1536 3180 innocenti.
1557 3159 1586 3180 ut
1595 3152 1667 3180 aliud
1678 3152 1742 3189 quid
1753 3152 1851 3188 requiri
1862 3151 1993 3180 videatur.

2041 3196 2065 3214 1.
2075 3186 2165 3214 filssm‘a
