2297 3389
626 159 960 204 ORATIO
1029 171 1174 204 PRo
1245 159 1289 205 P.
1339 161 1659 209 Snxrro,

2024 178 2112 227 503

162 242 271 285 gicare,
293 240 367 283 quid
382 239 516 281 judicare
533 245 686 279 oporteat,
708 237 907 268 dubitandum
926 237 1059 277 putatis?
1080 239 1120 268 At
1161 237 1221 270 fide
1228 239 1362 280 praediti,
1374 240 1485 271 domus
1495 240 1538 272 est
1547 251 1714 284 oppugnata
1724 242 1821 278 ferro,
1833 241 1966 277 facibus,
1979 245 2113 275 exercitu

163 283 236 314 verb
250 284 296 314 illi
309 282 361 323 ipfi
375 281 543 323 parricidae,
562 289 694 321 quorum
705 278 863 310 effrenatus
872 278 955 309 furor
963 278 1052 308 alitur
1060 279 1117 307 im-
1161 282 1321 312 Clodiano.
1345 285 1422 313 Ettu
1434 283 1569 314 hocloco
1580 285 1679 315 laudas
1688 285 1860 320 Milonem,
1879 287 1985 326 &jure
2001 286 2110 317 laudas.
2132 294 2180 327 40

159 327 293 368 punitate
304 325 459 357 diuturna,
479 322 554 353 adeo
572 324 637 352 vim
654 321 796 352 facinoris
814 322 860 352 sui
878 320 1117 361 perhorruerant,
1159 332 1251 362 quem
1261 321 1345 354 enim
1356 334 1500 366 umquam
1511 326 1612 356 virum
1636 330 1649 354 5
1659 337 1720 358 tam
1730 329 1898 358 immortali
1909 329 2017 358 virtute
2027 327 2110 357 vidi-

165 377 215 401 ut,
236 366 256 397 fi
271 364 375 407 paullo
391 365 511 406 longior
528 365 635 404 opinio
655 366 762 394 mortis
774 365 869 394 Sextii
885 359 1006 394 fuiss'et,
1026 363 1119 391 Grac-

164 409 256 440 chum
272 408 362 437 illum
382 406 470 436 suum
489 427 498 440 ‚
526 405 722 436 transferendi
741 408 775 436 in
792 415 850 436 nos
867 403 1006 435 criminis
1022 403 1115 436 causa,

163 450 298 481 occidere
316 448 488 489 cogitarint.
509 446 604 478 Senslt
617 446 777 478 rusticulus
796 458 860 477 non
878 448 1031 479 incautus,
1051 444 1118 483 (ne—

161 501 220 533 que
240 491 324 520 enim
343 491 484 520 homines
501 499 633 530 nequam
651 499 744 520 tacere
758 488 931 530 pomerum)
943 486 1032 516 suum
1053 486 1116 516 san-

159 534 288 574 guinem
307 532 394 572 quari
411 531 446 562 ad
464 531 707 574 restinguendam
725 531 875 561 invidiam
891 529 1036 560 facinoris
1046 528 1118 558 Clo*

159 575 243 604 diani
261 583 269 602 ε
300 573 522 604 ¹mulionicam
544 574 686 613 penulam
708 575 832 613 arripuit
850 592 859 607 ,
886 581 958 602 cum
978 580 1036 610 qua
1056 571 1119 610 pri-

159 614 249 645 mum
268 616 403 645 Romam
430 616 466 645 ad
492 618 617 647 comitia
635 625 757 646 venerat
777 625 784 644 :
811 612 951 645 mefforia
978 613 1008 642 se
1028 611 1118 643 corbe

158 658 306 688 contexit.
339 656 419 687 Cum
436 666 604 698 quaererent
620 659 697 688 alii²
717 658 903 687 Numerium
915 675 925 689 ,
948 654 1001 685 alii
1018 654 1116 693 Qin-

160 699 238 728 tium
250 717 259 732 ‚
275 699 385 738 gemini
400 700 516 729 nominis
531 710 628 730 errore
645 700 775 729 servatus
790 697 842 727 est.
873 700 970 736 Atque
987 695 1045 724 hoc
1062 694 1118 724 ici—

160 741 198 770 tis
209 750 318 770 omnes
329 761 338 775 ‚
359 741 450 782 usque
462 740 536 772 adeb
549 742 711 772 hominem
723 742 756 769 in
768 738 902 779 periculo
910 735 998 766 ruisse
1007 755 1016 769 ‚
1037 744 1117 776 quo-

159 781 197 813 ad
223 782 333 812 scitum
360 781 394 813 sit
408 785 547 814 sextium
574 785 686 813 vivere.
722 779 803 821 quod
827 777 884 808 nisi
916 776 988 808 effet
1005 776 1117 817 patefa-

159 822 245 854 &um
262 824 363 863 paullo
374 823 464 855 citius
475 845 485 858 ,
504 825 593 865 quam
605 823 732 854 vellem:
753 830 818 850 non
832 821 879 850 illi
893 819 1019 860 quidem
1034 828 1118 848 mor-

158 874 187 896 te
208 867 387 896 mercenarii
404 867 450 897 sui
468 865 620 896 transferre
638 861 801 904 potuissent
818 862 968 892 invidiam
988 863 1021 892 in
1039 870 1117 902 quos

158 908 302 948 putabant
320 927 328 941 ‚
358 908 406 938 sed
424 905 599 937 acerbissimi
619 906 735 936 sceleris
753 903 911 934 infamiam
932 912 1016 946 grato
1036 912 1116 944 quo—

121 960 124 964 ·
157 949 228 980 dam
246 949 352 980 scelere
367 946 555 978 minuissent.
588 951 652 981 Ac,
677 946 698 976 fi
716 955 788 976 tunc
807 949 840 977 Ρ.
851 948 970 976 Seittius
989 965 998 979 ‚
1025 943 1112 985 judi-

158 1001 209 1021 ces
227 992 261 1021 in
278 991 392 1030 templo
403 989 530 1020 Castoris
547 991 682 1020 animam
695 1009 703 1023 ‚
723 988 813 1029 quarn
822 990 876 1018 vix
886 989 1030 1020 retinuit,
1050 986 1116 1016 edi-

160 1031 266 1063 disset:
288 1041 352 1061 non
362 1031 468 1061 dubito
479 1051 487 1065 ,
502 1032 579 1072 quin
591 1052 599 1065 ,
610 1029 631 1061 fi
641 1029 736 1061 modo
747 1028 818 1060 esset
827 1032 860 1059 in
872 1030 1024 1069 republica
1033 1028 1117 1058 sena-

159 1082 208 1104 tus
216 1093 225 1107 ‚
237 1072 258 1102 fi
269 1072 403 1113 majestas
411 1074 516 1113 populi
526 1075 660 1104 Romani
668 1070 821 1102 revixiss‘et
830 1091 838 1106 ‚
848 1071 1011 1112 aliquando
1013 1069 1116 1106 statua

158 1117 230 1146 huic
239 1115 280 1145 ob
289 1114 507 1154 rempublicam
518 1114 677 1145 interfecto
687 1134 696 1148 ,
714 1116 748 1144 in
760 1112 828 1143 foro
842 1112 1024 1143 statueretur.
1048 1114 1080 1141 N
1083 1122 1115 1141 ec

155 1155 229 1188 verb
238 1156 363 1186 illorum
375 1157 531 1198 quisquam
543 1177 552 1190 ,
570 1167 647 1198 quos
660 1156 675 1187 a
688 1155 853 1196 majoribus
866 1154 976 1185 nostris
987 1174 995 1188 ‚
1017 1162 1114 1183 morte

156 1197 240 1228 obita
249 1217 257 1231 ‚
274 1197 383 1237 politos
393 1200 426 1228 in
437 1199 492 1228 iilo
503 1199 571 1229 loco
586 1219 594 1233 ‚
609 1208 696 1239 atque
705 1201 739 1228 in
749 1196 850 1228 rostris
859 1197 1021 1227 collocatos
1031 1195 1115 1225 vide-

160 1242 197 1270 tis
209 1260 217 1273 ,
231 1238 302 1270 ess'et
312 1243 333 1270 P
346 1242 449 1270 Sextio
458 1250 508 1270 aut
516 1240 670 1271 acerbitate
681 1241 789 1270 mortis
799 1259 808 1273 ,
818 1248 868 1269 aut
877 1241 981 1268 animo
991 1240 1024 1268 in
1035 1247 1116 1267 rem-

154 1281 307 1322 publicam
326 1282 562 1322 praeponendus:
583 1283 636 1323 qui
652 1280 725 1311 cum
741 1281 858 1312 causam
871 1282 946 1311 civis
959 1280 1115 1310 calamito-

155 1322 197 1357 si,
216 1324 335 1354 causam
344 1326 433 1354 amici
445 1344 453 1357 ,
474 1324 590 1354 causam
606 1323 681 1353 bene
696 1323 732 1353 de
746 1322 897 1362 republica
906 1323 1024 1354 meriti,
1046 1331 1115 1350 cau-

156 1365 218 1396 sam
228 1366 344 1395 senatus
353 1385 362 1398 ‚
373 1366 489 1396 caufiim
499 1367 590 1395 Italiae
599 1384 608 1398 ‚
628 1365 744 1395 causam
755 1363 927 1404 reipublicae
939 1361 1116 1402 suscepiffet:

153 1416 286 1447 cumque
295 1407 433 1446 auspiciis
442 1426 451 1440 ‚
463 1407 663 1447 religionique
671 1415 776 1446 parens
786 1425 795 1439 ,
807 1405 1019 1438 obnuntiaret,
1031 1404 1113 1445 quod

153 1449 279 1480 senserat
298 1458 304 1476 ε
327 1448 392 1478 luce
404 1447 503 1488 palam
518 1451 533 1478 a
546 1447 667 1478 nefariis
686 1446 818 1487 pestibus
837 1449 870 1477 in
891 1447 1017 1477 deorum
1029 1466 1037 1480 ‚
1057 1447 1115 1475 ho-

153 1492 336 1530 minumque
345 1488 508 1529 conspefflm
518 1488 588 1520 effet
598 1489 712 1520 occisus
724 1510 733 1522 ,
747 1487 929 1519 sanciiffimo
942 1490 975 1518 in
986 1488 1111 1528 templo,

153 1530 334 1562 finctiffima
342 1533 376 1561 in
384 1531 467 1561 causa
478 1551 486 1565 ‚
496 1529 681 1562 sanctissimo
690 1533 724 1561 in
735 1530 918 1572 magistratu.
942 1531 1015 1570 Ejus
1025 1532 1114 1571 igitur

152 1575 247 1604 vitam
259 1573 418 1614 quisquam
430 1573 616 1613 spoliandam
633 1575 820 1604 ornamentis
837 1571 894 1602 effe
911 1571 1009 1605 dicet,
1027 1571 1114 1611 cujus

152 1623 286 1645 mortem
295 1614 460 1645 ornandam
472 1624 677 1645 monumento
684 1616 868 1654 sempiterno
875 1615 1036 1654 putaretis?
1047 1616 1113 1643 Ho-

60 1645 73 1651 ν
91 1662 136 1698 39
152 1659 271 1690 mines,
289 1658 408 1697 inquit,
428 1656 529 1687 emisti
541 1678 549 1690 ‚
567 1656 692 1698 coegisti
703 1676 712 1690 ‚
727 1655 841 1697 parasti.
887 1655 969 1697 Qid
980 1657 1024 1685 uti
1034 1654 1112 1685 face-

151 1703 218 1730 ret?
231 1699 367 1729 senatum
378 1697 543 1729 obsideret?
555 1701 648 1729 civeis
659 1699 853 1728 indemnatos
863 1697 1045 1738 expelleret?
1060 1697 1114 1727 bo—

150 1750 190 1771 na
199 1739 357 1780 diriperet?
375 1740 464 1770 aedeis
478 1740 673 1771 incenderet?
691 1739 769 1771 tedia
780 1739 978 1771 disturbaret?
998 1739 1110 1779 templa

151 1783 280 1812 deorum
290 1783 513 1812 immortalium
527 1782 749 1812 inflammaret?
768 1782 906 1812 tribunos
919 1781 1016 1821 plebis
1029 1780 1109 1810 ferro

151 1823 170 1854 ὲ
179 1822 281 1854 rostris
291 1824 471 1864 expelleret?
488 1826 658 1864 provincias
668 1844 676 1858 ‚
687 1833 760 1865 quas
768 1825 860 1853 vellet
869 1843 878 1857 ‚
889 1823 999 1864 quibus
1008 1822 1113 1857 vellet,

153 1865 317 1896 venderet?
336 1875 417 1906 reges
425 1866 602 1906 appellaret?
619 1875 724 1896 rerum
739 1866 912 1905 capitalium
925 1864 1112 1895 condemna-

128 1934 131 1937 .
153 1915 202 1937 tos
210 1927 219 1940 ,
236 1907 270 1936 in
278 1906 385 1936 liberas
392 1909 527 1938 civitates
536 1917 588 1947 per
596 1908 707 1949 legatos
717 1907 835 1937 nostros
845 1906 1016 1937 reduceret?
1027 1907 1113 1946 prin-

152 1951 253 1988 cipem
262 1949 392 1978 civitatis
399 1947 479 1978 ferro
488 1947 641 1979 obsessum
654 1954 788 1979 teneret?
806 1950 867 1979 haec
876 1957 909 1978 ut
918 1946 1034 1978 efficere
1044 1948 1114 1987 pos—

153 1990 196 2020 set
207 2010 215 2023 ,
235 1999 300 2030 quae
317 1987 383 2020 fieri
394 2009 403 2024 ,
424 1988 480 2020 nifi
499 1991 590 2020 armis
607 1990 725 2031 oppreffiz
739 1988 898 2029 republica,
917 1990 1005 2019 nullo
1018 1989 1114 2019 modo

154 2040 293 2072 poterant
301 2051 310 2065 ‚
331 2030 443 2062 idcirce>
455 2050 464 2064 ,
487 2031 576 2062 credo
587 2051 596 2064 ‚
616 2041 742 2061 manum
752 2030 806 2061 fibi
816 2034 847 2061 P.
858 2032 978 2061 Sextius
989 2050 998 2063 ,
1020 2031 1052 2060 &
1062 2040 1114 2060 co-

154 2075 217 2113 pias
226 2075 419 2112 comparavit.
444 2076 484 2103 At
496 2072 638 2103 nondum
650 2081 711 2103 erat
724 2081 878 2103 maturum
892 2083 897 2101 z
915 2072 1058 2102 nondum
1069 2082 1114 2101 res

155 2115 217 2154 ipsa
234 2115 268 2145 ad
286 2114 438 2154 ejusmodi
453 2113 586 2155 praefidi'a
598 2116 678 2145 viros
690 2115 789 2145 bonos
803 2114 1021 2154 compellebat:
1041 2112 1115 2154 pulsi

157 2166 215 2187 nos
225 2166 342 2186 eramus
353 2176 362 2190 ‚
382 2166 447 2186 non
458 2159 590 2187 omnino
600 2156 654 2187 ista
662 2166 755 2187 manu
766 2157 826 2187 sola
836 2176 845 2190 ,
866 2155 915 2186 sed
933 2164 1035 2185 tamen
1050 2165 1115 2186 non

158 2196 219 2229 fine
230 2197 298 2228 ista:
325 2201 336 2226 3
348 2208 400 2227 vos
410 2200 489 2228 taciti
500 2198 722 2228 moerebamini.
746 2201 873 2238 Captum
883 2206 941 2227 erat
949 2196 1052 2227 forum
1062 2208 1115 2227 an-

155 2247 199 2270 no
209 2240 358 2279 superiore
368 2258 378 2273 ,
388 2240 450 2270 aede
459 2238 588 2270 Castoris
598 2260 606 2274 ‚
627 2249 767 2281 tanquam
778 2250 841 2270 arce
849 2240 948 2280 aliqua
958 2259 967 2273 ,
986 2239 1001 2269 a
1008 2238 1114 2280 fugiti-

155 2283 203 2312 vis
213 2290 371 2321 occupata:
389 2280 525 2311 silebatur
536 2292 542 2311 ε
562 2283 669 2312 omnia
678 2301 686 2316 ,
698 2283 863 2312 hominum
874 2301 882 2315 ‚
896 2280 966 2311 cum
977 2281 1112 2322 egestate,

156 2331 221 2356 tum
238 2323 356 2354 audacia
364 2322 550 2363 perditorum
563 2344 572 2357 ,
594 2324 743 2357 clamore,
765 2323 914 2354 concursu
925 2343 934 2358 ‚
950 2325 1001 2356 vi,
1020 2333 1114 2353 manu

156 2364 350 2407 gerebantur:
367 2363 569 2405 perferebatis.
591 2364 778 2406 magistratus
789 2366 909 2405 templis
919 2365 1114 2404 pellebantur:

157 2408 211 2438 aiii
221 2408 353 2437 omnino
362 2406 443 2437 aditu
452 2427 461 2442 ‚
472 2416 506 2437 ac
514 2406 583 2437 foro
592 2407 828 2447 prohibebantur
839 2418 844 2436 ;
855 2416 949 2436 nemo
960 2405 1115 2437 resistebat.

159 2448 335 2490 gladiatores
344 2458 382 2479 ex
391 2450 524 2489 praetoris
533 2452 679 2479 comitatu
687 2447 894 2490 comprehensi
905 2469 914 2482 ,
935 2451 969 2479 in
982 2449 1116 2479 senatum

161 2489 327 2521 introduffl
337 2511 346 2524 ‚
358 2489 481 2521 confeffi
490 2511 498 2524 ,
511 2493 545 2521 in
553 2492 674 2521 vincula
684 2492 753 2531 conj
758 2490 816 2521 effi
824 2491 841 2521 a
849 2492 970 2521 Milone
978 2511 987 2524 ‚
998 2494 1015 2517 4
1022 2489 1117 2520 emiffi

159 2531 178 2563 ὲ
187 2534 322 2563 Serrano.
345 2534 464 2563 mentio
476 2533 567 2564 nulla.
589 2532 692 2563 forum
705 2533 883 2573 corporibus
893 2533 1009 2563 civium
1019 2535 1115 2563 Rom.

159 2573 343 2604 constratum
353 2573 431 2605 caede
442 2574 599 2606 norfiurna.
621 2584 687 2605 non
699 2574 795 2605 modo
809 2575 892 2604 nulla
906 2585 984 2605 nova
997 2573 1116 2615 quastio,

159 2615 212 2647 sed
228 2617 319 2646 etiam
336 2625 433 2647 vetera
445 2617 558 2657 judicia
573 2617 693 2647 sublata.
715 2617 873 2647 tribunum
884 2616 980 2656 plebis
991 2617 1058 2656 plus
1067 2617 1115 2647 vi-

159 2659 238 2699 ginti
256 2658 430 2688 vulneribus
443 2661 569 2699 acceptis
582 2660 733 2697 jacentem
744 2678 753 2692 ‚
774 2658 1056 2699 moribundumque
1068 2659 1117 2689 vi-

160 2698 246 2730 distis
257 2710 262 2729 2
273 2700 392 2730 alterius
401 2700 516 2731 tribuni
525 2701 622 2741 plebis
632 2721 640 2735 ,
651 2701 751 2731 divini
762 2701 899 2730 hominis
909 2700 1021 2738 (dicam
1030 2702 1116 2730 enim

160 2741 242 2782 quod
251 2743 347 2773 sentio
354 2762 364 2776 ,
378 2742 410 2772 &
419 2743 501 2783 quod
511 2753 635 2773 mecum
646 2743 778 2773 sentiunt
787 2742 907 2781 omnes)
916 2741 1014 2772 divini
1024 2762 1032 2775 ‚
1046 2741 1116 2772 infi-

159 2784 213 2825 gni
221 2784 347 2825 quadam
357 2804 366 2819 ‚
377 2784 521 2819 inaudita,
531 2794 612 2815 nova
620 2783 829 2826 magnitudine
839 2785 933 2814 animi
945 2804 953 2818 ‚
962 2786 1114 2826 gravitate,

199 2910 223 2942 ξ.
243 2905 397 2931 Mulionicam
410 2906 548 2941 penulam]
571 2907 663 2932 Servat
673 2905 740 2934 istud
752 2905 910 2933 Priscianus.
929 2913 988 2932 nam
999 2904 1058 2932 mss.
1069 2915 1119 2932 no-

164 2936 221 2970 stri,
230 2941 374 2967 nmlioniam.

198 2980 228 2999 ².
245 2976 418 3011 Qmeritem]
441 2976 533 3005 Editio
542 2978 631 3014 prince
650 2987 660 3005 s
671 2980 806 3014 Numejum.
818 2978 886 3005 Pali.
916 2977 1018 3014 lerique
1028 2981 1118 3004 Nume-

161 3017 226 3048 rum:
244 3018 340 3042 nonus,
350 3015 509 3046 Nummium5
523 3023 621 3050 quomo
641 3024 658 3041 o
667 3016 695 3041 ὃ(
708 3014 818 3042 Err'urd.
829 3016 897 3041 Gem
920 3014 938 3039 l.
949 3014 1020 3050 quod
1031 3013 1117 3040 forihn

164 3052 250 3071 verius
260 3044 323 3072 esset
332 3054 385 3074 tam
396 3049 452 3075 heic
463 3059 541 3086 quam
551 3050 687 3088 iiifra‘cap.
697 3059 730 3087 43
739 3072 745 3078 .
763 3051 809 3078 ubi
819 3052 846 3077 δε
856 3050 938 3077 iidem
950 3050 1011 3077 libri
1022 3051 1048 3077 Sc
1061 3050 1118 3076 Pal.

163 3089 250 3109 nonus
261 3084 406 3109 Nummium
420 3085 575 3121 praeferunt.

202 3123 229 3150 3.
249 3119 290 3142 Vos
298 3120 556 3157 tacitimoerebamini.]
578 3122 643 3150 Inde
653 3122 737 3155 forte,
747 3125 837 3156 ›na-stus
839 3124 903 3158 sum.
921 3123 966 3150 alii
978 3121 1119 3150 ediderunt

162 3152 327 3192 mirabamini.
344 3152 387 3180 sed
396 3155 468 3182 forte
480 3157 675 3187 rescribendum
685 3168 746 3188 cum
756 3160 813 3189 Pal.
823 3169 895 3189 nono
906 3178 915 3194 ‚
934 3168 995 3187 curn
1006 3158 1118 3187 Erfurd.

161 3195 224 3215 cum
234 3187 343 3216 oembl.
353 3192 494 3220 moerehtm's.
753 3214 757 3216 ,

1160 373 1228 393 mus
1238 365 1254 411 ἓ·
1265 367 1317 405 qui
1328 386 1336 399 ‚
1349 366 1435 396 nullo
1445 370 1570 406 praemio
1580 367 1729 409 proposito
1739 389 1747 403 ‚
1760 378 1863 409 praeter
1873 371 1930 399 hoc
1940 389 1949 403 ‚
1980 369 2039 400 uod
2047 371 2114 410 jam

1159 414 1324 436 contritum
1344 426 1352 440 ‚
1383 408 1415 438 &
1434 417 1624 439 contemtum
1642 419 1759 450 putatur
1778 431 1786 445 ‚
1807 412 1952 451 judicium
1986 421 2112 446 anorum,

1161 448 1266 492 omnia
1273 449 1412 486 pericula,
1419 449 1552 479 summos
1563 451 1687 486 labores,
1698 452 1876 494 graviffimas
1886 455 2112 487 contentiones,

1160 489 1393 534 inimicitiasque
1405 491 1548 530 suscepit?
1564 495 1616 532 qui
1632 495 1710 524 mihi
1728 504 1805 525 unus
1822 505 1860 525 ex
1877 494 2022 526 omnibus
2032 496 2110 525 civi-

1161 528 1217 558 bus
1227 529 1345 559 videtur
1355 540 1385 559 re
1394 531 1526 561 docuifl‘e
1538 552 1545 565 ,
1567 543 1629 563 non
1641 536 1739 566 verbis
1749 555 1757 569 ,
1768 537 1841 577 quid
1851 546 2001 577 oporteret
2011 537 2026 567 a
2035 546 2112 577 prae-

1162 568 1343 600 stantiffimis
1360 574 1432 601 viris
1450 573 1481 601 in
1499 574 1646 613 republica
1665 576 1727 606 ficri
1740 598 1748 611 ,
1768 579 1801 608 Sc
1814 579 1885 620 quid
1897 576 2011 609 necesse
2021 577 2112 609 effer:

1161 622 1180 642 ο
1190 622 1206 641 P
1216 623 1234 641 0
1244 622 1265 641 rt
1273 623 1293 642 τ
1302 622 1322 642 E
1331 622 1351 642 iz
1362 622 1382 642 ε
1399 614 1563 644 hominum
1572 617 1727 648 audacium
1738 639 1746 652 ‚
1759 621 1930 650 eversorum
1941 620 2112 661 reipublicae

1161 653 1280 699 sceleri,
1294 654 1408 700 legibus
1418 674 1426 688 ‚
1439 655 1602 693 &judiciis
1612 657 1747 690 refistere.
1772 660 1791 690 si
1803 662 1881 703 leges
1892 673 1956 692 non
1965 662 2110 695 valerent,

1159 694 1273 735 judicia
1281 706 1346 726 non
1357 695 1460 730 eflent,
1471 695 1490 725 si
1501 698 1664 737 respublica
1671 702 1701 730 vi
1710 721 1718 734 ,
1728 703 1932 734 consensuoue
1941 704 2112 737 audacium,

1163 738 1253 766 armis
1269 736 1403 777 oppressa
1420 746 1586 768 teneretur:
1605 740 1754 779 praesidio,
1775 744 1808 773 &
1822 734 1918 784 copiis
1930 745 2053 776 defendi
2067 746 2116 775 vi-

1161 787 1241 812 tam,
1264 779 1296 808 &
1312 779 1479 809 libertatem
1494 779 1610 810 necesse
1623 781 1690 812 ess'e.
1715 786 1784 815 Hoc
1799 786 1905 816 sentire
1920 807 1928 820 ‚
1947 787 2115 827 prudentiae

1161 819 1218 849 est:
1234 819 1346 854 facere,
1357 820 1561 851 fortitudinis:
1578 822 1611 852 &
1620 823 1727 854 sentire
1737 825 1808 855 verb
1821 847 1828 859 ,
1841 827 1873 857 δε
1882 827 1977 858 facere
1989 840 1994 857 ς
2017 827 2116 868 perfe-

1162 860 1215 892 &ae
1228 882 1236 895 ,
1256 864 1473 903 cumulataeque
1483 865 1613 894 virtutis.
1636 864 1723 896 Adiit
1734 867 1770 897 ad
1785 869 2002 907 rempublicam
2019 869 2113 900 tribu-

1160 913 1216 933 nus
1226 904 1322 944 plebis
1334 924 1342 938 ,
1363 905 1443 934 Milo
1457 915 1462 933 :
1483 905 1520 935 de
1537 907 1623 946 cujus
1642 907 1726 937 laude
1742 909 1826 948 plura
1842 910 1940 941 dicam
1952 931 1959 944 ,
1980 922 2043 941 non
2054 921 2115 952 quo

1159 954 1209 975 aut
1228 946 1289 986 ipse
1306 947 1369 976 haec
1387 946 1445 976 dici
1458 967 1465 979 ,
1486 946 1578 987 quam
1590 948 1759 980 existimari
1773 951 1876 984 malit,
1897 961 1948 981 aut
1963 962 2018 993 ego
2034 954 2115 983 hunc

1162 987 1257 1033 laudis
1275 987 1409 1018 fructum
1428 990 1566 1028 praesenti
1584 989 1714 1021 libenter
1731 993 1901 1033 impertiam
1920 1013 1927 1026 2
1951 995 2116 1033 praesertim

1159 1039 1231 1059 cuni
1249 1030 1349 1059 verbis
1364 1030 1509 1071 consequi
1527 1041 1592 1061 non
1609 1031 1715 1072 poffim
1729 1044 1734 1062 ¹.
1758 1034 1807 1065 sed
1817 1034 1900 1075 quod
1909 1034 2052 1065 existimo
2065 1056 2073 1068 ,
2093 1034 2115 1065 si

1159 1072 1288 1101 Milonis
1298 1072 1415 1102 causam
1425 1072 1598 1103 accusatoris
1609 1084 1682 1104 voce
1692 1076 1889 1107 collaudatam
1901 1076 2027 1116 probaro
2038 1096 2046 1110 ,
2059 1086 2115 1107 vos

1159 1114 1193 1142 in
1213 1114 1272 1143 hoc
1288 1115 1418 1143 crimine
1430 1123 1530 1154 parem
1541 1118 1635 1146 SeXtii
1648 1118 1762 1147 causam
1774 1117 2007 1148 existimaturos.
2031 1115 2116 1149 Adiit

1157 1157 1165 1184 i
1190 1155 1247 1185 itui·
1256 1157 1419 1185 T.Annius
1428 1155 1462 1186 ad
1474 1157 1590 1187 causam
1602 1159 1773 1197 reipublicae
1785 1179 1792 1193 ‚
1814 1158 1852 1189 fic
1862 1169 1894 1190 ut
1903 1161 2003 1190 civem
2013 1162 2115 1200 patria:

1183 1207 1353 1237 recuperare
1364 1197 1455 1227 vellet
1468 1208 1613 1238 ereptum.
1637 1199 1763 1240 simplex
1774 1202 1868 1236 causa,
1879 1201 2018 1232 constans
2028 1203 2115 1235 ratio,

1156 1239 1244 1278 plena
1259 1238 1428 1280 consenfionu
1445 1242 1588 1271 omnium
1600 1261 1609 1275 ,
1628 1242 1716 1282 plena
1725 1243 1903 1274 concordiae.
1926 1243 2055 1286 collegas
2064 1244 2117 1273 ad-

1154 1282 1272 1321 jutores
1282 1281 1424 1311 habebat:
1447 1282 1577 1312 consulis
1588 1284 1708 1314 alterius
1724 1286 1881 1315 summum
1898 1285 2032 1316 studium
2045 1306 2054 1319 ,
2073 1285 2118 1315 al-

1158 1324 1247 1352 terius
1264 1324 1384 1352 animus
1399 1323 1484 1362 paene
1499 1324 1639 1363 placatus.
1663 1325 1699 1356 de
1709 1327 1887 1367 praetoribus
1897 1337 1976 1357 unus
1986 1327 2114 1357 alienus:

1157 1364 1273 1394 senatus
1284 1364 1470 1395 incredibilis
1480 1366 1635 1396 voluntas:
1648 1371 1785 1408 equitum
1794 1371 2007 1399 Romanorum
2017 1370 2115 1399 animi

1157 1405 1193 1436 ad
1210 1405 1328 1436 causam
1348 1408 1486 1440 excitati,
1506 1407 1602 1438 erecta
1611 1410 1704 1440 Italia.
1727 1410 1790 1441 duo
1810 1411 1865 1440 soli
1884 1419 1967 1441 erant
1984 1413 2058 1441 emti
2078 1410 2114 1441 ad

1157 1447 1406 1487 impediendum:
1422 1447 1504 1488 quisi
1514 1450 1657 1480 homines
1666 1451 1795 1492 despeeii
1805 1472 1813 1485 ‚
1826 1452 1858 1482 &
1867 1454 2016 1483 contemti
2028 1472 2036 1486 ‚
2048 1461 2114 1482 tan-

1156 1498 1217 1519 tam
1227 1499 1290 1519 rem
1301 1488 1444 1519 sustinere
1455 1500 1518 1520 non
1527 1491 1691 1530 potuiffent
1704 1504 1710 1522 :
1730 1494 1759 1524 sc
1768 1494 1885 1524 causam
1897 1514 1905 1528 ‚
1916 1504 2006 1535 quam
2018 1494 2115 1524 susce-

1155 1539 1251 1571 perat,
1262 1531 1349 1561 nullo
1358 1531 1456 1561 labore
1466 1532 1653 1571 peraEiurum
1663 1534 1792 1565 videbat.
1815 1536 1916 1576 agebat
1925 1534 2109 1568 aueroritate.

1154 1572 1256 1614 agebat
1274 1571 1400 1603 consilio
1415 1593 1423 1606 ‚
1447 1574 1548 1613 agebat
1564 1585 1616 1614 per
1634 1576 1792 1607 summum
1812 1577 1954 1607 ordinem
1974 1597 1983 1611 ,
2011 1577 2114 1618 agebat

1156 1615 1299 1654 exemplo
1320 1615 1473 1645 bonorum
1486 1635 1494 1648 ,
1515 1616 1547 1646 &
1560 1617 1687 1647 fortium
1702 1620 1836 1648 civium:
1858 1619 1931 1660 quid
1948 1620 2112 1660 republica,

1157 1656 1229 1698 quid
1246 1656 1276 1686 se
1293 1656 1419 1698 dignum
1437 1656 1526 1691 esset,
1547 1660 1615 1698 quis
1629 1660 1689 1699 ipse
1699 1658 1788 1694 ess'et,
1807 1662 1880 1701 quid
1890 1661 2019 1701 sperare,
2040 1660 2114 1702 quid

1154 1698 1320 1737 majoribus
1340 1699 1398 1728 suis
1416 1699 1522 1728 reddere
1539 1699 1659 1731 deberet
1676 1720 1685 1735 ,
1713 1701 1939 1743 diligentissime
1959 1705 2111 1745 cogitarat.

1156 1742 1237 1770 Huic
1248 1742 1383 1781 gravitati
1393 1741 1530 1771 hominis
1541 1761 1549 1775 ,
1570 1742 1689 1773 videbat
1698 1744 1751 1773 ille
1760 1745 1903 1786 gladiator
1913 1765 1922 1779 ‚
1943 1745 1971 1775 se
1982 1766 1991 1779 ,
2013 1744 2034 1774 si
2046 1754 2114 1774 mo·
2134 1756 2174 1788 41

1152 1782 1236 1812 ribus
1245 1791 1343 1822 ageret
1354 1802 1362 1816 ,
1384 1792 1485 1823 parem
1496 1782 1554 1813 ess'e
1564 1793 1629 1814 non
1637 1784 1719 1824 poste
1733 1797 1738 1814 :
1758 1786 1793 1816 ad
1812 1786 1925 1816 ferrum
1940 1807 1948 1820 ‚
1968 1787 2002 1816 ad
2014 1786 2114 1820 faceis,

1155 1824 1191 1854 ad
1201 1823 1410 1864 quotidianam
1421 1825 1533 1855 caedem
1545 1845 1553 1859 ,
1576 1827 1715 1857 incendia
1725 1847 1733 1861 ,
1753 1830 1866 1868 rapinas
1876 1848 1884 1862 ,
1907 1829 1936 1858 se
1947 1839 2016 1858 curn
2028 1838 2116 1859 exer-

1155 1867 1216 1896 citu
1227 1866 1280 1896 suo
1289 1867 1435 1896 contulit:
1458 1866 1586 1896 domum
1597 1878 1767 1908 oppugnare
1777 1890 1785 1903 ‚
1805 1869 1967 1899 itineribus
1974 1879 2113 1900 occurre-

1155 1917 1204 1941 re,
1223 1909 1254 1937 vi
1270 1906 1425 1942 laceffere,
1446 1909 1598 1939 &terrere
1615 1914 1717 1949 coepit.
1742 1913 1817 1940 Non
1836 1913 1935 1941 movit
1951 1913 2114 1943 hominem

1155 1950 1274 1979 summa
1291 1951 1450 1990 gravitate,
1472 1950 1648 1991 summaque
1665 1951 1847 1982 constantia:
1869 1953 1917 1983 sed
1928 1962 2112 1994 quamquam

1158 1990 1246 2020 dolor
1257 1993 1352 2020 animi
1365 2010 1374 2024 ,
1392 1993 1494 2021 innata
1502 1992 1621 2022 libertas
1631 2012 1639 2026 ‚
1659 2002 1778 2032 promta
1788 1995 1996 2035 excellensque
2007 1998 2115 2028 virtus,

1157 2029 1356 2061 fortissimum
1367 2034 1467 2062 virum
1479 2034 1670 2064 hortabantur
1680 2054 1688 2068 ,
1710 2036 1743 2064 vi
1758 2036 1819 2065 vim
1829 2036 1959 2066 oblatam
1971 2057 1979 2070 ,
1998 2037 2118 2077 praeser-

1158 2075 1213 2103 tim
1224 2074 1330 2113 saepius
1341 2093 1350 2106 ‚
1362 2082 1394 2103 ut
1402 2072 1548 2115 frangeret
1558 2095 1567 2108 ,
1581 2075 1613 2105 ὃς
1623 2075 1776 2107 refutaret:
1791 2087 1871 2108 tanta
1880 2079 2047 2109 moderatio
2058 2078 2118 2111 fuit

1157 2116 1294 2145 hominis
1303 2135 1312 2149 ,
1337 2123 1453 2145 tantum
1463 2115 1622 2147 consilium
1634 2138 1642 2151 ‚
1663 2121 1874 2149 utcontineret
1883 2120 2022 2150 dolorem
2035 2142 2042 2155 ,
2061 2131 2115 2151 ne—

1155 2167 1213 2197 que
1223 2157 1327 2187 eadem
1338 2157 1366 2187 se
1376 2167 1406 2186 re
1417 2158 1622 2192 ulcisceretur,
1635 2170 1692 2200 qua
1703 2159 1773 2191 esset
1782 2160 1928 2192 lacessitus
1940 2173 1945 2191 :
1962 2162 2010 2193 sed
2022 2164 2112 2194 illum

1158 2207 1201 2229 tot
1215 2199 1278 2239 jam
1294 2198 1452 2228 funeribus
1470 2200 1642 2239 reipublicae
1659 2203 1877 2238 exsultantem,
1897 2214 1930 2234 ac
1947 2204 2115 2245 tripudian-

1158 2250 1219 2270 tem
1232 2260 1240 2275 ,
1261 2242 1382 2281 legum,
1402 2238 1423 2269 si
1440 2239 1554 2281 postet,
1574 2242 1686 2283 laqueis
1703 2244 1929 2286 constringeret.
1952 2247 2117 2278 Descendit

1156 2282 1192 2312 ad
1211 2282 1419 2313 accusandum.
1451 2285 1518 2324 quis
1541 2293 1686 2324 umquam
1708 2295 1769 2316 tam
1791 2289 1918 2327 propriae
1940 2287 2115 2328 reipublicae

1158 2325 1241 2354 causa
1252 2336 1261 2358 3
1272 2325 1366 2354 nullis
1375 2325 1548 2355 inimicitiis
1560 2346 1568 2360 ‚
1586 2327 1678 2356 nullis
1689 2331 1821 2367 praemiis
1832 2349 1841 2361 ,
1856 2329 1939 2360 nulla
1949 2332 2115 2361 hominum

1157 2365 1358 2406 postulatione
1369 2385 1378 2399 ‚
1397 2375 1447 2396 aut
1460 2369 1551 2398 etiam
1565 2370 1711 2408 opinione
1721 2390 1729 2403 ‚
1753 2370 1784 2400 id
1795 2380 1940 2411 umquam
1952 2371 2009 2402 esse
2018 2371 2116 2402 faetu-

1159 2413 1249 2439 rum?
1264 2407 1350 2437 stadii
1361 2417 1443 2438 erant
1452 2411 1547 2439 animi
1559 2411 1706 2440 hominis.
1730 2413 1789 2442 hoc
1799 2415 1883 2442 enim
1893 2414 2042 2443 accusante
2053 2416 2116 2454 pri-

1160 2448 1231 2479 stini
1249 2450 1334 2479 illius
1351 2450 1395 2480 sui
1409 2451 1518 2490 judicii
1536 2453 1752 2492 turpitudinem
1769 2454 1946 2494 desperabat.
1972 2458 2044 2486 Ecce
2055 2456 2112 2486 tibi

1159 2491 1262 2522 consul
1275 2512 1284 2525 ,
1295 2501 1402 2531 praetor
1411 2512 1420 2526 ,
1433 2494 1571 2524 tribunus
1581 2494 1677 2534 plebis
1687 2515 1695 2528 ,
1715 2506 1794 2526 nova
1802 2497 1876 2526 novi
1886 2499 2002 2537 generis
2013 2496 2112 2528 edicta

1157 2543 1350 2574 proponunt:
1371 2536 1402 2563 N
1412 2544 1431 2563 r.
1447 2544 1469 2564 R
1479 2545 1499 2563 ε
1508 2545 1529 2565 u
1540 2546 1552 2565 s
1571 2534 1643 2566 adsit
1652 2557 1661 2569 ,
1674 2546 1711 2566 ne
1724 2539 1839 2569 citetur,
1851 2547 1888 2567 ne
1898 2547 2060 2578 quaemur,
2074 2549 2114 2569 ne

1161 2578 1355 2606 mentionem
1373 2586 1504 2606 omnino
1522 2578 1662 2617 cuiquam
1679 2578 1817 2617 judicum
1829 2598 1837 2612 ‚
1859 2589 1908 2609 aut
1922 2581 2112 2619 judiciorum

1160 2616 1254 2648 facere
1271 2618 1367 2648 liceat.
1400 2618 1480 2659 Qid
1498 2628 1595 2659 ageret
1613 2622 1659 2649 vir
1676 2619 1712 2649 ad
1729 2622 1873 2650 virtutem
1892 2641 1901 2655 ,
1925 2621 2114 2663 dignitatem,

1161 2660 1287 2701 gloriam
1298 2669 1383 2690 natus
1394 2680 1403 2693 ,
1414 2669 1444 2689 vi
1454 2660 1662 2690 sceleratorum
1672 2662 1837 2691 hominum
1849 2664 2035 2694 corroborata
2044 2684 2052 2698 ,
2071 2665 2117 2693 le-

1159 2701 1247 2743 gibus
1258 2721 1267 2734 ,
1283 2702 1464 2742 judiciisque
1474 2702 1614 2734 sublatis?
1634 2705 1762 2732 cervices
1772 2703 1909 2734 tribunus
1920 2706 2015 2745 plebis
2027 2726 2035 2739 ,
2053 2708 2117 2746 pri-

1158 2751 1229 2773 vato
1238 2762 1247 2776 ,
1262 2742 1516 2783 praestantifl‘imus
1525 2745 1572 2773 vir
1581 2743 1820 2786 profligatissimo
1829 2747 1950 2776 homini
1962 2747 2041 2777 daret
2053 2758 2058 2776 t
2079 2757 2117 2778 an

1159 2785 1275 2816 causam
1293 2785 1456 2826 susceptam
1475 2784 1640 2826 affligeret?
1663 2796 1700 2817 an
1719 2786 1748 2816 se
1767 2787 1852 2818 domi
1871 2791 2055 2821 contineret?
2079 2793 2117 2820 Et

2035 2841 2120 2862 vinci

1194 2913 1224 2939 4.
1243 2908 1323 2939 Emiffi
1337 2905 1353 2931 A
1371 2907 1497 2941 Serrana]
1519 2906 1599 2934 Haud
1613 2907 1691 2935 :iliter
1700 2906 1830 2935 librorum
1842 2919 1933 2936 eorum
1953 2910 2023 2946 triga
2035 2930 2042 2943 ,
2063 2921 2116 2938 nou

1160 2944 1227 2977 mff,
1239 2950 1267 2969 ut
1279 2943 1369 2978 vulgo.

1198 2988 1211 3012 5
1219 2999 1224 3004 .
1243 2980 1301 3004 Yam
1310 2981 1437 3005 immortali
1444 2981 1537 3004 virtute
1545 2979 1677 3016 vidimm]
1699 2980 1771 3015 Ejeci
1777 2982 1912 3015 puditum,
1922 2981 1994 3018 quod
2004 2989 2116 3020 occupat

1159 3022 1259 3041 ceteras
1269 3014 1330 3040 edd.
1350 3015 1474 3050 quoniam
1485 3025 1536 3042 non
1548 3024 1711 3053 comp-iteret
1722 3019 1749 3045 in
1762 3018 1818 3044 Pal.
1837 3029 1907 3046 nono
1918 3027 1962 3046 aut
1981 3021 2009 3045 S.
2021 3020 2117 3046 Victo-

1159 3051 1195 3078 ris
1207 3050 1364 3086 exemplari.

1196 3088 1223 3113 6.
1243 3090 1386 3119 Recuperare
1395 3089 1463 3112 vellet
1471 3095 1581 3121 ercpmm.
1594 3090 1716 3125 ῥῆγμα]
1739 3090 1782 3117 1³.st
1793 3091 1807 3116 -21
1819 3090 1968 3125 conicetur]
1980 3091 2117 3121 Lambini,

1160 3124 1284 3159 proxime
1295 3130 1382 3149 tamen
1395 3123 1500 3159 vestigia
1511 3124 1667 3157 s.i='i5’toi<is,
1678 3127 1704 3153 iii
1716 3136 1780 3163 quo,
1792 3128 1846 3152 velle
1856 3135 1877 3152 tc
1888 3136 1944 3160 rep.
1957 3129 2116 3161 rmrfimflcx.

1161 3166 1188 3185 at
1201 3160 1318 3194 vulgata,
1327 3161 1398 3184 velle?
1411 3161 1500 3193 reipub,
1511 3163 1672 3194 iumfimplex.
1692 3163 1723 3189 P.
1734 3164 1871 3193 Manutius
1881 3163 2017 3192 divinabat
2029 3182 2038 3195 ‚
2048 3172 2117 3188 rccu-

1160 3202 1245 3229 perarae
1254 3197 1335 3229 vellet,
1347 3197 1437 3230 reipub.
1448 3199 1644 3233 civcmfimplex,
1655 3198 1706 3231 (ἔτ,

2003 3241 2014 3261 z
2024 3255 2027 3261 ,
2039 3236 2121 3260 Etiam
