2339 3379
623 146 887 194 ‹ORA'rio
930 158 956 192 Ρ
974 158 1048 193 vao
1095 142 1158 191 T.

199 227 394 271 angiportum
404 225 463 258 effe
473 224 611 258 dscebant
619 243 628 258 ,
643 226 675 255 in
685 233 747 265 quo
757 224 870 254 Miloni
881 233 944 255 non
955 221 1026 253 effer
1035 222 1152 252 condu-

202 271 252 302 έῖε,
260 272 388 302 domus:
410 279 490 299 arma
498 271 532 298 in
549 268 656 297 villam
667 266 875 296 Ocriculanam
892 264 1012 296 devecta
1027 264 1132 294 Tiberi
1146 274 1151 292 t

201 314 313 343 domus
323 314 356 342 in
365 312 446 342 clivo
455 309 626 350 Capitolino
637 309 725 338 scutis
735 307 839 338 referta
849 318 853 336 z
865 308 953 347 plena
962 307 1067 336 omnia
1077 306 1153 335 mal-

200 355 353 385 leolorum
362 353 398 382 ad
416 351 498 381 urbis
515 349 656 381 incendia
673 358 923 389 comparatorum.
947 351 1020 378 Haec
1029 357 1092 376 non
1100 346 1152 376 de-

199 396 257 427 lata
274 394 393 427 solum,
420 393 469 423 sed
486 392 572 433 paene
586 391 711 423 credita:
743 402 799 421 nec
817 391 886 421 ante
906 389 1054 430 repudiata
1072 389 1150 422 sunt,

199 438 292 479 quam
302 433 426 477 quaefita.
449 434 621 465 Laudabam
635 433 778 475 equidem
796 432 1005 463 incredibilem
1023 431 1153 471 diligen-

199 482 274 509 tiam
288 480 342 508 Cn.
354 478 508 516 Pompeii:
531 476 581 507 sed
590 476 688 507 dicam
701 496 708 508 ,
721 485 754 505 ut
764 476 859 505 sentio
871 494 880 508 ‚
901 473 1151 518 judiceszrsuMis

201 528 325 551 uum-A
342 518 442 549 audire
459 527 627 560 coguntur,
646 528 743 558 neque
761 518 845 547 aliter
861 516 957 546 facere
973 513 1093 555 possunt
1111 515 1147 546 ii,

199 560 311 602 quibus
326 569 387 590 tota
398 558 607 591 commiffaest
627 561 700 600 resp.
724 561 807 598 Quin
820 560 910 589 etiam
929 555 1095 588 audiendus
1118 554 1151 585 sit

200 605 279 642 l’opa
288 604 426 633 Licinius
435 622 444 635 ‚
455 603 555 632 nescio
564 604 632 643 quis
643 622 651 635 ,
663 603 698 631 de
709 604 788 632 circo
801 601 940 631 maximo
952 609 958 628 z
981 598 1081 628 servos
1090 598 1152 626 Mi-

198 644 282 674 lonis
302 643 378 684 apud
397 644 425 674 se
442 642 528 672 ebrios
545 643 658 677 sacros,
679 641 890 673 sibiconfeffos
909 639 966 670 effe
984 640 1020 669 de
1037 636 1152 684 interli-

196 685 307 716 ciendo
323 687 537 725 Cn-Pompejo
553 684 732 725 conjurasse:
755 683 865 714 deinde
882 681 982 722 postea
1001 681 1031 710 se
1048 679 1150 726 gladio

196 726 367 767 percussum
381 726 438 757 effe
450 728 487 758 ab
499 738 560 757 uno
574 728 609 757 de
622 728 683 757 illis
693 746 702 761 ‚
720 736 758 756 ne
775 724 927 754 indicaret.
950 725 1148 766 Pompejossin

195 769 302 799 hortos
318 771 479 799 nuntiavit.
502 767 638 800 Arceffor
654 770 688 798 in
706 768 823 807 primis.
846 764 883 794 de
899 765 1067 810 amicorum
1085 762 1149 809 se‘n-

197 812 291 841 tentia
299 820 363 841 rem
381 810 476 841 defert
487 811 523 841 ad
542 811 686 841 senatum.
709 811 785 837 Non
793 814 927 846 poteram
938 804 1063 851 inillius
1074 814 1146 851 mei,

195 854 354 893 patriaeque
364 851 494 883 custodis
507 860 585 882 tanta
602 851 766 889 suspicione
780 857 845 878 non
862 855 946 876 metu
963 855 1128 876 exanimari
1143 856 1148 874 z

198 894 248 924 sed
261 894 388 925 mirabar
403 902 523 927 tamen,
542 891 621 922 credi
634 894 738 930 Popae:
755 887 974 920 confeffionem
993 888 1149 918 servorum

195 935 309 966 audiri:
340 936 450 966 vulnus
466 936 500 964 in
517 935 626 966 latere,
644 932 724 973 quod
741 941 795 962 acu
811 930 961 971 punchim
978 929 1146 963 videretur,

197 980 208 997 ¹
223 987 278 1017 pro
290 976 350 1007 i&u
360 976 530 1018 gladiatoris
539 974 668 1015 probari.
693 972 809 1004 Verum
820 982 920 1003 tamen
931 991 939 1006 ,
954 980 985 1002 ut
994 971 1144 1012 intelligo,

195 1019 316 1049 cavebat
331 1019 424 1059 magis
434 1018 615 1056 Pompeius,
633 1025 724 1058 quam
746 1014 888 1048 timebat,
909 1024 974 1043 non
992 1023 1024 1043 ea
1035 1013 1145 1047 solum,

193 1070 260 1100 quae
272 1060 406 1089 timenda
417 1067 509 1092 erant,
521 1058 570 1089 sed
579 1059 712 1088 omnino
723 1058 836 1090 omnia,
849 1067 880 1085 ne
888 1056 1001 1097 aliquid
1009 1065 1056 1084 vos
1067 1055 1149 1083 time-

191 1109 262 1130 rem.
285 1103 457 1142 oppugnata
469 1100 580 1131 domus
590 1102 625 1131 C.
637 1100 765 1132 Caesaris,
775 1097 937 1131 clariffimi‚
954 1098 986 1128 δε
996 1095 1148 1127 fortissimi

193 1143 270 1176 viri,
291 1152 342 1182 pei·
354 1143 466 1173 multas
478 1141 577 1172 noffis
592 1143 676 1172 horas
690 1141 890 1172 nuntiabatur.
913 1149 1007 1169 nemo
1018 1138 1149 1168 audierat

193 1192 255 1214 tam
264 1184 374 1214 celebri
383 1184 472 1218 loco,
491 1193 585 1214 nemo
598 1184 735 1214 senserat.
760 1192 862 1213 tamen
879 1181 1062 1212 audiebatur.
1085 1190 1148 1210 non

192 1235 328 1266 poteram
339 1228 394 1256 Cn.
404 1226 585 1265 Pompeium
595 1245 603 1259 ‚
615 1223 846 1265 praestantiffima
854 1226 965 1254 virtute
975 1224 1075 1252 civem
1085 1242 1094 1256 ‚
1111 1224 1149 1252 ti-

194 1267 316 1297 midum
326 1268 462 1308 suspicari
475 1278 481 1296 :
504 1267 727 1309 ²diligentiam,
743 1275 803 1296 tota
817 1265 917 1306 repub.
935 1265 1062 1304 suscepta
1074 1284 1082 1297 ,
1100 1266 1148 1294 ni-

191 1310 288 1339 miam
308 1310 423 1339 nullam
437 1308 585 1349 putabam.
619 1306 867 1349 Frequentiffimo
885 1307 985 1337 senatu
1003 1315 1100 1345 nuper
1116 1308 1149 1335 in

192 1351 343 1391 Capitolio
353 1351 618 1381 senator-inventus
632 1349 690 1382 est,
706 1352 759 1390 qui
769 1350 923 1378 Milonem
933 1357 1004 1378 curn
1018 1349 1078 1377 telo
1089 1345 1148 1377 esse

192 1391 316 1422 diceret.
339 1392 465 1422 nudavit
473 1392 545 1421 sein
562 1390 748 1421 san&issimo
767 1392 880 1430 templo
893 1411 900 1423 ,
921 1391 1067 1430 quoniam
1082 1390 1147 1422 vita

193 1434 259 1464 talis
272 1433 387 1465 &civis
398 1453 406 1467 ,
420 1433 453 1463 δε
462 1434 530 1466 viri,
544 1431 635 1463 fidem
647 1443 712 1463 non
723 1432 846 1462 faciebat
857 1453 865 1465 ‚
878 1431 932 1461 nisi
941 1452 949 1466 ,
964 1430 1005 1462 eo
1022 1439 1146 1464 tacente,

128 1482 150 1505 Ζ
154 1481 173 1512 5
193 1484 239 1505 res
248 1475 308 1515 ipsa
317 1475 497 1516 loqueretur.
519 1477 631 1505 Omnia
639 1473 719 1507 falsa,
731 1484 816 1515 atque
829 1473 970 1504 insidiose
983 1472 1052 1503 fieta
1060 1482 1147 1504 corn-

191 1525 270 1557 perta
279 1517 358 1546 sunt.
382 1515 472 1557 Qod
481 1514 502 1545 si
511 1525 612 1547 tamen
622 1519 766 1546 metuitur
775 1525 864 1545 etium
877 1525 958 1546 nunc
971 1515 1051 1545 Milo
1062 1534 1070 1547 ‚
1083 1524 1147 1544 non

192 1559 252 1588 hoc
262 1559 322 1600 jam
333 1558 514 1588 Clodianum
523 1559 638 1588 crimen
649 1561 793 1589 timemus
803 1578 811 1592 ‚
834 1559 882 1588 sed
895 1567 957 1587 tuas
966 1577 975 1591 ,
988 1559 1044 1587 Cn.
1054 1559 1146 1586 Pom-

188 1601 256 1639 pei,
279 1599 318 1639 (te
337 1602 421 1631 enirn
433 1601 494 1640 jam
515 1600 633 1640 appello
650 1610 683 1630 ea
705 1610 794 1633 voce,
818 1608 851 1629 ut
861 1609 910 1629 me
927 1598 1028 1629 audire
1047 1597 1148 1638 poffis)

193 1644 207 1668 ³
219 1650 291 1675 tuas,
302 1651 365 1672 tuas
374 1662 383 1676 ‚
398 1652 522 1683 inquam
533 1662 540 1676 ‚
551 1643 715 1682 suspiciones
725 1642 988 1682 perhorrescimus.
1011 1642 1043 1671 Si
1052 1640 1148 1670 Milo—

186 1693 263 1714 nem
273 1686 363 1714 times
373 1704 382 1718 ,
405 1683 425 1714 si
434 1686 515 1714 hunc
523 1684 559 1714 de
569 1693 618 1714 tua
626 1685 687 1714 vita
705 1683 818 1714 nefarie
838 1692 887 1714 aut
905 1693 990 1713 nunc
1005 1683 1146 1723 cogitare,

186 1734 240 1755 aut
254 1726 397 1757 molitum
416 1726 577 1767 aliquando
595 1726 708 1766 aliquid
725 1735 810 1766 putas
826 1736 831 1754 t
854 1724 876 1754 si
893 1726 985 1755 Italiae
999 1723 1145 1757 delectus,

188 1775 224 1796 ut
234 1767 650 1809 nonnulliconquisitores'tui
660 1767 799 1798 diciitant
810 1787 818 1801 ,
829 1765 851 1797 si
859 1768 923 1797 haec
941 1776 1023 1797 arma
1033 1786 1041 1800 ,
1061 1764 1082 1795 fi
1093 1768 1148 1796 Ca-

188 1808 326 1847 pitolinae
334 1810 470 1840 cohortes
479 1830 488 1844 ,
501 1809 520 1839 si
530 1810 667 1840 excubiae
679 1830 687 1843 ,
700 1809 721 1839 si
731 1810 842 1851 vigiliae
852 1829 860 1843 ‚
872 1808 905 1838 <fi
917 1808 1031 1839 deleffli
1037 1810 1147 1848 juven-

190 1860 241 1880 tus
251 1870 260 1884 ,
272 1860 338 1891 quae
351 1860 435 1881 tuum
446 1862 552 1892 corpus
562 1872 571 1885 ,
582 1852 771 1892 domumque
779 1851 911 1881 custodit
919 1870 927 1885 ‚
939 1859 1043 1881 contra
1051 1850 1147 1880 Milo-

190 1894 238 1924 nis
257 1894 404 1932 impetum
419 1902 530 1923 armata
544 1893 586 1923 est
597 1913 605 1926 ‚
625 1902 711 1934 atque
721 1894 774 1923 illa
783 1895 888 1923 omnia
904 1894 938 1922 in
949 1893 1029 1922 hunc
1047 1901 1145 1921 unum

189 1933 326 1966 instituta
335 1954 343 1967 ,
353 1943 448 1973 parata
458 1954 467 1967 ,
479 1937 594 1964 intenta
605 1935 673 1964 sunt
685 1945 691 1963 :
714 1944 822 1976 magna
834 1936 867 1963 in
878 1935 936 1963 hoc
944 1934 1022 1964 certe
1034 1935 1079 1963 vis
1091 1953 1100 1966 ‚
1113 1933 1146 1963 &

190 1975 376 2007 incredibilis
386 1977 518 2008 animus,
529 1976 562 2005 &
576 1985 641 2005 non
654 1977 743 2005 unius
752 1977 810 2005 viri
821 1976 908 2008 vires,
920 1983 1008 2014 atque
1017 1984 1089 2014 opes
1098 1975 1147 2004 in-

187 2019 343 2051 dicantur,
364 2016 383 2046 si
394 2018 518 2058 quidem
530 2019 561 2047 in
572 2018 653 2047 hunc
662 2027 758 2047 unum
770 2017 803 2047 ὃς
816 2015 1071 2056 praestantiffimus
1085 2015 1147 2046 dux

191 2059 304 2090 elcCtus
316 2079 324 2092 ‚
345 2059 377 2089 δε
396 2068 457 2089 tota
472 2059 546 2099 resp.
565 2068 673 2089 armata
684 2058 735 2089 est.
758 2058 814 2089 Sed
824 2060 892 2099 quis
905 2067 970 2088 non
989 2058 1142 2097 intelligit,

189 2104 310 2131 omneis
321 2101 376 2131 tibi
387 2102 460 2140 reip.
472 2102 578 2140 parteis
588 2110 680 2141 agras,
693 2101 726 2130 &
735 2100 892 2133 labanteis,
902 2109 935 2130 ut
943 2109 989 2129 eas
1001 2100 1046 2129 his
1055 2101 1146 2129 armis

190 2144 304 2174 sanares
314 2162 321 2175 ‚
343 2143 375 2172 &
385 2152 441 2172 con
447 2142 598 2175 firmares,
615 2141 672 2172 effe
682 2141 875 2172 commifi'as?
898 2140 989 2181 Qibd
999 2139 1019 2170 si
1029 2141 1143 2170 Miloni

187 2185 273 2215 locus
291 2184 373 2213 datus
391 2183 479 2214 efl'et:
501 2183 651 2224 probasset
666 2183 804 2224 profeci&
823 2184 879 2214 tibi
895 2182 965 2224 ipsi,
984 2185 1142 2213 neminem

187 2236 334 2267 uniquam
346 2227 505 2255 hominem
516 2228 636 2256 homini
645 2229 790 2256 cariorem
800 2224 888 2256 fuisse
900 2246 909 2258 ‚
927 2225 1019 2266 quam
1029 2233 1057 2254 te
1071 2223 1124 2254 fibi
1137 2235 1142 2253 :

184 2269 309 2299 vnullum
329 2268 357 2297 se
376 2277 519 2308 umquam
534 2268 702 2307 periculum
722 2277 775 2307 pro
793 2276 842 2297 tua
860 2267 1003 2308 dignitate
1017 2265 1143 2307 fugisse:

185 2320 256 2340 cum
267 2310 320 2339 illa
330 2310 390 2349 ipsa
400 2311 557 2339 taeterrima
573 2308 654 2349 peste
662 2308 818 2349 saepiffime
827 2319 882 2348 pro
897 2318 946 2339 tua
962 2309 1056 2349 gloria
1069 2318 1142 2338 con-

186 2350 313 2382 tendisse
329 2362 334 2379 :
357 2351 542 2384 tribunatum
562 2352 650 2384 suurn
668 2351 704 2380 ad
716 2351 842 2380 salutem
860 2360 960 2380 meam
973 2370 981 2383 ‚
1002 2360 1068 2391 quae
1089 2349 1144 2380 tibi

186 2392 333 2424 carifl'rma
346 2391 447 2422 fuiffet
457 2412 466 2426 ‚
482 2390 615 2422 consiliis
625 2393 683 2422 ruis
695 2392 894 2432 gubernatum
910 2402 915 2420 z
932 2392 961 2421 se
974 2392 989 2422 a
1003 2400 1030 2421 te
1043 2390 1144 2431 postea

184 2435 344 2465 defensum
355 2436 386 2463 in
395 2434 529 2474 periculo
541 2436 644 2475 capitis
653 2453 662 2467 ‚
682 2434 818 2473 adjutum
829 2435 861 2463 in
873 2435 1019 2473 petitione
1035 2442 1142 2473 praetu-

187 2486 225 2506 rae
237 2487 242 2505 2
267 2477 342 2506 duos
352 2477 379 2506 se
390 2475 495 2505 habere
505 2476 621 2515 semper
630 2474 826 2506 amiciffimos
835 2474 956 2515 speiass'e
968 2486 974 2504 :
989 2483 1016 2505 te
1026 2483 1079 2504 tuo
1088 2475 1142 2505 be-

185 2517 297 2548 neficio
307 2537 315 2550 ‚
338 2528 387 2547 me
401 2518 462 2547 suo.
485 2527 552 2558 quae
562 2517 582 2547 si
593 2527 657 2548 non
666 2516 820 2557 probaret:
845 2516 865 2548 fi
876 2517 932 2548 tibi
942 2518 982 2547 ita
993 2519 1011 2544 4
1019 2517 1141 2557 penitus

184 2558 336 2590 inschlet
348 2558 400 2589 ista
414 2559 538 2598 suspicio
549 2571 558 2593 3
576 2559 664 2589 nullo
675 2568 707 2588 ut
716 2559 806 2588 evelli
817 2559 911 2588 modo
921 2556 1032 2598 poss'et:
1056 2557 1076 2587 si
1088 2558 1142 2589 de-

182 2603 278 2642 nique
293 2601 373 2632 Italia
390 2599 534 2631 adele&u
545 2620 554 2635 ‚
574 2601 643 2631 urbs
656 2600 693 2631 ab
711 2602 803 2631 armis
814 2619 824 2635 ,
841 2598 901 2631 fine
916 2601 1046 2630 Milonis
1060 2600 1142 2632 clade

223 2750 245 2767 1.
265 2744 311 2766 Ῥω
319 2743 368 2766 ίῐὲη
381 2740 649 2774 g.'a.,¹i.ito›·isprobari.]
670 2740 786 2774 Tui-ing.
804 2739 833 2765 Sc
844 2739 968 2774 Hittorp.
983 2738 1049 2766 'istud
1060 2739 1135 2767 nobis

181 2777 342 2814 largiuntur.
362 2775 556 2812 praeferendum
567 2777 676 2803 omuino
688 2776 801 2811 vulgatae
811 2775 932 2807 leetioni,
946 2776 972 2801 'in
984 2780 1136 2811 quaputari.

183 2813 218 2839 fic
229 2814 369 2840 Terentius
382 2822 390 2844 5
404 2813 477 2847 facis}
486 2819 514 2837 ut
520 2821 561 2846 pro
571 2814 673 2839 eunucho
679 2814 773 2846 probes.
783 2811 888 2838 consule
898 2811 1021 2838 Modiam
1033 2821 1138 2848 quoque

182 2849 299 2884 Epistola
311 2858 414 2875 xxxix.

221 2893 248 2910 2.
266 2888 415 2917 Diligentiam
425 2892 473 2910 tota
483 2886 656 2918 repfitscepra,
664 2886 763 2911 m‘miam
772 2885 870 2915 nullam,
880 2883 948 2917 dyc]
971 2882 1015 2910 Pal
1022 2904 1027 2909 .
1038 2882 1138 2918 scafu-

178 2921 269 2953 sptc'la.
289 2921 387 2948 Coloii.
406 2922 450 2947 Ad.
465 2929 508 2954 Pro
517 2929 566 2946 tuta
580 2941 586 2953 ,
604 2922 657 2952 ὡς.
675 2919 820 2947 arbitratur
831 2919 993 2946 Gulielmius
1007 2928 1137 2955 reponen-

185 2955 261 2987 dum,
272 2958 313 2983 dil.
319 2965 362 2990 pro
372 2964 421 2982 iota
433 2958 512 2990 repub.
524 2958 655 2990 susceptam
667 2977 675 2990 ‚
685 2959 784 2983 nimiam
794 2975 803 2988 ,
821 2955 928 2992 egregia
939 2955 1068 2991 planaque
1079 2955 1137 2982 seii·

185 2998 280 3018 tentia.

224 3035 251 3061 3.
271 3029 342 3058 Tuas,
352 3035 418 3060 tuas,
427 3030 527 3061 inquam
531 3028 699 3063 fiaspiciones]
711 3028 853 3055 Geminavi
866 3036 955 3055 vocem
966 3025 1036 3054 suasu
1047 3028 1138 3054 Urer-

183 3065 279 3097 denfis,
290 3066 368 3102 longe
379 3064 606 3104 παθκπθωτερως
617 3069 643 3095 id
655 3070 781 3106 simplice.

230 3113 258 3138 4.
277 3109 378 3132 Peniim
395 3109 509 3142 inhaefiffit
525 3111 570 3141 ista
582 3109 708 3144 fitspicio.]
746 3111 787 3136 Ita
805 3108 910 3136 Uvei-d.
930 3110 1005 3137 Hitt.
1024 3109 1135 3136 Erfurd.

184 3149 250 3176 quos
261 3150 307 3168 cur
317 3151 370 3169 non
379 3141 480 3170 secutus
490 3143 523 3172 fit
532 3144 678 3174 Lambinus
696 3144 797 3175 causam
807 3155 861 3174 non
873 3145 960 3174 video.
983 3146 1063 3183 vulgi)
1074 3147 1136 3182 inse.

182 3178 257 3212 «iffa.

1198 147 1407 193 ANNIO
1454 147 1746 205 Minouiz:z
2028 127 2155 211 Κ5*ςῖ

1195 235 1363 266 numquam
1375 225 1446 258 effer
1456 231 1653 269 conquietura·
1666 240 1672 259 :
1694 239 1743 260 nae
1756 228 1808 260 iste
1819 228 1895 260 haud
1906 228 2046 260 dubitans
2056 229 2153 261 cessit*-

1194 267 1237 297 set
1246 270 1346 306 patria,
1359 270 1392 302 is,
1404 271 1456 310 qui
1469 272 1507 300 ita
1516 280 1603 300 natus
1616 270 1669 304 est,
1685 271 1718 301 &
1730 274 1769 307 ita
1778 272 1953 302 consuevit:
1976 281 2014 305 te,
2026 274 2147 313 Magne,

1193 317 1294 339 tamen
1303 309 1494 346 antestaretur
1508 324 1516 346 3
1539 312 1622 353 quod
1632 323 1713 344 nunc
1724 316 1811 344 etiam
1818 313 1898 347 facit.
1922 317 1935 341 5
1943 314 2032 347 Vide,
2043 323 2144 352 QAM
2168 311 2214 344 26

1192 358 1243 396 sir
1260 353 1341 395 varia
1349 354 1416 384 vitae
1428 373 1436 386 ,
1449 354 1734 396 commutabilisque
1748 357 1822 386 ratio
1833 375 1841 388 ‚
1852 355 1943 397 quam
1952 365 2024 397 vaga
2033 376 2040 390 ‚
2059 356 2148 387 volu-

1192 390 1317 430 bilisque
1328 396 1447 423 tortuua
1456 414 1465 428 ,
1488 405 1603 435 quantae
1614 395 1803 427 infidelitates
1813 399 1845 427 in
1856 399 1963 427 amicis
1974 418 1983 431 ,
2001 400 2091 438 quam
2110 397 2146 429 ad

1192 440 1309 471 tempus
1319 443 1392 472 aptae
1405 434 1609 467 simulationes
1619 458 1627 471 ‚
1642 448 1757 479 quantae
1766 441 1798 469 in
1807 435 1944 479 periculis
1951 438 2029 480 fugae
2039 441 2144 479 proxi-

1192 482 1326 520 morum,
1337 485 1454 514 quantae
1465 478 1649 509 timiditates.
1666 482 1732 513 erit,
1745 482 1799 511 erit
1811 502 1819 514 ‚
1830 481 1906 510 illud
1916 480 2054 521 profecto
2065 482 2146 511 tem·

1190 524 1256 554 pus,
1269 515 1302 545 &
1312 517 1462 547 illucescet
1471 518 1631 558 aliquando
1643 521 1694 550 ille
1703 522 1765 551 dies
1776 543 1783 554 ‚
1807 522 1879 552 cum
1892 532 1921 553 tu
1932 543 1941 556 ‚
1962 523 2144 559 salutaribus1

1193 565 1224 586 nt
1233 557 1317 597 spero
1329 577 1338 591 ,
1349 557 1436 587 rebus
1448 567 1518 591 tuis,
1530 560 1577 589 sed
1591 561 1709 592 sortass‘e
1720 573 1805 593 motu
1817 565 1917 604 aliquo
1926 567 2143 595 communium

1192 607 1365 638 temporum
1376 601 1542 630 immutatis
1553 604 1616 645 <qui
1626 604 1716 643 quam
1727 604 1830 635 crebro
1840 606 1960 640 accidat,
1972 608 2083 646 experti
2093 606 2146 636 de-

1191 639 1298 670 bemus
1314 641 1399 685 scire)
1419 641 1453 671 δε
1469 643 1636 673 amiciliimi
1656 645 1891 677 benivolentiam
1903 667 1911 680 ‚
1932 646 2146 687 &'gravisliini

1191 682 1328 711 hominis
1346 682 1437 712 iidem
1448 703 1456 715 ,
1478 683 1511 712 δε
1529 686 1619 714 unius
1635 686 1701 724 post
1721 688 1874 718 homineis
1890 698 1974 719 natos
1993 688 2146 719 fortiffimi

1189 723 1246 752 viri
1259 724 1503 764 magnitudinem
1518 727 1614 755 animi
1627 725 1784 758 desideres.
1808 732 1996 771 Qamquam
2013 733 2080 771 quis
2090 732 2148 763 hoc

1190 764 1298 798 credat,
1309 768 1364 795 Cn.
1375 768 1556 806 Pompeium
1568 787 1576 800 ,
1588 768 1662 806 juris
1673 769 1802 808 publici,
1816 774 1908 801 moi-is
1921 774 2072 812 majorum
2083 793 2091 806 ,
2105 775 2148 802 rei

1190 805 1320 846 denique
1330 807 1457 846 publicae
1468 808 1691 847 peritiffimum,
1704 809 1773 840 curri
1788 812 1902 842 senatus
1911 815 1938 842 ei
1948 815 2144 848 commiserit.

1191 856 1223 877 ut
1232 849 1349 878 videret
1361 868 1370 882 ‚
1390 851 1444 878 NE
1471 859 1557 887 ern
1574 861 1786 882 RESPUBIJCA
1806 863 2021 884 DETRiMaNrr
2047 865 2149 885 CAPE-

1191 899 1274 919 Rr-:rz
1297 900 1359 931 quo
1373 900 1436 921 uno
1447 890 1591 922 versiculo
1604 893 1672 923 satis
1685 898 1789 924 armati
1803 895 1918 935 semper
1927 897 2064 926 consules
2081 896 2147 927 fue-

1190 940 1260 961 runt
1269 951 1278 966 ‚
1297 933 1389 962 etiam
1400 933 1493 962 nullis
1502 936 1592 963 armis
1609 934 1683 964 datis
1697 946 1701 964 :
1726 937 1806 967 hunc
1815 939 1956 970 exercitu,
1972 938 2052 967 hunc
2061 938 2146 968 dele-

1190 972 1239 1002 ἂι]
1249 973 1318 1003 dato
1329 993 1338 1006 ,
1356 974 1506 1012 judicium
1520 975 1759 1015 exspectatui-um
1775 976 1864 1007 fuiffe
1881 980 1914 1008 in
1930 980 1993 1018 ejus
2011 978 2142 1009 consiliis

1189 1014 1378 1045 vindicandis
1390 1036 1399 1049 ‚
1420 1014 1435 1035 ⁶
1448 1018 1500 1057 qui
1509 1018 1556 1046 vel
1565 1018 1680 1057 judicia
1691 1020 1751 1058 ipsa
1761 1020 1898 1051 tolleret?
1920 1025 1933 1048 7
1944 1021 2144 1060 Satisjudica-

1188 1065 1253 1086 tum
1265 1056 1307 1086 est
1315 1057 1331 1087 ὲι
1341 1059 1580 1098 Pompejo‚satis;
1589 1059 1665 1090 falso
1679 1060 1730 1092 ista
1741 1061 1872 1091 conferri
1884 1063 1917 1091 in
1928 1063 2145 1103 Milonemzqui

1188 1099 1284 1140 legem
1295 1099 1374 1132 tulit,
1385 1110 1442 1140 qua
1453 1120 1461 1133 ‚
1475 1110 1507 1130 ui.
1518 1111 1572 1142 ego
1583 1102 1696 1136 sentio,
1711 1104 1862 1133 Milonem
1876 1098 1890 1122 3
1901 1104 2016 1134 absolvi
2027 1103 2042 1133 a
2056 1105 2147 1134 vobis

1189 1149 1340 1180 oporteret
1351 1151 1401 1172 rut
1411 1152 1520 1172 omnes
1529 1142 1722 1178 confitentur,
1736 1145 1845 1175 liceret.
1860 1144 1953 1185 Qiod
1964 1144 2036 1176 vero
2050 1147 2082 1176 in
2093 1146 2149 1176 illo

1189 1182 1268 1216 loco,
1279 1191 1366 1223 atque
1376 1185 1409 1213 in
1420 1185 1481 1213 illis
1490 1184 1684 1224 publicorum
1694 1185 1899 1226 praesidiorum
1911 1189 2006 1227 copiis
2016 1189 2150 1218 circum-

1186 1222 1270 1254 fusus
1288 1225 1385 1255 sedet:
1409 1226 1476 1256 satis
1487 1227 1633 1261 declarat,
1655 1228 1683 1258 se
1693 1238 1757 1258 non
1774 1237 1918 1260 terrorem
1936 1228 2048 1259 inferre
2060 1229 2150 1259 vobis

1188 1265 1272 1306 (quid
1284 1276 1368 1296 enim
1377 1267 1435 1297 illo
1449 1267 1552 1298 minus
1562 1269 1688 1310 dignum
1702 1290 1710 1303 ,
1735 1269 1827 1311 quam
1836 1281 1940 1312 cogere
1950 1290 1958 1304 ,
1970 1279 2002 1300 ut
2010 1280 2065 1301 vos
2076 1281 2149 1302 eum

1186 1307 1398 1338 condemnetis
1408 1329 1416 1342 ‚
1428 1311 1462 1340 in
1471 1319 1562 1350 quem
1572 1311 1806 1342 animadvertere
1815 1313 1878 1352 ipse
1889 1313 1922 1343 &
1940 1322 2026 1342 more
2044 1313 2144 1352 majo-

1186 1359 1266 1382 rum,
1278 1350 1312 1380 &
1324 1350 1375 1380 suo
1386 1352 1452 1390 jure
1461 1349 1556 1391 posset
1566 1353 1598 1393 ἓ)
1621 1354 1669 1383 sed
1678 1353 1812 1393 praefidio
1822 1351 1897 1384 effe:
1912 1363 1945 1384 ut
1954 1354 2141 1395 intelligatis,

1184 1401 1290 1422 contra
1300 1391 1469 1423 hesternam
1484 1396 1666 1425 concionem
1677 1396 1760 1426 illam
1773 1397 1862 1427 licere
1871 1396 1970 1430 vobis,
1984 1397 2065 1436 quod
2077 1397 2144 1426 sen-

1187 1435 1265 1463 tiatis
1274 1453 1282 1467 ,
1295 1434 1389 1464 libere
1398 1434 1542 1474 judicare.
1567 1439 1598 1466 N
1601 1447 1632 1467 ec
1642 1436 1713 1468 vero
1725 1448 1773 1468 me
1784 1458 1792 1472 ‚
1808 1439 1818 1477 j
1823 1437 1923 1468 udices
1934 1458 1943 1473 ‚
1964 1437 2147 1468 Clodianum

1186 1477 1304 1506 crimen
1315 1486 1437 1506 movet:
1449 1487 1505 1508 nec
1516 1487 1577 1508 tam
1588 1479 1653 1509 sum
1663 1480 1801 1514 demens,
1813 1489 1934 1520 tamque
1942 1478 2032 1510 vestri
2042 1479 2146 1510 sensus

1186 1519 1306 1557 ignauis
1315 1537 1323 1551 ,
1342 1527 1430 1559 atque
1439 1528 1542 1559 expers
1554 1540 1562 1553 ‚
1586 1530 1618 1550 ut
1628 1522 1758 1551 nesciam
1771 1541 1782 1555 ,
1799 1521 1872 1562 quid
1890 1521 1927 1551 de
1937 1529 2036 1551 morte
2046 1521 2148 1552 Clodii

1183 1560 1321 1598 sentiaris.
1344 1560 1381 1590 de
1392 1570 1449 1600 qua
1459 1559 1479 1589 si
1486 1563 1549 1599 jam
1566 1563 1683 1592 nollem
1694 1565 1734 1594 ita
1743 1563 1857 1593 diluere
1866 1564 1981 1593 crimen
1992 1583 2000 1597 ,
2016 1571 2048 1593 ut
2058 1563 2148 1598 dilui,

1188 1610 1290 1631 tamen
1300 1602 1429 1641 impune
1438 1603 1552 1632 Miloni
1562 1604 1660 1643 palam
1671 1605 1798 1635 clamare
1807 1624 1816 1638 ,
1828 1608 1844 1631 9
1854 1613 1941 1645 atque
1951 1606 2074 1635 mentiri
2081 1605 2150 1646 glo-

1187 1642 1266 1672 riose
1279 1643 1398 1673 liceret:
1421 1644 1528 1677 occidi,
1542 1646 1651 1679 occidi,
1664 1656 1728 1676 non
1737 1649 1786 1687 Sp.
1801 1647 1934 1677 Melium
1946 1666 1954 1681 ,
1967 1648 2150 1687 quiannona

1189 1684 1325 1718 levanda,
1334 1684 1513 1726 jaciturisque
1522 1688 1564 1716 rei
1577 1686 1736 1718 familiaris
1746 1708 1755 1722 ,
1768 1690 1837 1729 quia
1851 1689 1931 1717 nimis
1943 1686 2074 1729 ‘implesti
2084 1689 2149 1729 ple-

1189 1726 1259 1756 bem
1277 1727 1433 1766 putabatur
1443 1747 1452 1761 ‚
1472 1730 1505 1757 in
1523 1729 1724 1768 suspicionem
1747 1730 1857 1760 incidit
1872 1732 1955 1772 regni
1968 1730 2127 1771 appetendi
2140 1740 2146 1760 :

1189 1778 1254 1798 non
1270 1771 1322 1798 Ti.
1337 1771 1503 1800 Gracchum
1514 1790 1522 1804 ‚
1539 1771 1723 1812 quicollegae
1737 1771 1941 1813 magistratum
1959 1782 2011 1813 per
2023 1772 2149 1803 seditio-

1187 1820 1260 1840 nem
1278 1810 1445 1852 abrogavit:
1476 1822 1607 1853 quorum
1626 1813 1835 1844 interfe&oi·es
1852 1814 2019 1854 implerunt
2035 1813 2144 1844 orbem

1187 1860 1331 1882 terrarum
1350 1855 1489 1883 nominis
1509 1855 1554 1884 sui
1573 1855 1685 1895 gloria:
1707 1855 1757 1885 sed
1767 1866 1836 1885 eum
1856 1855 1989 1894 (auderet
2005 1857 2090 1886 enim
2101 1856 2149 1886 di-

1187 1904 1264 1927 cere,
1280 1892 1353 1924 cum
1361 1897 1485 1934 patriam
1495 1897 1630 1936 periculo
1639 1897 1692 1927 suo
1703 1895 1860 1936 liberaffet)
1877 1898 1963 1937 cujus
1977 1896 2146 1928 nefandum

1188 1935 1368 1966 adulterium
1390 1938 1423 1966 in
1440 1938 1650 1976 pulvinaribus
1674 1936 1866 1968 sanffiss'imis
1884 1937 2077 1969 nobiliffimae
2093 1938 2148 1971 fae,-

1188 1978 1279 2006 minae
1290 1978 1583 2017 comprehenderunt
1595 1990 1600 2008 z
1615 1989 1699 2013 eum,
1710 1980 1756 2019 cuj
1761 1989 1795 2009 us
1805 1980 1950 2019 supplicio
1960 1980 2076 2010 senatus
2086 1981 2148 2011 sol-

1187 2017 1316 2047 lemneis
1333 2019 1496 2060 religiones
1518 2020 1678 2060 expiandas
1695 2021 1770 2061 saepe
1789 2022 1918 2052 censuit:
1946 2032 2016 2052 eum
2026 2041 2035 2056 ,
2054 2031 2146 2063 quem

1186 2069 1258 2089 cum
1268 2059 1368 2090 sorore
1376 2070 1515 2102 germana
1524 2061 1673 2092 nefarium
1685 2062 1822 2103 stuprum
1841 2061 1941 2094 feciffe
1951 2065 1989 2094 L.
2000 2063 2147 2097 Lucullus

1185 2101 1296 2141 juratus
1307 2102 1335 2132 se
1346 2121 1354 2135 ,
1374 2102 1591 2143 quaestionibus
1602 2104 1713 2135 habitis
1723 2125 1732 2139 ‚
1753 2104 1834 2135 dixit
1841 2104 2018 2146 coinperiss'e
2031 2116 2036 2134 :
2060 2115 2143 2140 eum,

1187 2145 1239 2183 qui
1255 2144 1355 2173 civem
1368 2164 1375 2177 ,
1396 2154 1486 2187 quem
1499 2145 1635 2179 senatus,
1656 2156 1746 2187 quem
1757 2148 1905 2187 populus,
1922 2156 2015 2188 quem
2033 2156 2143 2177 omnes

1186 2194 1299 2225 gentes,
1311 2186 1393 2217 urbis
1402 2196 1434 2216 ac
1443 2188 1512 2217 vitae
1520 2188 1635 2217 civium
1645 2189 1884 2219 conservatorem
1891 2189 2076 2229 judicabant,
2088 2189 2146 2219 ser-

1186 2236 1295 2257 vorum
1305 2229 1396 2257 armis
1408 2231 1635 2259 exterminavit:
1655 2240 1738 2263 eum,
1748 2232 1800 2271 qui
1812 2241 1901 2272 regna
1910 2230 2005 2263 dedit,
2014 2229 2145 2261 ademit:

1186 2268 1291 2298 orbem
1303 2277 1459 2304 terrarum,
1470 2270 1648 2311 quibuscum
1660 2272 1769 2306 voluit,
1780 2281 1905 2312 partitus
1916 2271 1958 2302 est
1969 2283 1974 2301 2
1986 2282 2067 2306 eum,
2079 2274 2143 2313 qui,

1186 2311 1326 2350 plurimis
1337 2311 1467 2341 caedibus
1482 2315 1515 2342 in
1522 2311 1590 2343 foro
1602 2311 1687 2343 factis
1699 2333 1706 2347 ,
1720 2312 1857 2355 singulari
1867 2323 1976 2344 virtute
1986 2334 1994 2348 ‚
2008 2314 2040 2344 &
2049 2315 2143 2355 gloria

1187 2354 1284 2382 civem
1297 2352 1427 2383 domurn
1438 2355 1468 2384 vi'
1479 2373 1488 2388 ,
1501 2354 1533 2384 &
1541 2356 1632 2386 armis
1640 2356 1804 2395 compulit:
1828 2366 1898 2386 eum
1909 2375 1918 2390 ,
1938 2358 1986 2387 cui
1996 2356 2065 2385 m'lm
2077 2366 2143 2384 um-

1187 2403 1275 2435 quam
1284 2394 1360 2433 nefas
1368 2393 1427 2425 fuit
1437 2398 1536 2426 necin
1545 2396 1693 2427 facinore:
1717 2399 1815 2427 necin
1826 2398 1952 2428 libidine
1965 2409 1970 2427 ι
1983 2407 2054 2427 eum
2066 2418 2074 2430 ,
2087 2399 2141 2438 qui

1184 2435 1280 2466 aedem
1292 2437 1505 2477 Nympharum
1516 2438 1699 2472 incendit,=.it
1713 2442 1924 2470 ¹0memoriam
1936 2439 2088 2479 publicam
2096 2449 2143 2469 re-

1185 2475 1335 2507 censionis
1346 2499 1355 2512 ,
1376 2479 1483 2509 tabulis
1494 2479 1621 2520 publicis
1632 2479 1801 2521 impreffim
1812 2502 1821 2515 ,
1833 2481 2032 2522 exstingueret
2044 2491 2049 2509 :
2070 2490 2142 2512 eum

1187 2518 1338 2560 denique,
1359 2522 1477 2561 cuijarn
1491 2522 1572 2551 nulla
1582 2521 1631 2551 lex
1644 2532 1721 2561 erat,
1742 2523 1862 2552 nullum
1873 2523 1962 2552 ci-me
1975 2523 2023 2562 jus
2034 2541 2043 2556 ‚
2063 2522 2143 2553 nulli

1186 2559 1402 2600 possessionum
1415 2564 1527 2592 termini
1536 2574 1546 2590 .·
1568 2565 1693 2603 quinon
1703 2564 1973 2597 calumniantium,
1986 2573 2050 2594 non
2059 2566 2144 2604 inju-

1187 2602 1240 2634 stis
1256 2603 1400 2635 vindiciis
1418 2615 1448 2636 ac
1471 2605 1659 2636 sacramentis
1678 2605 1792 2635 alienos
1811 2604 1924 2636 fundos
1934 2625 1943 2640 ‚
1962 2604 2010 2636 sed
2027 2605 2139 2639 castris.

2057 2657 2144 2678 exer·

1220 2751 1248 2783 ς..
1268 2743 1323 2769 Vide
1332 2741 1440 2783 qusirsifit
1450 2744 1552 2778 vaula]
1576 2744 1700 2780 Hittorp.
1712 2742 1795 2775 codex
1806 2761 1815 2776 ‚
1828 2743 1908 2769 Vaedes,
1927 2743 1956 2768 ὃς
1968 2741 2072 2770 videtur
2082 2741 2141 2778 seu?

1180 2785 1273 2805 teiitiae
1287 2788 1499 2805 convenientius.
1716 2791 1724 2800 ι

1218 2815 1246 2840 6.
1269 2816 1316 2847 Qi
1325 2815 1462 2848 -veljudxcia
1474 2816 1524 2849 issa
1534 2816 1644 2850 tolleret]
1666 2814 1768 2842 Bifilic.
1779 2817 1821 2850 qui
1831 2817 1860 2841 vi
1861 2815 1958 2850 judicia
1968 2833 1976 2847 ‚
1987 2815 2037 2846 (ff-c.
2056 2814 2085 2841 &
2096 2814 2140 2850 vif

1180 2848 1258 2876 detur
1271 2851 1368 2876 verius.

1218 2899 1245 2925 7.
1265 2892 1467 2924 Satisjudicatum
1477 2896 1511 2918 ef]
1520 2892 1534 2918 ὰ
1545 2893 1724 2926 Pompejo,saris
1736 2911 1744 2925 ‚
1755 2893 1822 2927 dra]
1845 2892 1958 2929 Elegans
1971 2885 2142 2927 {mii'OJQ3

1181 2940 1260 2967 quam
1272 2931 1349 2957 habet
1361 2931 1462 2957 Eri'urt.
1478 2932 1505 2957 &
1516 2930 1687 2958 Uvei·deiifis.

1217 2966 1245 2993 8,
1267 2968 1376 2999 esth-silvi
1387 2966 1401 2992 ἃ
1413 2969 1478 2993 vobis
1487 2968 1623 3002 oporteret]
1636 2967 1759 3003 Supplevi
1771 2970 1784 2993 e
1795 2968 1899 2994 Uverd.
1909 2969 1937 2994 δε
1951 2968 2136 3004 Hittorpiaiio.

1217 3011 1245 3036 9.
1266 3007 1356 3036 :Atque
1365 3004 1588 3038 m:mirig!0riost³.]
1611 3003 1773 3030 Gulielmius
1793 3004 1886 3040 probat
1904 3004 1974 3039 quod
1994 3005 2093 3040 reperit
2111 3005 2137 3037 iij

1181 3037 1259 3064 Basil.
1270 3042 1357 3064 metiri.
1374 3040 1468 3071 glorios&
1478 3042 1556 3065 metiri
1567 3058 1574 3070 ‚
1594 3039 1628 3066 est
1638 3039 1738 3073 ‚latitare
1749 3039 1773 3065 se
1784 3041 1810 3066 δε
1821 3040 1951 3067 ostentare
1962 3050 2016 3067 rcrn
2026 3041 2136 3076 gestam.

1181 3074 1223 3100 Sic
1241 3074 1324 3099 Laelio
1336 3085 1342 3100 ;
1364 3084 1405 3099 uec
1414 3078 1528 3100 virtutem
1537 3077 1663 3101 verborum
1672 3078 1846 3110 chfnificcntia
1857 3081 1992 3102 metiamur.

1220 3118 1262 3136 io.
1283 3113 1422 3136 Memoriam
1432 3112 1588 3146 recensionis]
1609 3113 1702 3138 Sei-vat
1714 3113 1778 3138 liaiic
1799 3112 1933 3147 vulgat-arn
1955 3119 2050 3148 praeter
2070 3111 2138 3137 Pali.

1181 3145 1272 3172 Ahala:
1283 3145 1361 3178 liber,
1372 3147 1434 3172 item
1450 3147 1553 3173 isasilic.
1564 3154 1643 3183 atque
1652 3149 1676 3173 U
1685 3147 1758 3174 vel‘d.
1772 3155 1915 3184 tueturque
1928 3156 2020 3176 contra
2029 3147 2140 3175 Lambi-

1183 3191 1247 3209 iiiiiii
1257 3182 1425 3211 aiiiicissiuius
1435 3183 1573 3217 schottus,
1583 3183 1652 3210 libro
1666 3193 1675 3210 i
1685 3192 1693 3211 i
1704 3193 1710 3210 i
1720 3204 1726 3210 .
1738 3183 1814 3212 Nod.
1824 3193 1881 3221 cap.
1897 3193 1906 3211 i
1912 3193 1925 3221 3
1933 3203 1940 3212 .
2113 3218 2141 3244 bd

1581 3221 1608 3248 A
1616 3229 1632 3248 a
1642 3229 1656 3248 a
1664 3228 1680 3248 :i
1701 3229 1718 3246 ι
2052 3219 2075 3246 '1
2082 3238 2089 3245 .
2097 3221 2114 3244 s

2167 1444 2209 1478 27
