2295 3400
141 2748 178 2780 31

174 124 275 173 254
598 110 666 156 M.
738 107 788 156 T
815 120 865 154 υ·
893 123 922 154 1,
957 122 987 153 1.
1023 121 1041 152 1
1076 121 1094 151 1

173 192 249 223 libet
258 213 266 226 ,
278 192 398 223 daturus
409 201 473 222 non
483 191 549 222 sum
559 190 697 230 amplius.
720 189 863 230 idemque
874 189 930 217 hoc
940 187 1045 217 amicis
1056 186 1081 226 ej
1088 195 1132 219 us,
1157 183 1159 197 '

172 234 210 265 &
221 234 428 265 defensoribus
437 233 592 264 videbatur
603 243 607 260 :
620 241 706 272 atque
717 241 754 261 eo
764 233 855 261 etiam
869 227 1060 270 magis,quod
1070 227 1135 260 iste,

175 285 301 317 quoquo
312 275 406 306 modo
416 276 445 305 se
456 277 488 304 in
500 284 532 304 ea
542 273 706 314 quaestione
713 273 870 314 praebebat,
885 281 986 302 tamen
997 267 1136 300 inconsi-

175 318 222 347 lio
232 319 356 348 habebat
366 319 505 347 homines
515 314 658 345 honestos
668 315 685 345 ὲ
695 323 848 345 conventu
865 312 1043 354 Syracusano
1053 331 1061 345 ‚
1082 311 1135 352 qui

175 360 326 390 sacerdoti
337 368 457 400 quoque
469 360 501 387 in
510 355 636 388 consilio
646 355 763 387 fuerant
773 365 836 386 tum
850 377 858 389 ,
877 355 950 386 cuin
965 352 1038 384 esset
1052 354 1136 383 idem

175 401 227 431 hic
244 405 365 441 Sopater
384 401 546 430 absolutus.
578 401 647 429 Hoc
656 400 780 428 rationis
789 398 936 428 habebant
946 417 954 429 ,
976 395 1071 426 facere
1088 404 1140 425 eos

174 443 264 472 nullo
275 442 368 472 modo
378 440 468 482 posse,
479 450 511 471 ut
521 441 610 470 codem
619 441 744 473 crimine,
756 441 778 469 ii
776 439 854 479 silem
864 437 1009 474 restituam
1012 444 1140 478 opattam

176 484 386 513 condemnarent
400 484 484 512 iidem
502 483 622 511 hommes
632 503 640 515 ‚
660 483 712 524 qni
727 490 811 511 antea
828 479 1015 520 alfolviffi‘nr.
1039 482 1140 519 Itaque

178 526 234 555 hac
245 536 303 555 una
313 526 360 565 spe
371 525 406 555 ad
415 525 568 565 judicium
579 527 709 554 venitur.
732 522 794 565 quo
811 524 1001 564 posteaquam
1015 530 1140 551 ventum

176 566 303 600 est‚cum
317 569 349 596 111
359 565 517 597 consilium
526 566 696 607 frequentes
703 564 915 596 conveniss‘ent
923 563 1084 603 iidem,qui
1096 562 1143 592 so-

179 609 299 642 lebant,
316 609 348 639 &
360 610 413 638 hac
425 619 482 639 una
492 609 539 648 spe
551 617 613 638 tota
621 606 753 638 defensio
764 610 878 647 Sopatri
889 608 1033 636 niteretur
1045 624 1052 637 ‚
1069 614 1142 634 con-

178 649 236 680 silii
244 650 410 692 frequentia
419 671 427 684 ‚
443 651 475 680 &
486 650 678 691 dignitate,&
687 649 769 690 quod
780 658 876 681 erant,
896 658 929 678 ut
937 647 1021 681 dixi,
1035 646 1141 678 iidem,

179 694 232 732 qui
243 702 328 722 antea
338 695 494 732 Sopatrum
505 692 614 722 eodem
624 692 680 721 illo
691 693 819 722 crimine
834 691 991 721 liberarant
1004 700 1009 718 :
1029 697 1142 728 cogno-

182 736 253 764 reite
262 735 400 764 hominis
409 743 539 774 apertam
554 753 562 767 ,
584 744 615 763 ac
627 743 690 763 non
701 732 797 763 modo
808 742 871 763 non
882 733 996 762 ratione
1008 751 1016 763 ,
1036 730 1083 760 sed
1105 739 1143 758 ne

179 775 398 814 dissimulatione
410 776 526 817 quidem
543 775 651 806 tesiam
663 775 888 815 improbitatem
901 794 909 806 ,
931 774 963 803 &
973 772 1124 803 audaciam
1138 781 1143 799 2

180 820 227 847 M.
238 818 382 848 Petilium
393 838 401 851 ,
413 820 547 859 equitem
558 820 651 848 Rom.
660 827 751 858 quem
762 816 887 846 habebat
897 817 929 845 in
940 813 1065 846 consilio
1076 833 1084 846 ‚
1094 822 1145 852 Ju-

181 859 233 889 bet
242 869 362 899 operam
373 860 440 889 dare
452 879 460 893 ,
480 858 562 900 quod
572 861 613 889 rei
623 861 742 899 privatae
755 858 846 894 judex
855 855 934 887 ess'et.
966 856 1090 886 Petilius
1099 864 1146 883 re-

181 901 315 936 cusabat,
325 901 409 942 quod
419 901 487 931 suos
497 903 610 931 amicos
621 921 629 934 ‚
650 910 726 941 quos
735 899 789 929 fibi
799 902 832 929 in
842 897 968 929 consilio
978 895 1035 926 esse
1042 896 1144 928 vellet,

183 943 244 983 ipse
254 946 360 973 Verres
367 945 522 973 retineret.
553 941 609 973 Iste
620 945 715 972 homo
726 942 854 971 liberalis
864 960 872 974 ,
886 945 980 985 'negat
995 939 1023 968 se
1038 947 1146 978 quern-

183 995 275 1025 quam
285 987 412 1015 retinere
422 995 538 1018 eorum,
552 987 604 1024 qui
615 985 722 1015 Petilio
731 983 844 1013 vellent
853 980 959 1012 adeste.
981 983 1078 1021 itaque
1087 979 1147 1008 dis-

182 1026 296 1056 cedunt
306 1036 424 1056 omnes.
447 1036 518 1056 mim
527 1028 615 1055 ceteri
625 1035 744 1066 quoque
754 1027 915 1064 impetrant
924 1044 932 1057 ,
949 1033 986 1053 ne
998 1024 1146 1052 retinean-

187 1076 234 1098 tur
246 1079 251 1098 :
271 1070 323 1109 qui
334 1069 361 1098 se
371 1068 448 1098 velle
464 1067 601 1097 dicebant
619 1069 750 1097 alterutri
768 1076 875 1096 eorum
887 1085 895 1100 ‚
919 1067 971 1106 qui
992 1073 1057 1093 tum
1071 1061 1147 1092 illud

181 1109 334 1149 judicium
348 1110 502 1143 habebant,
514 1107 619 1139 adesse,
635 1111 735 1149 Itaque
747 1108 799 1138 iste
809 1109 887 1138 solus
899 1116 970 1137 cum
982 1106 1030 1136 sua
1039 1105 1148 1134 cohor-

185 1160 215 1182 te
235 1150 411 1192 nequiffima
428 1151 618 1191 relinquitur.
650 1153 725 1180 Non
739 1149 891 1179 dubitabat
905 1149 1056 1178 Minutius
1067 1166 1075 1180 ‚
1097 1146 1149 1186 qui

184 1197 344 1232 Sopatrum
355 1192 543 1225 defendebat,
556 1195 629 1233 quin
639 1191 693 1222 iste
705 1212 712 1225 ‚
727 1193 874 1232 quoniam
884 1188 1046 1220 consilium
1057 1188 1150 1217 dimi-

185 1233 274 1268 sisset,
288 1235 343 1264 illo
353 1234 402 1264 die
413 1244 477 1264 rem
488 1235 571 1264 illam
580 1232 753 1275 quaesiturus
763 1243 827 1262 noti
838 1230 909 1262 efl'et
921 1244 925 1260 ;
944 1229 1016 1261 cum
1028 1228 1148 1270 repente

183 1276 308 1317 jubetur
318 1277 425 1306 dicere.
457 1277 643 1316 Respondet.
666 1275 724 1304 ,Ad
733 1278 821 1315 quos?
843 1273 889 1303 Ad
902 1283 951 1302 me
961 1293 969 1306 ,
987 1274 1088 1312 inquit
1099 1290 1106 1304 ,
1130 1268 1151 1298 fi

187 1318 243 1348 tibi
253 1318 382 1348 idoneus
392 1317 515 1352 videor,
527 1320 579 1359 qui
590 1317 627 1348 de
638 1318 763 1347 homine
776 1316 876 1347 Siculo
886 1335 895 1350 ‚
913 1325 945 1346 ac
957 1313 1095 1344 Graeculo
1101 1313 1111 1352 j
1116 1322 1151 1341 u-

187 1360 300 1390 dicem.
323 1360 454 1390 Idoneus
465 1369 495 1389 es
507 1380 515 1393 ‚
531 1362 648 1400 inquit:
668 1358 716 1390 sed
728 1356 892 1399 pervellem
902 1354 1033 1387 adessent
1044 1357 1065 1384 ii
1076 1375 1084 1388 ‚
1100 1356 1152 1395 qui

187 1401 331 1432 affuerant
340 1411 424 1431 antea
435 1422 443 1435 ‚
466 1402 641 1441 causamque
659 1409 832 1442 cognorant.
865 1401 925 1429 Dic
937 1419 945 1432 ,
969 1399 1068 1438 inquit
1081 1407 1086 1425 :
1106 1396 1152 1425 1111

189 1442 285 1474 adefl'e
296 1453 360 1473 non
369 1442 500 1483 possunt.
521 1446 601 1472 Nam
612 1444 728 1475 hert-me,
741 1444 840 1482 inquit
850 1444 908 1486 Q.
920 1441 1090 1471 Minucius,
1102 1448 1150 1467 me

189 1496 311 1526 quoque
329 1485 451 1515 Petilius
463 1505 471 1518 ‚
494 1494 527 1514 ut
536 1484 589 1514 sibi
600 1489 610 1504 ¹
622 1487 654 1514 in
665 1482 791 1514 consilio
802 1481 930 1513 adeflem
942 1502 950 1516 ‚
970 1482 1095 1521 rogavit.
1119 1480 1151 1509 δί

191 1526 306 1558 simula
316 1527 461 1557 subselliis
472 1527 551 1556 abire
560 1529 661 1567 coepit.
685 1526 840 1556 Isteiratus
850 1545 857 1559 ‚
879 1525 1040 1554 hominem
1054 1521 1152 1552 verbis

189 1568 474 1600 vehementioribus
485 1569 673 1609 prosequitur
683 1588 691 1601 ‚
711 1577 798 1608 atque
814 1568 844 1596 ei
863 1568 980 1607 gravius
991 1566 1081 1594 etiarn
1094 1565 1152 1592 mi-

192 1613 257 1642 nari
266 1613 367 1650 coepir,
379 1610 461 1651 quod
473 1611 504 1639 in
515 1611 544 1640 se
555 1619 670 1640 tantum
681 1612 808 1642 crimen,
822 1607 1030 1647 invidiamque
1041 1604 1154 1636 confla-

193 1662 244 1684 ret.
290 1654 458 1685 Minucius,
467 1653 519 1692 qui
530 1649 675 1690 Syracusis
687 1650 724 1681 sic
734 1652 934 1691 negotiaretur
944 1670 952 1682 ‚
969 1658 1000 1678 ut
1012 1648 1152 1687 suijuris,

193 1695 405 1736 dignitatisque
415 1691 600 1723 meminiss'et
612 1705 616 1722 :
637 1693 671 1722 &
689 1694 742 1733 qui
761 1693 845 1722 sciret
864 1693 903 1722 ita
921 1691 948 1721 se
958 1692 990 1720 in
1000 1691 1155 1730 provincia

192 1746 258 1768 rem
269 1746 373 1777 augere
383 1745 519 1775 oportere
531 1756 540 1767 ‚
559 1744 592 1764 ut
601 1735 704 1776 nequid
713 1735 744 1763 de
755 1732 884 1762 libertate
893 1731 1063 1772 deperderet
1074 1742 1079 1760 :
1098 1732 1154 1760 110-

192 1780 348 1819 miniquae
359 1778 420 1807 visu
431 1778 510 1809 sunt,
524 1778 557 1806 &
571 1787 636 1817 quae
647 1775 850 1816 tempusillud
861 1776 939 1808 tulit,
953 1775 984 1804 &
994 1774 1092 1805 causa,
1108 1783 1154 1802 re-

193 1820 331 1860 spondit:
351 1819 465 1849 causam
478 1818 536 1848 sese
546 1817 669 1848 dimisso
681 1838 689 1851 ,
700 1827 787 1858 atque
799 1818 931 1857 ablegato
943 1814 1070 1846 consilio
1080 1835 1088 1848 ,
1102 1814 1153 1844 de-

190 1863 348 1894 fensurum
366 1862 492 1900 negavit.
524 1862 622 1900 iraque
641 1859 656 1889 a
676 1859 825 1890 subselliis
842 1856 971 1888 discess'it
985 1868 990 1887 ε
1013 1857 1154 1896 idemque

194 1906 264 1937 hoc,
276 1912 379 1944 praeter
390 1902 517 1936 Siculos,
529 1903 741 1941 ceteri'Sopatri
752 1903 842 1930 amici
854 1921 863 1934 ,
873 1900 1065 1939 advocatique
1075 1898 1155 1928 fece-

193 1955 274 1976 runt.
297 1944 353 1974 Iste
363 1964 371 1977 ,
391 1953 574 1984 quamquam
588 1942 631 1973 est
640 1942 810 1973 incredibili
822 1943 1049 1982 importunitate
1060 1940 1093 1970 &
1103 1950 1153 1969 au—

195 1987 278 2017 dacia
289 2006 296 2020 ‚
316 1995 417 2016 tamen
426 1985 526 2016 subito
538 1985 616 2015 solus
627 1984 784 2014 destitutus
792 1985 949 2024 pertimuit
959 2004 968 2016 ‚
989 1983 1022 2012 &
1033 1991 1155 2012 contur-

196 2030 279 2059 batus
289 2027 340 2058 est.
364 2027 446 2069 Qid
457 2036 570 2068 ageret,
582 2025 644 2067 quo
654 2027 682 2057 se
692 2034 817 2056 verteret
826 2046 835 2059 ,
846 2025 1003 2055 nesciebat.
1025 2026 1055 2055 Si
1063 2024 1156 2053 dimi-

196 2069 273 2100 siss'ct
283 2080 318 2100 eo
329 2079 464 2109 tempore
474 2068 672 2110 quaestionem
682 2088 690 2102 ‚
701 2067 835 2108 postillis
845 2067 987 2097 adhibitis
998 2087 1006 2101 ‚
1019 2075 1095 2107 quos
1104 2065 1154 2095 ab·

196 2113 304 2154 legarat
313 2131 321 2144 ‚
341 2111 512 2141 absolutum
523 2112 559 2141 iri
569 2113 727 2150 Sopatrum
737 2109 867 2139 videbat.
890 2107 933 2139 sin
942 2118 1042 2138 autem
1053 2109 1156 2137 homi-

196 2163 269 2185 nem
281 2154 423 2183 miserum
433 2173 441 2186 ,
453 2161 537 2194 atque
549 2154 746 2182 innocentem
758 2149 999 2184 condemnasset,
1011 2148 1082 2180 curn
1094 2149 1155 2188 ipse

194 2203 290 2237 praetor
300 2194 359 2236 fine
375 2194 482 2235 consilto
493 2205 504 2222 .·
526 2203 585 2223 rem
594 2193 752 2234 autemsi‘ne
761 2200 872 2230 patrono
884 2212 892 2226 ‚
912 2202 998 2233 atque
1008 2192 1158 2221 advocatis

197 2235 299 2268 suisset
311 2257 319 2271 ,
337 2236 548 2277 judiciumque
558 2238 591 2266 C.
601 2236 765 2266 Sacerdotis
776 2232 936 2264 rescidifl'et
948 2245 953 2262 z
970 2233 1118 2263 invidiam
1129 2234 1157 2263 se

197 2278 341 2310 sustinere
349 2287 412 2308 non
422 2277 502 2318 poss'e
511 2285 624 2308 tantam
633 2276 832 2307 arbitrabatur.
843 2278 944 2316 Itaque
954 2274 1093 2305 aestuabat
1103 2274 1157 2304 du-

198 2321 346 2352 bitatione
359 2330 364 2349 :
380 2319 511 2350 versabat
519 2319 547 2350 se
557 2321 589 2349 in
600 2328 755 2359 utramque
764 2326 877 2357 partem
888 2327 952 2348 non
961 2316 1062 2347 solum
1071 2326 1158 2345 men-

198 2371 227 2393 te
237 2383 245 2397 ,
255 2362 364 2392 verum
373 2363 464 2392 etiam
475 2371 598 2401 corpore
610 2371 616 2389 z
639 2369 671 2390 ut
681 2369 789 2390 omnes
800 2380 809 2393 ,
830 2361 882 2400 qui
891 2359 1009 2389 adeiant
1020 2378 1028 2392 ,
1045 2358 1158 2387 intelli-

197 2415 265 2445 gere
273 2402 402 2444 possent,
415 2405 446 2433 in
456 2405 562 2433 animo
571 2412 634 2437 eius
645 2405 659 2421 2
668 2409 775 2431 metum
785 2421 793 2436 ‚
804 2400 1044 2442 cupiditatemque
1049 2407 1160 2440 pugna-

196 2457 234 2476 τε.
267 2449 336 2476 Eiat
354 2446 519 2475 hominum
531 2453 698 2474 conventus
710 2445 863 2474 maximus
874 2463 883 2476 ,
903 2443 1060 2473 summum
1071 2440 1159 2470 filen-

199 2490 292 2521 tium,
302 2488 421 2518 summa
429 2486 609 2527 exspestatio
619 2505 627 2520 ‚
639 2495 773 2528 quonam
783 2484 855 2516 61161
863 2485 928 2525 ejus
937 2483 1083 2524 cupiditas
1091 2492 1158 2512 eru·

199 2538 294 2569 ptura.
305 2528 409 2559 crebro
419 2528 589 2559 dimittebat
598 2528 625 2558 se
634 2528 772 2558 accensus
782 2527 817 2557 ad
826 2536 928 2558 aurem
939 2524 1156 2556 Timarchides.

201 2574 286 2601 Tum
296 2570 349 2601 iste
359 2570 530 2611 aliquando,
543 2573 555 2597 3
567 2572 649 2611 Age,
660 2571 713 2604 dic,
724 2571 832 2610 inquit.
855 2572 992 2608 Sopatrus
1000 2567 1158 2607 implorare

200 2615 379 2646 hominum,
390 2622 477 2653 atque
484 2610 577 2642 desim
589 2611 728 2646 fideman
737 2622 806 2642 cum
818 2609 946 2641 consilio
955 2609 1155 2651 cognosceret.

201 2658 287 2685 Tum
296 2654 416 2694 repente
426 2653 480 2684 iste
491 2653 588 2684 testeis
598 2656 680 2684 citari
689 2654 697 2693 j
703 2653 780 2683 ubet.
796 2653 869 2683 dicit
878 2662 956 2683 unus
967 2652 999 2682 &
1009 2652 1081 2682 alter
1090 2650 1158 2680 bre-

201 2699 286 2727 viter.
306 2697 385 2726 nihil
404 2697 609 2736 interrogatur.
631 2706 727 2736 praeco
739 2715 747 2729 ,
768 2698 799 2725 D
810 2706 821 2725 i
832 2705 853 2725 x
865 2705 876 2725 1
888 2705 900 2725 s
913 2704 926 2724 s
935 2703 955 2724 ε
973 2694 1156 2734 pronuntiat.

201 2738 269 2773 Iste,
280 2737 358 2779 quasi
366 2746 530 2771 metueret,
542 2748 580 2768 ne
591 2738 846 2778 Petiliu5‚p.rivato
855 2737 910 2768 illo
918 2740 936 2764 4
940 2737 951 2777 j
957 2736 1057 2767 udicio
1066 2735 1158 2766 trans-

1175 107 1707 157 Crcnno'u1s

1175 186 1243 217 asto
1259 208 1267 221 ‚
1281 197 1331 218 aut
1341 187 1432 219 dilato
1443 208 1451 222 ²
1463 198 1533 220 cum
1545 192 1647 221 ceteris
1657 191 1691 221 in
1698 187 1860 221 consilium
1871 195 2065 219 reverteretur
2075 206 2084 223 ‚
2099 189 2141 220 ite

1176 239 1336 269 properans
1346 230 1382 260 de
1394 231 1463 261 sella
1471 229 1590 263 exsiluit
1603 243 1608 261 z
1629 233 1790 262 hominem
1801 233 2008 263 innocentem,
2019 230 2036 260 a
2045 233 2077 260 C.
2088 233 2140 260 Sa·

1176 272 1297 301 cerdote
1308 272 1481 303 absolutum
1492 293 1500 306 ‚
1510 271 1618 302 indista
1628 274 1722 314 causa,
1735 274 1772 304 de
1783 273 1926 303 sententia
1933 272 2034 302 scribae
2044 292 2052 304 ‚
2074 280 2143 301 me-

1177 313 1247 346 d³ci,
1259 314 1478 356 haruspicisque
1489 315 1713 346 condemnavit.
1739 317 1890 348 Retinere,
1902 316 2026 343 retinete
2036 314 2140 343 'nomi-

1178 365 1250 385 nem
1261 357 1293 385 in
1301 357 1419 386 civitate
1430 377 1438 390 ,
1452 356 1566 396 judices
1579 368 1584 386 :
1599 359 1707 397 parcite
1720 377 1728 390 ‚
1752 357 1785 387 &
1795 356 1964 387 conservate
1975 375 1984 388 ,
2003 364 2036 384 ut
2045 353 2077 384 sit
2087 355 2141 395 qui

1180 397 1340 427 nobiscum
1358 408 1403 427 res
1420 398 1550 438 judicet:
1573 401 1627 439 qui
1639 401 1672 428 in
1687 399 1789 429 senatu
1797 397 1857 438 fine
1870 398 1927 426 ulla
1939 396 2095 437 cupiditate
2103 396 2142 427 de

1179 439 1261 469 bello
1272 439 1305 469 &
1315 449 1384 479 pace
1394 440 1571 470 sententiam
1582 441 1663 471 ferat.
1695 438 1828 470 Tametsi
1846 442 1950 471 minus
1968 438 1999 468 id
2014 438 2140 478 quidem

1180 480 1280 514 nobis,
1290 483 1392 511 minus
1402 482 1516 521 populo
1525 484 1668 512 Romano
1679 481 1876 512 laborandum
1886 480 1939 514 est,
1949 480 2044 520 qualis
2054 478 2141 509 istius

1182 524 1215 552 in
1233 523 1333 552 senatu
1351 524 1498 553 sententia
1513 522 1614 554 fu'tura
1634 522 1677 553 fit.
1710 526 1784 565 Qae
1804 525 1890 553 enim
1907 524 1971 562 ejus
1981 520 2142 552 3061011135

1182 566 1259 594 erit?
1280 564 1401 605 quando
1423 564 1477 595 iste
1491 566 1670 595 sententiam
1684 565 1781 595 dicere
1794 563 1909 593 audebit
1921 584 1930 597 ,
1954 573 2004 593 aut
2011 562 2118 604 poterit
2129 565 2142 591 ‚²

1181 606 1301 646 quando
1311 615 1408 636 autem
1419 607 1515 637 homo
1527 616 1604 637 tanta
1612 608 1731 637 luxuria
1740 627 1748 641 ‚
1772 616 1858 647 atque
1866 604 1975 636 desidia
1989 625 1998 639 ‚
2022 603 2077 634 nisi
2087 606 2144 634 Fe-

1183 648 1301 678 bruario
1311 649 1414 678 mense
1426 669 1434 682 ‚
1451 649 1608 688 adspirabit
1618 651 1651 679 in
1662 651 1776 679 curiam
1787 651 1796 677 ?
1820 646 1937 678 Verum
1946 647 2047 677 veniat
2054 644 2123 676 sane
2134 656 2146 677 ι

1182 690 1319 720 decernat
1330 690 1445 720 bellurn
1456 689 1641 721 Cretensibus
1652 702 1661 725 3
1676 691 1782 721 liberet
1793 692 1953 730 Byzantios
1964 700 1973 723 3
1983 698 2082 729 regem
2093 696 2144 727 ap-

1182 731 1273 771 pellet
1283 732 1482 762 Ptolemaeum
1494 744 1502 766 3
1516 742 1580 773 quae
1592 733 1658 763 vult
1667 730 1843 762 Hortensius
1853 751 1861 765 ‚
1877 732 1984 761 omnia
1994 729 2088 762 dicat,
2109 729 2144 759 &c

1184 773 1297 803 sentiat.
1321 775 1424 803 minus
1439 775 1501 804 haec
1515 774 1551 804 ad
1564 784 1640 808 nos,
1664 777 1768 804 minus
1781 773 1817 804 ad
1830 775 1899 803 vitae
1912 771 2020 802 nostrae
2039 770 2144 801 discri-

1184 824 1275 848 men,
1299 817 1402 844 minus
1415 815 1450 845 ad
1463 815 1653 846 fortunarum
1678 815 1847 846 nostrarum
1869 814 2037 854 periculum
2054 814 2146 853 perti-

1184 864 1267 885 nent.
1290 856 1369 886 Illud
1382 877 1390 889 ,
1406 857 1481 886 illud
1497 856 1539 887 est
1546 858 1668 897 capitale
1680 877 1689 891 ,
1705 857 1780 887 illud
1789 856 2024 887 formidolosum
2037 875 2045 888 ‚
2069 853 2146 885 illud
2192 886 2202 891 ,,

1185 898 1288 938 optimo
1299 900 1399 939 cuique
1408 899 1597 933 metuendum,
1608 898 1690 940 quod
1701 899 1766 933 iste,
1778 909 1816 928 ex
1825 900 1884 928 hoc
1891 897 2008 938 judicio
2019 895 2146 936 sialiqtia

1185 941 1217 968 vi
1232 939 1260 969 se
1273 942 1422 979 eripuerit,
1455 942 1487 970 in
1501 941 1650 979 judicibus
1663 940 1696 970 sit
1710 939 1823 971 necesse
1834 939 1892 970 est:
1917 940 2094 970 sententiam
2105 937 2143 967 de

1185 983 1277 1027 capite
1287 983 1362 1011 civis
1373 984 1509 1012 Romani
1519 981 1593 1013 ferat
1607 993 1611 1011 :
1632 981 1665 1012 sit
1673 985 1707 1012 in
1717 984 1781 1022 ejus
1791 983 1922 1013 exercitu
1933 978 2052 1022 signifer
2064 1000 2072 1012 ‚
2091 980 2146 1020 qui

1186 1025 1349 1062 imperium
1358 1023 1543 1063 judiciorum
1555 1033 1654 1055 tenere
1663 1025 1737 1055 vult.
1769 1026 1837 1054 Hoc
1846 1023 1975 1064 populus
1986 1024 2148 1052 Romanus

1185 1064 1297 1094 recusat
1308 1084 1316 1097 ‚
1332 1067 1389 1094 hoc
1397 1065 1472 1095 ferre
1482 1076 1545 1095 non
1556 1066 1652 1106 potest
1663 1077 1668 1095 z
1691 1067 1815 1099 clamat,
1830 1066 2036 1105 permittitque
2045 1062 2146 1096 vobis,

1188 1113 1221 1135 ut
1231 1126 1238 1138 ‚
1256 1104 1276 1134 si
1286 1105 1349 1136 istis
1359 1107 1536 1137 hominibus
1547 1107 1743 1138 dele-fitemini
1756 1129 1765 1141 .
1788 1106 1808 1137 si
1817 1117 1855 1137 cx
1866 1109 1924 1136 hoc
1932 1115 2039 1147 genere
2049 1104 2149 1144 splen-

1187 1146 1292 1176 dorem
1305 1147 1423 1181 ordini,
1446 1157 1533 1189 atque
1552 1158 1766 1179 ornamentum
1779 1150 1867 1178 curiae
1879 1146 2060 1178 constituere
2072 1145 2150 1176 veli-

1188 1190 1227 1218 tis
1240 1199 1245 1217 z
1261 1189 1394 1219 habeatis
1405 1190 1473 1220 sane
1482 1190 1639 1220 vobiscum
1649 1190 1740 1220 istum
1753 1191 1919 1220 senatorem
1932 1199 1938 1218 t
1953 1188 2045 1218 istum
2057 1189 2149 1217 etiam

1189 1230 1226 1260 de
1236 1231 1325 1260 vobis
1332 1230 1476 1271 judicem,
1489 1230 1508 1261 fi
1519 1232 1609 1262 vultis
1617 1252 1625 1265 ,
1643 1232 1772 1262 habeatis
1786 1244 1790 1261 2
1806 1231 1842 1261 de
1852 1232 1879 1262 se
1888 1233 2030 1261 homines
2040 1249 2048 1263 ‚
2065 1228 2085 1258 si
2095 1230 2148 1269 qui

1191 1281 1272 1302 extra
1283 1271 1372 1302 istum
1383 1273 1522 1303 ordinem
1534 1274 1601 1304 sunt
1611 1294 1619 1307 ,
1634 1274 1743 1315 quibus
1753 1284 1791 1303 rie
1801 1273 1940 1312 rejiciendi
1949 1271 2072 1313 quidem
2082 1280 2148 1300 am-

1189 1314 1373 1355 plius,quam
1385 1317 1475 1344 trium
1487 1315 1780 1356 judicum,praec1arae
1791 1316 1869 1357 leges
1881 1314 2028 1345 Corneliae
2037 1313 2151 1342 faciunt

1189 1355 1375 1395 potestatem,
1387 1357 1466 1386 hunc
1477 1358 1637 1387 hominem
1647 1367 1706 1388 tarn
1716 1357 1881 1389 crudelem,
1893 1366 1953 1386 tam
1963 1355 2148 1387 sceleratum,

1189 1407 1250 1427 tam
1262 1398 1408 1428 nefarium
1421 1418 1428 1432 ‚
1452 1400 1562 1429 nolunt
1573 1399 1716 1439 judicare.
1761 1401 1883 1429 Etenim
1895 1397 1915 1428 fi
1927 1397 2004 1427 illud
2015 1395 2057 1426 est
2067 1395 2151 1437 flagi-

1190 1440 1300 1470 tiosum
1311 1440 1404 1480 [quod
1415 1442 1493 1470 mihi
1504 1443 1646 1471 omniurn
1658 1451 1758 1471 rerum
1770 1438 1983 1480 turpissimum,
1999 1439 2150 1468 maxime·

1190 1492 1248 1522 que
1257 1481 1405 1512 nefarium
1418 1482 1547 1524 videtur)
1563 1481 1595 1512 ob
1608 1493 1663 1512 rem
1670 1483 1858 1522 judicandam
1864 1482 2010 1522 pecuniam
2018 1480 2151 1522 accipwe,

1190 1525 1285 1563 pretio
1296 1524 1403 1554 habere
1413 1524 1562 1555 addffiiam
1574 1524 1665 1555 fidem
1678 1546 1686 1558 ‚
1699 1526 1731 1554 &
1740 1525 1920 1567 religionem
1933 1535 1937 1552 z
1952 1531 2065 1564 quanto
2075 1521 2152 1552 illud

1192 1564 1362 1606 flagitiosius
1374 1586 1381 1599 ‚
1398 1566 1565 1605 improbius
1576 1587 1584 1601 ,
1605 1567 1758 1609 indignius
1770 1587 1778 1600 ‚
1794 1576 1864 1596 eum
1876 1585 1884 1600 ‚
1897 1565 1912 1595 a
1921 1575 1983 1606 quo
1992 1565 2152 1604 pecuniam

1191 1608 1231 1636 ob
1241 1607 1459 1637 absolvendum
1470 1610 1616 1648 acceperis
1626 1629 1634 1643 ,
1649 1608 1852 1638 condemnare
1864 1618 1868 1636 ε
1883 1616 1917 1637 111
1926 1618 1965 1636 116
1974 1605 2154 1647 praedonum

1190 1649 1312 1689 quidem
1327 1657 1434 1688 praetor
1447 1652 1480 1679 in
1494 1648 1553 1680 fide
1565 1650 1719 1680 retinenda
1730 1649 1981 1680 consuetudinem
1998 1646 2155 1678 conserva-

1191 1694 1253 1720 ret?
1276 1694 1401 1721 SCELUS
1424 1690 1467 1720 est
1483 1693 1614 1731 accipere
1626 1692 1662 1722 ab
1675 1702 1727 1721 reo
1738 1702 1743 1720 ε
1765 1700 1878 1732 quanto
1889 1692 1985 1732 tnagis
1993 1688 2153 1720 3113661113-

1193 1741 1254 1762 tore
1265 1735 1276 1761 ?
1289 1741 1401 1772 quanto
1411 1734 1501 1762 etiam
1513 1734 1678 1763 sceleratius
1687 1732 1723 1762 ab
1731 1741 1851 1774 utroque
1862 1737 1871 1761 ἓ
1886 1732 1993 1762 Fidem
2001 1730 2072 1760 cum
2082 1740 2154 1770 pro-

1191 1773 1334 1815 posuifl'es
1344 1774 1481 1804 venalem
1492 1777 1524 1804 in
1535 1777 1690 1814 provincia
1705 1786 1711 1804 :
1734 1775 1828 1805 valuit
1837 1774 1914 1814 apud
1924 1783 1952 1803 te
1961 1773 2029 1813 plus
2039 1775 2064 1802 is
2074 1791 2083 1806 ,
2099 1772 2153 1812 qui

1192 1818 1350 1856 pecuniam
1369 1817 1517 1855 majorem
1538 1816 1627 1846 dedit.
1658 1816 1812 1847 Concedo.
1840 1814 1962 1845 forsitan
1975 1815 2083 1855 aliquis
2096 1815 2153 1844 ali·

1192 1857 1312 1898 quando
1329 1858 1478 1897 ejusmodi
1493 1860 1647 1898 quippiam
1659 1858 1777 1888 fecerit.
1809 1857 1888 1888 Cum
1903 1855 1975 1887 verb
1989 1854 2080 1886 fidem
2091 1875 2099 1889 ,
2123 1864 2156 1885 ac

1191 1901 1371 1941 religionem
1387 1908 1468 1930 tuam
1482 1901 1542 1936 iam
1554 1902 1638 1930 alteri
1654 1899 1804 1930 361111613111
1825 1900 1951 1940 pecunia
1969 1906 2086 1938 accepta
2103 1898 2156 1927 ha-

1193 1942 1291 1971 bueris
1302 1961 1310 1974 ‚
1333 1940 1400 1980 post
1413 1941 1540 1971 eandem
1553 1941 1716 1972 adversario
1728 1941 1881 1971 tradideris
1895 1941 2010 1981 majore
2019 1941 2155 1980 pecunia:
2198 1947 2206 1971 ἰ

1193 1991 1346 2024 utrumque
1348 1983 1432 2021 falles
1441 1985 1453 2012 ?
1468 1983 1501 2013 &
1511 1983 1605 2013 trades
1614 1986 1663 2013 cui
1671 1984 1757 2013 voles
1768 1986 1779 2012 ?
1793 1983 1826 2013 &
1836 1984 1864 2013 ei
1874 2003 1882 2016 ‚
1897 1992 1989 2023 quem
1997 1980 2154 2016 fefelleris,

1193 2035 1231 2055 ne
1243 2027 1400 2064 pecuniam
1409 2025 1537 2065 quidem
1561 2025 1684 2055 reddes?
1707 2028 1720 2052 5
1730 2028 1830 2066 Qem
1850 2026 1931 2054 mihi
1952 2032 1985 2053 tu
2007 2022 2153 2057 Bulbum,

1194 2077 1284 2108 quern
1297 2066 1553 2107 Stalenum,-quod
1563 2077 1708 2108 umquam
1718 2066 1893 2106 hujusmodi
1903 2064 2075 2095 monstrum
2085 2084 2094 2097 ‚
2105 2072 2155 2095 aut

1194 2109 1367 2150 prodigium
1376 2108 1546 2138 audivimus
1557 2129 1565 2142 ‚
1581 2118 1629 2138 aut
1638 2108 1773 2138 vidimus
1782 2127 1791 2141 ,
1806 2109 1858 2148 qui
1869 2117 1939 2137 cum
1950 2116 1992 2136 reo
2004 2104 2152 2147 transigam

1194 2150 1261 2190 post
1271 2160 1341 2180 cum
1352 2151 1510 2190 accusatore
1519 2149 1646 2180 decidat?
1657 2149 1799 2180 honestos
1809 2151 1962 2182 homines,
1972 2150 2025 2189 qui
2035 2149 2152 2178 causam

1195 2194 1300 2222 norint
1312 2211 1320 2224 ,
1336 2191 1451 2232 ableget
1460 2211 1468 2225 ,
1491 2189 1506 2211 ⁶
1517 2191 1532 2221 a
1540 2191 1725 2232 consilioque
1734 2191 1885 2221 dimittat?
1908 2191 1969 2231 ipse
1979 2190 2058 2220 solus
2067 2198 2154 2219 reum

1196 2234 1365 2264 absolutum
1376 2253 1385 2266 ‚
1398 2236 1413 2262 3
1425 2242 1486 2273 quo
1496 2235 1656 2272 pecuniam
1666 2236 1809 2273 acceperit
1818 2253 1826 2266 ,
1841 2232 2042 2265 condemnet,
2065 2241 2156 2272 pecu-

1196 2277 1338 2315 niamque
1347 2284 1411 2304 non
1421 2273 1543 2304 reddat?
1560 2277 1651 2305 Hunc
1661 2276 1822 2305 hominem
1833 2276 1867 2305 in
1876 2274 2014 2315 judicum
2025 2282 2155 2303 numero

1198 2317 1374 2347 habebimus
1387 2318 1398 2345 ?
1420 2317 1469 2345 hic
1478 2316 1599 2346 alteiam
1610 2316 1760 2349 decuriam
1772 2317 1950 2347 senatoriam
1964 2315 2057 2355 judex
2072 2315 2155 2345 obti-

1197 2358 1302 2388 nebit?
1316 2358 1364 2387 hic
1373 2357 1410 2387 de
1418 2359 1511 2397 capite
1521 2358 1617 2388 libero
1626 2358 1790 2397 judicabit?
1811 2360 1880 2388 huic
1888 2357 2036 2398 judicialis
2047 2356 2155 2387 tabella

1195 2401 1402 2430 committetur
1413 2402 1423 2428 ?
1437 2400 1527 2440 quam
1539 2399 1591 2429 iste
1602 2410 1666 2430 non
1676 2399 1772 2431 modo
1783 2409 1843 2429 cera
1852 2421 1861 2434 ,
1872 2398 1979 2430 verum
1989 2400 2078 2429 etiarn
2084 2398 2154 2439 san-

1193 2443 1281 2482 guine
1291 2462 1299 2474 ‚
1318 2446 1332 2469 7
1343 2439 1363 2470 fi
1373 2441 1470 2471 visum
1482 2443 1556 2475 erit,
1568 2443 1694 2473 notabit.
1724 2441 1805 2483 Qd
1816 2443 1900 2472 enim
1912 2442 2021 2471 horum
2030 2441 2059 2471 se
2068 2446 2155 2482 negat
2174 2451 2187 2485 3
2200 2450 2216 2486 3

1196 2481 1316 2513 recisse?
1338 2483 1413 2513 illud
1423 2483 1563 2513 videlicet
1571 2493 1668 2514 unum
1680 2505 1689 2518 ,
1709 2484 1790 2525 quod
1799 2482 1913 2514 necess'e
1921 2482 1962 2513 est
1971 2502 1979 2516 ‚
1995 2490 2154 2523 pecuniam

1196 2523 1344 2564 accepisse.
1369 2525 1485 2565 Qidni
1496 2524 1549 2555 iste
1559 2530 1660 2567 neget?
1677 2530 1716 2557 At
1725 2536 1814 2567 eques
1824 2528 1993 2558 Romanus,
2003 2526 2056 2565 qui
2065 2526 2157 2564 Sopa'-

1198 2576 1275 2596 trum
1287 2565 1422 2597 defendit
1432 2587 1440 2601 ‚
1450 2569 1501 2608 qui
1512 2570 1657 2598 omnibus
1666 2569 1729 2608 ejus
1737 2566 1870 2598 consiliis
1883 2587 1891 2600 ‚
1912 2566 2056 2607 rebusque
2063 2567 2159 2596 inter—

1197 2607 1265 2641 fuit,
1276 2610 1478 2649 QMinucius
1487 2610 1597 2649 juratus
1607 2610 1681 2640 dicit
1689 2611 1848 2650 pecuniam
1858 2608 1956 2639 datam
1969 2618 1975 2637 z
1985 2608 2098 2648 juratus
2108 2606 2155 2637 di-

1195 2652 1236 2680 cit
1248 2651 1476 2681 Timarchidem
1485 2649 1593 2681 dixiffe
1602 2672 1610 2685 ‚
1635 2654 1782 2692 majorem
1794 2651 1830 2681 ab
1837 2650 2053 2681 accusatoribus
2067 2658 2158 2689 pecu·

1197 2694 1278 2722 niam
1289 2692 1360 2722 dari.
1372 2692 1473 2723 dicent
1482 2694 1538 2723 hoc
1549 2693 1640 2723 Siculi
1651 2693 1874 2724 omnes:dicent
1884 2701 1993 2722 ornnes
2003 2691 2158 2721 Halicien-
2196 2704 2198 2706 v
2227 2683 2231 2686 ’

1196 2733 1329 2766 seszdicet
1339 2736 1429 2766 etiarn
1439 2743 1628 2776 praetextatus
1636 2738 1752 2777 Sopatri
1762 2733 1910 2776 filius‚qui
1917 2732 2021 2766 abisto
2029 2733 2158 2763 homine
2185 2752 2189 2755 -
2226 2753 2231 2756 -

2053 2772 2160 2804 crude-

241 2861 265 2877 i.
284 2855 313 2892 131
323 2855 406 2887 consilio
415 2854 536 2888 adeffiemq
548 2853 736 2889 hietell.qff÷1›1.
756 2863 874 2889 moxque
883 2857 918 2880 ire
930 2873 938 2886 ,
948 2862 996 2890 pro
1006 2855 1072 2879 abir:
1084 2872 1092 2885 ,
1103 2862 1154 2880 iioii
1192 2854 1285 2884 perlato
1295 2872 1302 2884 ‚
1315 2852 1385 2888 quod
1397 2862 1448 2879 non
1458 2851 1614 2888 displicebat
1624 2852 1783 2878 Gulielmio.

204 2889 352 2924 impronein
359 2909 364 2914 .
959 2906 961 2909 ι

1238 2897 1263 2921 5.
1283 2890 1355 2921 ἔξω
1365 2890 1423 2914 milii
1432 2896 1457 2914 m
1467 2890 1567 2913 Balbum
1578 2907 1586 2920 ‚
1599 2897 1667 2922 quem
1676 2887 1823 2913 Stalenum.’'t
1843 2886 1948 2913 Meteil.
1961 2884 2046 2912 codex
2057 2888 2074 2916 ‚'
2083 2883 2159 2915 ssat-‘w

241 2933 269 2950 2.
289 2928 397 2952 &netum
407 2925 600 2961 cupiditatemque
604 2927 735 2962 pugnare]
754 2927 892 2955 Naiinii&
903 2924 1098 2953 Metellicodd.
1111 2933 1161 2950 cum
1198 2925 1256 2949 mihi
1273 2927 1386 2950 *Tubulum
1403 2926 1454 2955 (Iso.
1473 2923 1544 2960 quod
1554 2922 1676 2949 defendit
1686 2917 1848 2950 Gulielmius
1868 2922 1916 2948 lib.
1931 2931 1954 2948 1.
1975 2919 2156 2948 verisimilium

201 2961 340 2993 eupidt'mre.

245 3005 270 3031 3.
289 3001 350 3029 §Age
359 2997 406 3027 dic,
416 2998 503 3031 Inquit.
521 3001 634 3031 Sopatrus
644 3001 766 3030 implorare
775 3000 892 3024 hominum
904 3017 911 3030 ,
922 3004 992 3032 arque
1001 2997 1160 3030 Derlmfidem,

206 3039 234 3057 m
244 3041 294 3057 cum
304 3042 343 3057 con
352 3035 387 3057 iliu
397 3033 463 3067 dea]
477 3034 581 3060 Metell.
594 3035 621 3059 &
634 3034 712 3060 Fabr.
722 3038 810 3068 inquit.
826 3038 889 3060 Reus
899 3043 967 3059 orare
976 3041 1047 3067 atque
1055 3034 1160 3065 obficra-
1178 3030 1181 3073 1

1197 2969 1254 2995 cap.
1264 2968 1291 2994 7.
1309 2964 1380 2987 certi:
1394 2962 1461 2986 Balbi
1469 2962 1498 2990 (ly
1505 2961 1598 2985 malem*
1607 2958 1859 2994 taiiqiiamjiidicuni
1871 2954 2101 2989 iiummario'ruin,j
2107 2964 2157 2981 un·-

1199 2995 1264 3022 §tim
1276 2997 1372 3023 iteruin
1385 2996 1506 3023 meminit
1518 2996 1615 3022 Cicero
1624 3003 1693 3021 orat.
1706 3004 1755 3030 pro
1765 2995 1893 3021 Cluentio
1903 3003 1959 3030 cap.
1973 2993 2020 3020 28.

1235 3032 1263 3057 6.
1283 3035 1458 3067 eAconfilioque
1468 3032 1591 3067 dimittit]
1612 3032 1653 3058 Ita
1662 3032 1683 3058 F
1684 3031 1767 3058 abi-ic.
1778 3031 1816 3058 ita
1826 3030 1932 3058 Metell.
1945 3029 2060 3066 vulgatis
2070 3029 2160 3057 aberat

207 3077 243 3098 rc,
253 3075 279 3092 ut
291 3076 301 3093 c
310 3078 340 3092 tm
350 3071 444 3101 consilio.
465 3068 532 3095 boire
545 3071 615 3096 Deus
628 3071 633 3096 ἔ
646 3078 743 3106 qiiaiita
751 3069 898 3096 diversitas.
919 3070 948 3095 δῦ
957 3077 1045 3096 tamen
1057 3076 1162 3096 utrum·
1179 3077 1181 3091 1
1199 3068 1358 3104 praepolitio.

206 3112 258 3140 que
271 3104 313 3129 vix
326 3104 430 3131 videtui·
440 3105 497 3130 heic
507 3105 643 3132 consistere
652 3105 732 3141 poss‘e.

207 3185 209 3188 Α
239 3147 270 3191 4
288 3140 668 3177 Judi'tjiotrmfiaaoamdam.)
689 3124 1162 3176 Metelisiber,judecioxranssfto&
1179 3146 1182 3174 ᾗ

1234 3112 1262 3145 7,,
1281 3108 1306 3130 Si
1315 3105 1394 3138 visum
1403 3104 1474 3138 erin]
1496 3103 1577 3133 Liber
1587 3103 1693 3134 Mezen.
1702 3103 1788 3140 visit&
1797 3101 1866 3131 unde
1876 3101 1984 3139 putabat
1994 3098 2157 3130 Gulielmius

1199 3139 1257 3168 fieri
1267 3140 1337 3177 posse
1349 3160 1357 3175 ‚
1376 3141 1449 3175 susm
1455 3143 1514 3169 erit.
2085 3151 2089 3154 ⁴
2116 3148 2119 3151 ·
2138 3148 2140 3150 ·

2037 3181 2060 3201 1.
2071 3175 2164 3208 Qut·

2173 1407 2225 1440 32-
