2295 3400
94 786 138 820 72

141 110 244 163 286

143 188 188 220 hil
199 207 207 222 ‚
228 196 263 218 ut
271 186 300 217 ei
309 185 460 217 utrumvis
477 183 590 216 licuisse
599 184 744 215 vIdeatur.
776 181 860 214 Misit
870 184 903 213 in
911 182 1043 214 Siciliam
1056 183 1106 213 lit-

148 239 223 262 teras
231 229 268 260 ad
279 227 570 269 Carpinatiumssum
579 225 650 256 ess'et
661 224 799 268 magister
808 227 967 264 scripturae,
980 228 990 244 ¹
1004 225 1036 255 &
1045 226 1110 265 ejus

152 272 300 303 societatis
310 271 538 310 publicanorum
548 280 553 298 z
567 279 638 309 quas
647 278 702 309 ego
712 266 855 308 Syracuiis
868 287 876 301 ‚
887 267 963 307 apud
972 269 1112 307 Carpina-

153 315 231 345 tium
244 313 450 343 inlitteratum
461 313 614 342 allatarum
625 310 726 340 libris:
744 312 853 340 Romae
866 329 874 343 ‚
895 311 928 339 in
946 309 1112 339 litterarum

152 354 309 385 miss'arum
320 355 395 394 apud
407 352 580 395 magistrum
591 353 732 382 Tullium
744 372 752 385 ‚
772 351 953 381 familiarem
969 360 1056 381 tuum
1068 353 1116 380 in-

152 399 240 427 veni:
253 397 362 437 quibus
372 406 410 425 ex
420 397 525 425 litteris
536 393 757 434 impudentiam
767 392 975 424 faenerationis
985 413 993 426 ‚
1004 391 1114 434 quaesoss

153 439 337 479 cognoscite.
362 440 527 467 L1TTERAE
551 445 661 466 MissAE
685 446 714 465 L.
731 445 850 465 νει-τυ
860 455 868 468 ‚
894 444 1114 467 L.sERV1L11‚

156 490 186 510 c.
201 489 355 510 ΑΝτιετιῐ
367 500 375 513 ‚
401 488 664 509 MAGiSTRORUM,
697 476 805 508 Praesto
821 478 849 508 se
865 476 1115 507 tibiaitfuturum

154 523 284 555 Vettius,
298 521 329 551 δε
340 522 566 551 observaturum
575 541 583 554 ‚
595 519 992 561 quemadmodumrationes
1000 519 1035 549 ad
1046 525 1116 548 aera'-

154 565 235 594 rium
248 562 354 593 referas
366 574 372 592 :
395 572 426 593 ut
436 584 443 596 ,
465 562 485 592 si
497 564 572 592 hanc
583 572 621 592 ex
630 561 748 592 foenore
757 563 870 602 populo
881 563 1042 601 pecuniam
1054 570 1117 590 non

154 606 290 636 retuleris
301 625 309 638 ‚
320 605 423 635 reddas
432 605 572 635 societati.
613 602 770 634 Poffumus
781 605 839 633 hoc
848 603 919 633 teste
930 623 938 637 ,
961 602 1117 643 poss'umus

155 650 187 678 P.
199 648 335 681 Servilii,
348 648 380 677 &
391 649 423 677 C.
438 646 571 680 Antistii,
583 645 804 687 magistrorum,
818 647 934 679 litteris,
945 647 1117 685 primorum

156 690 322 719 hominum
335 709 342 721 ‚
364 698 450 730 atque
464 686 741 718 honestiffimorum
753 708 760 721 ‚
781 686 936 727 possumus
945 687 1117 717 atfioritzite

158 731 306 761 societatis
316 751 324 764 ‚
343 732 427 770 cujus
440 731 544 760 litteris
557 732 671 760 utimur
681 750 689 763 ‚
702 730 784 770 quod
798 729 928 759 dicimus
940 749 947 762 ,
963 730 1098 758 obtinere
1110 730 1119 756 ?

159 783 196 803 an
209 773 306 814 aliqua
319 771 451 802 firmiora
461 793 468 807 ‚
489 781 538 802 aut
556 774 691 813 graviora
700 770 856 812 quaerenda
873 772 958 802 sunt?
980 772 1098 800 Vettius
1110 789 1117 802 ,

159 824 228 845 tuus
238 813 485 845 familiariffimus
497 826 505 848 3
518 816 636 844 Vettius
647 834 656 848 ‚
677 822 743 843 tuus
753 811 851 843 affinis
862 833 869 847 ‚
890 813 974 852 cujus
985 813 1116 842 sororem

158 856 249 887 habes
261 858 293 886 in
303 858 503 887 matrimonio
514 877 523 890 ,
544 865 600 886 tuae
610 855 698 885 frater
707 857 811 885 uxoris
824 857 940 884 Vettius
951 875 958 888 ‚
979 853 1066 884 frater
1075 855 1120 883 tui

158 898 330 940 qrraestoris,
354 898 475 929 testatur
493 896 789 938 impudentifl'imum
803 906 891 927 tuum
902 896 1035 929 furtum,
1057 905 1121 926 cer-

158 939 369 981 tiilimumque
388 941 567 981 peculatum.
592 949 663 970 nam
683 949 745 980 quo
761 939 821 968 alio
840 941 968 968 nomine
987 940 1120 978 pecunia:

157 983 288 1023 publica:
297 982 456 1013 foeneratio
467 982 509 1012 est
518 981 710 1022 appellanda?
732 982 748 993 ”'
759 980 775 994 ³⁸
793 983 929 1011 REcirA
952 989 1118 1019 RELIQA.

159 1024 293 1055 Scribam
306 1033 391 1054 tuum
402 1024 475 1054 dicit
484 1044 492 1057 ‚
511 1027 618 1053 Verres
626 1043 634 1056 ‚
657 1023 747 1061 hujus
757 1023 983 1062 perscriptorem
993 1021 1122 1052 foenera-

160 1068 255 1096 tionis
273 1065 372 1095 fuisse.
396 1069 554 1106 eiquoque
570 1063 702 1105 magistri
720 1074 876 1094 minantur
893 1066 925 1094 in
936 1064 1060 1094 litteris:
1080 1071 1121 1092 ct-

161 1110 247 1138 enim
266 1108 331 1138 casu
350 1108 449 1137 scribae
467 1116 533 1136 tum
553 1106 614 1136 duo
634 1105 765 1147 magistri
784 1105 907 1136 fuerunt
926 1116 995 1136 cum
1007 1106 1136 1134 Vettio.'

161 1151 250 1180 Bitias
259 1148 431 1179 centesimas
441 1148 476 1179 ab
487 1150 514 1179 se
527 1149 633 1178 ablutas
643 1148 802 1178 ferendum
817 1158 881 1177 non
890 1156 1011 1187 putant:
1034 1147 1066 1177 &
1077 1157 1121 1176 re-

162 1191 211 1222 &e
224 1201 286 1221 non
297 1200 412 1231 putant.
424 1192 499 1231 Qis
512 1192 597 1220 enim
608 1192 665 1220 hoc
673 1189 745 1219 fecit
755 1191 982 1230 umquam?quis
992 1189 1123 1228 denique

159 1243 286 1264 conatus
297 1232 339 1263 est
349 1232 454 1266 facere,
466 1242 514 1262 aut
520 1232 661 1273 poffl‘fierz'
674 1232 828 1272 cogitavit,
846 1235 859 1250 2
872 1240 914 1265 ur,
925 1230 997 1261 cum
1009 1231 1124 1261 senatus

161 1275 340 1316 publicanos
349 1275 435 1306 usura
445 1275 517 1314 saepc
529 1272 666 1314 juvisset,
679 1272 861 1315 magistratus
871 1273 885 1303 a
895 1273 1061 1313 publicanis
1072 1282 1124 1312 pe-

161 1319 285 1348 cuniam
297 1327 350 1357 pro
362 1317 457 1347 usuris
467 1316 585 1346 auderet
595 1316 727 1346 auferre?
744 1315 828 1345 Certe
844 1317 914 1345 huic
930 1316 1051 1345 homini
1062 1316 1126 1354 spes

164 1359 252 1389 nulla
261 1359 360 1389 salutis
371 1357 442 1388 effer
453 1379 460 1391 ,
476 1358 496 1388 si
506 1358 673 1398 publicani,
686 1358 744 1387 hoc
755 1356 796 1387 est
806 1377 814 1391 ‚
834 1356 854 1386 fi
867 1359 980 1398 equites
989 1359 1124 1387 Romani

159 1401 340 1442 judicarent.
364 1404 376 1427 3
389 1403 491 1430 minor
501 1399 557 1430 effe
568 1410 649 1430 nunc
659 1420 667 1434 ‚
684 1399 799 1440 judices
808 1419 816 1433 ‚
837 1399 924 1429 vobis
936 1399 1125 1439 disceptanti-

165 1444 222 1474 bus
232 1442 267 1473 de
273 1443 336 1472 bet:
357 1442 389 1472 ὃς
399 1451 482 1472 tanto
492 1444 613 1475 minor,
629 1451 741 1483 quanto
751 1441 793 1471 est
802 1439 935 1477 honestzus
945 1441 1039 1470 aliems
1050 1442 1127 1480 inju-

162 1486 214 1514 riu
224 1504 232 1518 ,
248 1495 338 1526 quam
350 1495 376 1513 re
384 1484 440 1523 [Ξια
454 1485 630 1513 commoveri.
662 1483 742 1524 Qid
760 1483 796 1514 ad
816 1484 878 1513 haec
887 1483 1064 1523 respondere
1074 1492 1127 1512 co-

164 1529 241 1568 gitas
254 1530 264 1555 ?
284 1530 395 1556 Utrum
404 1525 519 1556 facium
530 1526 674 1566 negabis?
693 1536 730 1555 an
741 1525 795 1555 tibi
806 1526 864 1555 hoc
873 1525 991 1555 licitum
1008 1523 1066 1554 effe
1076 1524 1127 1554 de-

165 1568 273 1600 fendes
284 1571 293 1597 ?
304 1578 407 1609 negare
417 1566 470 1609 qui*
478 1577 561 1608 potes
572 1571 625 1598 ?an
637 1575 670 1597 ut
679 1576 757 1597 tanta
765 1566 1126 1599 au&oi·itotelitte1·arum‚

166 1620 214 1642 tot
222 1609 345 1640 testibus
353 1609 520 1650 publicanis
530 1611 711 1638 convincare?
733 1607 848 1639 licuisse
858 1608 929 1638 vero
940 1608 991 1649 qui
1002 1611 1012 1638 ?
1032 1607 1053 1638 fi
1063 1618 1129 1638 me-

166 1652 289 1685 hercule
300 1661 327 1682 te
337 1654 497 1692 pecuniam
507 1659 589 1681 tuam
601 1672 608 1685 ‚
629 1661 694 1681 non
704 1651 808 1691 populi
820 1653 857 1681 R.
867 1652 899 1680 in
907 1652 1062 1691 provincia
1072 1649 1128 1680 foe-

163 1703 307 1726 *neratum
327 1695 466 1724 docerem
478 1714 486 1727 ,
505 1702 606 1723 tamen
623 1692 752 1734 effugere
763 1703 828 1722 non
844 1691 953 1732 poffes.
976 1691 993 1706 ’ἕ
1015 1692 1064 1722 sed
1074 1702 1131 1732 pu-

169 1737 281 1768 blicam
295 1756 303 1770 ,
325 1736 374 1766 sed
385 1735 424 1765 ob
434 1735 621 1765 frumentum
632 1735 779 1765 decretam
791 1755 799 1769 ‚
812 1735 860 1765 sed
872 1734 886 1764 ii
897 1734 1064 1774 publicanis
1073 1741 1130 1764 toe-

168 1788 246 1810 nore
257 1787 377 1818 accepro
390 1788 394 1806 :
405 1778 464 1807 hoc
472 1776 586 1807 licuisse
597 1779 737 1818 cuiquam
747 1777 886 1817 probabis
898 1780 907 1806 ?
917 1786 977 1817 quo
987 1786 1052 1806 non
1065 1787 1132 1806 mo-

171 1819 214 1850 do
224 1822 332 1853 ceteri,
346 1819 393 1849 sed
405 1820 506 1859 tuipse
516 1819 594 1848 nihil
603 1819 741 1849 audacius
753 1840 761 1852 ,
781 1819 1009 1859 improbiusque
1024 1818 1130 1848 fecisti.

170 1864 251 1893 Non
261 1862 434 1891 mehercule
444 1861 502 1891 hoc
512 1881 519 1894 ‚
540 1860 622 1901 quod
631 1861 776 1891 omnibus
786 1859 929 1902 singulare
940 1860 1059 1890 videtur
1069 1880 1077 1894 ,
1096 1860 1132 1890 de

171 1914 235 1945 quo
247 1904 324 1935 mihi
335 1901 474 1943 deinceps
485 1902 649 1932 dicendum
660 1902 717 1936 est,
727 1901 848 1942 poss'urn
860 1923 867 1935 ,
883 1902 1000 1942 judices
1010 1922 1017 1936 ‚
1037 1902 1134 1932 dicere

171 1946 313 1976 audacius
324 1943 380 1975 effe
391 1965 399 1979 ,
414 1954 461 1974 aut
473 1944 689 1984 impudentius,
701 1944 784 1985 quod
796 1945 953 1985 permultis
962 1944 1133 1974 civitatibus

172 1997 228 2028 pro
239 1987 393 2017 frumento
404 1987 482 2016 nihil
493 1987 583 2016 solvit
592 1988 732 2016 omnino.
763 1987 859 2026 major
876 1988 940 2016 haec
958 1986 1054 2026 praeda
1070 1985 1133 2016 foi·-

174 2028 244 2060 tass'e
255 2029 297 2059 est
309 2040 313 2057 z
326 2029 373 2058 sed
384 2029 435 2059 illa
444 2029 618 2068 impudentia
627 2028 705 2058 certe
716 2039 780 2058 non
791 2031 904 2058 minor.
929 2031 976 2062 Et,
988 2030 1133 2069 quoniam

175 2071 212 2102 de
223 2071 274 2102 illa
285 2071 484 2101 foeneratione
494 2071 561 2100 satis
571 2069 690 2100 dietum
701 2070 743 2100 est
752 2091 760 2104 ‚
772 2081 853 2100 nunc
863 2071 898 2100 de
908 2071 963 2101 hac
973 2080 1032 2101 tota
1041 2080 1134 2110 pecu-

110 2129 129 2163 7
142 2129 154 2162 3
177 2116 228 2144 nia
236 2114 344 2147 aversa,
355 2113 465 2154 quaeso,
477 2113 656 2154 cognoscite.
679 2113 789 2142 Siciliae
798 2115 930 2142 civitates
941 2113 1045 2143 multa:
1055 2113 1133 2146 sunt,

173 2156 291 2197 judices
302 2175 310 2188 ‚
324 2165 434 2185 ornatae
446 2175 454 2188 ‚
467 2153 693 2195 atquehonestae
707 2165 711 2183 :
735 2164 773 2184 ex
786 2155 898 2195 quibus
910 2165 943 2184 in
956 2156 1063 2194 primis
1077 2164 1134 2184 nu-

177 2197 323 2228 meranda
340 2196 382 2226 est
395 2199 499 2227 civitas
510 2194 657 2226 Halesina.
681 2196 797 2226 nullam
818 2199 901 2226 enirn
918 2198 1069 2236 reperietis
1088 2205 1136 2226 aut

176 2237 288 2270 officiis
311 2237 479 2268 fideliorem
490 2258 499 2272 ‚
516 2246 566 2268 aut
575 2239 669 2278 copiis
678 2238 909 2277 locupletiorem
920 2258 930 2271 ,
948 2237 1134 2268 autauetori-

175 2289 234 2312 tate
244 2282 422 2322 graviorem.
447 2281 528 2310 Huic
539 2278 592 2309 iste
603 2282 635 2309 in
646 2289 741 2309 annos
751 2279 894 2320 singulos,
905 2278 976 2309 cum
988 2280 1139 2321 sexaginta

174 2324 268 2354 tritici
281 2323 377 2352 millia
386 2320 527 2351 modium
539 2319 753 2362 imperavisset,
762 2329 810 2361 pro
825 2322 921 2350 tritico
935 2332 1062 2350 nummos
1073 2320 1137 2350 abs-

174 2365 252 2395 tulit
263 2385 271 2397 ‚
286 2366 390 2405 quanti
399 2372 458 2393 erat
468 2365 500 2393 in
509 2364 611 2394 Sicilia
621 2365 754 2393 triticum
766 2374 770 2391 z
782 2373 856 2404 quos
867 2364 903 2393 de
911 2363 1035 2403 publico
1045 2374 1138 2393 num-

178 2416 250 2436 mos
260 2414 409 2446 acceperat
418 2426 426 2439 ,
438 2407 562 2435 retinuit
573 2407 703 2435 omneis.
725 2409 743 2432 4
752 2404 917 2445 Obstupui,
930 2405 1053 2440 iudices,
1064 2404 1135 2435 cum

175 2450 238 2479 hoc
252 2448 329 2478 mihi
341 2447 477 2488 primum
490 2445 614 2477 Halefiae
631 2446 847 2477 demonstravit
863 2449 897 2477 iri
915 2448 1015 2478 senatu
1025 2446 1138 2477 Halesi-

176 2500 291 2521 norum
302 2491 398 2519 homo
408 2489 529 2519 summo
540 2491 682 2530 ingenio³
702 2489 1001 2529 surnmaprudentia,
1020 2489 1138 2520 summa

175 2531 351 2562 aufitoritate
361 2531 499 2571 praeditus
508 2551 516 2564 ,
530 2529 687 2561 Halesinus
698 2534 822 2562 AEneas:
837 2533 885 2562 cui
895 2531 1009 2561 senatus
1019 2531 1139 2562 dederat

176 2573 300 2614 publici²
316 2574 431 2604 causam
444 2594 453 2606 ,
476 2574 612 2606 mmihi,
630 2571 771 2614 fratrique
781 2583 853 2603 meo
861 2576 966 2615 gratias
978 2582 1085 2614 ageret:
1105 2574 1138 2604 δε

178 2614 269 2644 simul
281 2635 289 2648 ‚
305 2617 357 2655 qui
367 2625 424 2645 nos
434 2625 466 2645 ea
477 2635 485 2648 ,
506 2625 570 2656 quae
582 2615 774 2654 adjudicium
786 2618 988 2655 pertinerent,
1008 2616 1136 2646 doceret.

177 2657 376 2687 Demonstrat
387 2677 395 2690 ‚
414 2658 489 2687 hanc
506 2656 589 2687 istius
602 2657 852 2688 consuetudinem
864 2668 896 2688 ac
904 2659 1053 2687 rationem
1065 2657 1140 2688 fuis-

177 2699 209 2730 se
222 2719 229 2732 ‚
251 2709 320 2729 cum
339 2700 441 2728 omnis
454 2698 600 2728 frumenti
611 2701 696 2738 copia
707 2699 902 2730 decumarum
913 2701 1040 2729 nomine
1050 2710 1140 2741 penes

179 2739 272 2771 istum
288 2739 358 2770 ess'et
370 2739 484 2770 redieta
494 2761 502 2774 ,
522 2741 645 2770 solitum
657 2739 714 2770 effe
728 2741 820 2771 istum
831 2743 991 2782 pecuniam
1001 2744 1113 2782 'cogere
1125 2743 1140 2772 a

177 2783 351 2814 civitatibus
362 2781 551 2820 ‚frumentum
562 2781 735 2825 improbare:
756 2793 901 2825 quantum
914 2783 1062 2814 frumenti
1076 2786 1141 2815 Ro-

581 109 650 158 M.
721 105 1127 157 TULL‘ri'·

1156 107 1684 158 G·10ERo’Nis

1151 193 1233 215 mam
1244 182 1315 215 ess'et
1324 185 1508 217 mittendum
1519 206 1528 220 ‚
1538 195 1654 217 tantum
1666 186 1702 216 de
1714 185 1767 216 suo
1776 184 1900 227 quaestu,
1911 193 1943 218 ac
1953 185 1988 217 de
2000 186 2050 218 sua
2057 186 2110 218 coi

1150 228 1199 267 pia
1208 226 1352 257 frumenti
1364 229 1491 258 mittere.
1515 229 1606 259 Posco
1618 230 1764 258 rationes:
1783 229 1911 268 inspicio
1920 229 2046 260 litteras:
2063 231 2112 259 vi-

1153 268 1211 298 deo
1230 270 1376 299 irumenti
1391 279 1516 311 granum
1528 269 1683 300 Halesinos
1695 290 1703 304 ‚
1724 274 1736 297 ἵ
1747 270 1855 311 quibus
1867 280 1923 300 Lx.
1936 272 2034 301 millia
2043 280 2113 301 mo-

1155 309 1242 340 dium
1252 312 1394 350 imperata
1404 320 1485 342 erant
1494 332 1502 345 ‚
1515 312 1636 341 nullum
1646 310 1772 342 dediss'e:
1791 315 1950 352 pecuniam
1961 314 2112 347 Volcatio.

1156 352 1344 383 Timarchidi
1356 373 1364 386 ‚
1379 353 1478 384 scribae
1490 352 1610 384 dediss'e.
1634 356 1749 393 reperio
1758 364 1850 394 genus
1860 354 2036 393 hujusmodi
2047 354 2113 393 ‚ju-

1155 394 1235 424 dices
1246 415 1254 428 ,
1266 394 1370 434 praedae
1379 414 1387 428 ,
1409 404 1441 425 ut
1451 405 1558 435 praetor
1567 416 1575 429 ,
1595 397 1647 436 qui
1656 395 1846 426 frumentum
1857 406 1956 426 emere
1966 396 2113 430 debebat,

1156 447 1219 466 non
1230 446 1309 466 emat
1318 457 1326 470 ,
1338 437 1387 466 sed
1398 437 1506 467 vendat
1516 448 1521 466 ε
1532 439 1683 477 pecunias,
1694 447 1764 478 quas
1774 439 1944 468 civitatibus
1954 437 2116 468 distribue-

1155 488 1185 508 re
1196 478 1338 511 debebat,
1360 488 1406 508 eas
1416 481 1537 509 omneis
1547 489 1656 510 avertat
1666 500 1674 514 ‚
1695 488 1781 520 atque
1791 478 1909 510 auferat.
1942 483 2016 510 Non
2036 479 2116 510 mihi

1153 521 1215 559 jam
1227 519 1353 553 furtum,
1367 520 1414 550 sed
1427 519 1608 554 monstrum,
1621 531 1652 552 ac
1661 521 1834 562 prodigium
1846 521 2018 552 videbatur:
2039 523 2118 552 civi-

1158 571 1252 592 tatum
1269 561 1459 592 frumentum
1474 563 1645 603 improbare
1655 583 1663 596 ‚
1682 563 1769 603 fimm
1780 561 1910 604 probare:
1933 563 2005 594 cum
2025 564 2115 594 suum

1157 601 1303 643 probass'et
1311 624 1319 637 ‚
1340 607 1471 643 pretium
1482 607 1509 634 ei
1519 605 1675 636 frumento
1688 604 1883 636 constituere:
1904 606 1986 646 quod
2004 604 2118 636 consti-

1159 644 1258 675 tuisset
1266 665 1274 679 ‚
1297 646 1327 675 id
1338 646 1509 676 civitatibus
1519 646 1631 677 auferre
1644 658 1649 676 ;
1669 646 1751 693 quod
1770 646 1785 677 a
1795 648 1908 687 populo
1919 650 2061 679 Romano
2070 657 2119 677 ac-

1157 685 1278 727 cepifl'et
1288 707 1296 720 ,
1308 696 1418 717 tenere.
1449 691 1532 729 Qiot
1541 689 1632 718 vultis
1643 688 1700 718 esse
1711 699 1744 718 in
1754 699 1816 719 uno
1831 693 1912 719 turto
1927 698 2117 729 peccatorum
2139 690 2203 737 74³-

1158 729 1282 773 gradus?
1295 738 1327 759 ut
1336 728 1358 759 si
1368 728 1489 770 singulis
1500 729 1630 760 insistere
1640 731 1733 760 velim
1744 751 1752 764 ‚
1766 731 1903 771 progredi
1913 730 1966 761 iste
1977 741 2041 761 non

1160 774 1205 800 lit.
1229 771 1382 811 improbas
1392 771 1582 802 frumentum
1594 773 1739 802 Siculum.
1764 773 1866 813 Qid?
1884 773 1945 812 ipse
1955 773 2037 813 quod
2048 774 2122 803 mit-

1160 815 1196 842 tis
1208 813 1408 851 ?peculiarcm
1418 813 1506 843 habes
1517 814 1649 854 aliquam
1658 815 1802 848 Siciliam,
1813 825 1878 855 qua:
1888 815 1942 846 tibi
1953 825 1991 845 ex
2000 815 2059 845 alio
2071 824 2122 856 ge·-

1161 865 1232 884 nere
1243 854 1433 885 frumentum
1445 855 1625 895 suppeditare
1635 854 1724 896 pofl'it
1735 859 1744 885 ?
1759 855 1839 887 Cum
1849 857 1964 887 senatus
1977 857 2120 891 decernit,
2130 851 2136 852 ⁷

1163 905 1196 926 ut
1205 906 1320 927 ematur
1331 898 1363 926 iu
1373 897 1473 927 Sicilia
1488 897 1678 928 frumentum
1689 919 1698 932 ‚
1716 908 1766 928 aut
1783 897 1856 928 cum
1874 899 2003 939 populus
2019 898 2123 937 jubet:

1162 940 1220 968 hoc
1231 959 1238 972 ‚
1256 947 1288 968 ut
1307 941 1435 978 opinor,
1451 940 1613 980 intelligit,
1634 951 1668 970 ex
1683 941 1787 970 Sicilia
1804 940 1934 971 Siculum
1944 939 2124 978 frumentum

1161 981 1303 1023 apportari
1316 988 1443 1022 oportere.
1467 983 1516 1011 Tu
1526 1001 1534 1015 ‚
1554 980 1627 1012 cum
1637 984 1795 1013 civitatum
1805 984 1914 1013 Sicilia:
1924 981 2018 1023 vulgo
2029 991 2125 1012 omne

1162 1027 1353 1052 trumentum
1362 1023 1516 1063 improbas
1531 1043 1539 1057 ‚
1558 1034 1636 1054 num
1645 1034 1684 1054 ex
1694 1027 1823 1065 AEgypto
1834 1045 1842 1057 ,
1862 1033 1912 1054 aut
1922 1034 1960 1054 ex
1968 1025 2050 1064 Syria
2059 1023 2124 1053 fru-

1164 1073 1305 1094 mentum
1314 1066 1447 1095 Romam
1462 1067 1557 1095 mittis
1570 1068 1580 1095 ?
1597 1066 1753 1106 Improbas
1763 1065 1939 1096 Halesinum
1951 1086 1959 1099 ‚
1980 1065 2126 1105 Cephale-

1163 1106 1305 1136 ditanum
1314 1127 1323 1139 ‚
1336 1107 1570 1137 Thermitanum
1579 1127 1587 1141 ‚
1598 1107 1837 1138 Amestratinum
1847 1127 1855 1141 ‚
1869 1107 2125 1147 Tyndaritanum,

1164 1147 1342 1178 Herbitense
1354 1167 1362 1181 ‚
1378 1148 1545 1179 multarum
1562 1158 1702 1189 praeterea
1714 1152 1882 1180 civitatum.
1914 1149 1996 1190 Qd
2015 1148 2125 1179 accidit·

1165 1189 1285 1219 tandem
1297 1209 1305 1223 ,
1323 1199 1356 1219 ut
1366 1190 1477 1219 horum
1487 1192 1669 1230 populorum
1680 1193 1740 1231 agri
1749 1190 1941 1221 frumentum
1952 1190 2102 1230 ejusmodi
2113 1209 2124 1224 ‚

1166 1240 1192 1261 te
1203 1241 1327 1271 praetore
1337 1251 1344 1265 ‚
1356 1230 1485 1265 ferrent,
1497 1232 1579 1273 quod
1589 1243 1758 1273 numquam
1769 1243 1853 1263 antea
1863 1253 1871 1267 ,
1883 1241 1916 1263 ut
1925 1243 2022 1274 neque
2032 1233 2126 1265 mihi,

1166 1284 1263 1314 neque
1275 1273 1348 1306 tibi,
1365 1283 1464 1314 neque
1472 1274 1586 1314 populo
1594 1277 1688 1304 Rom.
1699 1273 1794 1315 posset
1805 1275 1942 1315 probari,
1961 1274 2127 1315 praesertim

1164 1314 1237 1345 cum
1248 1325 1286 1345 ex
1297 1315 1406 1346 iisdem
1416 1317 1491 1356 agris
1501 1336 1510 1349 ,
1531 1316 1725 1357 ejusdemque
1735 1319 1808 1347 anni
1815 1316 2006 1347 frumentum
2019 1325 2058 1346 ex
2075 1315 2129 1346 de-

1166 1359 1263 1387 cumis
1274 1359 1410 1388 Romam
1429 1359 1580 1398 mancipes
1599 1357 1807 1394 advexifi'ent?
1826 1358 1901 1400 quid
1911 1357 2055 1389 acciderat
2064 1377 2073 1391 ‚
2094 1365 2129 1387 ut

1166 1410 1204 1431 ex
1214 1398 1322 1429 eodem
1332 1400 1441 1429 horreo
1451 1400 1636 1429 decumanum
1646 1399 1808 1441 probaretur
1817 1421 1826 1435 ‚
1843 1407 1950 1430 emtum
1961 1411 2014 1430 non
2026 1397 2130 1441 proba-

1167 1445 1264 1471 retur?
1285 1441 1466 1471 Dubiumne
1476 1441 1529 1475 est,
1541 1443 1617 1482 quin
1627 1442 1680 1473 ista
1690 1444 1794 1472 omnis
1802 1442 1986 1483 improbatio
1996 1462 2005 1475 ,
2016 1450 2128 1483 cogen-

1169 1484 1212 1514 dae
1222 1485 1356 1523 pecuniae
1364 1483 1449 1513 causa
1457 1493 1523 1514 nata
1534 1483 1587 1514 sit?
1603 1483 1691 1515 Esto:
1705 1484 1858 1524 improbas
1868 1482 2047 1514 Halefinum
2060 1494 2066 1512 :
2076 1483 2131 1514 ha-

1170 1527 1222 1556 bes
1238 1526 1274 1555 ab
1292 1525 1352 1555 alio
1365 1525 1479 1565 populo
1489 1525 1571 1566 quod
1580 1526 1697 1566 probes.
1720 1536 1788 1556 eme
1804 1526 1881 1556 illud
1892 1547 1900 1560 ‚
1920 1525 2002 1567 quod
2015 1525 2129 1566 placet:

1172 1566 1277 1598 missos
1286 1566 1330 1597 fac
1340 1576 1393 1597 eos
1403 1587 1411 1601 ,
1423 1577 1555 1607 quorum
1566 1568 1755 1598 frumentum
1765 1567 1950 1609 improbasti.
1970 1568 2026 1598 Sed
2036 1566 2131 1601 abiis,

1173 1619 1249 1652 quos
1259 1609 1396 1649 repudias
1407 1629 1415 1643 ‚
1432 1612 1528 1650 exigis
1548 1618 1664 1641 tanturn
1682 1612 1817 1650 pecuniae
1828 1629 1837 1643 ,
1857 1618 2003 1650 quantum
2013 1608 2049 1639 ad
2059 1618 2132 1639 eum

1171 1661 1335 1682 numerum
1353 1649 1500 1681 frumenti
1519 1652 1584 1681 fatis
1601 1650 1634 1682 sit
1642 1672 1650 1685 ‚
1670 1662 1761 1692 quem
1771 1653 1885 1682 civitati
1894 1653 2032 1691 imperas.
2061 1653 2134 1680 Du-

1172 1694 1257 1724 bium
1268 1693 1310 1723 est
1318 1692 1390 1733 quid
1401 1695 1513 1734 egeris?
1531 1696 1568 1723 In
1579 1693 1737 1724 medimna
1746 1692 1858 1735 fingula
1865 1693 1955 1723 video
1972 1702 2009 1722 ex
2027 1692 2134 1722 litteris

1172 1736 1300 1776 publicis
1310 1736 1364 1765 tibi
1373 1733 1531 1765 Halesinos
1543 1745 1595 1765 H-s
1605 1737 1714 1776 quinos
1723 1735 1818 1765 denos
1829 1733 1951 1765 dedifl'e.
1969 1733 2135 1765 Ostendam

1173 1788 1210 1808 ex
1229 1777 1336 1807 tabulis
1354 1775 1660 1817 locupletissimorum
1679 1786 1827 1807 aratorum
1838 1796 1846 1810 ‚
1871 1776 1981 1806 eodem
1997 1785 2134 1816 tempore

1175 1821 1334 1850 neminem
1346 1820 1377 1848 in
1389 1819 1490 1849 Sicilia
1499 1820 1592 1859 pluris
1604 1818 1796 1848 frumentum
1805 1816 1982 1848 vendidifl'e.
2005 1815 2199 1864 Qae‘est’yg
2243 1843 2247 1848 .

1175 1871 1243 1902 ergo
1254 1860 1307 1891 ista
1317 1863 1391 1891 ratio
1402 1881 1409 1894 ‚
1422 1870 1472 1890 aut
1480 1871 1545 1901 quae
1555 1860 1657 1901 potius
1668 1863 1809 1894 amentia,
1819 1859 2009 1891 frumentum
2017 1862 2134 1900 impro—

1175 1904 1242 1934 bare
1252 1903 1283 1933 id
1293 1923 1300 1936 ,
1312 1902 1393 1944 quod
1405 1912 1441 1931 ex
1451 1912 1487 1932 eo
1497 1906 1565 1932 loco
1576 1901 1610 1932 sit
1619 1922 1627 1936 ,
1639 1912 1677 1932 ex
1687 1913 1748 1943 quo
1758 1903 1873 1933 senatus
1884 1903 1917 1933 δε
1927 1902 2057 1942 populus
2067 1903 2134 1933 Ro·-

1175 1955 1256 1975 man.
1268 1955 1331 1974 emi
1340 1945 1487 1974 voluerit:
1507 1955 1544 1974 ex
1555 1955 1590 1975 eo
1600 1954 1705 1975 acervo
1718 1965 1726 1979 ,
1744 1954 1782 1974 ex
1791 1955 1851 1985 quo
1860 1953 1973 1984 partem
1985 1953 2016 1973 tu
2026 1943 2110 1974 idern
2121 1962 2132 1978 ‚

1175 1988 1370 2017 decumarum
1382 1988 1511 2016 nomine
1521 2007 1529 2020 ,
1548 1986 1680 2026 probaris
1692 1997 1697 2015 :
1717 1986 1827 2016 deinde
1836 1986 1851 2017 ὲ
1861 1985 2033 2016 civitatibus
2041 1995 2135 2026 pecu-

1176 2031 1238 2060 nias
1247 2049 1256 2063 ,
1266 2029 1302 2059 ad
1312 2028 1480 2060 emendum
1489 2027 1679 2058 frumentum
1688 2049 1696 2062 ‚
1707 2039 1812 2070 cogere
1821 2048 1829 2062 ‚
1841 2027 1914 2058 curn
1923 2038 1962 2058 ex
1972 2031 2075 2058 aerario
2085 2037 2136 2057 ac—

1175 2074 1287 2111 ceperis
1304 2073 1315 2100 ?
1336 2073 1451 2100 Utrum
1469 2079 1497 2100 te
1514 2072 1564 2100 le'x
1574 2072 1718 2101 Terentia
1734 2071 1906 2100 Siculorum
1928 2071 2055 2109 pecunia
2069 2068 2136 2099 fru-

1177 2122 1316 2143 mentum
1327 2123 1426 2142 emere
1435 2112 1451 2142 a
1460 2113 1567 2142 Siculis
1576 2132 1585 2145 ,
1595 2122 1632 2142 an
1643 2112 1749 2152 populi
1758 2114 1852 2142 Rom.
1863 2113 1989 2151 pecunia
1996 2110 2134 2141 frumen-

1178 2165 1242 2186 tum
1253 2155 1289 2185 ab
1298 2155 1405 2185 Siculis
1416 2163 1514 2183 emere
1530 2152 1616 2194 jufl'it
1630 2156 1640 2182 ?
1655 2154 1724 2194 Jam
1742 2151 1816 2183 verb
1834 2153 1869 2182 ab
1887 2152 1944 2182 isto
1958 2162 2085 2182 omnem
2096 2152 2135 2182 il-

1177 2198 1238 2227 lam
1249 2207 1287 2226 ex
1296 2198 1398 2226 aerario
1408 2197 1581 2236 pecuniam,
1596 2204 1686 2235 quam
1697 2195 1744 2224 his
1754 2196 1889 2235 oportuit
1898 2195 2067 2224 civitatibus
2078 2204 2133 2234 pro

1176 2238 1331 2268 frumento
1349 2237 1409 2267 dari
1421 2258 1429 2271 ‚
1448 2235 1629 2276 lucrisao‘bam
1642 2237 1762 2267 videtis.
1785 2238 1894 2277 accipis
1904 2239 1988 2267 enirn
2001 2246 2054 2266 11—s
2066 2246 2112 2267 xv
2122 2255 2133 2271 ‚

1176 2291 1230 2320 pro
1248 2280 1417 2310 medimno.
1446 2282 1520 2309 tanti
1539 2281 1624 2309 enim
1641 2278 1684 2309 est
1700 2278 1755 2308 illo
1774 2288 1908 2318 ternpore
1926 2278 2134 2308 medimnum.

1177 2321 1192 2342 5
1203 2324 1311 2352 retines
1321 2331 1377 2351 H-s
1387 2331 1444 2351 xvr
1454 2331 1465 2350 i
1475 2331 1498 2350 1.
1519 2322 1593 2351 tanti
1611 2322 1696 2350 enim
1716 2319 1759 2350 est
1776 2319 1968 2350 frumentum
1978 2320 2136 2351 Siciliense

1177 2374 1216 2394 ex
1227 2364 1291 2405 lege
1300 2363 1495 2393 aestimatum.
1522 2363 1604 2404 Qud
1614 2361 1737 2392 interest
1747 2383 1755 2396 ‚
1775 2361 1879 2393 utrum
1888 2363 1946 2392 hoc
1954 2361 2060 2393 feceris
2069 2382 2079 2395 ‚
2096 2371 2137 2393 an.

1176 2406 1367 2436 frumentum
1377 2415 1442 2435 non
1451 2406 1629 2445 improbaris
1640 2425 1649 2438 ‚
1672 2404 1720 2434 sed
1727 2404 1882 2434 frumento
1890 2404 2014 2444 probato
2022 2424 2030 2438 ‚
2044 2405 2077 2434 &
2086 2413 2137 2434 ac-

1177 2457 1262 2487 cepto
1273 2468 1281 2481 ‚
1301 2450 1458 2487 pecuniam
1469 2447 1620 2487 publicam
1631 2448 1763 2476 tenueris
1771 2456 1900 2477 omnem
1910 2466 1919 2481 ,
1938 2456 2036 2487 neque
2046 2445 2134 2487 quid-

1177 2500 1267 2531 quam
1280 2487 1512 2519 uiiidiss'olveris
1522 2490 1650 2523 civitati,
1675 2487 1748 2519 cum
1765 2487 1924 2518 aestimatio
1942 2489 2015 2530 legis
2026 2508 2035 2522 ‚
2054 2487 2136 2527 ejus-

1180 2532 1264 2561 modi
1274 2530 1308 2561 sit
1317 2551 1325 2565 ‚
1346 2541 1378 2561 ut
1386 2533 1490 2561 ceteris
1501 2531 1688 2572 temporibus
1697 2531 1861 2560 tolerabilis
1870 2531 1977 2561 Siculis
1988 2550 1996 2564 ,
2015 2538 2043 2560 te
2059 2539 2137 2570 prae-

1179 2583 1241 2604 tore
1252 2575 1340 2603 etiam
1352 2582 1428 2614 grata
1437 2571 1494 2603 effe
1505 2573 1662 2611 debuerit?
1685 2571 1736 2603 Est
1752 2574 1836 2602 enim
1856 2572 1978 2602 modius
1996 2571 2061 2612 lege
2081 2580 2137 2601 ivs

1184 2626 1194 2645 1
1204 2626 1214 2645 1
1226 2625 1248 2645 1.
1261 2615 1432 2646 aestimatus.
1455 2615 1623 2645 fuitautem
1634 2634 1642 2648 ,
1653 2623 1683 2644 te
1690 2624 1814 2654 prittore
1826 2634 1834 2648 ,
1846 2619 1861 2642 7
1870 2623 1900 2644 ut
1911 2623 1943 2644 tu
1957 2616 1990 2643 in
2001 2613 2136 2643 multum

1180 2657 1313 2698 epistolis
1323 2657 1358 2688 ad
1368 2659 1482 2688 amicos
1493 2665 1560 2687 tuos
1569 2658 1782 2697 gloi·iaris‚-ii-s
1794 2666 1833 2686 11.
1845 2656 1900 2686 Sed
1911 2655 2001 2685 fuerit
2010 2665 2064 2685 1-1-s
2076 2663 2138 2685 111.

1180 2702 1325 2740 quoniam
1343 2709 1374 2729 tu
1389 2708 1506 2729 tantum
1515 2699 1531 2729 ἐι
1539 2695 1709 2729 civitatibus
1719 2698 1884 2736 in-modios
1895 2696 2025 2738 singulos
2034 2698 2138 2738 exegi-

1183 2742 1228 2771 sti.
1251 2741 1322 2771 curn
1333 2762 1341 2775 ,
1365 2740 1383 2770 fi
1398 2742 1523 2771 solveres
1533 2742 1640 2771 Siculis
1655 2749 1772 2771 tantum
1786 2761 1794 2773 ,
1814 2749 1959 2781 quantum
1972 2748 1999 2769 te
2009 2741 2141 2779 populus

1182 2786 1314 2814 Roman.
1329 2782 1450 2824 juss'erat
1460 2803 1469 2817 ,
1486 2783 1649 2814 aratoribus
1671 2781 1735 2812 fieri
1752 2781 1952 2824 gratissimum
1968 2779 2065 2821 poss'et
2077 2791 2083 2810 z
2107 2789 2142 2811 tu

2075 2831 2142 2852 non

222 2907 246 2925 ι.
266 2903 298 2924 ΕΙ
317 2902 365 2933 ejus
376 2900 495 2932 finit-tatis
509 2901 715 2935 publicanorum]
737 2901 779 2927 13st
794 2900 888 2926 alibro
900 2901 1058 2927 Hotomaui.
1078 2909 1138 2926 nam

179 2933 250 2962 Pali.
260 2935 335 2969 &sex
343 2938 496 2968 publicorum.
517 2935 581 2962 editi
592 2945 695 2967 omnes,
705 2938 780 2970 &fix
786 2939 976 2970 publicanorum.

216 2980 244 2996 2.
267 2974 295 2996 Ut
306 2981 356 2997 cum
364 2973 608 3005 Sanatmpubi'icanos
618 2973 866 3007 ujicrasxpojumſjh,
877 2973 944 3007 σε]
961 2972 1015 2999 Ubi
1027 2981 1084 2999 cum
1097 2973 1138 2999 ni-

155 3034 157 3039 !
176 3005 226 3032 hili
240 3006 269 3033 lit
280 3007 442 3042 illud-juvare
451 3008 524 3042 lisura
536 3027 543 3038 ‚
554 3006 718 3035 scribendum
728 3016 793 3045 puto
805 3020 810 3035 :
824 3010 1100 3043 vt-Jitraficpcjnmjsjbt.
1111 3007 1137 3034 id

177 3043 216 3071 cst
228 3062 236 3075 ,
248 3050 341 3070 mutuo
351 3046 377 3069 δε
390 3042 497 3079 quidem
507 3044 636 3079 gratuito.
657 3054 716 3070 imm
727 3046 829 3078 veafitra
840 3052 962 3072 mutuum
973 3045 1024 3071 sive
1034 3045 1137 3081 gratui-

177 3086 235 3107 tum
243 3099 249 3111 ‚
261 3079 311 3105 sive
323 3079 447 3106 r'aenebre.
469 3083 570 3105 Gronov.
581 3079 613 3106 de
624 3080 755 3108 Sestertiis
766 3091 825 3117 pag.
837 3082 901 3114 614.

215 3124 228 3151 3
237 3135 242 3141 .
264 3119 346 3141 Minor
356 3117 396 3149 eff&
405 3116 604 3150 num,jndiccs.]
622 3117 661 3142 Ita
673 3118 777 3142 Manui.
789 3118 816 3143 ἃς
829 3117 983 3144 Lambinus:
998 3125 1025 3144 at
1036 3117 1061 3144 in
1074 3117 1140 3144 alia-

167 3160 238 3186 ‚ruui
248 3151 421 3180 eddxcrbum
432 3155 647 3192 pi·aet<:i·ea,3ninor
656 3153 696 3188 affe
705 3162 764 3180 cura
773 3154 899 3187 mmffiq'yc.
911 3153 982 3190 quod
993 3155 1019 3181 ὃς
1030 3154 1058 3183 in
1069 3153 1138 3182 Pali.

1216 2908 1244 2933 4.
1265 2903 1373 2934 Obstupui
1384 2902 1504 2935 jndices]
1521 2901 1623 2926 Nannii
1635 2899 1771 2936 exemplar
1781 2917 1790 2931 ,
1810 2899 1836 2924 8<
1849 2898 1907 2924 heic
1916 2899 1944 2924 8(
1955 2897 2017 2924 alibi
2030 2896 2119 2933 szrpius
2131 2913 2141 2929 ‚

1180 2938 1282 2970 obstipui
1295 2957 1302 2968 ,
1313 2937 1382 2972 quod
1395 2937 1499 2964 admiiit
1509 2935 1665 2963 Lambinus.

1217 2982 1242 3006 5.
1270 2975 1363 3004 Qsbm
1373 2983 1423 3000 Lx.
1435 2975 1508 2998 millia
1517 2972 1641 3006 ›tiodi:2m.]
1662 2972 1786 2998 Nunnius
1800 2991 1807 3003 ‚
1819 2972 1938 3004 sexagena
1948 2972 2030 2996 millia.
2051 2978 2084 2996 ex
2095 2978 2142 2996 eo-

1180 3007 1240 3034 dem
1252 3009 1341 3035 codice
1353 3029 1360 3041 ‚
1372 3009 1447 3046 supra
1458 3008 1553 3035 refinxi
1564 3010 1666 3035 eAEm‘aa
1678 3008 1703 3034 in
1715 3010 1835 3035 'stria-crs.
1981 3031 1985 3034 .

1216 3045 1243 3071 6.
1263 3049 1356 3071 Retiaes
1376 3043 1568 3077 ii-s.xv111,]
1590 3044 1633 3070 Est
1651 3044 1682 3070 ab
1695 3045 1859 3070 Hotouinuo.
1882 3052 1941 3069 nain
1961 3041 2042 3077 vulgo
2054 3060 2063 3074 ,
2083 3048 2142 3067 ΧΠ,

1182 3081 1284 3108 Nannii
1298 3081 1354 3107 mss.
1366 3091 1429 3108 xxr.
1441 3091 1492 3107 non
1503 3080 1560 3106 heic
1571 3079 1650 3105 modo
1661 3099 1668 3111 ‚
1682 3079 1722 3106 scd
1735 3080 1831 3106 iterum
1843 3079 1922 3105 infra.

1226 3126 1253 3151 7.
1275 3121 1302 3143 Ut
1312 3125 1338 3143 tu
1348 3121 1373 3145 [π
1385 3117 1516 3153 multtum]
1547 3116 1673 3145 Lambin.
1692 3123 1718 3144 ut
1728 3123 1753 3143 tu
1763 3119 1789 3143 in
1799 3116 1878 3143 munis
1890 3136 1897 3149 ,
1908 3116 1958 3148 &mc
1980 3113 2027 3142 Al.
2037 3121 2064 3140 ut
2072 3113 2142 3141 imin

1180 3155 1270 3187 multis,
1281 3155 1332 3186 dxc.

2053 3193 2064 3212 x
2071 3203 2077 3210 .
2086 3186 2147 3220 *Ngae

2199 1741 2211 1748 a
