2295 3400
190 103 286 161 256
599 102 1107 149 M.Tut.1.11

189 182 279 214 ditate
293 182 435 212 omnium
450 177 663 211 remotissimus
677 201 686 215 ,
711 181 738 211 se
751 181 945 222 cogniturum
959 178 1018 210 effe
1034 179 1146 211 confir-

192 233 270 254 mat:
286 233 418 264 paratum
430 223 463 252 ad
482 223 597 253 causam
607 222 768 252 dicendam
791 227 800 242 ¹
813 225 916 253 venire
927 224 998 252 hora
1008 232 1088 253 nona
1103 224 1148 260 ju-

193 265 252 296 bet.
276 275 339 296 non
349 274 408 295 erat
418 265 577 294 obscurum
591 284 599 296 ,
611 264 682 304 quid
694 265 789 294 homo
799 264 968 304 improbus,
978 274 1011 294 ac
1019 264 1148 295 nefarius

190 310 342 349 cogitaret,
366 308 554 346 nequeenim
569 306 629 345 ipse
642 306 711 344 satis
720 306 893 335 occultarat:
915 316 972 336 nec
981 306 1093 336 mulier
1103 314 1150 335 ra-

189 359 247 378 cere
255 357 379 389 poterat.
403 346 595 378 IntelleStum
607 347 687 378 estid
699 348 795 387 ipsum
807 358 903 390 agere,
921 356 971 380 ut,
982 347 1053 378 cum
1064 349 1150 379 Sthe-

189 392 279 420 nium
291 389 351 419 sine
362 390 425 419 ullo
435 398 611 429 argumento
620 409 628 423 ‚
639 400 671 420 ac
680 388 741 419 fine
750 388 822 420 teste
832 388 1004 423 damnasset,
1016 398 1081 420 turn
1092 391 1151 421 ho-

191 441 246 461 mo
256 430 386 462 nefarius
396 431 432 460 de
443 432 570 460 homine
581 431 679 461 nobili
692 452 700 464 ‚
711 441 797 472 atque
806 431 837 461 id
848 434 939 461 aetatis
949 451 957 465 ‚
970 431 1082 473 suoque
1094 433 1148 462 ho-

189 473 283 512 spite,
298 474 388 513 virgis
406 473 586 513 supplicium
597 471 798 503 crudelissime
813 474 952 503 sumeret.
978 474 1068 514 Qod
1079 484 1149 504 cum

189 513 262 545 esset
270 515 458 555 persp:c·uum
470 525 475 543 ε
486 514 522 544 de
530 517 696 545 amicorum
708 535 716 548 ‚
728 515 941 555 hospitumque
951 516 1073 546 suorum
1083 516 1150 546 sen-

189 558 299 590 tentia,
314 557 458 586 Thermis
476 558 617 587 Sthenius
633 559 767 587 Romam
784 556 924 597 profugit.
947 558 1064 590 hiemi,
1089 558 1147 587 sese

189 596 388 639 fluctibusque
397 600 589 628 committere
599 599 723 632 maluit,
733 597 824 639 quam
834 609 899 628 non
910 598 996 629 istam
1006 609 1150 629 commu-

125 638 166 680 38
190 650 263 669 nem
275 640 435 670 Sicanorum
456 639 644 681 tempestatem
656 660 664 673 ,
687 641 946 681 calamitatemque
957 643 1058 671 vitare.
1091 640 1148 671 Iste

189 683 286 712 homo
296 691 392 712 certus
404 682 436 711 Sc
445 681 584 723 diligens,
593 682 628 712 ad
639 683 744 712 horam
753 692 868 712 nonam
877 681 983 723 praesto
991 682 1042 712 est.
1063 683 1147 713 Sthe-

189 725 276 753 nium
288 724 464 763 citarijubet
476 734 480 752 :
490 734 581 765 quem
591 723 783 765 posteaquam
793 724 876 753 videt
884 734 949 754 non
958 722 1054 754 adesse
1067 744 1075 757 ,
1091 724 1147 754 do—

188 765 254 795 lore
263 765 373 798 ardere,
385 774 470 805 atque
482 765 631 796 iracundia
640 765 736 796 furere
747 768 854 806 coepit:
867 768 1011 796 Venerios
1022 769 1035 786 2
1046 767 1079 795 in
1091 765 1147 795 do-

189 817 278 836 mum
288 808 404 837 Sthenii
415 809 550 838 mittere:
565 809 680 848 equites
689 809 801 837 circum
811 816 894 849 agros
905 808 968 845 ejus
979 828 988 841 ,
1001 807 1146 848 villasque

190 848 352 879 dimittere.
375 848 475 889 itaque
484 848 558 879 dum
569 848 732 889 exspedhit,
744 848 889 889 quidnam
901 848 952 879 fibi
962 850 1035 879 certi
1044 847 1147 879 affera-

189 899 247 924 tur,
259 899 325 921 ante
335 891 440 921 horam
452 893 569 921 tertiam
579 890 677 920 noc‘tis
687 890 722 920 dc
732 889 801 920 soro
811 901 875 920 non
885 889 1022 921 disceffit.
1036 890 1147 920 Postri-

189 932 238 962 die
250 932 339 962 mane
348 932 516 963 descendit:
530 936 554 962 A
576 933 713 962 athinum
723 932 758 962 ad
769 932 828 962 sese
837 941 940 962 vocat:
954 933 1041 972 jubet
1049 953 1058 966 ‚
1071 943 1143 962 eum

188 973 226 1004 de
236 975 344 1004 litteris
352 974 481 1014 publicis
491 974 520 1003 in
535 985 553 1002 a
568 974 674 1012 sentem
683 975 842 1004 Sthenium
859 974 968 1004 dicere.
993 977 1061 1005 Erat
1068 974 1148 1013 ejus-

188 1015 276 1045 modi
290 1017 372 1046 causa
383 1037 393 1049 ,
409 1025 440 1046 ut
449 1016 500 1045 ille
514 1026 552 1046 ne
562 1014 623 1045 fine
632 1015 797 1046 adversario
808 1016 932 1057 quidem
948 1016 1026 1056 apud
1038 1018 1146 1046 inimi-

186 1068 258 1087 cum
276 1057 407 1093 iudicem
421 1060 546 1096 reperire
559 1055 653 1097 poss‘et
662 1077 671 1091 ‚
686 1056 759 1098 quid
769 1057 891 1088 diceret.
915 1061 1015 1099 Itaque
1025 1066 1142 1088 tantum

185 1099 280 1129 verbo
293 1100 411 1139 posuit,
434 1102 633 1129 SACERDOTE
645 1108 769 1138 praetore
779 1119 788 1133 ‚
799 1100 958 1130 Sthenium
969 1102 1080 1130 litteras
1090 1110 1146 1140 pu-

185 1140 278 1172 blicas
290 1139 460 1181 corrupisse.
485 1143 547 1170 Vix
560 1141 612 1170 ille
624 1141 683 1171 hoc
696 1140 813 1171 dixerat
825 1161 833 1175 ‚
857 1140 929 1171 cum
943 1140 997 1171 iste
1010 1151 1146 1181 pronun-

184 1184 260 1215 ciat,
283 1185 469 1213 Srnznmrvt
493 1191 659 1212 LiTTERAs
681 1192 847 1212 enumeris
871 1192 1071 1213 connupxssr.
1093 1193 1146 1213 vr-

185 1234 268 1254 nmu
283 1235 288 1253 1
312 1224 346 1254 δε
356 1226 418 1254 haec
426 1233 563 1264 praeterea
571 1223 686 1254 addidit
696 1225 792 1254 homo
803 1227 950 1255 Venerius
959 1245 968 1259 ‚
983 1235 1067 1255 novo
1077 1235 1147 1255 mo-

184 1265 226 1296 do
240 1286 248 1299 ,
274 1266 360 1296 nullo
383 1266 527 1306 exemplo
546 1286 554 1300 ‚
579 1268 624 1296 0ss
648 1276 722 1296 EAM
745 1276 819 1296 REM
841 1276 894 1297 H-s
918 1276 1146 1306 QmGENTiEs

183 1317 316 1338 vaur-:m
351 1317 519 1346 ERchAE
551 1318 594 1337 DE
621 1311 764 1339 STHENn
795 1319 893 1339 noms
924 1318 1144 1339 EXACTURUM:

184 1348 324 1390 bonaque
337 1352 400 1389 ejus
414 1349 512 1380 statim
525 1351 617 1390 coepit
628 1349 756 1380 vendere
769 1360 776 1379 ι
791 1351 824 1380 &
834 1350 1032 1385 vendidisset,
1048 1351 1068 1381 fi
1079 1360 1144 1382 tan-

182 1392 284 1422 tulum
295 1392 387 1421 morae
395 1390 572 1433 fuiffet‚quo
584 1394 725 1422 minusei
734 1395 860 1432 pecunia
870 1393 920 1423 illa
929 1402 1143 1423 numeraretur.

182 1435 224 1464 Et
234 1432 425 1474 posteaquam
436 1442 589 1464 numerata
598 1433 641 1463 est
649 1453 658 1466 ,
673 1443 834 1464 contentus
843 1435 896 1464 hac
912 1436 1068 1475 iniquitate
1079 1445 1143 1465 non

181 1473 257 1505 fuit:
281 1474 379 1515 palam
390 1475 426 1505 de
442 1476 511 1505 sella
520 1486 552 1505 ac
562 1474 702 1505 tribunali
716 1478 907 1516 pronuntiat,
930 1479 963 1507 St
988 1486 1062 1516 Qus
1084 1485 1143 1507 AB·

182 1526 316 1547 εεΝτεΜ
329 1518 489 1547 Sthenium
498 1519 540 1547 rei
551 1517 680 1556 capitalis
689 1527 775 1547 reum
788 1517 881 1548 facere
891 1518 991 1551 vellet,
1005 1518 1065 1549 sese
1079 1520 1143 1557 ejus

182 1568 301 1589 nomen
309 1568 497 1598 recepturum
510 1569 515 1587 z
532 1559 565 1588 ὃς
577 1558 664 1588 fimul
674 1579 682 1592 ,
695 1568 727 1589 ut
736 1559 771 1589 ad
781 1560 896 1590 causam
907 1560 1056 1590 accederet
1066 1581 1074 1594 ,
1086 1571 1144 1591 no-

183 1609 319 1642 menque
328 1600 454 1630 deferret
464 1621 473 1634 ,
491 1601 674 1642 Agathinum
687 1621 694 1633 ,
712 1610 827 1631 novum
838 1600 961 1632 affinem
972 1622 980 1636 ‚
991 1611 1077 1643 atque
1087 1603 1143 1633 ho-

182 1642 292 1682 spitem
303 1663 312 1676 ,
323 1644 415 1682 coepit
425 1643 546 1672 hortari.
571 1645 656 1673 Tum
665 1643 717 1672 ille
725 1643 802 1673 clare
812 1664 820 1676 ‚
842 1643 986 1674 omnibus
995 1643 1144 1674 audienti-

184 1683 242 1715 bus
252 1705 261 1719 ,
285 1688 297 1712 3
310 1685 369 1715 sese
379 1683 408 1714 id
420 1694 485 1714 non
494 1682 551 1714 efle
561 1683 709 1714 fasturum
721 1704 730 1718 ,
745 1694 841 1726 neque
853 1686 882 1716 se
891 1686 978 1726 usque
994 1685 1021 1714 eb
1031 1686 1144 1716 Sthenio

181 1725 236 1763 effi.
245 1727 395 1756 inimicum
405 1746 413 1759 ‚
430 1735 462 1756 ut
469 1736 541 1756 eum
551 1728 594 1756 rei
603 1726 734 1766 capitalis
744 1725 867 1757 affinem
879 1726 936 1757 ess'e
947 1727 1068 1758 diceret.
1084 1726 1144 1759 Hic

183 1776 251 1797 tum
261 1768 382 1808 repente
394 1768 520 1798 Pacilius
528 1767 652 1808 quidam
664 1787 672 1801 ,
687 1769 782 1798 homo
795 1779 882 1809 egens
894 1790 902 1801 ,
915 1770 948 1799 &
957 1770 1033 1799 levis
1043 1790 1051 1802 ‚
1063 1780 1144 1800 acce—

182 1808 237 1839 dit·
262 1812 302 1840 ait
313 1830 321 1843 ‚
337 1808 357 1839 fi
367 1810 468 1840 liceret
479 1829 487 1843 ,
499 1819 614 1839 nomen
623 1809 751 1839 absentis
761 1809 873 1841 deferre
883 1811 911 1840 se
920 1811 1007 1841 velle.
1023 1810 1082 1841 Iste
1091 1822 1143 1842 ve-

182 1850 219 1880 ro
232 1872 240 1884 ,
256 1851 380 1884 &licere
390 1871 397 1885 ,
414 1851 448 1883 &-
459 1850 527 1889 fieri
534 1851 619 1890 sblere
629 1871 636 1884 ‚
654 1851 688 1883 ὼ
695 1851 723 1890 fe
734 1860 914 1892 recepturum.
937 1855 1036 1894 itaque
1046 1852 1143 1883 defer-

183 1901 238 1922 tur.
261 1893 353 1923 edicit
369 1892 464 1923 statim
477 1912 485 1926 ‚
510 1902 542 1922 ut
562 1892 706 1923 Kalendis
726 1894 889 1924 Decembr.
913 1893 984 1924 adsit
1004 1895 1144 1925 Sthenius

181 1933 336 1974 Syracusis.
362 1937 432 1967 Hic,
442 1936 495 1975 qui
503 1937 637 1965 Romam
647 1933 773 1964 veniss'et
781 1956 789 1969 ,
801 1936 923 1976 satisque
933 1935 1061 1966 feliciter
1070 1939 1141 1967 anni

179 1977 244 2016 jam
253 1976 374 2006 adverso
383 1986 517 2016 tempore
527 1975 863 2019 navigaffet,omniaque
873 1977 1018 2008 habuiss'et
1029 1980 1141 2019 aequio-

181 2028 222 2052 ra,
236 2018 268 2047 δε
278 2018 479 2058 placabiliora,
490 2018 579 2059 quarn
589 2020 727 2048 animum
736 2022 870 2058 praetoris
881 2041 888 2052 ,
900 2028 986 2060 atque
996 2021 1121 2060 hospitis
1130 2041 1138 2054 ‚

182 2070 248 2090 rem
257 2061 292 2091 ad
301 2062 416 2090 amicos
427 2060 495 2090 suos
504 2060 614 2090 detulit
625 2071 630 2089 :
648 2071 714 2101 quae
724 2070 758 2090 ut
768 2070 848 2091 erant
858 2061 959 2091 acerba
967 2081 975 2095 ,
995 2070 1081 2103 atque
1090 2064 1140 2092 in-

115 2109 130 2142 3
136 2109 159 2142 9
182 2101 290 2142 digna,
310 2101 348 2131 fic
359 2100 525 2131 videbantur
534 2102 688 2132 omnibus.
717 2104 820 2143 Itaque
830 2104 863 2132 in
876 2104 976 2133 senatu
991 2103 1140 2134 continuo

179 2148 199 2170 4
208 2146 264 2173 Cn.
275 2144 422 2173 Lentulus
432 2163 440 2177 ,
462 2144 495 2173 &
509 2146 544 2173 L.
556 2144 673 2173 Gellius
685 2146 772 2174 Coss.
790 2143 906 2175 faciunt
925 2147 1117 2175 mentionem
1127 2166 1137 2179 ‚

179 2185 295 2226 placere
304 2184 389 2215 statui
400 2205 408 2218 ‚
430 2184 490 2215 s1P.
501 2188 532 2215 C.
543 2185 710 2219 videretur,
734 2188 788 2215 NE
803 2195 966 2216 ABSENTES
985 2197 1138 2217 norimus

182 2237 221 2257 m
256 2236 458 2257 pnovmcus
492 2236 551 2256 Rei
579 2236 728 2256 manem·
753 2237 877 2257 RERUM
906 2237 1137 2259 CAP1TAL1UM.

177 2269 295 2299 causam
306 2270 544 2302 Stheniitotam,
565 2267 692 2299 &istius
709 2268 914 2299 crudelitatem
925 2289 933 2303 ‚
954 2269 1139 2309 &iniquita-

179 2320 243 2340 tem
254 2310 389 2340 senatum
397 2309 517 2340 docent.
540 2310 648 2340 Aderat
659 2311 690 2340 in
700 2311 801 2340 senatu
810 2313 916 2340 Verres
925 2331 933 2344 ‚
943 2319 1023 2350 pater
1033 2311 1118 2342 istius
1126 2331 1136 2346 ,

178 2352 213 2382 &
225 2351 300 2382 flens
311 2361 560 2392 unumquemque
568 2352 736 2381 senatorem
744 2351 874 2393 rogabat,
890 2361 922 2382 ut
933 2351 998 2382 filio
1009 2354 1061 2382 suo
1069 2362 1135 2392 par-

176 2402 257 2425 ceret
268 2404 273 2423 :
284 2404 382 2435 neque
391 2403 494 2424 tamen
504 2393 636 2423 multum
646 2392 828 2433 proficiebat.
852 2402 912 2424 erat
923 2396 1006 2424 enim
1017 2395 1136 2424 summa

176 2436 316 2466 voluntas
328 2437 454 2466 senatus.
486 2439 587 2475 Itaque
597 2435 750 2465 sententiae
760 2435 953 2470 dicebantur,
973 2434 1038 2465 cam
1053 2436 1136 2466 Sthe-

176 2478 242 2507 nius
250 2476 343 2517 absens
352 2476 515 2516 reusfaffus
524 2476 604 2514 effer,
625 2476 658 2506 de
674 2475 784 2516 absente
795 2477 938 2516 judicium
954 2478 1061 2507 nullum
1069 2477 1136 2516 fieri

174 2519 300 2560 placere:
322 2519 374 2552 ὡ,
391 2519 418 2560 fi
431 2519 508 2560 quod
521 2518 583 2556 effer
589 2517 707 2558 fastum
717 2539 725 2553 ,
746 2518 776 2548 id
793 2526 889 2548 ratum
899 2518 947 2556 effe
957 2530 1008 2548 non
1016 2519 1133 2560 placere.

177 2563 224 2591 Eo
234 2562 282 2591 die
292 2559 408 2603 tranfigi
418 2561 495 2591 nihil
504 2561 617 2600 potuit,
631 2559 713 2601 quod
724 2560 797 2590 &id
808 2562 951 2600 temporis
961 2569 1031 2593 erat,
1041 2560 1134 2591 &ille

174 2601 349 2642 pateristius
359 2623 367 2636 ,
385 2605 539 2632 invenerat
548 2603 688 2632 homines
698 2621 707 2635 ‚
727 2604 778 2642 qui
789 2601 918 2632 dicendo
929 2611 1046 2642 tempus
1058 2612 1133 2632 con-

173 2644 338 2675 sumerent.
360 2643 463 2675 Postea
471 2644 561 2675 senex
571 2643 877 2678 Verresdefensores,
889 2654 975 2686 atque
986 2644 1131 2685 hospiteis

168 2744 262 2752 ——-—--

213 2779 223 2796 x
231 2790 237 2796 .
257 2774 337 2797 lenire
346 2772 404 2796 hora
412 2780 473 2796 nona
479 2769 568 2804 jubet]
580 2768 675 2795 Nostri
687 2788 695 2800 ,
706 2769 733 2794 δε
744 2767 793 2794 cusi
805 2770 892 2793 oslava
903 2777 909 2793 :
931 2767 992 2802 quia
1002 2773 1066 2792 tunc
1075 2764 1131 2791 scil.

173 2806 292 2833 homines
303 2806 376 2832 domi
386 2805 561 2833 concesserant
570 2803 601 2832 :td
612 2804 714 2836 balnea,
725 2803 758 2829 ad
768 2813 842 2830 cenas
853 2804 906 2829 &c.
917 2805 1063 2829 Gulielmius.

211 2851 239 2868 2..
259 2846 286 2867 Ia
297 2843 384 2867 domum
393 2843 509 2876 smmum]
530 2840 634 2868 Metell.
646 2850 698 2866 non
716 2839 835 2875 agnoscit
854 2837 1108 2875 praepolitiunculam
1120 2856 1129 2869 ,

173 2887 258 2914 neque
269 2877 411 2904 admodum
423 2878 579 2913 requiritur.
593 2875 663 2902 idem
674 2875 740 2902 liber
750 2886 802 2902 non
814 2874 893 2903 habet
901 2872 1045 2910 equires‚sed
1055 2874 1130 2908 equis,

174 2913 245 2950 quod
256 2914 320 2940 item
332 2913 521 2940 examinabunt
532 2912 639 2944 Critici.

212 2958 238 2985 3.
257 2950 304 2983 Sese
313 2951 340 2975 id
347 2960 390 2975 non
400 2949 592 2984 essesallurum]
604 2947 710 2975 Metell.
722 2958 774 2975 nou
783 2947 887 2975 admisit
896 2945 1032 2979 illudsese,
1042 2954 1128 2982 neque

172 2985 386 3013 desideraverim.

208 3029 237 3055 4.
255 3024 302 3047 Cn.
311 3023 428 3047 Lentulus
436 3020 465 3051 εἶν
473 3023 504 3046 L.
515 3019 627 3053 Gellius]
647 3020 690 3046 Sic
699 3019 802 3046 Fabric.
812 3019 839 3046 δί
851 3017 959 3046 Metell.
977 3017 1045 3045 male:
1056 3017 1127 3054 prius

172 3056 286 3093 impreffi
300 3077 307 3089 ‚
318 3058 347 3087 εἴγ’
356 3058 479 3082 Lucullus.

186 3102 236 3156 ᾖ.
256 3094 305 3127 Qu
323 3093 358 3121 dic
375 3093 441 3128 iste]
461 3091 577 3121 Verbum
596 3092 632 3120 dic
644 3092 788 3121 inventum
798 3092 814 3120 ἐι
824 3090 973 3121 Gulielmio
981 3090 1009 3120 in
1021 3088 1128 3119 Metelli

172 3129 193 3156 li
219 3138 253 3158 -ο,

1186 102 1718 151 Cxczaouxs

1194 184 1315 213 omneis
1325 184 1611 215 stheniiconvenit:
1630 192 1713 225 rogat
1722 192 1774 214 eos
1783 203 1791 218 ‚
1810 189 1898 226 atque
1907 192 1987 220 orat,
2006 194 2046 217 ne
2056 187 2158 228 oppa-⁴2

1192 234 1286 266 gnent
1297 224 1394 255 filium
1403 224 1490 255 suum
1504 236 1510 255 :
1529 225 1565 255 de
1574 226 1700 257 Sthenio
1710 236 1749 256 ne
1760 226 1910 258 laborent:
1921 226 2081 259 confirmat
2089 230 2151 266 his,

1192 276 1363 297 curaturum
1374 268 1403 297 se
1413 265 1470 297 esse
1481 287 1490 300 ‚
1503 266 1616 308 nequid
1627 269 1654 297 ei
1663 277 1716 307 per
1725 266 1824 298 filiurn
1836 269 1924 299 suum
1935 279 2110 300 noceretur:
2122 271 2154 304 se

1194 310 1335 339 homines
1351 318 1448 339 certos
1466 309 1530 348 ejus
1540 311 1583 339 rei
1601 309 1684 339 causa
1693 311 1726 339 in
1735 310 1868 341 Siciliam
1880 311 1913 340 δε
1925 319 2014 345 terra,
2034 311 2151 344 &mari

1177 349 1367 381 ⁴miffurum.
1380 351 1414 381 &
1423 359 1484 380 erat
1495 351 1619 390 spatium
1629 350 1746 380 dierum
1757 351 1820 381 fere
1831 353 1950 393 triginta
1957 361 2023 383 ante
2034 354 2150 384 Kalen-

1192 391 1242 422 das
1254 392 1414 422 Decembr.
1435 395 1448 419 5
1457 402 1518 433 quo
1527 392 1575 422 die
1585 391 1639 422 iste
1651 412 1659 425 ‚
1677 400 1709 421 ut
1718 392 1861 432 Syracufis
1871 394 2011 425 Sthenius
2020 393 2128 426 adeffet
2138 415 2151 430 .

1191 433 1334 464 edixerat.
1357 436 1599 464 Commoventur
1615 435 1705 463 amici
1724 435 1862 469 Schenii,
1885 436 1999 475 sperant
2013 435 2094 471 fore,
2114 446 2150 470 ut

1189 477 1278 515 patris
1294 475 1420 509 litteris,
1441 475 1631 515 nuntiisque,
1651 475 1665 495 ⁶
1677 474 1757 506 filius
1766 475 1802 506 ab
1814 478 1932 516 incepto
1941 476 2042 508 furore
2060 488 2150 509 revo-

1189 526 1280 547 cetur.
1303 520 1340 547 In
1349 515 1556 557 senatupostea
1564 517 1649 547 causa
1661 526 1726 547 non
1736 519 1839 559 agitur.
1861 519 2147 552 Veniuntadistum

1190 557 1349 589 domestici
1358 560 1459 589 nuntii
1470 569 1475 587 ε
1492 557 1659 599 litterasque
1669 558 1685 588 ὲ
1693 568 1772 599 patre
1782 557 1911 590 afferunt
1919 570 1986 591 ante
1997 562 2150 592 Kalendas

1190 600 1350 630 Decembr.
1369 598 1598 631 cumistietiam
1615 608 1681 629 tum
1697 600 1734 630 de
1745 602 1870 631 Sthenio
1888 604 2003 643 integra
2021 611 2082 634 tota
2099 612 2148 634 res

1190 640 1279 672 efl'et:
1297 641 1466 683 eodemque
1484 643 1512 671 ei
1533 649 1668 681 tempore
1685 641 1722 672 de
1731 642 1836 673 eadem
1847 653 1877 673 re
1886 644 1991 675 littera:
2005 645 2148 685 complu-

1190 686 1247 713 reis
1257 683 1274 714 a
1284 685 1389 714 multis
1400 686 1464 723 ejus
1473 684 1589 716 amicis,
1600 693 1633 713 ac
1642 682 1808 714 neceffariis
1816 683 1986 715 afferuntur.
2010 684 2070 717 Hic
2079 685 2144 721 iste,
2161 699 2210 734 40

1189 726 1241 765 qui
1247 732 1301 766 pra
1310 725 1465 767 cupiditate
1475 744 1483 758 ‚
1495 735 1591 765 neque
1601 723 1695 754 officii
1705 726 1748 755 sui
1760 745 1769 759 ‚
1787 735 1883 767 neque
1891 727 2036 767 periculi,
2048 738 2148 769 neque

1189 769 1305 806 pietatis
1314 787 1323 801 ‚
1343 777 1441 807 neque
1451 767 1645 796 humanitatis
1654 770 1803 797 rationem
1820 767 1968 799 habuiss'et
1983 779 2128 810 umquam
2136 781 2148 801 τ

1189 818 1287 849 neque
1297 811 1331 838 in
1340 819 1376 838 eo
1387 828 1395 842 ‚
1407 808 1489 849 quod
1500 808 1678 838 monebatur
1687 829 1695 842 ‚
1707 808 1916 840 au&0ritatem
1925 812 2012 850 patris
2023 830 2032 845 ‚
2047 813 2147 844 necin

1187 859 1224 879 eo
1235 870 1243 884 ‚
1255 850 1337 891 quod
1347 850 1502 891 rogabatur
1511 869 1518 881 ,
1530 849 1718 880 voluntatem
1728 852 1970 891 anteponendam
1978 855 2094 893 putavit
2109 854 2150 885 li-

1188 890 1288 922 bidini
1304 892 1372 922 suae.
1405 890 1498 922 Mane
1508 890 1653 921 Kalendis
1664 892 1825 923 Decembr.
1846 901 1879 923 ut
1895 894 2044 929 edixerat,
2059 896 2148 926 sthe-

1186 935 1275 963 nium
1291 934 1375 964 citari
1389 933 1482 974 jubet.
1507 934 1538 963 Si
1554 932 1605 962 abs
1615 941 1643 962 te
1653 933 1740 963 istam
1749 944 1813 964 rem
1822 944 1926 974 parens
1937 944 2004 966 tuus
2019 937 2147 973 alicuius

1185 977 1276 1005 amici
1284 984 1385 1016 rogatu
1395 995 1403 1008 ,
1424 973 1596 1015 benignitate
1605 994 1615 1008 ‚
1636 983 1686 1005 aut
1694 973 1848 1005 ambitione
1865 976 1995 1005 induerim
2011 977 2127 1017 petiffitt
2136 987 2147 1009 z

1186 1016 1351 1058 gravissima
1361 1026 1462 1047 tamen
1471 1016 1548 1056 apud
1559 1025 1585 1046 te
1595 1016 1734 1047 voluntas
1740 1019 1827 1058 patris
1836 1017 1895 1048 efl'e
1905 1018 2058 1049 debuisset.
2069 1019 2145 1051 cum

1187 1057 1260 1088 vero
1269 1059 1320 1089 abs
1335 1068 1363 1089 te
1373 1061 1417 1090 tui
1426 1060 1529 1099 capitis
1539 1058 1622 1089 causa
1631 1067 1742 1098 peteret
1752 1079 1760 1091 ‚
1772 1059 1972 1101 hominesque
1981 1069 2076 1091 certos
2087 1061 2145 1092 do-

1189 1110 1243 1130 mo
1253 1099 1374 1130 mififfet
1384 1120 1392 1134 ,
1403 1102 1494 1141 hique
1504 1109 1540 1129 eo
1551 1108 1686 1139 tempore
1696 1100 1732 1131 ad
1743 1109 1770 1131 te
1778 1100 1928 1132 veniss'ent
1938 1121 1946 1135 ‚
1959 1101 2031 1133 cum
2043 1103 2098 1133 tibi
2107 1105 2145 1135 in.

1186 1145 1304 1184 integro
1314 1151 1375 1173 tota
1385 1152 1430 1172 res
1439 1140 1510 1172 estet
1519 1161 1529 1173 ‚
1540 1151 1579 1171 ne
1587 1149 1652 1171 tum
1662 1142 1788 1212 {pidem
1798 1150 1827 1173 te
1837 1145 1937 1183 potuit
1945 1163 1954 1177 ‚
1975 1142 1997 1173 si
2006 1154 2070 1174 non
2079 1146 2146 1184 pie-

1187 1185 1252 1214 tatis
1264 1205 1272 1217 ,
1291 1192 1320 1214 at
1337 1184 1437 1214 salutis
1449 1193 1504 1213 tuae
1513 1184 1588 1212 ratio
1596 1182 1632 1213 ad
1642 1193 1661 1212 o
1698 1185 1780 1213 cium
1791 1203 1799 1217 ,
1820 1185 2034 1226 sanitatemque
2051 1186 2144 1216 redu-

1187 1229 1275 1256 cere?
1293 1228 1371 1256 Citat
1381 1235 1478 1255 rcum.
1497 1234 1562 1254 non
1572 1224 1739 1264 respondet.
1759 1227 1828 1256 citat
1836 1226 2033 1257 accusatorem
2046 1238 2051 1257 ε
2063 1227 2090 1266 (7
2099 1237 2146 1259 at-

1188 1267 1300 1298 tendite
1312 1289 1321 1301 ,
1333 1268 1432 1308 quaeso
1442 1287 1451 1301 ‚
1464 1266 1594 1303 iudices:
1614 1265 1715 1296 videte
1725 1286 1734 1300 ‚
1752 1277 1933 1308 quantopere
1943 1268 2028 1299 istius
2038 1279 2144 1300 amen-

1190 1311 1236 1340 tiae
1239 1309 1360 1349 fortuna
1369 1310 1429 1351 ipsit
1437 1308 1588 1347 advetsata
1598 1307 1657 1348 fit:
1675 1308 1707 1338 &
1717 1307 1806 1339 simul
1813 1309 1913 1340 videte
1922 1330 1930 1344 ,
1948 1312 2015 1350 quis
2023 1312 2144 1344 Stheni}

1187 1352 1303 1382 causam
1313 1352 1394 1382 casus
1405 1350 1568 1390 adjuverit)
1577 1352 1682 1379 citatus
1692 1351 1856 1385 accusator,
1873 1353 1918 1381 M.
1928 1352 2054 1382 Pacilius
2065 1373 2073 1387 ‚
2085 1363 2142 1383 ne-

1187 1394 1246 1424 scio
1264 1404 1326 1434 quo
1344 1393 1410 1423 casu
1420 1402 1486 1423 non
1498 1391 1667 1430 respondit:
1686 1402 1751 1422 non
1761 1391 1857 1423 affuit.
1880 1395 1911 1423 Si
1919 1394 2045 1433 praesens
2054 1395 2144 1425 Sthe-

1186 1439 1256 1465 nius
1266 1445 1332 1465 reus
1342 1433 1413 1465 efl'et
1429 1433 1539 1464 factus:
1558 1431 1580 1462 si
1589 1432 1750 1464 manifesto
1768 1435 1802 1464 in
1813 1433 1963 1465 maleficio
1972 1444 2122 1466 teneretur
2129 1446 2143 1471 3
2191 1455 2195 1459 ι

1185 1487 1286 1508 tamen
1296 1498 1305 1510 ,
1320 1476 1385 1507 cirm
1394 1476 1538 1515 accusator
1547 1485 1599 1504 mm
1607 1474 1706 1512 adeffit
1714 1495 1723 1510 ,
1743 1475 1892 1506 Sthenium
1901 1477 2074 1506 condemnari
2088 1488 2144 1508 mm

1182 1527 1323 1561 oporteret.
1348 1520 1471 1549 Etenim
1484 1538 1492 1550 ,
1511 1515 1532 1546 s1
1541 1514 1634 1557 posset
1643 1527 1709 1547 reus
1719 1537 1727 1551 ,
1747 1517 1867 1548 absente
1886 1518 2048 1549 accusatore
2058 1539 2067 1553 ,
2087 1519 2141 1551 da-

1184 1563 1281 1591 mnari
1292 1581 1301 1595 ,
1311 1571 1376 1591 non
1386 1570 1440 1601 ego
1451 1559 1467 1589 a
1477 1558 1598 1589 Vibone
1607 1559 1725 1589 Veliam
1735 1560 1859 1599 parvulo
1868 1561 1988 1600 navigio
2003 1562 2083 1591 inter
2090 1560 2140 1592 fu-

1184 1605 1347 1645 gitivorum
1359 1622 1368 1636 ,
1386 1612 1418 1632 ac
1428 1600 1605 1642 praedonum
1616 1620 1624 1634 ‚
1644 1609 1734 1631 actua
1743 1601 1800 1631 tela
1809 1600 1957 1632 veniss'em
1966 1622 1975 1635 ‚
1988 1612 2049 1643 quo
2060 1611 2140 1634 tern-

1184 1655 1255 1685 pore
1265 1647 1368 1674 omnis
1383 1644 1437 1674 illa
1452 1652 1520 1672 mea
1529 1641 1680 1672 festinatio
1690 1642 1750 1673 fuit
1759 1653 1831 1673 cum
1842 1643 1975 1683 periculo
1985 1645 2086 1683 capitis
2097 1644 2139 1675 ob

1185 1697 1250 1716 eam
1261 1687 1377 1717 cansam
1387 1705 1395 1719 ‚
1408 1695 1446 1715 ne
1459 1693 1490 1714 tu
1501 1693 1539 1713 ex
1550 1685 1606 1713 reis
1617 1685 1782 1715 eximerere
1792 1704 1801 1719 ‚
1813 1683 1834 1714 fi
1845 1695 1900 1726 ego
1909 1695 1975 1715 non
1987 1685 2140 1718 affuissem

1184 1728 1220 1758 ad
1230 1728 1322 1758 diem.
1345 1726 1437 1769 Qod
1447 1728 1537 1767 igitur
1547 1725 1602 1756 tibi
1612 1734 1671 1756 erat
1679 1728 1712 1755 in
1721 1735 1775 1756 tuo
1781 1727 1793 1765 j
1797 1726 1900 1756 udicio
1909 1726 2138 1767 optatiffimum,

1186 1780 1236 1800 me
1245 1791 1254 1803 ,
1276 1768 1340 1799 citm
1347 1776 1454 1798 ciratus
1463 1766 1541 1805 effitm
1549 1786 1558 1800 2
1575 1778 1627 1797 non
1643 1766 1729 1805 adff
1736 1779 1748 1795 .·
1764 1777 1817 1798 cur
1826 1769 1951 1798 Sthenio
1960 1779 2023 1799 non
2032 1769 2141 1809 putasti

1182 1810 1317 1852 prodefi'e
1326 1819 1462 1851 oportere
1470 1829 1478 1843 ,
1490 1807 1561 1842 cum
1572 1809 1597 1849 ej
1603 1819 1634 1840 us
1643 1810 1791 1841 accusator
1800 1819 1865 1840 non
1880 1808 2007 1840 affuifl'et
2017 1813 2027 1840 ?
2036 1814 2142 1853 Itaque

1182 1853 1254 1884 fecit
1263 1873 1272 1887 ,
1285 1862 1318 1883 ut
1327 1855 1424 1883 exitus
1435 1851 1582 1892 principio
1592 1849 1765 1881 simillimus
1774 1853 1959 1891 reperiretur.
1983 1862 2076 1893 quem
2087 1853 2141 1884 ab-

1183 1896 1298 1925 sentem
1308 1905 1393 1925 reum
1402 1893 1527 1926 fecerat,
1547 1902 1619 1922 eum
1630 1893 1747 1923 absente
1757 1893 1924 1923 accusatore
1942 1894 2138 1926 condemnat.

1184 1937 1388 1967 Nuntiabatur
1403 1936 1450 1965 illi
1468 1935 1575 1974 primis
1591 1934 1654 1964 illis
1672 1934 1859 1974 temporibus
1877 1934 1908 1965 id
1927 1955 1936 1969 ,
1956 1936 2038 1976 quod
2056 1945 2137 1978 pater
2154 1946 2215 1983 41.
2247 1944 2248 1947 ’

1181 1989 1302 2019 quoque
1319 1978 1356 2008 ad
1374 1987 1445 2008 eum
1460 1975 1596 2016 pluribus
1613 1976 1713 2006 verbis
1731 1976 1895 2016 scripserat:
1914 1979 2051 2018 agitatam
2069 1989 2136 2010 rem

1181 2019 1238 2051 ess'e
1249 2024 1283 2050 in
1293 2020 1393 2050 senatu
1404 2030 1409 2048 z
1428 2021 1518 2049 etiam
1529 2018 1561 2048 in
1571 2018 1719 2048 concione
1728 2018 1884 2048 tribunum
1899 2019 1996 2059 plebis
2007 2019 2043 2050 de
2053 2021 2136 2053 causa

1180 2064 1295 2093 Sthenii
1314 2064 1358 2091 M.
1371 2061 1539 2092 Palicanum
1558 2058 1616 2090 csse
1633 2059 1788 2100 questum:
1808 2059 1961 2100 postremo
1976 2071 2027 2091 me
2036 2062 2137 2102 ipsum

1181 2104 1258 2144 apud
1274 2104 1438 2144 collegium
1454 2103 1512 2132 hoc
1531 2101 1727 2138 tribunorum,
1736 2101 1850 2141 plebis,
1868 2100 1940 2131 cum
1950 2112 2055 2133 eorum
2066 2113 2139 2134 om-

1182 2148 1269 2176 nium
1280 2144 1379 2176 edicto
1389 2154 1454 2174 non
1464 2144 1564 2174 liceret
1573 2152 1755 2183 quemquam
1764 2145 1855 2172 Rom
1865 2141 1912 2180 effit
1921 2163 1929 2177 ‚
1940 2145 1993 2184 qui
2002 2145 2045 2174 rei
2055 2145 2137 2186 capi·

1181 2188 1246 2218 talis
1257 2186 1474 2217 condemnatus
1484 2184 1564 2217 esset,
1575 2182 1662 2225 egiss'e
1673 2184 1788 2214 causam
1798 2185 1913 2215 Sthe'nii
1923 2195 1927 2213 :
1938 2195 2009 2215 cum
2018 2196 2084 2217 rem
2092 2188 2136 2219 ita

1180 2227 1381 2269 exposuiffem
1393 2247 1401 2260 ‚
1413 2226 1675 2267 quemadmodum
1684 2236 1766 2256 nunc
1774 2226 1849 2266 apud
1860 2236 1914 2256 vos
1923 2245 1932 2261 ‚
1953 2226 2136 2259 docuissem-

1179 2281 1236 2311 que
1245 2272 1322 2300 hanc
1331 2269 1559 2299 damnationem
1570 2268 1639 2297 duci
1649 2277 1712 2297 non
1723 2277 1858 2307 oportere
1870 2278 1875 2297 :
1897 2263 1911 2287 8
1923 2269 2060 2300 tribunos
2068 2271 2135 2311 ple-

1180 2313 1225 2341 bis
1234 2312 1293 2341 hoc
1303 2308 1431 2341 statuisse
1441 2329 1450 2343 ,
1472 2309 1563 2350 idque
1581 2309 1617 2339 de
1633 2311 1776 2339 omnium
1794 2309 1940 2340 sententia
1955 2313 2136 2350 pronuntIa-

1179 2362 1244 2383 tum
1262 2351 1319 2382 effe
1337 2372 1345 2386 ,
1370 2355 1446 2381 NoN
1464 2361 1585 2383 vmfflu
1602 2354 1784 2382 STHENxUM
1806 2361 1970 2382 IMPEmRr
1989 2362 2112 2384 nmero
2123 2372 2135 2389 ,

1180 2404 1247 2432 Qto
1264 2404 1374 2423 Mths
1388 2402 1422 2422 m
1443 2402 1592 2422 menum-
1607 2403 1714 2422 ROMAE
1729 2402 1812 2422 Essu-
1836 2391 1914 2423 cum
1926 2394 1986 2425 haec
1995 2394 2030 2424 ad
2040 2394 2132 2427 istum

1176 2435 1381 2468 afferi-entu1·‚9
1393 2437 1496 2464 timuit
1504 2434 1674 2475 aliquando,
1684 2435 1716 2464 &
1726 2443 1900 2464 commotus
1909 2434 1962 2465 est.
1981 2438 2072 2468 vertit
2080 2435 2134 2468 sti-

1179 2478 1288 2508 lumin
1297 2477 1404 2507 tabulis
1415 2477 1488 2512 suis,¹
1498 2486 1559 2517 quo
1569 2475 1649 2506 radio
1658 2477 1773 2507 caufizm
1784 2486 1912 2512 omnem
1921 2478 2027 2508 evertit
2035 2478 2130 2510 suam.

1176 2519 1254 2549 nihil
1265 2521 1347 2549 enim
1358 2517 1410 2548 fibi
1426 2518 1533 2558 reliqui
1552 2517 1623 2548 fecit
1631 2538 1639 2552 ‚
1663 2517 1744 2559 quod
1762 2516 1883 2547 defendi
1899 2518 1998 2559 aliqua
2015 2522 2132 2552 ratione

1175 2559 1280 2600 poffet.
1304 2563 1385 2590 Nam
1400 2558 1421 2589 si
1430 2561 1470 2589 ita
1479 2558 1667 2590 defenderet:
1678 2561 1771 2599 recipi
1780 2569 1896 2589 nomen
1905 2560 2032 2590 absentis
2040 2561 2112 2592 licet
2121 2572 2141 2600 :⁴

1176 2604 1234 2632 hoc
1245 2601 1308 2632 fieri
1318 2604 1350 2632 in
1360 2603 1516 2641 provincia
1525 2602 1607 2632 nulla
1615 2602 1665 2632 lex
1673 2609 1754 2631 vetat
1763 2611 1768 2629 2
1780 2601 1858 2631 mala
1867 2621 1876 2634 ‚
1887 2600 1920 2631 δε
1929 2602 2067 2641 improba
2076 2603 2130 2634 de-

1173 2642 1310 2675 fenfione
1320 2665 1331 2679 ‚
1346 2643 1454 2675 verum
1463 2643 1560 2684 aliqua
1568 2652 1669 2675 tamen
1678 2645 1723 2673 uti
1732 2641 1890 2674 videretur.
1907 2641 2062 2676 Postremo
2073 2645 2130 2677 illo

2027 2685 2132 2727 despe-

1206 2765 1234 2792 6.
1254 2768 1330 2792 nlius
1339 2768 1370 2792 ab
1378 2767 1552 2800 Inceptofierore
1569 2766 1716 2800 revocetur]
1738 2765 1833 2794 Codex
1844 2765 1948 2795 Metelli
1962 2785 1970 2797 ‚
1982 2766 2083 2799 fideliter
2098 2765 2132 2793 ab

1169 2802 1291 2834 illofurore
1300 2810 1429 2829 revocetur.
1449 2811 1533 2838 neque
1544 2803 1654 2830 omnino
1663 2801 1784 2839 displicet
1795 2822 1805 2836 ‚
1823 2806 1895 2830 certe
1905 2800 1973 2832 illud
1981 2803 2017 2830 illa
2027 2820 2037 2835 ‚
2055 2800 2130 2838 quod

1172 2837 1199 2863 8<
1210 2837 1297 2864 fuerat
1310 2839 1335 2864 in
1349 2840 1369 2864 F
1369 2838 1512 2866 abricinno.

1204 2881 1231 2907 7.
1253 2875 1388 2902 wtendite
1404 2875 1474 2908 quaesb
1484 2874 1594 2908 judiees:
1612 2875 1692 2900 videte
1708 2893 1717 2904 ,
1737 2874 1902 2909 quantopere]
1925 2873 2005 2901 Haud
2023 2873 2128 2910 conspi-

1169 2909 1238 2935 citur
1255 2910 1337 2935 videte
1354 2911 1381 2937 in
1401 2910 1508 2936 Metell.
1528 2910 1573 2945 qui
1592 2909 1663 2936 idem
1684 2910 1760 2939 habet
1779 2918 1867 2944 quanto
1883 2919 1955 2944 opere.
1983 2917 2128 2946 utrumque

1169 2943 1252 3006 Υῧξὶάὲ.
1292 2945 1360 2972 l’all.
1379 2946 1407 2972 &
1427 2945 1492 2972 olim
1512 2945 1563 2972 cusi
1581 2945 1726 2974 omiserunt
1742 2946 1857 2982 judices,
1877 2955 1964 2982 exque
1982 2955 2015 2973 eo
2034 2953 2127 2974 natum

1167 2980 1176 3006 i
1202 2990 1216 3006 u
1255 2981 1343 3007 videte.

1203 3015 1231 3042 8.
1249 3018 1362 3042 Tribunos
1367 3018 1429 3050 pleb.
1439 3017 1614 3054 hoeflatuisse.]
1626 3017 1787 3045 Membranae
1796 3017 1903 3045 Metell.
1914 3027 1943 3045 x.
1953 3027 2005 3045 sk.
2017 3026 2065 3044 ιω.
2075 3025 2129 3046 neq,

1168 3061 1219 3088 que
1229 3052 1307 3078 aliter
1319 3053 1490 3080 Fabricianae.

1203 3096 1232 3123 9.
1246 3090 1334 3129 Timuit
1344 3090 1498 3129 aliquando]
1517 3089 1596 3121 Fabr.
1606 3089 1634 3118 &
1644 3089 1750 3121 Metell.
1756 3091 1890 3125 pertimuit.
1910 3088 1981 3129 quod
1991 3087 2123 3120 Lambino

1166 3124 1277 3161 placuit.
1299 3134 1352 3154 non
1362 3124 1442 3157 male.
2074 3162 2112 3188 m

2037 3170 2063 3190 ι,
2112 3165 2124 3187 c
