2297 3389
80 2235 95 2262 1
108 2236 119 2259 1
146 2229 305 2258 inimicam
317 2227 407 2256 bonis
420 2247 428 2260 ‚
449 2225 543 2267 poffet
560 2227 672 2257 audire.

498 183 753 229 ORATIO
801 193 957 227 POST
1008 180 1322 228 REDITUM
1369 198 1434 228 IN
1481 183 1760 231 SENATU.

158 274 193 298 ac
207 263 309 297 liberis
321 261 386 304 eJ'u's
397 281 406 296 ,
425 259 547 302 quando
557 269 665 290 omnes
676 261 737 289 mei
747 261 869 301 gratiam
885 259 1016 289 referent
1028 268 1033 287 :
1053 269 1118 299 quae

159 308 311 339 memoria
320 325 328 340 ,
347 314 411 345 quae
423 305 470 333 vis
482 303 600 344 ingenii
614 322 623 336 ‚
644 312 710 342 quae
722 302 899 343 magnitudo
909 301 1115 334 observantiae,

160 359 208 380 tot
217 370 226 383 ‚
247 347 391 387 tantisque
401 343 554 375 beneficiis
565 344 742 384 respondere
753 345 883 384 poterit?
904 344 958 383 qui
969 342 1045 371 mihi
1057 344 1118 381 pri—

159 400 229 422 mus
242 388 356 420 afflicto
366 407 374 421 ,
399 387 431 417 &
441 388 552 426 jacenti
567 386 754 416 consularem
771 385 861 416 fidem
875 405 883 420 ,
903 385 1116 424 dexteramque

158 433 306 473 porrexit:
317 431 369 470 qui
381 439 430 458 me
441 428 456 458 a
467 437 565 458 morte
574 427 610 458 ad
620 430 727 461 vitam,
737 428 752 457 a
762 428 966 468 desperatione
975 425 1010 455 ad
1020 426 1114 465 spem,
1136 435 1138 444 J

156 474 194 504 ab
204 473 300 503 exitio
311 471 346 501 ad
358 471 483 501 salutem
494 472 654 501 revocavit.
670 472 722 511 qui
733 478 815 499 tanto
825 478 926 499 amore
937 469 970 498 in
981 477 1042 500 me,
1054 466 1115 497 stu-

155 515 208 546 dio
218 515 251 543 in
261 522 355 553 remp.
366 512 434 546 fuit,
446 521 479 542 ut
489 520 680 554 excogitaret,
690 510 951 552 quemadmodum
963 509 1115 539 calamita-

155 565 217 586 tem
228 565 326 585 meam
342 564 406 584 non
421 552 518 584 modo
529 554 656 587 levaret,
678 554 726 584 sed
742 555 831 583 etiam
842 550 1019 582 honestaret.
1041 550 1115 591 quid

152 599 236 627 enim
249 595 500 648 magnificentius,
515 596 588 637 quid
599 596 765 636 praeclarius
777 596 852 624 mihi
863 593 994 624 accidere
1006 594 1114 632 potuit,

151 638 242 680 quam
253 638 337 680 quod
348 658 356 672 ,
368 638 422 668 illo
432 648 551 679 petente
559 659 568 672 ‚
579 648 635 668 vos
645 637 816 667 decrevistis
826 656 834 670 ‚
846 645 878 666 ut
889 633 982 664 cunc't‘i
995 644 1029 662 ex
1039 634 1116 663 omni

150 681 244 711 Italia
254 700 262 714 ,
277 682 329 721 qui
340 690 434 720 remp.
447 681 554 711 salvam
568 680 700 713 vellent,
714 679 750 709 ad
760 688 808 708 me
819 687 915 707 unum
926 696 934 709 ‚
952 677 1113 705 hominem

149 722 299 756 sraEtum,
322 723 354 752 &
373 723 465 762 prope
482 721 651 763 diffipatum
667 742 675 755 ,
696 718 915 751 restituendum
927 737 935 751 ,
955 718 988 747 δε
1006 716 1115 746 defen-

150 764 286 795 dendum
297 766 456 795 venirent?
471 774 504 795 ut
514 785 522 798 ‚
535 774 591 805 qua
600 773 674 793 voce
687 766 696 781 ¹
708 770 751 792 ter
761 762 892 790 omnino
904 758 970 799 post
978 761 1112 789 Romam

149 806 302 837 conditam
317 807 423 837 consul
438 807 506 836 usus
523 805 592 835 effer
608 814 662 844 pro
676 802 813 833 universa
828 800 976 841 rep-apud
997 810 1048 830 eos
1066 801 1114 830 so-

150 847 217 878 lum
229 868 237 882 ‚
259 851 310 890 qui
321 849 385 887 ejus
394 858 501 878 vocem
512 846 651 877 exaudire
665 842 783 884 possent
795 854 800 872 ε
823 844 927 873 eadem
941 852 1016 872 voce
1030 842 1113 873 sena-

150 899 199 921 tus
217 894 231 910 2
242 890 386 920 omnibus
397 891 471 930 agris
482 909 490 922 ,
505 897 592 929 atque
601 886 719 926 oppidis
732 905 740 919 ,
755 887 849 916 civeis
861 905 869 918 ,
889 894 1044 925 totamque
1055 887 1114 914 Ita-

89 938 132 963 10
150 933 222 962 liam
237 932 272 962 ad
286 934 378 962 unius
392 931 518 961 salutern
541 928 764 959 defendendam
787 929 936 958 excitarer.
962 926 1043 968 Qid
1057 936 1113 967 ego

148 973 305 1016 gloriosius
314 974 391 1002 meis
400 971 525 1012 posteris
540 972 626 1011 potui
643 971 812 1010 relinquere
824 990 832 1003 ‚
853 969 945 1010 quam
959 970 1017 998 hoc
1030 968 1114 998 sena—

149 1026 215 1047 tum
226 1013 367 1055 judicasse
378 1034 386 1047 ‚
407 1015 459 1055 qui
474 1015 550 1043 civis
564 1023 614 1042 me
626 1022 691 1042 non
704 1010 884 1041 defendiffct
896 1031 905 1044 ‚
927 1021 998 1040 eum
1014 1020 1109 1050 remp.

148 1058 257 1089 salvam
270 1054 401 1087 noluifle
416 1059 426 1085 ?
449 1058 550 1096 Itaque
561 1064 680 1085 tantum
690 1053 784 1084 vestra
794 1053 953 1083 auetoritas
964 1073 972 1086 ‚
993 1061 1113 1082 tanturn

147 1101 262 1129 eximia
276 1098 409 1128 consulis
424 1097 552 1139 dignitas
568 1097 681 1130 valuit,
701 1100 714 1123 3
726 1104 759 1126 ut
772 1095 900 1125 dedecus
915 1095 947 1125 &
962 1093 1111 1135 flagitium

145 1142 174 1172 se
187 1141 381 1171 committere
392 1149 505 1180 putaret
515 1160 524 1174 ,
544 1138 565 1168 fi
574 1141 642 1180 quis
654 1148 718 1168 non
729 1139 856 1168 veniret.
880 1137 1029 1177 Idemque
1037 1146 1113 1166 con-

145 1183 190 1213 sul
200 1202 209 1217 ,
224 1181 296 1212 cum
309 1182 358 1212 illa
369 1182 555 1212 incredibilis
564 1180 731 1211 multitudo
741 1182 875 1210 Romam
887 1199 895 1212 ‚
910 1179 943 1209 &
952 1179 1037 1218 paene
1054 1181 1112 1208 Ita-

144 1225 184 1255 lia
194 1225 255 1264 ipsa
263 1222 392 1255 venifl'et
403 1244 411 1258 ,
431 1234 485 1253 vos
494 1221 749 1264 frequentissimos
760 1224 792 1251 in
801 1222 986 1261 Capitolium
997 1230 1112 1251 convo-

144 1269 232 1297 cavit.
255 1276 317 1306 quo
327 1274 464 1306 tempore
476 1275 617 1306 quantam
628 1265 694 1294 vim
713 1267 730 1290 4
740 1271 845 1293 naturai
859 1261 969 1292 bonitas
980 1263 1109 1296 haberet,

147 1317 199 1339 aut
209 1318 278 1338 vera
288 1308 430 1337 nobilitas
440 1327 449 1341 ‚
461 1308 631 1348 intelligere
641 1305 789 1346 potuistis.
812 1315 881 1335 narn
893 1305 1109 1346 Q.Metellus‚

146 1351 180 1381 δε
194 1351 338 1380 inimicus
349 1350 401 1383 ‚·&
414 1349 503 1379 frater
515 1350 636 1378 inimici
649 1369 657 1381 ‚
673 1346 824 1387 perspesta
835 1346 930 1377 vestra
941 1347 1109 1381 voluntate,
1130 1348 1132 1373 I

146 1393 252 1422 omnia
265 1393 377 1431 privata
389 1391 458 1420 odia
468 1391 622 1430 deposuit:
641 1399 733 1430 quern
744 1392 774 1419 P.
791 1389 936 1419 Servilius
947 1409 957 1421 ,
977 1390 1025 1418 vir
1035 1388 1108 1418 cum

145 1432 321 1464 clarissimus
332 1453 341 1466 ,
363 1441 428 1462 turn
438 1431 512 1462 vero
522 1434 675 1472 optimus,
696 1432 835 1472 mihique
846 1428 1042 1460 amiciffimus
1052 1450 1060 1464 ,
1076 1431 1110 1460 &

143 1474 328 1506 auEtoritatis
337 1494 346 1508 ‚
367 1474 400 1504 &
410 1476 557 1504 orationis
568 1474 586 1504 s
583 1484 626 1504 uae
638 1473 741 1503 divina
750 1472 878 1513 quadam
889 1473 1030 1514 gravitate
1041 1491 1050 1506 ,
1072 1472 1108 1503 ad
1130 1489 1131 1495 κ

143 1517 188 1548 sui
198 1518 314 1558 generis
325 1536 334 1550 ,
344 1516 578 1557 communisque
588 1515 740 1557 sanguinis
749 1514 827 1545 fasta
837 1534 846 1548 ‚
857 1515 1051 1555 virtutesque,
1062 1525 1108 1544 re-

147 1561 269 1590 vocavit
280 1578 289 1592 ‚
312 1567 344 1588 ut
357 1558 478 1589 haberet
490 1560 523 1588 in
538 1557 666 1588 confilio
680 1557 713 1587 &
727 1556 848 1587 fratrem
863 1556 899 1586 ab
912 1555 1017 1586 inferis
1031 1576 1040 1590 ‚
1060 1557 1108 1588 so-

140 1602 224 1631 cium
236 1610 334 1630 rerum
347 1610 482 1630 mearum
494 1620 502 1634 ‚
516 1600 548 1629 &
558 1601 679 1630 omneis
689 1599 842 1632 Metellos,
852 1597 1107 1638 praestantiffimos

139 1644 233 1673 civeis
246 1662 254 1676 ,
275 1642 362 1682 paene
375 1652 414 1672 ex
424 1644 593 1672 Acheronte
608 1643 752 1671 excitatos
768 1651 773 1670 :
793 1643 826 1670 in
839 1640 951 1681 quibus
962 1641 1110 1670 Numidi-

141 1695 212 1715 cum
224 1685 313 1714 illum
325 1705 334 1717 ‚
347 1685 433 1721 cuius
444 1684 601 1725 quondam
621 1687 634 1711 ἲ
645 1683 681 1713 de
691 1684 784 1723 patria
793 1681 931 1713 discessus
943 1702 951 1715 ‚
964 1682 1108 1713 honestus

141 1726 195 1767 ipfi
206 1746 214 1760 ‚
236 1727 382 1756 omnibus
394 1726 549 1756 luauosus
561 1726 682 1756 tandem
693 1726 774 1755 visus
784 1724 836 1754 est.
859 1722 874 1744 ⁶
885 1727 987 1765 Itaque
1002 1724 1108 1755 dimit-

139 1772 213 1799 titur
222 1778 285 1798 non
297 1768 393 1798 modo
406 1768 506 1798 salutis
515 1766 656 1798 defensor
666 1788 675 1802 ‚
697 1769 825 1808 quiante
836 1767 896 1796 hoc
908 1775 1005 1796 unum
1017 1767 1109 1796 bene-

90 1821 108 1843 ς
140 1808 247 1840 ficium
260 1809 354 1840 fuerat
366 1812 532 1844 inimicus3
550 1809 658 1840 verum
674 1812 765 1840 etiam
781 1809 943 1848 adscriptor
953 1807 1107 1849 dignitatis
1128 1813 1130 1822 ¹

140 1862 227 1882 meae.
282 1862 321 1881 uo
332 1852 455 1892 quidem
470 1852 518 1882 die
529 1851 624 1882 7c1¹1m
640 1861 818 1881 ccccxvn.
835 1860 876 1880 ex
885 1851 986 1881 senatu
997 1849 1106 1885 effetis,

141 1892 327 1934 magistratus
345 1903 447 1924 autem
466 1895 500 1924 hi
518 1904 627 1924 omnes
647 1892 778 1924 adessent
789 1914 798 1927 ,
818 1892 938 1933 dtffinsit
958 1902 1029 1921 unus
1041 1913 1049 1926 ,
1072 1895 1109 1926 is,

141 1946 194 1977 qui
208 1935 225 1965 s
223 1945 258 1965 ua
271 1935 334 1975 lege
348 1936 518 1975 conjuratos
533 1938 624 1965 etiarn
635 1935 671 1966 ab
681 1934 788 1965 inferis
798 1933 973 1964 excitandos
983 1943 1108 1974 putarat.

142 1982 241 2017 Atque
258 1976 314 2006 illo
328 1976 376 2006 die
389 1996 400 2011 ,
419 1987 481 2018 quo
493 1987 589 2016 remp.
601 1978 678 2006 meis
686 1975 820 2006 consiliis
831 1976 1035 2006 conservatam
1047 1987 1112 2018 gm-

142 2017 273 2049 visfimis
290 2018 387 2048 verbis
398 2038 408 2052 ,
429 2019 462 2048 &
475 2019 615 2058 plurimis
626 2015 809 2057 judicaffetis
819 2037 828 2050 ‚
850 2017 932 2046 idem
943 2018 1047 2047 consul
1058 2028 1112 2047 cu-

142 2062 237 2094 ravit,
250 2068 282 2089 ut
291 2059 396 2090 eadem
407 2059 423 2090 a
434 2059 622 2100 principibus
630 2060 759 2090 civitatis
769 2061 803 2088 in
812 2060 980 2091 concione,
991 2058 1113 2098 postero

144 2102 193 2132 dic
203 2122 212 2135 ,
226 2102 414 2132 dicerentur:
436 2101 508 2131 cum
521 2101 646 2142 quidem
659 2101 719 2141 ipse
729 2103 788 2143 egit
798 2099 981 2130 ornatissime
994 2101 1111 2130 causam

149 2153 250 2174 meam
264 2164 273 2176 ,
286 2143 486 2184 perfecitque5
498 2142 627 2173 adstante
638 2163 647 2177 ‚
661 2151 747 2183 atque
756 2142 895 2172 audiente
905 2143 988 2172 Italia
999 2151 1068 2176 tota,
1081 2152 1115 2173 ut

147 2195 241 2216 nemo
250 2185 424 2226 cujusquam
435 2184 590 2218 conduffi,
602 2193 652 2215 aut
662 2184 771 2225 perditi
781 2194 876 2213 vocem
884 2183 1113 2225 acerbam‚atque

145 2279 247 2299 menta
261 2269 362 2299 salutis
374 2288 383 2302 ‚
403 2269 452 2298 sed
467 2271 558 2299 etiam
573 2277 749 2299 ornamenta
762 2268 915 2309 dignitatis
929 2279 1005 2299 meae
1015 2290 1023 2302 ‚
1042 2270 1112 2299 reli—

141 2321 199 2353 qua
209 2321 264 2341 vos
274 2311 369 2340 iidem
379 2310 534 2340 addidistis
549 2321 554 2339 :
578 2306 750 2340 decrevistis
764 2330 772 2343 ‚
794 2320 832 2340 ne
843 2313 911 2351 quis
924 2312 984 2341 ulla
994 2313 1110 2341 ratione

143 2363 207 2384 rem
228 2353 404 2393 impediret:
423 2354 477 2393 qui
496 2352 526 2382 id
544 2350 734 2392 impedisset,
756 2354 881 2392 graviter
894 2372 901 2385 ‚
922 2352 1110 2393 molesteque

142 2395 272 2425 laturos:
294 2395 383 2423 ilium
402 2404 504 2425 contra
522 2394 817 2434 remp.salutemque
839 2394 1014 2428 bonorum,
1036 2404 1111 2424 con·
1131 2410 1132 2421 i

140 2436 336 2477 cordiamque
345 2439 461 2467 civium
471 2435 623 2467 fasturum
638 2447 645 2466 ;
673 2436 706 2466 &
717 2431 731 2455 S
743 2445 775 2466 ut
788 2435 824 2466 ad
837 2446 892 2467 vos
905 2447 938 2467 ea
952 2435 1051 2467 statim
1064 2447 1112 2466 re-

716 2226 763 2256 Ad
775 2228 838 2257 haec
848 2236 912 2256 non
924 2226 1018 2257 modo
1027 2228 1113 2268 adju·
1132 2240 1133 2246 ¹

2015 197 2115 246 455·

1141 264 1144 278 l
1159 259 1322 291 ferrentur:
1338 271 1447 303 meque
1458 264 1548 293 etiam
1558 283 1567 297 ,
1577 261 1722 294 sidiutit‘is
1730 263 1987 295 calumniarentur
1997 283 2005 298 ‚
2019 264 2116 295 redire

1152 301 1285 347 jussistis.
1308 304 1412 345 Qid?
1433 314 1465 334 ut
1476 314 1632 346 agerentur
1642 308 1739 346 gratiae
1750 326 1758 340 ,
1777 308 1831 347 qui
1844 306 1860 336 ὲ
1874 307 2051 346 municipiis
2063 316 2116 336 ve-

1155 343 1284 374 nissent?
1305 346 1400 385 quid?
1422 356 1454 376 ut
1463 348 1498 377 ad
1509 348 1592 377 illam
1603 347 1685 378 diem
1697 369 1706 383 ,
1720 358 1764 378 res
1775 349 1845 378 cum
1855 346 2013 381 redissent,
2030 358 2115 388 roga-

1154 394 1274 430 rentur,
1296 396 1329 416 ut
1346 389 1406 426 pari
1426 387 1525 418 studio
1543 392 1766 420 convenirent?
1787 389 1894 431 9Qid
1912 389 2043 430 denique
2056 390 2113 420 illo

1153 425 1202 455 die
1215 446 1222 458 ‚
1243 437 1334 466 quem
1356 431 1543 460 P.Lentulus
1560 433 1657 465 mihi,
1679 431 1821 473 fratrique
1840 441 1931 464 meo,
1952 431 2114 472 liberisque

1154 467 1265 497 nostris
1276 469 1398 497 natalem
1411 471 1568 502 constituit
1578 492 1586 506 ,
1605 483 1668 503 non
1679 473 1775 504 modo
1785 473 1819 504 ad
1830 473 1962 504 nostram
1974 493 1982 507 ,
2001 472 2112 503 verum

1155 511 1245 557 etiarn
1260 509 1295 538 ad
1308 510 1479 549 sempiterni
1491 517 1671 545 memoriam
1683 517 1850 556 temporis?
1862 525 1923 556 quo
1934 515 1983 545 die
1994 524 2049 544 nos
2060 524 2113 545 co-

1155 559 1252 580 mitiis
1260 554 1432 581 centuriatis
1443 573 1451 585 ‚
1462 563 1527 594 qua:
1538 556 1674 586 maxime
1685 559 1813 597 majores
1821 559 1945 587 comitia
1956 556 2029 593 iusta
2037 556 2110 590 dici,

1153 592 1314 633 haberique
1324 593 1489 624 voluerunt
1498 615 1506 628 ‚
1518 596 1659 628 arceffivit
1670 601 1699 628 in
1710 602 1835 638 patriam
1847 610 1852 627 z
1874 608 1906 628 ut
1916 595 2030 628 eae'dcm
2040 608 2111 628 cen-

1155 636 1239 664 turiae
1254 654 1262 668 ‚
1285 644 1352 674 quae
1370 645 1417 665 me
1438 637 1593 667 consulem
1613 639 1743 670 fecerant
1761 662 1768 674 ‚
1797 641 1987 671 consulatum
2005 649 2112 670 meum

1156 675 1370 718 comprobarent.
1394 680 1464 717 Qio
1477 678 1525 708 die
1538 681 1606 719 quis
1619 682 1694 710 civis
1708 681 1766 712 fuit
1776 703 1784 715 ‚
1804 684 1856 723 qui
1865 682 1907 712 fas
1918 681 1976 712 effe
1985 690 2111 721 putaret,

1154 728 1343 759 quacumque
1352 728 1401 749 aut
1411 729 1493 750 aetate
1505 740 1514 754 ,
1525 730 1575 751 aut
1585 721 1749 752 valitudine
1759 723 1828 754 ess‘et
1839 744 1847 757 ‚
1862 734 1926 754 non
1936 724 1963 754 se
1975 724 2011 753 de
2023 723 2113 753 salute

1156 769 1223 790 mea
1231 760 1409 791 sententiam
1420 761 1516 791 ferre?
1527 762 1646 803 quando
1658 772 1769 794 tantam
1779 764 1978 806 frequentiam
1990 767 2023 795 in
2030 775 2114 796 cam-

1154 811 1195 842 po
1215 823 1224 835 ,
1249 810 1367 832 tantum
1388 803 1579 843 splendorem
1600 805 1691 834 Italia:
1711 807 1801 835 totius
1818 827 1826 839 ‚
1855 807 2060 848 ordinumque
2080 817 2116 836 o-

1156 847 1280 873 mnium
1292 855 1297 873 :
1317 845 1438 885 quando
1451 846 1502 875 illa
1512 846 1656 887 dignitate
1667 856 1815 888 rogatores
1826 868 1833 880 ‚
1856 848 2027 878 diribitores
2037 869 2045 882 ,
2060 859 2114 879 cu-

1156 885 1311 926 stodesque
1326 886 1465 916 vidistis?
1488 890 1589 929 Itaque
1601 891 1630 919 P.
1642 889 1765 919 Lentuli
1780 888 1928 919 beneficio
1942 890 2113 923 excellenti,

1155 936 1242 968 atque
1253 928 1360 957 divino
1370 948 1378 962 ‚
1400 931 1501 959 ¹0non
1513 929 1629 960 reduffi
1641 931 1742 960 sumus
1752 932 1785 960 in
1794 933 1917 970 patriam
1929 951 1937 964 ‚
1949 930 2020 962 sicut
2034 942 2114 962 non-

1158 970 1238 999 nulli
1246 969 1396 1000 ciariffimi
1405 973 1488 1002 cives
1499 983 1506 1005 3
1523 972 1570 1002 sed
1580 974 1664 1013 equis
1676 971 1844 1013 infignibus
1853 993 1861 1006 ,
1875 973 1906 1002 δε
1916 983 2002 1002 curru
2012 983 2114 1004 aurato

1155 1013 1305 1052 reportati.
1330 1011 1451 1043 Possum
1462 1023 1517 1054 ego
1527 1014 1593 1044 satis
1603 1017 1635 1044 in
1645 1016 1884 1055 CnPornpejum
1895 1024 2040 1055 umquam
2051 1025 2117 1056 gra-

1155 1061 1202 1083 tus
1212 1053 1308 1083 videri
1321 1075 1329 1087 ,
1345 1057 1398 1095 qui
1409 1065 1473 1085 non
1482 1055 1584 1086 solum
1594 1056 1669 1096 apud
1679 1066 1735 1087 vos
1749 1077 1756 1090 ,
1771 1059 1824 1097 qui
1833 1066 1942 1087 omnes
1953 1057 2035 1085 idern
2048 1058 2116 1087 sen-

1154 1095 1271 1126 tiebatis
1282 1115 1290 1129 ‚
1309 1096 1358 1126 sed
1376 1099 1466 1127 etiam
1483 1097 1560 1137 apud
1578 1099 1752 1129 universum
1766 1099 1916 1139 populum
1928 1100 2023 1129 Rom.
2035 1098 2115 1128 salu-

1153 1146 1216 1167 tem
1228 1138 1343 1178 reipub.
1354 1139 1387 1168 &
1397 1140 1603 1170 conservatam
1613 1150 1665 1180 per
1675 1150 1725 1170 me
1736 1161 1745 1174 ,
1762 1141 1795 1171 &
1806 1139 1982 1180 conjunctam
1992 1139 2040 1177 eſje
2049 1150 2114 1169 cum

1153 1189 1215 1208 mea
1226 1179 1357 1210 dixerit?
1370 1184 1422 1222 qui
1433 1181 1549 1212 causam
1560 1192 1659 1216 meam
1670 1183 1868 1222 prudentibus
1878 1182 2114 1215 commendarit,

1153 1223 1311 1261 imperitos
1322 1222 1477 1253 edocuerit
1487 1243 1495 1258 ,
1516 1224 1685 1265 eodemque
1696 1234 1830 1265 tempore
1838 1224 1996 1264 improbos
2007 1223 2115 1254 aueto-

1150 1265 1236 1293 ritate
1252 1264 1301 1294 sua
1318 1264 1524 1305 compress'erit
1541 1269 1552 1295 ?
1579 1266 1679 1296 bonos
1699 1268 1834 1297 excitarit
1853 1269 1863 1296 ?
1892 1266 2114 1307 qui‘populum

1152 1307 1247 1335 Rom.
1258 1315 1312 1346 pro
1326 1316 1375 1336 me
1388 1327 1396 1340 ‚
1418 1316 1558 1348 tanquam
1572 1318 1626 1348 pro
1640 1307 1727 1339 fratre
1738 1329 1747 1342 ,
1766 1318 1815 1339 aut
1825 1318 1880 1349 pro
1889 1317 2008 1348 parente
2020 1328 2028 1341 ,
2048 1317 2115 1338 non

1130 1384 1132 1390 Ι
1152 1346 1250 1377 solum
1266 1349 1397 1387 hortatus
1411 1347 1444 1379 sit
1454 1369 1462 1383 ‚
1482 1349 1590 1380 verum
1602 1353 1693 1381 etiam
1708 1351 1888 1381 obsecrarit?
1905 1351 1957 1390 qui
1971 1350 2031 1389 ipse
2040 1348 2115 1380 curn

1130 1399 1131 1412 ¹
1150 1398 1271 1429 propter
1281 1400 1400 1420 metum
1411 1391 1618 1422 dimicationis
1628 1413 1637 1427 ,
1654 1393 1849 1434 &sanguinis
1861 1411 1869 1426 ‚
1885 1391 1980 1421 domo
1990 1391 2018 1421 se
2028 1399 2116 1421 tene-

1129 1443 1131 1462 τ
1150 1439 1212 1465 ret,
1236 1434 1326 1462 etiam
1344 1433 1359 1462 a
1380 1433 1584 1473 superioribus
1604 1434 1732 1465 tribunis
1751 1435 1871 1475 petierit
1883 1453 1891 1466 ‚
1917 1441 1950 1462 ut
1968 1432 2005 1462 de
2026 1433 2117 1463 salute

1151 1483 1218 1503 mea
1239 1474 1271 1504 δε
1289 1476 1532 1515 promulgarent,
1554 1476 1586 1505 δε
1604 1476 1741 1506 ferrent?
1759 1478 1812 1517 qui
1831 1477 1864 1505 in
1881 1475 2003 1505 colonia
2022 1484 2118 1514 nuper:

1152 1515 1312 1546 constituta
1324 1536 1333 1550 ,
1349 1515 1420 1547 cum
1438 1518 1499 1557 ipse
1516 1527 1630 1559 gereret
1648 1517 1852 1560 magistratum
1866 1537 1874 1550 ‚
1894 1519 1926 1546 in
1945 1526 2002 1557 qua
2020 1526 2116 1546 nemo

1150 1567 1211 1588 erat
1234 1561 1258 1577 ¹¹
1273 1567 1372 1588 emtus
1390 1559 1562 1589 intercefl'or
1574 1580 1582 1593 ,
1606 1562 1671 1590 vim
1690 1559 1939 1590 &crudelitatem
1951 1559 2115 1598 privilegii,

1153 1599 1327 1630 auEtoritate
1339 1600 1618 1631 honestissimorum
1629 1604 1795 1632 hominum
1806 1621 1814 1635 ,
1827 1601 1859 1631 &
1870 1601 1999 1641 publicis
2010 1600 2119 1630 litteris

1149 1641 1335 1683 consignavit
1344 1662 1352 1675 ‚
1363 1644 1558 1684 princepsque
1568 1664 1575 1677 ‚
1587 1644 1678 1674 Italiae
1690 1646 1782 1674 totius
1792 1641 1959 1683 praefidium
1970 1641 2005 1672 ad
2015 1652 2117 1672 meam

1150 1684 1275 1714 salutem
1286 1685 1514 1724 implorandum
1524 1688 1659 1726 putavit?
1676 1688 1747 1727 qui,
1759 1685 1902 1725 cumipse
1914 1685 1991 1714 mihi
2001 1684 2119 1724 semper

1152 1724 1348 1756 amiciffimus
1362 1725 1481 1761 fuisset,
1503 1730 1593 1757 etiam
1609 1736 1641 1757 ut
1656 1728 1725 1758 suos
1739 1727 1895 1765 neceffizrios
1910 1727 1987 1756 mibi
2001 1728 2118 1756 amicos

1151 1767 1287 1797 redderet
1297 1788 1305 1801 ,
1326 1768 1484 1799 elaborarit
1499 1773 1510 1797 ἓ
1553 1770 1671 1811 Qibus
1681 1779 1779 1800 autem
1792 1768 1902 1799 officiis
1913 1770 2051 1798 T.Annii
2065 1768 2118 1798 be-

1151 1808 1259 1839 neficia
1268 1811 1505 1841 remunerabor?
1527 1812 1613 1852 cujus
1629 1816 1656 1831 ¹²
1667 1814 1770 1842 omnis
1780 1811 1859 1842 :ustio
1870 1831 1877 1844 ,
1890 1813 1965 1840 ratio
1975 1830 1984 1843 ‚
2004 1813 2118 1852 cogita-—

1152 1852 1197 1881 tio
1208 1872 1216 1885 ,
1237 1860 1318 1881 totus
1334 1852 1465 1893 denique
1486 1853 1654 1884 tribunatus
1665 1874 1673 1888 ‚
1695 1855 1772 1884 nihil
1783 1853 1863 1884 aliud
1874 1851 1933 1882 fuit
1944 1873 1953 1885 ,
1975 1851 2029 1882 nisi
2039 1863 2118 1882 con-

1154 1893 1232 1923 stans
1241 1913 1249 1926 ‚
1259 1903 1400 1933 perpetua
1411 1893 1515 1928 ‚fortis
1527 1915 1534 1929 ,
1548 1895 1660 1926 invidia
1672 1894 1805 1925 defensio
1816 1895 1914 1924 salutis
1926 1896 2020 1924 meae?
2034 1895 2117 1935 Qid

1152 1935 1189 1965 de
1200 1938 1232 1965 P.
1243 1938 1346 1965 Scxno
1359 1937 1480 1976 loquar?
1498 1940 1549 1977 qui
1561 1938 1642 1967 suam
1659 1947 1725 1978 erga
1741 1947 1791 1966 me
1805 1936 2043 1966 benivolentiam
2055 1956 2063 1970 ‚
2084 1937 2118 1967 Sc

1153 1975 1246 2006 fidem
1256 1987 1320 2006 non
1332 1977 1431 2007 solum
1442 1980 1537 2007 animi
1547 1979 1652 2009 dolore
1663 1999 1671 2012 ,
1693 1979 1741 2009 sed
1757 1980 1844 2008 etiam
1860 1979 1994 2017 corporis
2008 1979 2119 2007 vulne-

1130 2020 1132 2036 ¹
1153 2019 1236 2048 r-ibus
1247 2018 1396 2048 ostendit?
1414 2020 1510 2049 Vobis
1519 2019 1604 2053 vero,
1619 2023 1685 2050 P.C.
1700 2019 1822 2061 fingulis
1836 2023 1865 2046 ¹¹3
1877 2020 1908 2049 &
1920 2020 1976 2060 egi,
1989 2020 2021 2049 &
2031 2030 2118 2061 agam

1153 2062 1269 2100 gratias.
1294 2059 1438 2090 universis
1449 2081 1457 2093 2
1474 2063 1520 2102 egi
1530 2062 1566 2092 ab
1577 2063 1668 2092 initio
1680 2082 1688 2096 ‚
1706 2071 1853 2103 quantum
1864 2064 1950 2101 potui
1964 2071 1969 2089 t
1986 2061 2054 2091 satis
2068 2071 2119 2091 or-

1131 2115 1133 2133 1
1154 2101 1224 2131 nate
1241 2111 1324 2142 agere
1343 2102 1430 2131 nullo
1446 2103 1541 2133 modo
1550 2103 1682 2143 pofl‘um.
1707 2107 1744 2134 Et
1754 2113 1934 2144 quamquam
1947 2104 2055 2132 suntin
2067 2113 2119 2133 rne

1153 2146 1301 2184 praecipua
1320 2146 1425 2174 merita
1445 2146 1614 2175 multorum
1627 2166 1635 2178 ,
1655 2157 1720 2187 quae
1737 2145 1814 2175 sileri
1834 2145 1919 2175 nullo
1937 2145 2033 2175 modo
2048 2145 2121 2185 pos-

1154 2186 1238 2219 sunt,
1251 2195 1352 2215 tamen
1364 2187 1452 2226 hujus
1464 2190 1607 2227 temporis
1618 2197 1649 2217 ac
1663 2191 1780 2218 timoris
1790 2189 1852 2217 mei
1863 2197 1926 2216 non
1938 2186 1980 2216 est
1991 2207 1999 2221 ‚
2016 2189 2119 2217 conari

1154 2237 1395 2257 commemorare
1413 2228 1558 2259 beneficia
1574 2240 1606 2259 in
1628 2240 1677 2260 me
1691 2229 1886 2271 singulorum.
1910 2239 1979 2259 nam
1992 2228 2121 2260 difficile

1131 2271 1133 2288 ¹
1157 2270 1199 2299 est
1211 2290 1219 2302 ‚
1239 2279 1301 2299 non
1313 2270 1465 2310 aliquem3
1485 2271 1566 2302 nefas
1577 2291 1584 2305 2
1608 2282 1792 2312 quemquam
1803 2272 1962 2312 praeterire.
1988 2274 2052 2312 Ego
2063 2281 2119 2301 vos

1157 2311 1313 2341 universos
1325 2331 1332 2345 ,
1355 2321 1448 2351 patres
1458 2315 1617 2353 conscripti
1630 2336 1638 2347 ,.
1658 2315 1770 2343 deorum
1779 2324 1890 2343 numero
1900 2314 1998 2343 colere
2009 2313 2117 2343 debeo.

1157 2353 1212 2384 Sed
1226 2373 1234 2386 ,
1255 2356 1328 2383 utin
1340 2353 1408 2393 ipsis
1419 2354 1475 2384 diis
1487 2357 1710 2386 immortalibus
1721 2366 1783 2385 non
1794 2357 1908 2395 semper
1916 2355 2037 2385 eosdem
2051 2376 2059 2389 ,
2075 2365 2120 2386 at·-

1156 2405 1213 2435 que
1223 2395 1294 2425 alias
1305 2396 1380 2425 alios
1391 2396 1523 2426 solemus
1535 2398 1566 2427 ὃς
1578 2402 1722 2432 venerari,
1736 2399 1767 2428 ὃς
1777 2400 1891 2438 precari
1905 2397 2002 2427 :sicin
2013 2399 2118 2426 horm-

1157 2437 1249 2468 nibus
1259 2437 1295 2467 de
1306 2447 1355 2468 me
1373 2438 1519 2469 divinitus
1530 2442 1647 2470 meritis
1658 2443 1761 2470 omnis
1771 2442 1825 2470 erit
1835 2449 1901 2470 aetas
1917 2440 1994 2469 inihi
2011 2438 2045 2469 ad
2064 2449 2118 2469 eo-

2046 2491 2119 2512 rum

184 2587 194 2603 ι
202 2597 208 2604 .
227 2578 270 2603 Ter
280 2580 368 2603 omnino
381 2579 434 2611 pos?
442 2581 536 2604 Romam
546 2578 689 2614 conditam]
710 2578 850 2614 Ingeniose
861 2578 894 2605 fic
903 2578 1012 2614 quidem
1023 2580 1104 2606 Earn.

143 2613 300 2640 Briss'onius.
319 2613 352 2639 de
363 2623 413 2649 qua
424 2614 608 2642 emendatione
621 2635 628 2646 ‚
641 2624 672 2641 ne
685 2616 742 2651 quis
753 2615 824 2641 ultra
836 2614 959 2645 dubitet3
984 2614 1047 2641 sciat
1057 2625 1107 2642 ex·-

145 2650 211 2676 stare
223 2651 249 2676 in
262 2649 372 2676 Erfurd.
383 2651 409 2676 in
421 2650 477 2678 Pal.
488 2661 571 2683 nono,
582 2652 608 2676 ὅτ
620 2650 712 2678 codice
723 2651 825 2678 Ahalae.
836 2652 863 2677 &
874 2652 912 2678 ita
922 2661 1027 2688 quoque
1039 2661 1104 2678 con-

142 2686 244 2721 jecerat
261 2687 400 2713 Turnebus
411 2686 458 2713 lib.
470 2697 539 2714 xxv.
551 2697 609 2724 cap.
620 2697 668 2721 25.

182 2731 210 2748 2.
229 2724 341 2748 Omnibus
351 2723 413 2756 agris
423 2730 493 2757 atquc
502 2725 614 2758 oppidis]
638 2724 784 2750 lusmuarat
795 2723 818 2749 se
831 2723 1023 2750 recentioribus
1042 2723 1104 2750 edd.

145 2761 251 2785 emnihm
260 2760 322 2792 agris
331 2760 393 2785 viris
403 2766 473 2794 atque
481 2761 575 2793 oppidis.
599 2759 642 2786 sed
653 2761 748 2787 vocula
756 2760 803 2787 illa
814 2759 900 2786 media
912 2780 920 2793 ‚
938 2761 965 2787 iu
977 2760 1052 2787 nullo
1070 2761 1105 2788 est

147 2794 205 2820 mis.
216 2795 376 2827 nostrorum,
388 2802 433 2821 aut
448 2797 572 2822 vetustius
583 2797 721 2832 impressis.

185 2839 210 2861 a.
231 2834 259 2855 Ut
270 2831 365 2856 dedecus
374 2833 558 2866 <fir-flagitiumst
569 2852 576 2864 ,
596 2834 661 2867 elya]
683 2833 832 2868 Integratio
850 2832 927 2866 liujus
947 2832 999 2858 loci
1018 2831 1108 2859 debita

147 2862 207 2892 Pal.
217 2876 297 2893 nono.
316 2867 463 2903 alluditque
477 2869 503 2894 S.
515 2868 587 2895 Vi&
599 2870 624 2895 'in
636 2879 689 2905 quo
699 2870 822 2904 dcmflag.
832 2878 891 2895 nani
902 2868 951 2895 sec.
963 2878 1018 2894 rem·
1032 2871 1108 2903 flagi·

147 2908 216 2927 mam.
236 2902 360 2929 hulstenus
373 2904 490 2939 vulgata,
501 2912 528 2929 ut
542 2906 748 2939 omnies-flagitium,
758 2907 809 2935 elye.

185 2944 214 2969 4.
233 2942 339 2974 ‘Rarum
351 2941 442 2965 bonitas
451 2942 572 2975 haberet]
594 2941 750 2974 Lambinus,
765 2951 827 2967 vera
837 2943 928 2966 boni-'tm
937 2942 994 2967 hah.
1014 2948 1106 2967 contra

152 2971 210 2998 mss.
222 2974 288 2999 Fau.
300 2984 401 3007 omues,
413 2975 548 3012 editosque
559 2978 716 3013 antiquitus.

191 3016 216 3040 5.
236 3012 268 3034 De
278 3014 358 3038 patria
375 3012 491 3044 disceffin,
502 3015 606 3045 lwneflm
615 3015 657 3046 ¹⁴}st
667 3033 674 3045 ‚
695 3015 802 3039 omnibus
811 3015 928 3046 luffttosm
936 3013 1029 3039 tandem
1041 3014 1110 3046 vism-

154 3043 212 3077 nm]
234 3044 322 3071 Editio
332 3047 416 3082 prima
428 3067 436 3078 ‚
446 3049 539 3081 honestis
549 3052 655 3075 omnibus
666 3069 674 3081 ,
694 3051 745 3080 εἴγε.
767 3049 901 3085 quomodo
912 3051 938 3074 Sc
951 3051 977 3075 S.
991 3048 1107 3075 Vifioris

152 3079 288 3115 exemplar
297 3082 324 3106 8<
337 3082 535 3119 Pallplerique,
547 3094 606 3110 nam
619 3095 702 3112 nonus
712 3086 758 3112 iile
771 3096 779 3117 3
799 3086 905 3120 ‹iistcffiaes
915 3087 1017 3118 molestus
1034 3088 1109 3110 omni-

153 3117 199 3140 bus
210 3123 217 3144 ς
237 3117 278 3149 ipſs
286 3126 313 3141 n:
322 3118 437 3146 lufluogm
446 3119 535 3152 quldem
545 3123 580 3146 eff
592 3123 669 3154 νζίὶις.

189 3150 217 3175 6.
236 3153 318 3184 Iraque
328 3153 454 3179 dimittitur
462 3165 506 3179 non
516 3156 669 3189 modbsalutis
682 3176 690 3186 ,
709 3157 776 3190 σε]
799 3157 841 3183 Est
859 3156 1020 3183 :ib-editione
1032 3165 1109 3183 t‘etu-
1129 3171 1130 3176 =

156 3185 270 3226 stiffinia.
285 3187 408 3224 vproba-it
427 3190 588 3217 Gulielmius
610 3211 617 3223 ,
647 3192 866 3228 iiitelligcbatque
886 3194 940 3229 post
960 3194 1108 3219 orationem

155 3221 262 3250 bervilu
273 3222 359 3250 soluto
369 3225 465 3254 Senatu
477 3244 486 3259 ,
506 3236 583 3261 quem
602 3236 760 3256 coir-'ocarat
770 3229 902 3256 Lentulus
914 3249 923 3262 ‚
941 3230 968 3256 ὃ(
981 3230 1034 3263 quo
1051 3231 1110 3256 Me-

1126 3200 1130 3248 l
1155 3228 1182 3257 fu

1152 2579 1231 2606 tellus
1243 2581 1366 2607 inimicus
1379 2587 1495 2607 venerat.
1511 2580 1568 2606 iuss.
1581 2581 1660 2607 nostri
1672 2582 1771 2607 dimitis:
1784 2601 1791 2612 ‚
1810 2581 1857 2607 nisi
1870 2581 1941 2617 quod
1952 2581 2009 2608 Pal.
2028 2591 2114 2609 nouus

1151 2624 1241 2642 extra.

1187 2661 1214 2687 7.
1225 2654 1283 2678 Cion
1293 2663 1365 2679 cccc
1372 2662 1419 2678 ΧΠ
1426 2662 1445 2678 1.
1457 2653 1577 2686 exfinatu
1586 2653 1668 2685 effetis,
1677 2655 1830 2686 magistratus
1839 2661 1915 2679 aurem
1926 2656 1950 2680 hi
1960 2655 2115 2689 ornnes‚(}*t.]

1153 2690 1292 2715 Numerus
1305 2690 1346 2715 hic
1357 2689 1475 2715 exstatiu
1489 2691 1547 2714 Pal.
1567 2699 1637 2715 nouo
1648 2688 1776 2725 habetque
1788 2690 1854 2716 item
1867 2691 2028 2727 Turiugicus
2042 2713 2049 2724 ,
2069 2693 2115 2727 qui

1151 2734 1277 2761 praeterea
1288 2725 1335 2751 scri
1346 2726 1404 2751 abit
1417 2735 1445 2751 cx
1462 2726 1556 2757 sinam.
1577 2725 1770 2753 conveniebant
1782 2726 1888 2753 enimin
1901 2726 2018 2754 senatum
2031 2738 2039 2759 ·‚
2062 2737 2116 2756 nou

1149 2761 1281 2787 senatores
1294 2770 1409 2793 tamum,
1422 2761 1463 2787 sed
1475 2763 1500 2787 ὅ(
1513 2763 1530 2787 ii
1541 2761 1604 2797 quib
1616 2772 1634 2787 is
1647 2761 1782 2788 terrentia:
1791 2761 1969 2798 diceudaejus.

1189 2797 1215 2823 S.
1238 2801 1266 2822 Ut
1275 2799 1309 2823 ‘ad
1319 2808 1360 2823 vos
1372 2799 1397 2822 dc
1406 2808 1433 2823 Μ
1450 2800 1529 2829 statim
1539 2798 1692 2832 νιβνγείηῑκ]
1709 2799 1839 2825 Ufitatius
1851 2800 1918 2826 istud
1939 2808 2081 2836 tueturque
2092 2800 2117 2827 se

1154 2832 1205 2859 fide
1217 2833 1276 2859 cod.
1289 2834 1346 2860 Pal.
1366 2834 1427 2860 noui
1441 2854 1448 2866 ,
1470 2833 1581 2860 Erfurd.
1592 2835 1618 2860 ἓ(
1631 2834 1738 2861 tiembl.
1749 2835 1814 2862 editi
1825 2844 1921 2868 antea5
1941 2845 1966 2862 ut
1986 2837 2020 2863 ad
2038 2846 2080 2864 ‘ros
2092 2847 2120 2864 ιιι

1146 2872 1232 2904 statim
1242 2872 1337 2903 rest-rw
1383 2882 1396 2896 ⁴.
2120 2871 2123 2875 ι

1190 2915 1218 2941 9.
1241 2907 1337 2938 Qiddt
1385 2917 1411 2931 ue
1421 2909 1455 2932 islo
1466 2906 1512 2936 dic,
1524 2916 1600 2939 quem,
1612 2907 1677 2941 ῥα]
1699 2908 1755 2934 Pal.
1767 2918 1862 2939 nonus,
1873 2910 1909 2934 illi·
1920 2910 1978 2935 (ᾗῇ-ς.

1195 2951 1237 2968 10.
1250 2946 1301 2968 Non
1314 2953 1336 2967 γε
1431 2953 1491 2966 vii-m
1502 2946 1527 2967 5η
1535 2946 1654 2974 patriam,
1664 2951 1690 2968 ut
1699 2948 1803 2970 nonnulli
1814 2948 1931 2978 cla7*(¹{f‘J111l
1941 2946 2030 2980 vivan]
2045 2946 2087 2972 Est
2099 2947 2115 2972 4ὶ

1153 2978 1209 3004 Pal.
1222 2978 1271 3004 sec.
1284 2988 1353 3004 nono
1366 2981 1391 3004 ὀῑ
1405 2980 1432 3003 ὅ.
1444 2980 1454 3001 Χ
1468 2978 1516 3004 iet.
1528 2988 1587 3004 ruam
1601 2980 1679 3015 vulgo
1690 2988 1746 3006 erat
1760 3001 1767 3012 ,
1787 2992 1831 3007 nun
1845 2982 1919 3015 thirm
1929 2983 2018 3008 rcdttc‘li
2030 2983 2115 3015 fitium·

1154 3016 1254 3047 inl-arr.
1267 3022 1292 3038 ut
1304 3025 1328 3039 η.
1341 3016 1369 3039 ι.”.
1381 3018 1442 3039 1:12).

1193 3059 1200 3075 1
1213 3060 1233 3076 ι.
1253 3053 1337 3075 Nm'lm
1347 3051 1600 3086 c,ae12—i*1:1interce[1’5r.]
1615 3052 1721 3079 Habent
1731 3053 1799 3080 istud
1812 3054 1867 3080 Pal.
1879 3063 1963 3081 nonus
1973 3061 2051 3090 atque
2063 3055 2115 3081 Er-

1151 3084 1225 3111 funi.
1237 3096 1287 3111 non
1300 3088 1480 3117 :>,*122<·e3'b1*.-rni,
1491 3087 1561 3121 quod
1573 3089 1597 3114 iu
1613 3089 1729 3124 vulgata.

1193 3131 1234 3147 ι’..
1245 3123 1322 3147 onmis
1331 3124 1402 3152 imm,
1414 3123 1553 3157 ⁷·mio‚&c.]
1567 3124 1646 3151 Abest
1658 3135 1672 3151 a
1684 3124 1758 3151 libris
1769 3126 1955 3161 aliquotmffio.
1967 3137 2017 3154 non
2031 3126 2113 3153 reete.

1151 3156 1281 3182 reseduut
1291 3158 1361 3183 cuim
1373 3159 1501 3185 attributa
1512 3160 1623 3186 totidem
1637 3160 1744 3196 siugulis
1755 3162 1793 3188 his
1806 3162 1956 3188 nominibus
1970 3162 2082 3193 udief'ta.

1193 3202 1234 3219 1⁸.
1255 3196 1286 3232 ξι
1297 3197 1339 3230 2553
1350 3204 1378 3223 ω·
1389 3202 1538 3227 agapraliar.
1549 3199 1664 3229 unii-cifis
1677 3199 1706 3222 ab
1716 3199 1808 3229 initii]
1831 3200 1871 3226 Im
1882 3199 1939 3227 Pul·
1951 3208 2014 3225 nou.
2025 3199 2052 3224 8<
2063 3199 2115 3223 ΕΓ-

1186 3213 1226 3257 ϊά).
1237 3227 1375 3257 distinctio
1384 3234 1557 3269 praetcrea-est
1568 3234 1584 3260 a
1594 3233 1753 3262 (iulis-linio.
1797 3230 1805 3232 λ

2014 3277 2022 3297 1
2032 3290 2036 3295 .
2058 3272 2122 3296 Mali)
