2295 3400
131 1194 170 1221 11

130 2496 175 2522 12

190 124 290 173 270
608 105 1111 154 M.Tu1.1.11

195 200 289 222 mano
308 189 375 221 dare
397 188 576 231 cogeretur?
599 184 766 228 Qomodo
784 191 795 217 Ρ
818 193 965 225 quantum
986 182 1154 223 poposcerit

196 234 351 273 Apronius
361 252 369 266 ,
381 231 461 261 dato.
481 229 563 269 Qud
573 227 615 258 est
624 229 701 258 hoc?
716 231 726 247 ¹
740 226 842 257 utrum
851 226 971 266 praeroris
980 225 1154 255 institutum

195 276 230 304 in
246 275 341 305 socios
352 294 360 307 ‚
374 283 412 303 an
425 273 453 301 in
469 270 558 307 hostiis
569 268 661 299 virias
674 269 771 299 insani
787 268 922 298 edietum
933 287 941 302 ‚
959 276 1045 307 atque
1055 268 1155 305 impe-

194 317 276 346 rium
288 316 427 356 tyranni?
449 317 464 333 ²
479 316 542 353 Ego
556 311 755 344 tantundem,
774 319 921 351 quantum
940 310 992 338 ille
1010 308 1155 349 poposce-

194 359 236 388 rit
248 358 370 398 ?poscet
381 365 474 386 omne
482 374 492 388 ‚
502 362 649 395 quantum
657 362 825 383 exaravero.

194 399 262 439 plus
273 400 362 429 etiam
374 417 383 432 ‚
394 398 493 438 inquit
504 417 512 429 ,
524 394 544 425 fi
557 396 647 425 volet.
670 394 752 434 Qid
761 399 847 424 tum?

195 441 280 470 dabis
293 460 301 473 ‚
313 448 362 470 aut
371 448 471 469 contra
481 436 615 468 edietum
625 435 726 466 feciss'e
735 435 927 466 damnabere.
953 437 1007 465 Per
1016 433 1088 464 deos
1097 435 1157 463 im-

195 482 350 512 mortaleis
359 501 368 515 ‚
379 480 452 522 quid
465 479 507 510 est
518 479 593 509 hoc?
603 477 765 509 verisimile
774 479 858 507 enim
870 486 935 506 non
947 476 997 506 est.
1022 478 1070 507 Sic
1078 475 1156 505 mihi

194 523 358 564 persuadeo
367 543 375 556 ,
384 522 510 563 judices.
526 519 638 551 tametsi
648 522 753 550 omnia
763 521 795 549 in
806 518 897 549 istum
908 519 1070 548 hominem
1083 526 1156 547 con-

195 567 301 595 venire
311 566 420 605 putetis
431 585 439 597 ,
459 573 558 594 tamen
571 563 629 593 1106
638 562 725 592 vobis
740 560 849 592 falsum
866 561 972 590 videri.
996 569 1051 601 ego
1060 560 1154 592 enim,

195 605 269 637 cum
280 607 339 636 hoc
352 615 411 636 tota
423 607 522 636 Sicilia
532 604 653 638 diceret,
666 613 768 633 tamen
775 601 920 633 affirmare
929 611 992 631 non
1002 601 1155 633 auderem,

195 647 218 677 sl
238 649 301 678 haec
315 647 411 678 edicta
424 657 489 677 non
503 657 541 677 ex
554 645 642 687 ipsius
655 645 762 676 tabulis
783 644 912 674 totidem
926 643 1024 674 verbis
1037 643 1157 672 recitare

195 688 313 730 poffem
325 701 329 718 ¹.
341 688 423 720 ficuti
434 688 551 719 faciam.
574 687 610 719 da
619 707 627 722 ‚
639 688 739 728 quaeso
750 707 758 720 ‚
779 686 879 717 scribae
890 706 898 717 ,
915 687 1016 715 recitet
1027 694 1063 714 ex
1073 683 1158 714 codi-

193 742 237 762 ce.
271 733 376 762 Recita
396 730 532 761 ediFtum
554 729 591 761 de
612 727 800 769 professione.
831 726 1070 757 EDICTUM
1090 726 1157 753 DE

196 774 220 803 P
229 776 255 802 R
265 776 288 801 0
297 775 351 804 ΞΕ
360 773 463 803 SSIO
472 775 503 801 N
513 774 546 802 E.
579 773 675 813 Negat
699 780 748 800 me
761 771 880 800 recitare
897 777 1010 799 totum.
1035 776 1105 797 nam
1125 765 1155 795 id

197 814 359 856 significare
373 824 448 845 nutu
457 814 584 844 videtur.
1101 851 1105 854 Δ

196 865 251 887 ves
261 866 360 887 tamen
371 857 491 889 Siculis,
505 855 670 886 &miseros
682 854 802 893 respicis
812 858 947 882 aratores?
957 851 1050 881 edicis
1058 858 1153 883 enirn,

197 907 226 928 re
237 901 269 929 in
279 899 482 929 decumanum
494 918 502 932 ‚
515 897 534 926 si
543 897 625 937 plura
633 895 798 927 sustulerit,
811 894 901 934 quam
912 893 1050 923 debitum
1059 889 1093 920 fit
1101 910 1109 924 ,
1121 892 1154 920 111

196 939 356 980 05mplum
371 940 518 979 judicium
532 940 670 969 daturum
685 935 750 966 esse.
777 936 866 965 Nihil
879 936 957 964 mihi
974 934 1070 974 placet
1082 942 1155 972 prae-

195 984 332 1012 termitti.
358 984 461 1013 Recita
472 983 530 1011 hoc
539 989 659 1021 quoque
671 999 679 1012 ‚
689 978 770 1019 quod
779 977 908 1018 postulat
917 996 925 1009 ‚
952 979 963 1003 3
975 984 1073 1006 toturn
1086 995 1095 1007 ,
1109 983 1155 1004 re-

194 1026 262 1054 cita.
288 1027 448 1055 Emer-mvi
471 1033 514 1052 m:
532 1030 671 1061 junxero
696 1030 732 1049 m
755 1028 951 1050 OCTUPLUM.
980 1017 1101 1059 Judicio
1123 1024 1156 1046 ut

195 1073 292 1096 arator
300 1066 501 1096 decumanum
511 1064 718 1104 persequatur?
729 1061 873 1091 miserum
885 1081 893 1094 ‚
903 1069 988 1100 atque
999 1060 1155 1099 iniquum,

195 1116 230 1136 ex
246 1117 311 1148 agro
325 1108 444 1136 homines
458 1105 569 1135 traduci
583 1107 611 1133 in
618 1104 718 1142 forum
728 1123 737 1137 ‚
752 1103 787 1133 ab
801 1111 894 1133 aratro
902 1101 937 1132 ad
950 1100 1086 1131 subsellia
1096 1119 1104 1132 2
1120 1100 1156 1129 ab

196 1150 252 1179 usu
264 1159 362 1179 rerum
373 1148 549 1179 rusticarum
561 1146 596 1176 ad
606 1145 759 1176 insolitam
770 1145 856 1174 litem
869 1164 877 1176 ‚
897 1141 1154 1184 atquejudicium.
1176 1175 1177 1179 Ἰ

197 1189 275 1221 Cum
295 1190 440 1221 omnibus
459 1192 492 1219 in
510 1189 576 1220 aliis
593 1187 789 1229 veEtigalibus
804 1206 812 1219 ,
833 1184 906 1215 Asia:
924 1205 931 1218 ‚
955 1183 1154 1216 Macedoniae,

196 1233 348 1272 Hispaniae
358 1253 367 1266 ,
388 1232 509 1264 Galliae,
533 1229 641 1260 Africae
653 1250 661 1263 ‚
681 1229 824 1259 Sardiniae
836 1247 844 1260 ‚
860 1226 948 1267 ipsius
961 1226 1054 1256 Italiae
1065 1245 1074 1259 ‚
1089 1234 1156 1266 quae

194 1274 355 1316 ve&igalia
364 1274 432 1304 sunt
445 1285 450 1303 :
469 1272 540 1303 cum
552 1274 585 1302 in
595 1272 641 1301 his
651 1291 660 1305 ,
679 1272 802 1311 inquam
814 1289 822 1302 ‚
844 1270 931 1299 rebus
945 1267 1092 1298 omnibus
1100 1275 1156 1307 pu-

194 1316 333 1347 blicanus
345 1317 473 1356 petitor,
492 1324 524 1345 ac
541 1315 710 1355 pignerator
723 1325 731 1347 5
752 1321 817 1342 non
827 1319 942 1350 ereptor
953 1330 961 1344 ‚
980 1319 1078 1349 neque
1087 1308 1157 1348 pos-

193 1357 287 1388 sefl'or
296 1355 454 1388 1016316116
465 1367 470 1385 τ
485 1365 516 1386 tu
528 1356 564 1386 de
575 1357 694 1395 optimo
705 1374 713 1387 ‚
725 1352 930 1393 dejustiffimo
940 1372 949 1385 ,
964 1351 1000 1381 de
1011 1349 1158 1380 honestis-

193 1398 272 1430 simo
282 1409 389 1440 genere
401 1400 564 1429 hominum
575 1417 583 1431 ‚
597 1399 653 1427 1106
662 1395 718 1429 est,
728 1395 764 1425 de
774 1394 937 1425 aratoribus
947 1413 956 1427 ‚
968 1393 1158 1438 6310136011-

194 1440 336 1472 stituebas
348 1461 356 1474 ‚
378 1451 443 1481 quae
454 1439 600 1470 omnibus
618 1439 684 1468 aliis
703 1436 795 1467 ess'ent
808 1437 964 1467 contraria.
989 1437 1102 1464 Utrum
1114 1432 1157 1463 est

196 1485 311 1524 aequius
322 1503 330 1516 ‚
349 1482 554 1513 decumanum
564 1490 662 1521 petere
673 1499 681 1514 ,
701 1489 739 1509 an
751 1487 897 1509 aratorem
908 1477 1057 1517 repetere?
1073 1475 1156 1514 judi-

200 1526 297 1558 cium,
319 1526 483 1564 integrare,
503 1534 539 1552 an
548 1522 676 1565 perdita,
686 1520 776 1560 fieri?
798 1530 867 1550 eum
881 1539 888 1552 ‚
900 1521 952 1559 qui
970 1527 1061 1547 manu
1075 1527 1156 1557 quae-
1176 1537 1177 1540 ,

196 1565 277 1597 fierit
286 1587 294 1601 ,
306 1576 343 1596 an
354 1576 423 1596 eum
437 1587 445 1599 ‚
457 1568 508 1606 qui
517 1565 613 1605 digito
623 1564 722 1593 licitus
733 1561 767 1592 sit
776 1582 785 1595 ‚
802 1559 969 1602 poffidere?
991 1558 1072 1600 Qid
1083 1560 1155 1599 ?qui

195 1610 230 1638 in
241 1607 449 1649 singulisjugis
459 1614 540 1638 arant
551 1627 559 1639 ,
576 1608 630 1647 qui
640 1605 676 1635 ab
685 1614 772 1644 opere
783 1602 835 1643 ipfi
846 1612 910 1632 non
919 1601 1081 1634 recedunt,
1093 1610 1154 1641 quo

193 1651 229 1681 in
238 1660 367 1680 numero
379 1659 504 1691 magnus
512 1657 579 1678 ante
589 1657 617 1678 te
626 1655 786 1687 praetorem
796 1654 950 1677 numerus,
961 1652 1067 1684 magna
1074 1643 1157 1672 mul-

193 1692 295 1723 titudo
313 1692 485 1722 Siculorum
504 1689 563 1720 fuit
575 1700 580 1719 z
592 1688 666 1730 quid
675 1687 808 1718 facient?
825 1696 896 1716 cum
912 1685 1049 1716 dederint
1057 1687 1156 1724 Apro-

194 1736 252 1764 nio
263 1753 271 1768 ,
293 1733 375 1774 quod
395 1733 579 1772 poposcerit,
602 1731 775 1770 relinquent
794 1729 962 1759 arationes?
984 1726 1157 1766 relinquent

195 1778 306 1807 Larem
316 1774 497 1805 familiarem
508 1774 595 1804 suum
607 1775 618 1802 ?
639 1773 765 1802 venient
773 1770 924 1810 Syracusas
937 1789 945 1802 ‚
968 1777 1018 1802 ut,
1040 1776 1066 1797 te
1080 1777 1155 1807 prae-

196 1827 262 1848 tore
273 1837 281 1850 ,
293 1816 436 1847 videlicet
445 1836 453 1850 ‚
475 1825 548 1856 aequo
556 1816 622 1854 jure
632 1834 640 1847 ‚
656 1814 826 1853 Apronium
838 1831 846 1845 ,
861 1811 980 1841 delicias
993 1830 1000 1842 ‚
1020 1819 1052 1839 ac
1061 1811 1155 1839 vitam

196 1867 292 1893 tuam,
302 1857 419 1899 judicio
429 1858 645 1897 recuperatorio
656 1855 888 1895 persequantur?
902 1851 1017 1882 Verum
1029 1850 1100 1899 esto.
1112 1861 1159 1881 re-

197 1902 328 1941 perietur
337 1900 444 1940 aliquis
453 1898 540 1928 fortis
554 1918 562 1931 ,
581 1898 614 1927 ὃ(
623 1898 780 1937 experiens
790 1904 883 1926 arator
892 1914 900 1928 ‚
920 1896 970 1935 qui
982 1913 990 1927 ,
1010 1902 1083 1923 curn
1093 1901 1159 1922 tan-

197 1952 264 1973 tum
275 1942 389 1972 dederit
399 1941 568 1971 decumano
579 1960 588 1973 ,
602 1948 749 1980 quantum
760 1938 811 1967 ille
821 1936 921 1967 deberi
930 1935 1041 1965 dixerit
1049 1954 1058 1967 ‚
1074 1935 1157 1975 judi—

196 1986 246 2015 cio
259 1992 387 2024 repetat,
401 1983 434 2012 &
446 1991 567 2022 poenam
580 1981 694 2020 oetupli
709 1980 906 2020 persequatur.
930 1975 1079 2017 Exspe&o
1090 1978 1156 2007 vim

195 2025 289 2057 edicti
302 2046 310 2059 ‚
331 2025 516 2055 severitatem
526 2024 677 2064 praetoris:
697 2022 783 2051 faveo
797 2022 923 2054 aratori,
943 2020 1032 2058 cupio
1042 2018 1156 2058 offitupli

196 2068 333 2098 damnari
348 2068 531 2106 Apronium.
551 2065 632 2106 Qid
646 2063 767 2094 tandem
787 2061 916 2103 postulat
930 2063 1044 2091 arator?
1062 2061 1152 2094 nihil,

197 2108 253 2140 nisi
263 2119 302 2140 ex
313 2107 570 2148 edifitojudicium
582 2109 615 2136 in
624 2105 794 2145 oEtuplum.
818 2103 898 2144 Qid
909 2104 1061 2143 Apronius
1071 2105 1081 2132 ?
1090 2112 1155 2132 non

193 2151 315 2182 recusat.
339 2149 411 2191 quid
428 2152 556 2189 praetor?
577 2153 594 2175 4
604 2148 690 2187 jubet
703 2154 920 2186 recuperatores
938 2146 1068 2184 rejicere.
1092 2147 1156 2174 De-

194 2194 291 2224 curias
300 2192 474 2223 scribamus.
497 2194 577 2233 Qas
593 2190 745 2220 decurias?
758 2188 794 2217 de
807 2188 932 2217 cohorte
945 2196 1012 2216 mea
1024 2187 1153 2225 rejicies,

194 2236 305 2275 inquit.
334 2233 439 2274 Qid?
458 2232 511 2263 ista
527 2233 636 2263 cohors
648 2240 770 2272 quorum
790 2229 935 2258 hominum
948 2227 990 2257 εἶτ’
1005 2231 1016 2256 ,²
1040 2226 1155 2257 Volusii

840 351 921 391 Qijid
931 361 1025 381 omne
1035 355 1045 380 ?
1055 348 1155 380 immo
1174 371 1176 376 .

870 392 951 434 Qid
961 392 1062 423 censes
1075 397 1086 423 ?
1097 394 1157 421 Aut
1176 409 1177 413 =

609 812 690 853 Qud
699 817 860 852 praetereo?
879 821 918 841 an
930 809 1006 839 illud
1018 829 1026 842 ‚
1045 808 1098 846 ubi
1108 817 1156 838 ca-
1177 827 1179 838 ,

1188 104 1726 154 Cicanon1s

1195 181 1331 214 edietum
1346 184 1352 212 !
1382 183 1401 214 ὁ
1412 190 1513 214 tutum
1524 182 1696 226 perfugium
1706 184 1855 214 aratorum
1867 181 1874 212 !
1889 184 1986 224 Atque
1998 201 2008 218 ‚
2026 182 2159 215 utintel-

1196 225 1291 267 ligatis
1302 225 1473 265 cujusmodi
1483 225 1536 256 ista
1543 225 1654 265 judicia
1664 227 1696 254 in
1706 223 1877 264 ofituplum,
1890 225 2062 265 cujusmodi
2071 224 2157 256 istius

1199 267 1235 297 de
1247 268 1370 297 cohorte
1383 277 1600 307 recuperatores
1609 266 1772 297 existimati
1784 265 1840 296 smt
1852 276 1857 295 :
1879 265 1916 296 fic
1926 266 2077 297 attendite.
2100 270 2158 298 Ec-

1199 318 1290 350 quem
1308 311 1417 348 putatis
1427 309 1628 339 decumanum
1641 328 1650 342 ,
1667 309 1720 338 1136
1735 308 1856 338 licentia
1872 306 2031 348 permiffa,
2051 316 2159 339 uttan-

1199 359 1264 380 tum
1276 350 1312 381 ab
1323 360 1434 381 aratore
1445 371 1454 385 ,
1468 360 1614 392 quantum
1626 348 1822 390 poposcisset,
1839 349 1968 380 auferret
1974 349 2039 391 plus
2049 370 2058 383 ,
2069 344 2159 390 qua‘tm

1200 391 1340 422 deberetur
1350 413 1358 427 ,
1370 392 1537 434 poposcisse?
1551 391 1731 423 considerate
1748 401 1820 422 cum
1840 390 1944 421 vestris
1961 393 2074 421 animis
2087 401 2160 422 vos-

1202 433 1319 474 metipsi
1332 454 1340 467 ,
1360 445 1485 475 ecquem
1496 436 1605 474 putetis
1616 453 1625 467 ‚
1646 433 1809 474 praesertim
1820 432 1890 463 cum
1906 434 1936 463 id
1945 442 2011 463 non
2031 435 2044 460 5
2055 431 2159 465 solum

1201 474 1261 505 sine
1270 477 1389 506 avaritia
1401 496 1409 510 ‚
1428 476 1478 506 sed
1494 478 1585 506 etiam
1598 474 1659 505 fine
1678 475 1866 515 impudentia
1875 477 2005 515 accipere
2014 476 2158 515 potuerit.

1204 518 1318 547 multos
1335 516 1450 547 neceffe
1463 516 1515 547 est.
1539 520 1604 548 Ate
1625 527 1644 546 o
1655 517 1776 546 omneis
1793 516 1862 546 dico
1884 514 1995 557 ⁶plus,
2015 526 2048 547 ac
2057 517 2158 547 multo

1198 559 1266 598 plus
1276 579 1285 593 ‚
1297 568 1388 599 quam
1397 559 1538 589 decumas
1547 579 1555 593 ‚
1566 558 1602 589 ab
1633 557 1726 588 ulisse.
1735 557 1811 588 cedo
1820 559 1897 588 mihi
1909 568 2006 588 unum
2017 567 2056 588 ex
2063 560 2160 588 trien-

1177 636 1178 643 *
1203 602 1255 630 nio
1266 609 1397 640 praeturae
1407 609 1475 635 tuae,
1487 603 1555 641 quis
1564 600 1681 640 octupli
1689 599 1895 641 damnatussit.
1909 600 2067 630 damnatus
2077 606 2087 632 ?
2097 601 2159 631 im-

1177 648 1178 651 ’
1201 641 1255 671 mo
1273 640 1346 672 vero
1364 644 1398 672 in
1407 652 1499 683 quem
1516 642 1670 683 judicium
1689 651 1727 672 ex
1735 641 1838 671 edicto
1855 650 1908 671 tuo
1916 640 2101 681 postulatum
2112 640 2156 672 sit.

1203 685 1309 713 Nemo
1327 693 1387 714 erat
1404 684 1545 715 videlicet
1559 692 1708 714 aratorum
1719 703 1727 717 ‚
1745 685 1799 723 qui
1815 683 1960 722 injuriam
1977 681 2031 713 sibi
2047 682 2159 715 saetam

1199 726 1283 766 queri
1294 724 1404 765 posset:
1416 736 1510 756 nemo
1520 725 1757 756 decumanorum
1768 745 1777 758 ‚
1789 724 1841 765 qui
1850 734 1942 766 grano
1952 725 2081 765 amplius
2099 729 2113 753 7
2122 723 2160 754 11-

1200 767 1231 796 bi
1244 787 1251 799 ,
1271 766 1362 808 quam
1380 767 1537 798 deberetur
1546 787 1555 800 ,
1575 767 1677 797 deberi
1694 765 1841 807 profess'us
1858 764 1942 796 effer.
1965 765 2067 796 immo
2084 765 2159 797 verb

1199 811 1302 839 contra
1312 828 1321 842 ,
1340 809 1488 849 rapiebat,
1509 809 1542 839 &
1552 808 1715 849 asportabat
1723 828 1731 841 ‚
1751 816 1900 848 quantum
1918 807 1934 838 ὲ
1942 818 2063 848 quoque
2073 808 2160 838 vole-

1199 850 1268 884 bat,
1285 853 1456 890 Apronius:
1476 851 1621 880 omnibus
1631 858 1731 880 autem
1749 850 1825 880 locis
1834 859 1959 880 aratores
1970 850 2107 889 spoliati,
2126 859 2158 880 ac

1198 894 1298 921 vexati
1307 892 1520 932 querebantur:
1532 899 1629 933 neque
1638 900 1739 922 tamen
1749 892 1839 921 ullum
1845 891 1988 930 judicium
1998 892 2158 932 reperietur.

1199 932 1280 974 Qid
1291 933 1419 967 6111106,>
1431 943 1476 965 tot
1484 935 1542 964 viri
1551 933 1644 964 fortes
1654 953 1663 967 ‚
1683 932 1802 963 honesti
1812 954 1820 967 ‚
1861 931 1976 967 ratiost,
1995 942 2043 963 tot
2052 934 2157 967 Siculi,

1199 984 1244 1005 tot
1253 977 1366 1016 equites
1377 978 1471 1007 Rorn.
1482 976 1518 1006 ab
1529 986 1591 1006 uno
1601 977 1729 1005 homine
1738 977 1843 1016 nequii
1856 985 1921 1005 imo
1930 994 1938 1009 ‚
1948 984 1980 1005 ac
1990 973 2157 1014 turpiffimo

1199 1015 1255 1046 laesi
1264 1037 1273 1050 ‚
1283 1027 1400 1057 paenam
1411 1017 1526 1058 oEtupli
1537 1016 1597 1047 fine
1608 1017 1670 1047 ulla
1680 1017 1868 1047 dubitatione
1877 1015 2082 1050 commissam,
2092 1026 2159 1047 non

1196 1059 1465 1099 persequebantur?
1476 1069 1542 1100 quae
1550 1060 1633 1089 causa
1644 1061 1729 1099 ?quae
1740 1060 1814 1089 ratio
1825 1057 1880 1088 est?
1890 1058 2158 1097 unailla,J't1dices,

1197 1109 1289 1140 quam
1299 1100 1418 1131 videtis:
1442 1102 1502 1131 uod
1512 1100 1591 1131 ultro
1600 1102 1692 1130 etiam
1705 1095 1897 1140 Sidusossmv-
1907 1099 2000 1139 irrisbs
2008 1098 2159 1138 abjudicio

1197 1141 1353 1181 disceffuros
1361 1143 1427 1172 vide
1445 1144 1631 1172 anr.Etenim
1640 1141 1722 1183 quod
1732 1141 1803 1172 ess'et
1808 1142 1818 1181 j
1824 1139 2046 1175 udicium‚cum
2056 1141 2072 1171 ἐ
2082 1144 2158 1171 Ver-

1175 1181 1178 1210 1
1198 1185 1238 1213 ris
1250 1182 1417 1223 turpiffimo
1429 1204 1437 1218 ‚
1454 1182 1739 1225 flagitiofissimoque
1746 1185 1892 1213 comitatu
1902 1191 1960 1213 tres
1969 1192 2156 1222 recuperato-

1197 1234 1266 1255 rum
1280 1227 1407 1255 nomine
1421 1224 1607 1258 assedissem,
1622 1223 1734 1254 ass'eclae
1749 1223 1834 1254 istius
1850 1244 1858 1258 ,
1869 1222 1960 1254 nonii
1969 1232 2050 1266 parre
2061 1224 2086 1253 ei
2101 1233 2157 1255 tra-

1199 1266 1255 1296 diti
1276 1286 1285 1300 ,
1308 1267 1357 1297 sed
1379 1263 1396 1296 ἐι
1416 1267 1594 1296 meretricula
1614 1265 1822 1297 commendati
1845 1269 1856 1295 ?
1886 1268 1994 1307 Ageret
2015 1266 2158 1297 videlicet

1198 1308 1314 1339 causam
1332 1318 1425 1339 arator
1442 1319 1448 1338 :
1471 1309 1550 1339 nihil
1567 1307 1622 1338 sibi
1638 1307 1786 1337 frumenti
1805 1308 1842 1338 ab
1852 1309 1989 1347 Apronio
2001 1307 2153 1342 1611610111,

1198 1350 1278 1380 bona
1286 1351 1336 1381 sua
1346 1352 1436 1381 etiam
1447 1350 1576 1390 direpta:
1596 1350 1625 1380 sc
1633 1349 1784 1389 pulsatum
1795 1369 1804 1383 ,
1815 1349 2064 1390 verberatumque
2072 1349 2154 1380 dice-

1196 1400 1252 1421 ret.
1275 1392 1446 1423 conferrent
1463 1394 1522 1422 viri
1533 1392 1607 1422 boni
1623 1392 1734 1431 capita:
1749 1390 1787 1420 de
1795 1389 2156 1432 comminationemque-

1196 1442 1299 1464 rentur
1307 1436 1385 1464 inter
1392 1435 1420 1464 se
1430 1454 1438 1468 ,
1450 1444 1482 1464 ac
1491 1433 1528 1464 de
1540 1433 1726 1463 mulierculis
1735 1452 1743 1466 ,
1764 1430 1785 1461 fi
1793 1443 1865 1473 quas
1880 1432 1895 1462 a
1909 1441 2034 1473 praetore
2041 1432 2156 1463 31161111-

1199 1477 1253 1505 teis
1260 1474 1379 1515 pofl'ent
1388 1475 1619 1516 deprehendere.
1643 1484 1688 1505 res
1696 1476 1742 1515 agi
1753 1475 1910 1504 videretur.
1932 1472 2102 1505 surrexisset
2112 1477 2156 1506 A·

1197 1520 1334 1557 pronius,
1350 1528 1424 1547 nova
1436 1517 1561 1558 dignitas
1572 1517 1736 1557 publicani,
1747 1525 1811 1546 non
1820 1524 1852 1546 ut
1862 1516 2058 1551 decumanus,
2069 1516 2155 1557 squa-

1199 1559 1271 1588 loris
1280 1560 1387 1599 plenus
1398 1579 1406 1593 ,
1418 1570 1449 1590 ac
1458 1559 1591 1599 pulveris
1602 1569 1607 1587 z
1619 1555 1669 1588 sed
1679 1559 1840 1599 unguentis
1849 1557 1962 1588 oblitus
1973 1569 1979 1588 :
1999 1559 2075 1589 vino
2085 1577 2095 1592 ,
2107 1560 2155 1588 vi-

1197 1600 1336 1642 giliisque
1344 1602 1510 1643 languidus.
1534 1602 1639 1631 omnia
1648 1601 1750 1639 primo
1759 1608 1847 1629 motu
1857 1619 1866 1634 ,
1877 1609 1910 1630 ac
1918 1600 2022 1640 spiritu
2031 1600 2095 1634 suo,
2107 1601 2156 1630 vi*

1199 1644 1243 1676 ni,
1257 1647 1415 1684 unguenti,
1426 1644 1558 1682 corporis
1568 1642 1661 1672 odore
1670 1640 1858 1682 complesset.
1873 1640 1995 1671 dixisset
2004 1643 2077 1675 haec,
2088 1651 2156 1683 quae

1198 1684 1290 1724 vulgo
1300 1685 1397 1714 dicere
1407 1685 1537 1718 solebat,
1560 1685 1651 1712 NON
1672 1684 1719 1713 SE
1742 1683 1955 1714 DECUMAS
1974 1684 2129 1713 EMISSE
2144 1702 2155 1718 ,

1198 1725 1247 1755 sed
1259 1726 1337 1756 bona
1347 1746 1356 1760 ‚
1373 1725 1566 1766 fortunasque
1584 1733 1732 1755 aratorum
1744 1735 1749 1754 :
1773 1735 1836 1754 non
1846 1725 1875 1754 se
1884 1724 2086 1756 decumanum
2097 1723 2157 1755 este.

1198 1769 1381 1807 Apronium,
1394 1767 1442 1798 sed
1450 1770 1575 1797 Verrem
1585 1767 1712 1797 alterum
1724 1765 1903 1796 :dominum
1912 1766 2037 1796 iilorum
2049 1786 2057 1801 a
2067 1776 2100 1796 36
2109 1775 2157 1807 ty-

1197 1818 1337 1840 rannum.
1392 1819 1436 1839 uae
1451 1808 1522 1839 cum
1540 1806 1661 1839 dixiffet
1671 1828 1679 1841 ,
1702 1808 1748 1838 illi
1766 1810 1825 1838 viri
1843 1809 1954 1848 optimi
1973 1808 2010 1838 de
2030 1809 2156 1839 cohorte

1194 1849 1283 1881 'istius
1291 1860 1508 1891 recuperatores
1516 1871 1525 1884 ‚
1545 1860 1609 1881 non
1620 1849 1657 1880 de
1666 1849 1850 1880 absolvendo
1861 1851 1999 1889 Apronio
2008 1849 2155 1881 delibera-

1199 1902 1265 1923 rent
1274 1913 1282 1926 ‚
1296 1894 1314 1923 s
1310 1892 1345 1923 ed
1354 1897 1370 1920 9
1380 1901 1553 1934 quaererent,
1564 1901 1660 1932 ecquo
1671 1891 1765 1921 modo
1774 1893 1935 1930 petitorem
1946 1892 2046 1931 ipsum
2055 1895 2154 1932 Apro-

1198 1936 1286 1965 nium
1297 1935 1498 1965 condemnare
1507 1933 1633 1974 poffent.
1658 1935 1744 1964 Hanc
1759 1942 1791 1963 tu
1804 1933 1955 1964 licentiam
1965 1933 2152 1973 diripiendo-

1198 1986 1266 2006 rum
1276 1985 1424 2007 aratorum
1433 1986 1504 2006 cum
1515 1975 1761 2009 decumanis,hoc
1772 1973 1823 2008 est,
1839 1977 1976 2015 Apronio
1982 1973 2151 2017 pernzififfis,

1199 2027 1251 2052 111,
1271 2027 1418 2059 quantum
1429 2019 1520 2048 vellet
1528 2038 1536 2051 ‚
1555 2018 1705 2057 posceret:
1728 2025 1873 2057 quantum
1882 2016 2061 2057 poposcisset
2069 2037 2077 2052 ‚
2101 2014 2154 2049 au&

1197 2059 1286 2090 ferret
1298 2071 1303 2089 1
1313 2061 1372 2091 hoc
1381 2060 1438 2091 tibi
1449 2058 1632 2090 defenfionis
1642 2058 1677 2088 ad
1684 2059 1834 2099 judicium
1845 2067 1932 2088 tuum
1941 2059 2130 2099 comparabas
2139 2079 2150 2094 ,
2190 2090 2196 2095 ν

1175 2093 1178 2144 ξ
1198 2101 1329 2132 habuiffe
1338 2111 1366 2132 te
1376 2101 1510 2133 edietum
1521 2121 1529 2135 ,
1550 2109 1765 2140 recuperatores
1776 2100 1913 2130 daturum
1924 2102 1957 2130 in
1967 2100 2126 2141 ofituplum
2138 2105 2152 2131 ἒ

1175 2146 1177 2181 1
1196 2146 1226 2174 Si
1238 2144 1408 2174 mehercule
1426 2153 1464 2173 ex
1474 2144 1562 2173 omni
1571 2144 1656 2182 copia
1664 2150 1832 2172 conventus
1841 2143 2030 2181 Syracusani,
2052 2143 2151 2182 splen-

1176 2192 1177 2201 *
1197 2184 1419 2215 didiffimorum
1430 2205 1438 2218 ,
1450 2182 1790 2224 honestissimorumque
1800 2184 1965 2214 hominum
1977 2183 2084 2215 faceres
2093 2194 2151 2224 po-

1197 2226 1330 2257 testatem
1341 2228 1463 2259 aratori,
1476 2236 1541 2255 non
1550 2224 1645 2255 modo
1655 2224 1831 2264 16116111ηά1,
1852 2225 1899 2255 sed
1909 2227 2000 2255 etiam
2011 2226 2152 2258 sumendi

194 2276 356 2316 haruspicis
368 2296 376 2308 ‚
391 2275 423 2305 &
434 2275 569 2305 Cornelii
579 2273 690 2303 medici
700 2291 708 2305 2
722 2271 754 2301 &
762 2272 872 2300 horum
884 2279 985 2299 canum
995 2290 1002 2302 ‚
1017 2278 1091 2310 quos
1103 2271 1156 2298 tri-
1197 2278 1413 2308 recuperatores
1424 2280 1433 2302 3
1456 2277 1555 2297 tamen
1565 2268 1624 2296 hoc
1640 2277 1745 2296 novum
1752 2275 1841 2307 genus
1853 2267 1960 2305 injuria
1972 2267 2047 2297 ferre
2056 2277 2151 2298 nemo

194 2318 289 2349 bunal
309 2326 414 2348 meum
432 2317 517 2347 vides
536 2315 677 2346 lambere.
699 2316 780 2344 Nam
802 2312 838 2342 de
858 2320 1012 2341 conventu
1031 2311 1153 2340 nullum
1196 2309 1309 2350 postet,
1322 2320 1367 2343 te,
1380 2318 1527 2340 cumtuos
1538 2307 1782 2338 omnersfruetus
1790 2308 1953 2348 publicano
1963 2308 2147 2343 tradidisses,

193 2369 341 2402 umquam
356 2359 496 2396 judicem,
509 2367 564 2388 nec
574 2363 808 2397 recuperatorem
819 2353 909 2383 dedit.
932 2355 1054 2393 iniquos
1063 2352 1154 2382 decu—
1172 2340 1176 2410 ἶ
1197 2353 1302 2382 &rem
1313 2352 1349 2381 de
1360 2351 1499 2382 manibus
1507 2348 1658 2384 amisisses,
1673 2359 1738 2380 tum
1750 2351 1828 2380 bona
1837 2358 1885 2380 tua
1892 2359 2032 2390 repetere,
2039 2362 2073 2382 36
2081 2361 2151 2391 per-

195 2404 295 2432 manis
306 2400 363 2431 effe
381 2400 476 2441 ajebat
485 2400 624 2432 omneis,
643 2399 696 2438 qui
706 2397 799 2427 ullam
813 2396 873 2436 agri
887 2394 1011 2436 glaebam
1025 2392 1153 2434 posside·
1195 2394 1277 2434 sequi
1289 2394 1357 2426 lite,
1378 2402 1464 2434 atque
1474 2392 1602 2432 judicio.
1625 2394 1703 2422 Cum
1713 2402 1786 2422 vero
1794 2392 1887 2422 verbo
1897 2412 1904 2425 ‚
1918 2392 2063 2431 judicium
2072 2392 2105 2423 111
2115 2394 2148 2424 111

195 2453 270 2475 rent.
294 2442 489 2473 Veniendum
509 2450 569 2471 erat
577 2439 613 2471 ad
623 2449 674 2470 eos
684 2447 787 2469 contra
797 2438 968 2477 Apronium
979 2455 987 2470 ,
1008 2437 1060 2476 qui
1071 2445 1151 2465 non-
1171 2415 1174 2470 i
1195 2434 1296 2465 6111610
1305 2454 1312 2468 ,
1326 2445 1362 2469 :ce
1377 2435 1500 2476 quidem
1511 2444 1579 2464 vera
1588 2442 1710 2464 tuorum
1722 2435 1872 2464 comitum
1884 2454 1893 2467 ,
1911 2435 2075 2466 hominum
2094 2444 2148 2464 ne-

196 2486 270 2516 dum
289 2487 379 2516 etiam
393 2484 560 2524 Aproniani
577 2482 714 2512 convivii
732 2481 881 2520 crapulam
900 2476 1090 2508 exhalassent.
1123 2479 1149 2506 O
1169 2474 1172 2509 1
1193 2475 1406 2518 quissimorum
1417 2475 1520 2516 collusio
1533 2486 1603 2506 cum
1614 2475 1801 2508 decumanis,
1812 2476 1900 2506 sociis
1911 2478 1988 2510 tuis,
2000 2485 2086 2517 atque
2096 2475 2150 2507 ad-

193 2527 366 2569 praeclarum
378 2546 387 2561 ,
412 2527 444 2557 &
462 2522 770 2557 commemorandum
783 2521 953 2562 judicium!
978 2518 997 2550 ὃ
1011 2519 1149 2551 severum
1166 2512 1170 2561 j
1193 2518 1229 2549 eo
1239 2518 1601 2560 procuratoribusztamen
1611 2517 2146 2590 audes¹0illiusjudiciimentiofnem

2082 2569 2148 2590 ace-

231 2637 240 2654 1
249 2647 254 2652 .
275 2629 356 2651 Utrum
363 2625 465 2658 pretori!
474 2626 605 2657 institutum
614 2622 715 2655 inficias
724 2620 792 2658 effa]
811 2618 916 2646 Metelli
930 2637 938 2650 ‚
945 2625 1048 2652 praelorss
1053 2626 1094 2651 pr.
1105 2621 1145 2643 in-

184 2665 296 2698 firmum
305 2662 355 2691 &a
373 2660 546 2697 proculdubio
557 2657 753 2686 rescribendum
766 2676 774 2689 ,
788 2663 893 2689 pretam
906 2657 986 2688 populi
993 2658 1057 2681 Rom.
1071 2657 1096 2680 in
1117 2658 1146 2679 it.

193 2709 246 2727 non
258 2698 308 2724 sine
319 2697 411 2733 inligui
423 2696 544 2732 emphasi.

229 2745 258 2761 2.
278 2738 323 2767 Ego
339 2734 483 2759 tantumdem
493 2731 633 2767 quantum]
653 2729 797 2757 Lambinus
808 2726 890 2755 divisa
900 2735 964 2754 voce
976 2745 984 2758 ,
1002 2736 1037 2761 ego
1053 2733 1147 2753 tantum

191 2773 241 2798 dem
251 2777 376 2804 qnantum.
398 2770 483 2795 minus
495 2768 577 2794 16616.

230 2816 256 2841 3.
275 2807 353 2831 ‘finum
370 2808 456 2831 recita.
477 2806 622 2830 Eme-rum
640 2803 706 2836 ὡς]
727 2802 769 2828 Sic
778 2800 995 2837 Pal.p1·im.nam
1007 2798 1055 2824 sec.
1075 2805 1146 2823 totum

191 2844 336 2882 ’ῴῆῥισμμ
354 2848 379 2872 de
389 2847 479 2880 juditio
495 2848 521 2871 in
534 2847 656 2878 offitpiiim.
677 2852 769 2869 verum
779 2842 887 2877 antiqua
897 2839 980 2866 editio
990 2839 1055 2866 facit
1064 2839 1144 2865 etiam

191 2897 242 2925 pro
253 2886 338 2915 nobis.
743 2920 746 2923 Ι
828 2919 833 2923 ”

230 2932 259 2957 4.
276 2925 349 2958 Juhet
358 2927 529 2952 recuperatores
541 2922 641 2952 reficere.
661 2917 926 2951 Decuriarfiribamm.
945 2915 1011 2948 Qut
1019 2913 1084 2948 dea]
1105 2914 1146 2939 Ita

192 2959 263 2987 Pall.
273 2960 301 2985 &
312 2965 378 2984 vett.
389 2956 472 2982 editio
483 2975 491 2987 ‚
509 2954 731 2984 quemadmodum
743 2952 863 2988 cupiebat
873 2951 1000 2986 distingui
1012 2951 1145 2976 Hotoma-

192 3005 252 3023 nus.
273 3004 332 3022 nam
343 2992 498 3021 mediiaevi:
518 2987 589 3025 'Jubet
607 2997 793 3022 recuperatorum
812 2991 902 3023 rejicere
911 2989 1030 3012 decurias.
1047 2988 1145 3011 Sci-iba-

190 3042 254 3058 mus.
273 3033 339 3064 glum
349 3030 397 3055 det.
416 3037 496 3065 porro
507 3025 703 3055 videtui-adhuc
713 3024 855 3060 legendum
866 3033 897 3051 ex
910 3023 988 3050 Fabr.
999 3023 1026 3048 &
1037 3021 1143 3048 Metell.

190 3077 220 3094 cx
244 3068 361 3093 ribamm.

214 3068 257 3136 fif.
275 3102 404 3134 Solumfine
412 3102 522 3125 marma
534 3099 589 3132 ,sed
596 3098 718 3130 ctiamfine
727 3096 870 3129 impudentia
879 3093 1051 3128 acciperent]
1072 3093 1143 3119 Scri-

187 3139 276 3178 pserat
285 3140 381 3168 Cicero
393 3155 402 3170 ‚
420 3135 552 3165 iudicante
563 3133 667 3163 Metelli
678 3132 786 3165 codice3
800 3133 873 3167 solum
883 3134 1003 3159 avaritia·
1014 3131 1059 3166 sed
1074 3132 1144 3157 etiam

1187 2618 1347 2649 imprudentia
1355 2618 1460 2643 accidere
1472 2624 1522 2650 pot.
1542 2616 1639 2645 alludit
1649 2617 1706 2645 Pal.
1715 2617 1796 2655 prim.
1807 2618 1834 2644 in
1844 2626 1897 2653 quo
1909 2636 1917 2650 ,
1928 2619 1979 2651 fine
1988 2618 2148 2652 imprudentia
2195 2626 2202 2629 s

1188 2653 1291 2678 accidere
1305 2660 1354 2686 pot.

1225 2693 1251 2720 6.
1270 2696 1330 2719 *Plus
1342 2713 1349 2726 ,
1359 2703 1388 2720 ae
1398 2695 1530 2727 multoplus
1539 2712 1547 2726 ‚
1558 2692 1656 2729 quiim]
1676 2693 1719 2722 Est
1731 2694 1746 2721 :1
1756 2693 1815 2721 11111.
1825 2693 1904 2721 Fabr.
1914 2694 1941 2720 Sc
1953 2693 2060 2721 Metell.
2069 2694 2143 2730 prius

1187 2728 1297 2756 deerant
1308 2729 1382 2757 nobis
1393 2730 1440 2756 illa
1451 2749 1459 2762 ,
1469 2739 1498 2756 ae
1507 2732 1577 2756 multo
1582 2733 1648 2763 plus.

1222 2777 1249 2803 7.
1268 2769 1396 2803 Qizmstbi
1404 2769 1548 2804 deberetur]
1560 2770 1611 2797 Ms.
1622 2770 1665 2796 Mc
1671 2769 1728 2796 ‘uelli
1737 2769 1860 2796 dederetur
1870 2789 1878 2803 ,
1889 2769 1973 2802 forte,
1984 2769 2071 2806 inquit
2081 2770 2141 2797 Gu-

1187 2805 1303 2832 lielmius
1313 2807 1429 2832 ederetur.

1222 2841 1249 2869 8.
1268 2842 1375 2876 llliisosse
1383 2841 1527 2876 &iri-fis]
1539 2842 1582 2868 Sic
1590 2842 1664 2869 Nan.
1674 2841 1708 2868 fic
1718 2842 1786 2868 Met.
1797 2840 1890 2869 codex:
1903 2841 2053 2878 placuitque
2062 2850 2151 2878 pror--

1185 2876 1225 2903 sus
1237 2878 1384 2904 Gulielmio
1396 2897 1403 2910 ‚
1413 2886 1465 2914 prce
1476 2878 1583 2914 vulgato
1593 2880 1675 2903 Irritoa·
1686 2897 1694 2910 ,
1704 2877 1774 2914 quod
1786 2878 1850 2903 &in
1861 2877 1931 2904 Pail.
1942 2878 1970 2903 ὃ(
1980 2878 2070 2904 Urfin.
2082 2885 2141 2906 tau-

1186 2923 1264 2949 quam
1274 2917 1383 2946 irritnm,
1396 2923 1448 2940 vox
1459 2913 1490 2940 sit
1500 2913 1642 2945 sacrorum,
1651 2923 1711 2940 cum
1724 2923 1764 2940 res
1774 2913 1864 2939 divina
1875 2923 1927 2939 non
1938 2913 2011 2939 rec't‘e
2021 2913 2102 2940 faeta.

1220 2958 1248 2984 9.
1267 2951 1401 2983 Qaererent
1412 2970 1420 2982 ,
1438 2959 1505 2984 ecquo
1514 2951 1574 2976 mado
1587 2953 1709 2982 petitorem
1716 2950 1790 2983 ipfiam
1798 2951 1900 2980 Apronio
1908 2950 2059 2975 condemnare
2069 2968 2078 2981 ‚
2087 2950 2138 2981 &c-

1185 2989 1300 3018 cApronio
1313 2986 1472 3021 permifisses.]
1493 2985 1661 3022 Exemplaria
1671 2985 1763 3011 Italica
1781 2985 1808 3011 in
1819 2984 1888 3011 hunc
1898 2984 1978 3021 usque
1987 2985 2057 3011 diem
2068 2985 2138 3012 inte-

1184 3030 1231 3056 gra
1242 3021 1422 3048 destituuntur
1431 3021 1540 3058 periodo
1551 3030 1560 3052 3
1592 3030 1650 3048 uam
1661 3020 1756 3047 immifi
1766 3019 1841 3046 libris
1852 3021 1945 3048 nostris
1957 3040 1966 3055 ,
1976 3020 2141 3048 autstoritate.

1184 3056 1282 3083 codicis
1294 3058 1428 3084 Nanntaui
1439 3067 1447 3088 3
1460 3058 1502 3083 cui
1511 3032 1611 3084 accedit
1621 3056 1726 3083 &liber
1737 3056 1854 3082 Metelli.

1223 3102 1264 3119 ro,
1285 3094 1349 3119 nlius
1349 3094 1439 3127 judicii
1446 3097 1579 3120 mentionem
1581 3093 1689 3129 facem]
1700 3091 1819 3121 Malebat
1828 3091 1990 3121 Gulielmius
2005 3094 2078 3119 ullius
2087 3111 2096 3125 ,
2106 3097 2137 3119 ut

1182 3136 1240 3159 erat
1250 3130 1276 3157 Sc
1286 3130 1313 3158 iu
1324 3129 1429 3158 Metell.
1439 3130 1467 3156 ὃς
1477 3130 1570 3158 Narin.
2098 3164 2128 3188 U

2065 3172 2088 3192 x.
2118 3178 2140 3196 .,,
