2295 3400
203 111 305 163 234
635 95 1144 145 M.Tut.1.11

144 175 187 209 15
204 177 327 208 Etenim
345 172 367 205 si
377 175 438 205 haec
446 173 615 215 perturbare
631 176 735 206 omnia
745 194 754 208 ,
775 175 808 206 δε
820 175 995 215 permiscere
1005 175 1160 206 volumus:

203 218 360 248 TOTAM
381 221 391 237 ¹
405 218 550 246 VJMM
557 217 753 256 periculosam
764 237 772 250 ,
783 217 964 248 invidiosam
976 237 985 251 ‚
1006 216 1162 248 infestam-

203 270 263 302 que
274 259 434 290 reddemus
444 280 452 293 ‚
471 258 491 288 si
501 259 617 288 nullam
626 259 805 300 religionem
816 259 877 289 sors
887 259 1008 290 habebit
1022 279 1030 293 ,
1046 259 1164 290 nullam

205 303 378 334 societatem
389 302 456 340 conj
461 299 567 330 unffio
578 300 712 331 secundae
723 320 732 334 ,
755 300 912 342 dubiaeque
923 300 1052 332 fortunae
1062 321 1070 335 ‚
1093 301 1163 331 nul-

204 345 267 376 lam
276 342 482 375 au&oritatem
493 351 692 383 mores‚atque
703 341 836 373 instituta
847 343 1007 383 majorum.
1028 344 1165 373 Omnium

207 385 253 417 es?
269 386 418 416 commun&
435 384 566 413 immicus
577 404 586 417 ‚
604 385 656 425 qui
667 383 818 423 suitlmstu
829 385 955 425 suorum.
980 388 1084 416 Nemo
1095 396 1166 416 um—

207 437 299 469 quam
309 427 423 466 sapiens
437 425 573 468 proditori
584 425 767 456 credendum
778 429 901 467 putavit.
924 428 989 468 Ipse
997 428 1076 459 Sulla
1088 448 1096 461 ‚
1117 429 1166 458 cui

207 469 353 500 adventus
362 467 445 498 istius
454 466 635 509 gratifl'imus
646 466 703 498 ess'e
713 468 818 499 debuit
827 489 835 503 ,
845 469 881 499 ab
893 470 921 500 se
931 471 1092 500 hominem
1104 489 1111 503 ‚
1124 478 1166 499 at-

207 521 266 552 que
275 510 311 540 ab
321 511 454 540 exercitu
464 510 517 540 suo
525 511 656 540 removit
667 520 672 539 z
684 512 850 541 Beneventi
858 510 914 541 esse
922 512 933 552 j
938 511 1006 542 uss'it
1015 512 1090 553 apud
1102 521 1165 543 eos,

207 562 285 594 quos
306 552 364 582 suis
383 551 514 591 partibus
531 550 729 582 amicissimos
749 550 806 582 effe
816 554 1001 595 intelligebat
1022 565 1026 583 z
1051 554 1102 584 ubi
1116 553 1166 583 'iste

208 596 337 626 summae
346 595 404 627 rei,
416 594 567 634 causaeque
577 604 666 623 nocere
678 595 754 625 nihil
764 593 868 635 posset.
899 599 926 626 ei
936 595 1037 636 postea
1047 597 1168 636 praemii

207 645 310 667 tamen
328 635 489 665 liberaliter
503 635 609 666 tribuit
627 646 633 665 :
657 636 736 666 bona
745 637 880 678 quaedam
890 639 1122 678 proscriptorum
1134 640 1166 667 in

206 687 277 719 agro
287 679 497 707 Beneventano
506 677 674 718 diripienda
683 677 824 710 concess'it
837 690 842 708 z
861 679 963 708 habuit
973 681 1097 709 lionorem
1107 701 1115 713 ‚
1134 687 1168 708 ut

207 719 365 762 proditori,
377 729 428 748 non
439 727 472 749 ut
480 719 569 748 amico
580 740 588 753 ‚
601 719 697 759 fidem.
721 723 814 752 Nunc
823 741 831 755 ‚
853 724 992 763 quamvis
1001 721 1056 752 sint
1064 723 1167 751 homi-

209 771 264 792 nes
274 782 282 795 ,
301 763 354 802 qui
373 770 530 791 mortuum
550 764 604 792 Cn.
617 763 786 793 Carbonem
805 763 941 794 oderint:
961 773 1063 794 tamen
1074 765 1104 796 hi
1115 763 1167 794 de-

209 803 283 834 bent
293 823 302 837 ,
321 812 387 833 non
395 823 404 837 ,
423 803 496 844 quid
509 803 555 833 illi
571 804 702 835 accidere
714 805 887 839 voluerint,
910 805 956 835 sed
975 806 1047 847 quid
1059 804 1125 846 ipsis
1136 808 1168 835 in

209 845 262 876 tali
270 855 300 874 re
310 845 512 876 metuendum
521 843 564 879 sit,
575 848 714 887 cogitare.
734 849 908 877 Commune
917 847 959 877 est
970 849 1027 877 hoc
1040 848 1167 879 malum,

208 888 389 918 communis
398 896 679 921 metus‚commune
688 889 821 929 periculu
826 899 865 919 m.
877 891 1049 919 NvLL=AE
1060 890 1172 919 SUNT

209 929 391 959 occultiores
409 927 522 959 insidiae
532 949 541 963 ‚
560 929 651 971 quam
670 941 710 960 eae
720 950 728 964 ,
747 941 812 971 quae
831 931 922 961 latent
933 933 965 961 in
977 929 1169 961 simulatione

209 969 307 1002 officii
317 990 326 1004 ‚
348 979 400 1001 aut
416 972 449 1000 in
466 971 567 1011 aliquo
587 971 811 1002 necessitudinis
830 975 966 1003 nomine.
991 983 1062 1003 nam
1080 983 1161 1004 eum,

208 1012 372 1054 quipalam
386 1011 428 1043 est
436 1012 614 1043 adversarius
626 1033 633 1047 ,
646 1013 734 1044 facile
754 1014 873 1044 cavendo
892 1016 986 1043 vitare
1001 1014 1088 1056 poffis.
1113 1015 1170 1044 hoc

210 1053 284 1086 vero
295 1054 450 1085 occultum
462 1075 470 1087 ,
483 1054 661 1085 intestinum
672 1075 680 1089 ‚
699 1066 731 1086 ac
740 1055 940 1087 domesticum
952 1060 1066 1087 malum
1078 1077 1086 1090 ,
1106 1066 1169 1086 non

212 1095 310 1126 mode>
330 1106 395 1126 non
414 1095 540 1126 exsistit:
561 1107 667 1127 verum
686 1100 777 1128 etiam
796 1101 960 1139 opprimit,
985 1103 998 1118 ²
1008 1108 1169 1140 antequam

209 1138 377 1179 prospicere
388 1158 396 1171 ‚
408 1147 492 1179 atque
503 1139 655 1179 explorare
665 1141 805 1179 potueris.
830 1143 911 1170 Itane
922 1139 991 1170 vcro
1004 1143 1013 1170 ?
1030 1150 1061 1170 tu
1070 1161 1078 1174 ,
1097 1140 1169 1170 cum

211 1179 342 1221 quaestor
350 1179 385 1209 ad
397 1182 562 1211 exercitum
580 1179 686 1211 miss'us
704 1180 738 1212 sis
750 1202 758 1214 ‚
779 1181 876 1212 custos
887 1193 951 1212 non
962 1181 1063 1212 solum
1080 1193 1169 1222 pecu—

210 1223 270 1251 nia:
284 1242 291 1254 ‚
304 1221 351 1251 sed
362 1223 452 1252 etiam
462 1222 612 1252 consulis:
633 1225 776 1263 particeps
787 1226 930 1254 omnium
942 1235 1042 1254 rerum
1053 1245 1061 1258 ,
1072 1223 1170 1254 consi-

211 1263 384 1304 liorumque
395 1263 487 1293 fueris
499 1275 504 1293 ς
518 1264 636 1294 habitus
646 1264 681 1295 sis
692 1266 721 1294 in
732 1264 850 1294 liberii-m
859 1266 914 1296 loco
927 1287 935 1299 ,
948 1265 1019 1296 sicut
1029 1276 1096 1296 mos
1106 1276 1171 1296 ma-

211 1305 316 1345 jorum
326 1305 456 1335 ferebat:
477 1306 599 1346 repente
610 1307 759 1348 relinquas
773 1307 851 1337 ?des
846 1318 906 1338 eras
917 1311 927 1337 ?
947 1308 981 1338 ad
993 1307 1171 1338 adversarios

213 1347 339 1377 transeas
359 1350 368 1376 ?
390 1349 416 1377 O
427 1348 520 1377 scelus
533 1350 538 1377 1
560 1347 579 1378 ὁ
588 1358 763 1388 portentum
774 1351 807 1379 in
826 1350 946 1380 ultimas
966 1359 1053 1380 terras
1063 1360 1172 1390 expor-

214 1388 342 1419 tandum
356 1390 361 1418 Ξ
381 1391 455 1418 Non
465 1392 549 1420 enim
567 1390 663 1429 potest
672 1401 704 1421 ea
714 1399 817 1421 natura
827 1411 835 1425 ‚
854 1402 919 1432 quae
929 1401 1044 1422 tantum
1056 1391 1172 1422 facinus

213 1431 403 1461 commiserit
413 1451 420 1464 ‚
434 1432 492 1461 hoc
501 1442 553 1461 uno
562 1431 659 1471 scelere
669 1432 716 1470 effe
725 1441 861 1473 conrepta.
884 1433 997 1464 iiecesse
1007 1433 1049 1464 est
1059 1435 1174 1474 semper

212 1472 328 1513 aliquid
338 1473 486 1513 ejusmodi
497 1475 648 1504 moliatur:
657 1473 771 1505 necesse
783 1474 866 1505 estin
875 1474 964 1506 simili
975 1476 1174 1516 audacia,per-

214 1512 348 1555 fidiaque
367 1515 507 1545 versetur.
531 1518 632 1557 Itaque
651 1516 733 1547 idem
752 1516 804 1546 iste
816 1537 824 1551 ,
847 1527 938 1558 quem
950 1521 1003 1548 Cn.
1015 1517 1174 1548 Dolabella

214 1555 317 1596 postea
326 1558 358 1586 C.
368 1557 513 1587 Malleolo
524 1559 622 1588 oceiso
631 1568 685 1598 pro
695 1558 839 1600 quaestore
848 1560 951 1590 habuit
960 1561 1049 1599 (haud
1061 1561 1174 1593 scio,an

215 1598 315 1638 major
330 1600 423 1628 etiam
442 1599 504 1629 haec
520 1599 705 1630 necessitudo
716 1600 824 1635 fuerit,
847 1601 937 1642 quam
954 1603 1005 1632 iila
1015 1602 1171 1632 Carbonis:

213 1650 250 1670 ac
259 1640 327 1680 plus
330 1640 475 1679 judicium
486 1642 640 1671 voluntatis
648 1643 755 1677 valere,
766 1653 857 1684 quam
867 1644 953 1673 sortis
963 1644 1078 1685 debeat)
1090 1644 1173 1674 idem

214 1684 251 1712 in
262 1682 512 1713 Cn.Dolabellam
523 1703 531 1717 ‚
543 1686 640 1725 quiin
651 1685 879 1715 Cn-Carbonem
888 1684 954 1715 fuit.
974 1689 1054 1716 Nam
1065 1697 1130 1727 quae
1141 1688 1174 1716 in

216 1724 317 1764 ipsum
327 1724 466 1755 valebant
474 1727 602 1755 crimina
615 1747 622 1759 ,
642 1727 774 1756 contulit
783 1729 815 1757 in
826 1728 914 1757 illum
925 1747 933 1761 ,
953 1729 1128 1769 causamque
1139 1729 1174 1758 il-

215 1765 276 1796 lius
295 1776 423 1796 omnem
441 1766 476 1797 ad
495 1768 639 1798 inimicos
649 1787 658 1801 ‚
678 1769 910 1810 accusatoresque
928 1769 1035 1800 detulit
1047 1781 1052 1799 :
1071 1771 1131 1810 ipse
1143 1772 1175 1800 in

216 1818 289 1838 eum
303 1829 312 1841 ‚
323 1810 372 1838 cui
382 1808 491 1850 legatus
501 1829 509 1842 ,
520 1811 630 1850 cuipro
639 1810 786 1850 quaestore
794 1810 904 1845 fuerat,
917 1811 1174 1846 inimicissimum,

214 1858 304 1896 atque
315 1849 575 1890 improbissimum
586 1851 798 1882 testimonium
810 1852 897 1883 dixit.
919 1854 973 1883 Ille
983 1874 991 1887 ,
1004 1854 1094 1885 miser
1103 1853 1173 1884 cum

217 1890 310 1926 esset;
327 1901 392 1922 tum
402 1892 576 1932 proditione
585 1892 670 1923 istius
681 1894 793 1925 nefaria
803 1914 812 1928 ,
826 1904 890 1925 turn
906 1896 1048 1935 improbo
1058 1897 1090 1927 δε
1100 1895 1175 1927 falso

216 1934 350 1971 eiusdem
366 1933 544 1965 testimonio
555 1956 564 1969 ‚
582 1943 649 1965 tum
662 1937 760 1966 multo
777 1939 867 1967 etiam
879 1947 917 1967 ex
934 1940 1068 1969 maxima
1084 1948 1180 1979 parte,

153 1980 167 2005 1
177 1971 198 2005 6
216 1974 302 2006 istius
316 1975 466 2006 furtorum
478 1997 487 2010 ‚
503 1987 536 2008 ac
546 1976 728 2018 flagitiorum
747 1979 860 2008 invidia
869 1978 1071 2021 conflagravit.
1095 1981 1176 2022 Qd

213 2019 274 2048 hoc
293 2018 419 2048 homine
427 2018 541 2049 faciatis
552 2022 562 2049 ?
588 2023 600 2047 3
613 2029 660 2050 aut
670 2020 705 2050 ad
714 2031 803 2062 quam
806 2021 882 2060 spem
898 2030 958 2052 tam
968 2021 1175 2062 perfidiosum,

214 2068 278 2090 tam
295 2061 508 2100 importunum
518 2062 630 2092 animal
640 2062 792 2092 reservetis
801 2065 814 2099 ?¹
822 2066 873 2104 qui
881 2067 898 2090 4
906 2065 937 2093 in
949 2065 1175 2096 Cn.Cai·bonem

214 2102 327 2132 sortem
338 2122 347 2135 ,
359 2104 390 2131 in
402 2104 456 2132 Cn.
468 2103 661 2133 Dolabellam
671 2104 859 2135 voluntatem
870 2105 1054 2146 neglexerit,
1067 2117 1098 2137 ac
1106 2109 1175 2137 vio-

213 2143 299 2177 larit,
323 2146 337 2171 5
347 2144 455 2184 eosque
465 2145 571 2176 ambos
580 2155 644 2175 non
655 2145 756 2175 solum
767 2145 937 2180 deseruerit,
948 2147 997 2177 sed
1008 2150 1095 2179 etiam
1104 2159 1175 2188 pro—

216 2183 344 2220 diderit,
357 2194 443 2226 atque
455 2189 641 2228 oppugnarit.
665 2187 770 2217 Nolite
781 2207 789 2221 ‚
801 2189 912 2228 quaeso‚
929 2188 1044 2227 judices
1055 2210 1064 2223 ,
1076 2190 1174 2220 brevi-

215 2235 274 2257 tate
284 2229 430 2257 orationis
440 2237 515 2258 meae
525 2231 624 2268 potius
635 2249 644 2263 ,
666 2228 757 2270 quam
774 2239 873 2259 rerum
885 2230 1011 2270 ipsarum
1023 2233 1174 2272 magnitu-

215 2268 288 2298 dine
299 2288 308 2302 ‚
325 2270 453 2299 crimina
461 2270 636 2310 ponderare.
659 2272 737 2300 mihi
750 2272 833 2301 enim
844 2272 1063 2311 properandum
1074 2275 1176 2304 neces-

218 2308 294 2340 sario
305 2309 349 2341 est
358 2331 367 2343 ‚
381 2321 414 2341 ut
422 2314 528 2342 omnia
537 2313 626 2342 vobis
636 2332 645 2346 ,
664 2323 730 2353 quae
741 2314 818 2343 mihi
828 2313 988 2344 constituta
998 2314 1067 2344 sunt
1077 2335 1085 2348 ‚
1104 2316 1174 2355 pos-

218 2350 274 2382 fim
285 2361 447 2392 exponere.
470 2354 676 2394 Qmobrem
687 2375 696 2388 ,
716 2354 860 2395 quaestuia
869 2354 954 2385 istius
963 2355 1172 2391 demonstrata,

216 2396 370 2435 primique
388 2395 574 2437 magistratus
585 2394 707 2426 &furto
717 2416 726 2430 ,
749 2397 782 2426 δε
792 2397 898 2427 scelere
912 2398 1066 2438 pe1·spe6lo
1076 2418 1083 2432 ,
1105 2400 1174 2428 reli-

216 2446 276 2477 qua
283 2436 436 2467 attendite.
458 2438 493 2466 in
503 2437 611 2478 quibus
627 2437 703 2468 illud
713 2447 832 2479 tempus
844 2440 1032 2470 Sullanarum
1049 2441 1176 2479 proscri-

214 2480 358 2518 ptionum
369 2498 378 2512 ‚
389 2488 421 2509 ac
430 2481 599 2519 rapinarum
609 2482 833 2519 praetermittam
846 2491 851 2510 :
868 2490 964 2522 neque
975 2492 1029 2521 ego
1039 2481 1130 2512 istum
1141 2481 1177 2512 si—

218 2520 251 2550 bi.
261 2529 294 2548 ex
304 2522 444 2550 commum·
453 2520 619 2551 calamitate
627 2520 832 2552 defensionem
843 2522 936 2553 ullam
946 2522 1037 2554 sinam
1047 2525 1175 2554 sumere.

219 2561 281 2592 suis
293 2571 363 2591 eum
374 2564 460 2592 certis
470 2583 479 2596 ‚
498 2564 681 2605 propriisque
690 2565 871 2595 criminibus
888 2565 1036 2595 accusabo.
1061 2569 1175 2607 Qun-

218 2603 324 2633 obrem
336 2623 344 2637 ,
364 2605 422 2634 hoc
430 2607 662 2646 omnitempore
672 2606 795 2636 Sullano
805 2617 843 2636 ex
852 2607 1036 2638 accusatione
1045 2609 1174 2638 circum-

219 2645 329 2685 scripto
347 2665 357 2680 ‚
380 2646 562 2688 legationem
581 2650 646 2688 ejus
659 2649 829 2688 praeclaram
848 2649 1026 2690 cognoscite.
1058 2649 1173 2681 Postea-
1192 2671 1196 2695 ¹

220 2809 227 2815 ι
261 2783 284 2801 ι.
304 2778 537 2811 Vitampericuligfizm
549 2798 556 2809 ,
566 2780 698 2813 insi'dioſsim
710 2799 717 2811 ,
731 2781 862 2815 insistam]
881 2783 923 2808 lta
934 2782 991 2808 Pal.
1002 2782 1051 2809 sec.
1063 2784 1102 2810 uti
1114 2792 1176 2809 coii-

216 2819 318 2844 jecerat
329 2811 483 2839 Lambinus.
503 2814 550 2840 alii
561 2822 645 2841 taint-ii
658 2815 745 2852 scripti
765 2816 883 2853 editiqiic
900 2819 1048 2849 invidiosam.
1071 2819 1176 2846 Paullus

222 2847 359 2873 Manutius
369 2857 428 2874 cuin
439 2848 496 2876 filio
506 2857 590 2876 totam
602 2860 660 2877 eam
671 2861 760 2878 vocem
771 2853 915 2880 eradicavit
925 2866 938 2880 c
950 2854 999 2880 suis
1011 2855 1096 2881 libris.

258 2891 286 2908 2.
306 2886 573 2919 Ante-quamprqspicerc
582 2895 652 2921 atque
660 2890 806 2924 explorare]
821 2891 863 2917 Est
874 2891 888 2916 a
901 2890 967 2917 Pall.
979 2892 1006 2916 δε
1017 2891 1110 2926 Cujac.
1121 2891 1177 2927 pla-

221 2926 365 2955 cueratque
377 2920 441 2946 item
454 2921 593 2948 Lambiiio.
613 2923 670 2949 alia:
681 2924 888 2959 edispetspiccre.

261 2963 287 2990 3.
307 2960 371 2983 ’,Αιίι
380 2956 413 2981 eid
420 2960 561 2991 qimmspem
572 2977 579 2990 ,
590 2959 656 2993 dvm]
678 2960 746 2986 l'all.
757 2962 783 2987 &
795 2962 859 2988 olim
871 2962 931 2989 cdd.
943 2964 976 2989 ad
984 2966 1158 2999 aliquamspem
1167 2983 1176 2996 ,

223 2989 275 3017 fine
285 2999 340 3022 am,
351 2999 380 3018 ut
391 3000 420 3017 ca
428 2993 557 3027 particula
569 3004 577 3018 x
585 2994 688 3021 idcntui·
698 2995 886 3031 supervacanea

260 3035 289 3059 4.
305 3030 332 3052 In
341 3030 386 3054 Cn.
397 3030 623 3062 Carboncmfiirtcm,
634 3034 658 3056 in
668 3034 712 3058 Cn.
723 3035 863 3060 Dolabellam
875 3037 1018 3061 volumnum
1027 3036 1177 3071 nczlrxerit]

224 3062 341 3098 Exprcssi
354 3063 424 3102 quod
436 3073 491 3091 erat
502 3065 527 3091 iii
539 3066 596 3092 inis.
607 3067 713 3098 nostris,
729 3069 755 3094 iii
770 3071 866 3097 vetuste
877 3072 1016 3108 inipi'essis,
1026 3065 1179 3108 secutusque

222 3097 310 3125 fuerat
318 3099 463 3127 Victorius.
485 3101 598 3137 Vulgata
607 3105 711 3129 Carbone
723 3123 731 3135 ,
741 3106 768 3130 δι
779 3108 905 3133 Dolabella.

1222 98 1749 146 Cicnnoiirs
2288 0 2295 186 ι

1203 175 1293 218 quam
1305 178 1360 207 Cn.
1374 176 1541 208 Dolabellae
1551 179 1707 216 provincia
1717 177 1822 208 Cilicia
1840 176 2001 209 constituta
2011 175 2068 209 est:
2088 177 2108 210 ὃ
2118 178 2162 211 dii
2294 174 2295 206 j

1205 219 1392 249 immortales
1404 240 1412 253 ,
1430 218 1601 260 quantaiste
1610 219 1771 260 cupiditate
1785 241 1795 253 ,
1816 220 1926 261 quibus
1936 220 2164 261 allegationibus
2288 187 2295 284 ι

1203 261 1288 291 illam
1299 259 1352 291 sibi
1370 261 1553 302 legationem
1564 264 1747 303 expugnavit
1769 264 1774 291 l
1799 257 1828 291 id
1838 262 1921 302 quod
1931 264 1984 292 Cn.
1998 262 2164 293 Dolabellae

1204 304 1388 343 principium
1400 304 1542 334 maxima:
1553 304 1727 334 calamitatis
1736 303 1802 333 fuit.
1815 307 1899 334 Nam
1908 314 1940 343 ut
1950 303 2001 334 iste
2012 302 2164 344 profeEtus
2289 286 2295 339 l

1205 344 1248 375 est
1259 365 1266 378 ,
1279 355 1466 386 quacumque
1476 345 1529 374 iter
1537 343 1619 378 fecit,
1631 345 1780 385 ejusmodi
1791 345 1860 379 fuit,
1871 348 1938 375 no'n
1947 355 1978 376 ut
1989 346 2099 387 legatus
2110 355 2166 386 po-
2289 342 2295 379 l}

1205 387 1416 427 puliRomani,
1430 387 1479 418 sed
1491 396 1522 417 ut
1532 387 1669 427 quaedain
1679 388 1829 416 calamitas
1838 387 1996 428 pervadere
2005 387 2164 418 videretur.
2289 383 2295 429 Η

1207 431 1243 459 In
1253 430 1362 469 Achaja
1380 429 1616 469 (praetermittam
1637 432 1756 459 minora
1774 432 1879 460 omnia
1890 450 1898 464 ‚
1921 440 2050 471 quorum
2070 428 2166 460 simile
2189 431 2232 469 ¹7
2289 426 2295 468 [l

1208 469 1328 501 forsitan
1336 471 1410 501 alius
1420 481 1540 512 quoque
1549 471 1662 512 aliquid
1672 471 1833 512 aliquando
1843 471 1957 502 fecerit:
1967 472 2045 501 nihil
2055 471 2165 506 dicam,
2289 470 2295 511 '1

1209 511 1264 542 nisi
1275 511 1416 555 fingulare
1425 534 1433 545 ‚
1447 513 1502 543 nisi
1511 513 1592 553 quod
1604 534 1611 546 ‚
1624 512 1645 543 si
1655 516 1687 543 in
1695 518 1790 543 alium
1801 524 1886 544 reum
1897 513 2043 544 diceretur
2051 533 2058 547 ‚
2071 515 2168 544 incre-

1209 554 1302 584 dibile
1311 555 1471 595 videretur)
1491 554 1695 596 magistratum
1706 557 1881 596 Sicyonium
1901 566 2048 585 nummos
2059 555 2171 596 popos-

1209 598 1258 626 cit.
1283 599 1331 627 Ne
1348 595 1448 627 sithoc
1466 599 1582 627 crimen
1598 599 1630 626 in
1643 600 1766 627 Verrem
1786 607 1791 625 :
1807 598 1935 637 fecerunt
1951 598 2015 626 alit.
2035 597 2107 628 cum
2118 597 2172 628 ille

1211 649 1275 668 non
1285 639 1367 669 daret
1378 659 1386 673 ,
1398 638 1618 669 animadvertit.
1637 639 1818 679 Improbum
1830 660 1838 672 ,
1851 640 1898 669 sed
1909 650 1973 670 non
1984 639 2168 670 inauditum.

1211 682 1314 711 Genus
1324 679 1589 711 animadversionis
1600 681 1707 711 videte.
1734 683 1871 722 quaeretis
1882 701 1889 715 ‚
1913 679 1929 701 ⁶
1940 686 1978 712 ex'
1987 692 2048 723 quo
2059 682 2176 722 genere

1210 723 1370 753 hominem
1383 723 1473 754 istum
1490 723 1638 761 judicetis.
1659 726 1767 764 Ignem
1779 734 1816 754 ex
1834 724 1923 765 lignis
1932 724 2081 754 viridibus
2092 743 2101 757 ‚
2123 732 2168 754 at-

1210 775 1267 805 que
1277 765 1412 795 humidis
1431 768 1464 795 in
1476 765 1544 795 loco
1563 765 1686 807 angusto
1699 764 1762 795 fieri
1777 764 1864 802 iuffit.
1888 766 1930 795 ibi
1948 767 2109 796 hominem
2121 767 2170 795 in-

1209 816 1344 848 genuum
1355 827 1363 841 ‚
1382 807 1469 837 domi
1488 807 1627 837 nobilem
1638 828 1646 842 ,
1666 808 1914 848 populiRomani
1929 808 2044 838 socium
2057 827 2065 841 ,
2082 816 2169 848 atque
2287 768 2292 866 Ι

1211 850 1345 878 amicum
1356 850 1452 888 ‚fumo
1462 850 1654 878 excruciatum
1664 871 1670 883 ,
1683 850 1865 880 semivivum
1876 850 2008 890 reliquit.
2028 851 2096 891 Jam
2104 859 2171 891 quae
2287 870 2291 878 .

1213 889 1265 920 iste
1277 889 1355 932 signa
1366 912 1374 924 ‚
1398 901 1469 932 quas
1487 891 1598 921 tabulas
1608 891 1700 932 pietas
1710 912 1718 925 ‚
1743 901 1781 921 ex
1791 893 1897 931 Achaja
1916 891 2083 925 sustulerit,
2104 901 2170 921 non

1213 932 1311 963 dicam
1321 934 1465 963 hocloco.
1490 932 1532 963 est
1542 933 1615 963 alius
1628 934 1706 963 mihi
1718 934 1800 963 locus
1821 939 1835 963 7
1846 934 1880 964 ad
1900 934 1977 964 hanc
1988 933 2073 963 istius
2085 935 2171 973 cupi-

1213 973 1337 1004 ditatem
1354 974 1618 1005 demonstrandam
1632 976 1769 1006 servatus.
1793 977 1919 1006 Athenis
1928 975 2050 1005 audistis
2070 985 2103 1004 ex
2121 975 2172 1004 aede

1214 1017 1352 1046 Minerva
1370 1017 1479 1058 grande
1497 1016 1559 1047 auri
1576 1017 1695 1058 pondus
1713 1017 1859 1048 ablatum.
1884 1017 2000 1048 diStum
2012 1019 2070 1047 hoc
2084 1015 2126 1046 est
2136 1019 2172 1047 in

1214 1060 1268 1088 Cn.
1280 1059 1446 1089 Dolabellae
1456 1059 1580 1098 judicio.
1602 1059 1741 1090 disturn?
1757 1061 1847 1089 etiarn
1857 1059 2047 1090 aestimatuin.
2072 1059 2172 1097 Hujus

1212 1098 1329 1130 consilii
1346 1111 1410 1130 non
1426 1100 1522 1131 modo
1541 1103 1715 1141 participem
1727 1103 1759 1131 C.
1770 1104 1895 1131 Verrem
1908 1122 1916 1135 ,
1936 1101 1983 1131 sed
2001 1103 2175 1141 principem

1213 1140 1297 1172 fuiffie
1309 1144 1473 1182 reperietis.
1498 1144 1612 1172 Delum
1624 1146 1718 1173 venit.
1743 1143 1786 1173 ibi
1796 1153 1834 1173 ex
1847 1143 1919 1173 fano
1932 1143 2082 1183 Apollinis
2101 1143 2174 1172 relio

1212 1182 1374 1224 giosiffimo
1391 1183 1474 1213 noffm
1484 1181 1556 1213 clam
1573 1184 1691 1215 sustulit
1701 1183 1779 1226 signa
1787 1185 1986 1225 pulcherrima
1998 1205 2005 1218 ,
2023 1194 2108 1225 atque
2119 1194 2173 1215 an-
2289 1206 2292 1239 Ι

1213 1224 1388 1266 tiquissima:
1413 1236 1504 1266 eaque
1523 1228 1555 1256 in
1572 1228 1739 1256 onerariam
1756 1237 1865 1256 navem
1885 1227 1965 1257 suam
1984 1225 2174 1266 conjicienda
2289 1241 2292 1294 1

1213 1266 1485 1299 curavit.Postridie
1496 1266 1568 1298 cum
1577 1268 1683 1298 fanum
1693 1269 1853 1308 spoliatum
1864 1268 2000 1298 viderent
2009 1270 2099 1309 i'i‚qui
2109 1270 2173 1297 De-

1215 1310 1281 1339 lum
1292 1310 1482 1343 incolebant,
1495 1312 1621 1349 graviter
1629 1309 1772 1340 ferebant.
1795 1309 1838 1340 est
1848 1312 1932 1340 enim
1943 1319 2023 1340 tanta
2033 1310 2110 1350 apud
2121 1318 2173 1339 eos

1214 1352 1278 1391 ejus
1287 1351 1350 1381 fani
1359 1353 1475 1392 religio,
1486 1361 1572 1393 atque
1581 1353 1751 1393 antiquitas,
1761 1354 1834 1382 utin
1844 1362 1880 1381 eo
1890 1353 1958 1382 loco
1969 1347 2069 1392 ipsum
2079 1351 2175 1392 Apol-

1215 1394 1311 1423 linem
1320 1403 1425 1424 natum
1435 1393 1494 1424 ess'e
1505 1394 1694 1424 arbitrentur.
1718 1392 1834 1423 verbum
1844 1401 1936 1423 tamen
1945 1394 2040 1433 fizcere
2057 1405 2108 1423 non
2117 1404 2173 1422 au-

1214 1434 1315 1465 debant
1335 1456 1343 1469 ,
1368 1446 1406 1466 ne
1423 1435 1500 1466 forte
1520 1446 1553 1465 ea
1572 1446 1617 1465 res
1628 1436 1662 1466 ad
1673 1436 1864 1466 Dolabellam
1882 1436 1982 1476 ipsum
2000 1437 2170 1476 pertineret.

1215 1481 1301 1509 Tum
1313 1475 1412 1508 subito
1423 1477 1611 1517 tempestates
1621 1487 1732 1508 coortae
1742 1478 1811 1508 sunt
1820 1480 1961 1508 maximae
1973 1498 1981 1512 ‚
1990 1477 2106 1518 judices
2116 1497 2124 1511 ‚
2138 1485 2171 1508 ut
2195 1475 2234 1512 18

1214 1525 1278 1550 n'on
1289 1519 1383 1550 modo
1393 1518 1540 1560 proficisci
1552 1540 1560 1553 ‚
1581 1518 1652 1549 cum
1661 1528 1798 1559 cuperet,
1819 1520 1976 1550 Dolabella
1992 1529 2055 1549 non
2066 1517 2172 1560 pollet,

1215 1562 1264 1592 sed
1273 1565 1328 1592 vix
1339 1564 1371 1592 in
1387 1562 1501 1602 oppido
1511 1560 1699 1592 consisteret:
1722 1563 1762 1591 ita
1771 1564 1871 1601 magni
1891 1560 2000 1591 fluetus
2010 1562 2036 1601 ej
2042 1562 2174 1592 icieban—

1215 1613 1271 1634 tur.
1296 1602 1355 1634 Hic
1364 1606 1448 1634 navis
1458 1603 1668 1643 illapraedonis
1678 1602 1763 1633 istius
1774 1623 1781 1637 ‚
1803 1602 1909 1633 onusta
1919 1601 2171 1644 signisreligiofis,

1216 1646 1337 1686 expulsa
1354 1654 1442 1687 atque
1460 1646 1485 1685 ej
1490 1645 1553 1676 esta
1572 1644 1667 1675 fluelu
1678 1666 1687 1678 ,
1706 1644 1865 1687 frangitur.
1876 1647 1909 1675 in
1920 1645 2018 1675 littore
2035 1643 2115 1686 signa
2123 1645 2176 1676 illa

1217 1688 1370 1728 Apollinis
1379 1690 1568 1727 reperiuntur
1586 1698 1591 1717 :
1612 1685 1691 1727 jufl'u
1701 1688 1867 1717 Dolabella:
1877 1696 2078 1727 reponuntur:
2102 1694 2176 1717 tem-

1216 1729 1300 1768 pestas
1311 1729 1426 1769 fhclarur
1441 1740 1452 1757 .·
1475 1729 1635 1760 Dolabella
1644 1729 1724 1759 Delo
1743 1727 1948 1769 proficiscitur.
1973 1731 2047 1759 Non
2056 1728 2174 1764 dubito,

1217 1775 1292 1814 quin
1309 1770 1424 1802 tametsi
1441 1771 1545 1801 nullus
1562 1773 1596 1801 in
1614 1781 1641 1801 te
1659 1771 1759 1801 sensus
1770 1771 1986 1804 humanitatis,
2007 1771 2090 1801 nulla
2100 1773 2175 1802 ratio

1219 1824 1363 1855 umquam
1374 1812 1433 1844 fuit
1452 1814 1609 1855 religionis
1619 1833 1627 1846 ‚
1646 1823 1728 1843 nunc
1737 1822 1838 1843 tamen
1847 1813 1876 1841 in
1886 1820 1963 1841 metu
1975 1833 1982 1846 ‚
1998 1813 2176 1855 periculoque

1219 1865 1266 1886 tuo
1274 1877 1282 1890 ,
1294 1866 1417 1886 tuorum
1428 1856 1483 1886 tibi
1495 1856 1638 1886 scelerum
1647 1856 1788 1885 veniatin
1798 1864 1947 1884 mentem.
1971 1854 2107 1886 Potestne
2118 1855 2174 1886 tibi

1219 1899 1278 1929 ulla
1281 1899 1339 1938 spes
1343 1898 1445 1937 siclinis
1453 1897 1616 1928 commoda
1623 1896 1741 1927 ostendi
1751 1917 1759 1930 ‚
1778 1895 1849 1927 cum
1859 1896 2019 1927 recordaris
2030 1917 2038 1930 ‚
2058 1899 2090 1927 in
2100 1897 2176 1928 deos

1221 1941 1418 1971 immortaleis
1435 1940 1525 1981 quam
1542 1941 1654 1979 impius
1665 1959 1674 1973 ,
1697 1938 1788 1979 quarn
1799 1939 1952 1968 sceleratus
1964 1959 1972 1972 ‚
1990 1939 2080 1980 quam
2092 1939 2174 1970 nefa-

1220 1985 1280 2013 rius
1299 1981 1412 2012 fueris?
1434 1982 1649 2022 Apollinemne
1672 1990 1704 2011 tu
1724 1980 1851 2010 Delium
1873 1981 1997 2020 spoliare
2016 1982 2100 2011 ausus
2119 1992 2149 2012 es
2161 1983 2174 2010 ?

1219 2026 1305 2055 illine
1315 2034 1346 2055 tu
1355 2025 1488 2065 templo,
1509 2033 1570 2054 tam
1580 2026 1704 2064 antiquo
1715 2043 1723 2056 ‚
1744 2031 1804 2052 tam
1814 2021 1934 2056 fimeto,
1955 2032 2015 2052 tam
2032 2023 2173 2064 religioso

1220 2077 1327 2098 manus
1337 2069 1454 2107 impias,
1465 2077 1497 2096 ac
1507 2067 1657 2107 sacrilegas
1667 2064 1770 2095 afferre
1778 2073 1901 2093 conatus
1911 2074 1941 2093 es
1951 2067 1961 2092 P
1972 2066 2001 2093 Si
2012 2065 2174 2105 inpueritia

1220 2119 1285 2139 non
1296 2110 1343 2138 his
1360 2109 1469 2138 artibus
1489 2107 1696 2146 &disciplinis
1713 2104 1867 2135 institutus
1884 2115 1945 2134 eras
1957 2126 1965 2137 ‚
1989 2114 2022 2135 ut
2038 2116 2086 2140 ea,
2105 2117 2172 2147 quae

1220 2151 1324 2180 litteris
1334 2149 1469 2179 mandata
1479 2150 1556 2182 sunt,
1567 2149 1702 2180 disceres,
1713 2157 1798 2188 atque
1806 2147 2013 2187 cognosceres:
2026 2158 2064 2177 ne
2073 2148 2175 2188 postea

1218 2192 1343 2232 quidem
1355 2211 1362 2225 ‚
1383 2190 1456 2221 cum
1474 2193 1506 2220 in
1515 2201 1547 2221 ea
1558 2191 1618 2230 ipsa
1630 2188 1808 2220 locavenisti
1819 2208 1828 2222 ‚
1850 2188 2174 2229 potuistiaccipereid,

1219 2233 1299 2274 quod
1311 2232 1353 2263 est
1361 2233 1515 2273 proditum
1527 2234 1682 2262 memoriae
1694 2251 1702 2265 ‚
1719 2241 1752 2261 ac
1763 2231 1866 2260 litteris
1879 2233 2045 2261 ?Lat0nam
2057 2242 2095 2261 ex
2106 2232 2175 2262 lon·-

1219 2285 1256 2316 go
1266 2285 1362 2305 errore
1374 2295 1382 2308 ‚
1403 2274 1435 2304 &
1445 2274 1514 2315 fuga
1524 2294 1531 2308 ,
1552 2275 1703 2315 gravidam
1718 2293 1726 2306 ,
1752 2268 1766 2291 3
1777 2273 1810 2302 &
1817 2273 1880 2312 jam
1890 2272 1925 2302 ad
1935 2273 2114 2312 pariendum
2124 2275 2173 2304 vi·-

1218 2319 1318 2346 cinam
1332 2337 1340 2349 ,
1358 2317 1545 2356 temporibus
1555 2315 1666 2346 exiistis
1677 2335 1685 2349 ‚
1702 2313 1867 2355 confugiffe
1878 2316 1993 2344 Delum
2003 2334 2012 2348 ,
2032 2325 2118 2356 atque
2129 2316 2173 2346 ibi

1219 2358 1394 2398 Apollinem
1406 2378 1414 2392 ‚
1427 2360 1615 2398 Dianamque
1624 2355 1767 2397 peperisse
1778 2367 1784 2385 z
1804 2366 1862 2397 qua
1870 2366 1907 2385 ex
1915 2358 2061 2396 opinione
2070 2359 2173 2388 homi-

1219 2410 1294 2430 num
1307 2419 1315 2433 ‚
1335 2400 1386 2430 illa
1396 2400 1486 2439 infida
1497 2410 1588 2428 eorum
1598 2399 1709 2428 deorum
1715 2399 1797 2437 sacra
1801 2405 1924 2440 putatur
1934 2409 1945 2425 .·
1961 2407 2098 2439 tantaque
2107 2400 2173 2439 ejus

1218 2442 1374 2472 ausstoritas
1384 2442 1539 2482 religionis
1550 2442 1582 2471 Sc
1591 2440 1634 2471 est
1645 2461 1652 2474 ‚
1666 2442 1697 2471 δε
1708 2441 1823 2479 semper
1830 2439 1900 2473 fuit,
1913 2449 1946 2470 ut
1956 2451 1993 2470 ne
2004 2441 2095 2470 Pcrsae
2104 2443 2174 2482 qui·

1219 2484 1289 2514 dem
1298 2502 1306 2517 ,
1328 2494 1397 2513 cum
1408 2484 1522 2513 bellum
1532 2485 1587 2513 toti
1598 2484 1720 2513 Graeciae
1731 2502 1739 2516 ,
1759 2482 1815 2512 diis
1826 2503 1834 2515 ‚
1848 2482 2082 2524 hominibusque
2091 2482 2174 2513 indi-

1218 2524 1327 2555 xiss'ent
1337 2546 1344 2559 ‚
1365 2526 1396 2556 &
1408 2526 1492 2555 mille
1502 2535 1631 2555 numero
1642 2527 1765 2555 navium
1780 2521 1900 2554 class'em
1909 2523 1944 2553 ad
1957 2524 2071 2554 Delum
2081 2534 2173 2565 appu-

1217 2566 1327 2600 liss‘ent,
1339 2568 1501 2608 quidquam
1512 2575 1745 2597 conarenturaut
1754 2566 1876 2599 violare,
1887 2575 1935 2596 aut
1943 2567 2091 2606 attingere.
2103 2569 2173 2598 Hoc

1220 2618 1251 2639 tu
1261 2608 1364 2639 fanum
1376 2609 1568 2649 depopulari,
1580 2610 1677 2638 homo
1688 2605 1904 2647 improbiffime
1915 2628 1923 2641 ‚
1933 2617 2020 2648 atque
2029 2609 2172 2639 amentis-

1221 2649 1306 2687 sime,
1319 2651 1465 2682 audebas?
1488 2655 1503 2679 9
1513 2650 1572 2682 fuit
1581 2651 1642 2682 ulla
1651 2650 1794 2691 cupiditas
1804 2658 1882 2680 tanta
1891 2670 1901 2683 ‚
1920 2659 1986 2690 quae
1996 2658 2106 2722 tanEirn
2118 2659 2173 2680 ex·-

2072 2702 2178 2733 ingue-

1219 2783 1275 2809 biiit
1295 2783 1378 2811 editio
1396 2784 1540 2817 Lambini,
1557 2784 1729 2821 placebatque
1739 2784 1896 2811 Gulielmio.
1925 2783 2026 2820 &saepe
2044 2783 2077 2810 fic
2091 2782 2173 2810 locuti

1222 2828 1277 2845 i'th
1283 2829 1308 2846 ΥΟ
1316 2838 1319 2843 i
1326 2841 1331 2847 ι

1253 2856 1280 2881 6.
1302 2860 1342 2882 Ex
1359 2867 1402 2891 quo
1415 2867 1496 2890 genere
1506 2860 1616 2882 hominem
1629 2859 1696 2889 ist'um
1705 2856 1843 2891 judicetis]
1864 2854 2008 2882 Lambinus
2020 2856 2047 2881 8(
2057 2853 2172 2882 Manutii

1216 2892 1370 2928 posteriores
1382 2895 1505 2920 hommum.
1525 2893 1567 2919 iic-l
1578 2900 1669 2920 contra
1680 2892 1737 2918 iuss‘.
1747 2892 1847 2919 nostros
1859 2892 1887 2917 δε
1897 2891 1956 2917 edd.
1969 2891 2072 2927 priscas.

1255 2936 1281 2961 7.
1301 2930 1355 2956 ’,Διὶ
1362 2931 1423 2954 lianc
1432 2931 1498 2963 istius
1507 2937 1559 2962 cup.
1569 2927 1911 2961 demmsi'ranAmasis-narum]
1925 2927 2048 2953 Aliorum
2060 2926 2174 2959 libi-iste-

1212 2965 1327 2998 [ειὛατω
1338 2984 1346 2996 ,
1363 2972 1408 2991 :iut
1423 2967 1560 3000 separatim.
1581 2964 1650 2991 unde
1661 2963 1802 3000 suspicatur
1812 2963 1973 2990 Gulielmius
1983 2963 2171 2998 istudfi‘rwame

1219 3007 1278 3027 natu
1285 3010 1308 3026 ni
1321 3003 1335 3027 a
1345 3000 1427 3035 gloss'a
1439 3021 1446 3032 ,
1459 3008 1487 3027 ut
1498 3002 1525 3026 δε
1536 3000 1592 3027 illas
1603 3000 1666 3027 duas
1677 3000 1739 3026 aliis
1751 3000 1891 3026 variantes.

1255 3036 1281 3062 8.
1302 3041 1334 3063 Et
1345 3046 1400 3070 jam
1419 3037 1452 3062 ad
1464 3038 1605 3070 pariendum
1614 3040 1722 3062 virinam
1735 3055 1741 3066 ,
1751 3038 1890 3069 temporibus
1898 3037 1986 3062 exam!
1996 3035 2084 3069 confiaegi
2104 3046 2113 3061 e
2123 3037 2172 3062 Do-

1216 3072 1291 3107 Imm]
1305 3072 1461 3106 Ciijaicianus
1472 3082 1523 3099 iion
1535 3073 1611 3099 habet
1622 3072 1689 3099 illud
1699 3075 1807 3098 vicinam
1820 3092 1827 3103 ,
1837 3073 1863 3098 ἃ*
1876 3071 1959 3098 reete.

1254 3117 1282 3143 9.
1304 3112 1358 3135 Fun
1367 3110 1414 3134 ulla
1425 3110 1540 3142 cupiditas
1549 3110 1648 3146 tantm]
1663 3110 1705 3139 lta
1714 3108 1771 3138 Pal.
1783 3107 1833 3138 sec.
1843 3108 1881 3139 ita
1891 3107 1947 3137 iiiss.
1960 3106 2118 3137 Hotomani.
2129 3114 2172 3134 re·

258 3144 287 3170 5.
304 3138 393 3172 Evfijne
409 3138 488 3165 ambos
505 3147 551 3165 uon
568 3139 657 3175 mmm]
677 3141 781 3178 Cujacii
793 3142 861 3171 liber
873 3163 882 3177 ‚
902 3145 966 3172 ambo
977 3164 986 3180 ‚
1006 3144 1092 3181 sicque
1102 3145 1180 3175 exhi·
1198 3141 1202 3177 l
1220 3144 1385 3182 copule-etio
1396 3148 1466 3179 ,illm

2031 3187 2041 3207 Ι
2049 3198 2053 3206 .
2063 3177 2175 3208 υἵᾶκηα
