2379 3400
257 99 376 149 1282
733 89 1727 140 M.T.Cxc.1>a1zxnox.i.

251 187 422 221 exaggerato
433 177 534 208 sumus
549 194 556 207 ‚
569 171 854 206 necdebemus,nec
867 169 1032 212 possumus.
1057 173 1107 202 Tu
1118 167 1200 211 posse
1238 180 1289 202 nes
1310 171 1343 201 in
1361 172 1536 212 patrociniis
1556 173 1707 204 intercisas
1721 193 1729 207 ‚
1748 175 1939 213 pecuniarum
1964 179 1995 208 in
2014 177 2201 208 coitionibng

253 233 281 253 te
299 223 391 252 dir-210
412 239 419 252 ‚
447 218 593 258 quoniam
612 214 735 255 quidem
755 222 840 253 potes
861 223 866 242 ;
885 212 993 243 debere
1012 222 1049 242 ne
1069 212 1201 243 dixeris:
1240 212 1486 247 candidatorum,
1511 213 1957 250 dimiffioneslibertoi·um4ad
1967 219 2200 253 defaenemndas,

257 269 266 284 ι
286 264 427 303 quoni-ani
440 258 509 288 mliil
522 254 777 298 quisquamdebet,
798 255 852 296 nisi
863 253 988 297 quodcff
998 262 1076 296 turpe
1087 265 1137 283 non
1147 253 1206 283 red·
1242 254 1482 296 diripiendasque
1500 258 1669 296 provincias
1690 266 1695 286 :
1724 260 1777 298 qui
1800 257 1988 297 expulsiones
2012 262 2198 293 vicinorum,

257 305 326 333 :ft-re.
350 301 405 332 Sed
421 298 644 330 naecnaetenus.
669 298 723 327 Ille
735 296 852 330 videat,
871 295 1033 337 quomodo
1044 299 1204 336 imperator
1243 298 1295 337 qui
1307 297 1464 327 latrocinia
1474 299 1505 328 in
1517 300 1612 337 agris,
1634 300 1766 339 quicum
1777 298 1885 333 servis,
1908 301 2201 336 cumliberti32cum

257 343 313 374 effi·
324 342 407 383 possit
421 352 426 371 z
440 340 512 372 cum
523 349 594 371 (um
604 349 643 371 ne
654 339 785 370 liberum
796 337 921 381 quidem
935 336 991 368 effe
999 339 1076 369 ratio
1086 357 1095 373 ‚
1115 337 1149 369 δε
1159 347 1210 369 ve-

259 395 327 416 ritas
337 385 396 426 ipsa
406 384 575 415 convincat.

507 437 873 479 PARA‘DOXO‘R
892 438 956 467 VI.

383 478 441 523 0¹31
452 485 566 531 miv&
580 486 595 520 ὁ
612 485 709 530 σ-οφός
725 486 903 522 ’ὠθέει-ιθ.

462 543 559 574 Solum
565 544 720 585 fitpientem
729 542 776 581 effe
783 543 916 573 divitem.

296 594 383 633 QJAE
402 589 444 621 est
463 589 515 620 ista
532 593 564 621 in
584 589 853 621 commemoranda
862 590 1112 630 pecuniatuatarn
1126 587 1207 618 inso-

252 634 319 665 iens
339 632 521 664 ostentatio?
549 633 666 663 solusne
687 642 719 663 tu
738 632 845 662 dives?
872 630 929 662 Pro
950 631 994 661 dii
1014 630 1213 661 immortales.

254 686 348 716 egone
367 685 416 705 me
437 673 583 704 audivisse
602 674 715 715 aliquid
727 694 736 708 ,
757 674 790 704 &
804 672 939 704 didicisse
953 692 961 707 ‚
982 682 1044 703 non
1055 672 1213 714 gaudeam?

253 718 379 749 Solusne
398 717 505 746 dives?
524 716 604 755 Quid
625 715 643 746 si
664 726 699 746 ne
722 716 806 747 dives
823 715 968 756 quidem?
989 713 1214 756 quidsipauper

253 761 358 789 etiam?
368 761 468 800 Qem
481 761 565 788 enim
582 758 779 799 intelligimus
789 758 922 787 divitem?
932 765 991 791 aut,
1002 759 1059 787 hoc
1073 756 1212 789 verbnm,

256 803 289 831 in
302 811 363 841 quo
375 801 502 830 homine
521 802 688 841 ponimus?
715 802 825 839 opinor
837 801 868 829 in
879 809 916 829 eo
927 801 976 829 cui
989 807 1067 829 tanta
1077 796 1216 838 possessio

255 842 297 872 est
312 862 320 875 ‚
341 851 373 872 ut
392 841 427 872 ad
452 841 612 873 liberaliter
638 842 805 873 vivendum
815 841 903 871 facile
916 850 1076 871 contentus
1087 839 1138 871 fit:
1162 841 1215 880 qui

252 885 330 914 nihil
341 892 458 925 quaerat,
473 885 551 914 nihil
565 893 700 925 appetat,
721 885 800 913 nihil
811 892 894 924 optet
905 881 1046 923 amplius.
1070 885 1138 913 Am
1147 891 1214 912 Mth

255 934 374 966 oportet
385 935 452 956 tuus
467 946 475 960 ,
497 926 525 956 se
543 926 660 966 judicet
679 925 808 956 divitem
821 945 829 959 ‚
852 934 917 955 non
928 926 1094 955 hominum
1104 925 1213 957 sermo,

253 978 352 1009 neque
365 966 556 1008 possessiones
569 971 583 988 ²
594 977 660 998 tuae:
675 968 753 997 nihil
765 965 819 997 fibi
830 965 925 997 deesse
934 976 1029 1007 putet,
1045 966 1124 996 nihil
1134 975 1217 996 curet

253 1009 397 1050 amplius.
421 1010 541 1040 satiatus
559 1008 602 1040 est
615 1029 623 1043 ‚
640 1018 859 1040 autcontentus
870 1010 960 1039 etiam
972 1010 1122 1048 pecunia?
1139 1018 1215 1038 con-

251 1051 327 1082 cedo
340 1071 348 1085 ‚
362 1051 446 1081 dives
456 1062 498 1082 es.
522 1050 564 1082 fin
577 1060 676 1082 autem
688 1060 807 1091 propter
816 1051 990 1081 aviditatem
1001 1052 1136 1090 pecuniae
1146 1051 1216 1080 nul—

253 1093 319 1123 lum
343 1092 489 1134 quaestum
511 1102 628 1133 turpem
646 1103 731 1132 putas
741 1112 748 1126 ‚
771 1092 843 1123 cum
863 1091 910 1123 isti
929 1092 1030 1122 ordini
1047 1102 1080 1121 ne
1095 1090 1216 1128 honestus

251 1135 367 1176 quidem
373 1135 453 1175 poffit
469 1134 516 1173 effi
526 1137 598 1165 ullus
608 1146 618 1162 :
632 1134 651 1164 si
663 1135 801 1176 quotidie
811 1133 927 1165 fraudas
938 1154 946 1168 ,
959 1134 1072 1174 decipis
1083 1154 1092 1169 ‚
1103 1134 1216 1174 poscis,

274 1177 405 1208 acisceris
416 1197 424 1211 ,
436 1177 545 1211 aufers,
556 1179 657 1217 eripis:
669 1176 690 1206 si
699 1177 796 1207 socios
807 1177 926 1217 spolias,
940 1177 1078 1206 aerarium
1088 1176 1212 1216 expilas:

265 1218 459 1250 itestamenta
478 1221 648 1250 amicorum
669 1216 840 1259 exspectas,
858 1226 908 1248 aut
926 1228 964 1248 ne
977 1217 1131 1258 exspectas
1145 1219 1214 1258 qui-

252 1260 325 1291 dem
337 1281 345 1295 ,
355 1269 443 1302 atque
452 1261 513 1301 ipse
523 1262 676 1301 supponis:
685 1262 748 1291 haec
759 1260 861 1290 utrum
872 1259 1064 1293 abundantis,
1075 1269 1112 1290 an
1121 1269 1215 1301 egen-

251 1304 290 1333 tis
300 1301 379 1344 signa
401 1303 489 1333 sunt?
507 1304 640 1332 Animus
658 1303 790 1336 hominis,
810 1301 908 1336 dives,
927 1312 979 1331 non
997 1311 1064 1330 arca
1082 1301 1216 1344 appellari

246 1344 328 1382 filet.
351 1346 492 1386 quamvis
502 1344 553 1375 illa
563 1343 596 1375 fit
605 1344 694 1385 plena
705 1364 713 1379 ‚
733 1344 807 1375 dum
819 1353 847 1374 te
857 1345 980 1374 inanem
992 1343 1103 1373 videbo
1113 1363 1122 1378 ,
1134 1344 1213 1374 divi·

250 1395 311 1417 tem
324 1395 388 1416 non
405 1385 528 1427 putabo.
553 1388 668 1417 etenim
678 1397 717 1417 ex
727 1394 763 1417 eo
775 1405 784 1420 ,
805 1394 953 1427 quantum
965 1387 1074 1426 cuique
1083 1385 1150 1416 satis
1158 1384 1213 1418 est,

250 1430 418 1459 metiuntur
427 1429 570 1459 homines
579 1428 752 1459 divitiarum
764 1427 905 1458 modum.
915 1427 1024 1458 Filiam
1033 1428 1101 1468 quis
1114 1426 1214 1458 habet?

250 1472 377 1510 pecunia
389 1469 431 1501 est
450 1480 536 1511 opus.
559 1470 654 1501 duas?
677 1471 802 1510 majore.
824 1469 960 1510 plureis?
981 1470 1096 1510 majore
1109 1470 1210 1500 etiam.

252 1512 286 1542 &
300 1511 320 1541 fi
331 1532 339 1545 ‚
360 1521 392 1542 ut
409 1513 494 1551 ajunt
504 1514 601 1543 Danai
612 1531 621 1546 ,
643 1513 861 1553 quinquaginta
878 1509 936 1541 fine
953 1509 1024 1541 filiae
1039 1521 1045 1541 ε
1065 1519 1110 1541 tot
1127 1510 1213 1541 dotes

251 1562 391 1594 magnam
403 1562 541 1593 quaerunt
550 1556 722 1593 pecuniam.
737 1561 910 1593 QAni-tm
920 1554 1005 1582 enim
1016 1554 1127 1593 cuique
1137 1561 1214 1592 opus

252 1595 296 1625 est
307 1614 314 1627 ‚
327 1594 363 1624 ad
374 1595 404 1624 id
414 1594 662 1625 accommodatur
673 1614 682 1628 ‚
693 1603 726 1624 ut
735 1595 804 1624 ante
817 1594 895 1627 dixi,
906 1592 1081 1623 divitiatum
1091 1593 1213 1623 modus.

250 1638 303 1677 qui
316 1638 407 1677 igitur
418 1645 481 1666 non
493 1635 570 1667 filias
579 1636 691 1676 plureis
702 1655 709 1669 ‚
721 1635 770 1666 sed
781 1634 1030 1666 innumerabileis
1039 1634 1215 1675 cupiditates

248 1678 339 1709 habet
349 1698 358 1711 ,
377 1687 444 1718 quae
464 1678 549 1709 brevi
561 1687 696 1718 tempore
708 1678 858 1708 maximas
868 1677 969 1716 copias
979 1677 1137 1707 exhaurire
1145 1676 1215 1716 pos-

251 1720 327 1754 sint3
348 1720 429 1749 hunc
445 1729 508 1760 quo
525 1719 622 1750 modo
640 1729 696 1760 ego
714 1718 870 1759 appellabo
886 1718 1034 1751 divitem,
1054 1717 1129 1748 cum
1151 1717 1212 1757 ipse

248 1764 339 1792 etiam
350 1770 434 1803 egere
448 1763 476 1791 se
488 1761 591 1791 sentiat
601 1763 611 1790 ?
623 1761 714 1801 multi
727 1770 769 1790 ex
780 1769 806 1790 te
816 1759 974 1789 audierunt
985 1778 994 1792 ‚
1005 1758 1077 1788 cum
1089 1758 1216 1791 diceres,

250 1804 386 1832 neminem
396 1801 445 1840 eff'e
457 1803 579 1832 divitem
591 1822 601 1836 ,
619 1802 674 1843 nist*
681 1803 732 1844 qui
743 1801 898 1831 exercitum
907 1801 978 1830 alere
984 1798 1069 1842 posset
1077 1800 1215 1841 fuisfru—

252 1843 342 1874 eribus
352 1856 362 1872 :
385 1848 396 1872 3
409 1844 490 1885 quod
505 1845 635 1885 populus
648 1846 809 1874 Romanus
828 1844 918 1873 tantis
927 1842 1125 1884 vestigalibus
1135 1843 1216 1881 jam-

249 1887 368 1928 pridem
381 1888 434 1917 vix
445 1886 550 1927 potest.
574 1896 644 1928 ergo
657 1887 715 1916 hoc
727 1884 877 1926 proposito
889 1905 897 1918 ,
919 1894 1086 1925 numquam
1100 1885 1157 1914 eris
1167 1883 1215 1914 di-

249 1938 300 1959 ves
311 1929 380 1959 ante
391 1949 398 1963 ‚
419 1931 511 1969 quam
531 1928 586 1959 tibi
606 1938 645 1958 ex
662 1930 721 1958 tuis
729 1925 962 1967 poffeffionibus
972 1935 1087 1957 tantum
1101 1924 1216 1956 reficia—

250 1978 299 2000 tur
311 1990 319 2004 ,
337 1980 370 2001 ut
389 1980 426 2000 ex
444 1980 482 2000 eo
499 1971 575 2000 tueri
597 1971 646 2000 sex
668 1970 802 2011 legiones
815 1989 823 2004 ‚
847 1969 998 2009 &magna
1007 1970 1144 2009 equitum
1156 1987 1164 2001 ‚
1184 1977 1217 1998 ac

249 2012 388 2053 peditum
401 2012 514 2042 auxilia
531 2010 632 2052 poffis.
653 2013 721 2053 J-am
744 2011 844 2042 fateris
855 2013 945 2052 igitur
956 2020 1019 2040 non
1030 2009 1087 2040 ess'e
1098 2020 1125 2040 te
1136 2010 1216 2040 divi-

251 2062 313 2084 tem
325 2073 334 2087 ,
346 2056 395 2085 cui
405 2063 521 2084 tantum
533 2053 605 2084 defit
616 2073 625 2087 ‚
636 2063 668 2085 ut
678 2054 796 2093 expleas
807 2053 838 2083 id
848 2071 856 2087 ‚
868 2052 949 2093 quod
960 2061 1094 2092 exoptas.
1118 2054 1216 2093 itaque

252 2095 337 2127 istam
347 2103 541 2138 paupertatem
553 2115 561 2129 ,
581 2096 631 2126 vel
650 2096 752 2136 potius
769 2093 933 2136 egestatem,
954 2104 989 2125 ac
1007 2094 1218 2124 mendicitatem

216 2151 230 2160 ³
253 2145 335 2169 tuam
347 2147 515 2179 numquam
537 2137 663 2168 obscure
686 2136 790 2168 tulisti.
816 2139 898 2167 Nam
911 2145 943 2167 ut
954 2138 991 2167 iis
1001 2156 1010 2171 ,
1030 2138 1082 2178 qui
1091 2135 1217 2166 honeste

251 2189 316 2210 rem
327 2189 464 2220 quaerunt
477 2181 650 2210 mercaturis
661 2179 806 2210 faciendis
816 2199 824 2214 ‚
836 2180 937 2219 operis
946 2178 1054 2209 dandis
1064 2198 1072 2212 ,
1087 2178 1217 2218 publicis

253 2221 409 2252 sumendis
420 2242 429 2255 ,
451 2221 653 2263 intelligimus
673 2230 748 2261 opus
761 2220 820 2251 effe
830 2219 970 2262 quaesito:
990 2219 1028 2251 sic
1041 2240 1052 2255 ,
1073 2222 1125 2261 qui
1136 2219 1218 2250 videt

254 2264 341 2294 dorni
353 2272 409 2294 tuae
419 2266 525 2304 pariter
534 2264 737 2294 accusatorum
752 2283 761 2297 ,
784 2271 872 2305 atque
882 2263 1020 2293 indicum
1028 2262 1218 2293 consociatos

254 2315 371 2346 greges3
396 2306 450 2346 qui
460 2307 615 2336 nocente-ris
626 2306 659 2336 &
669 2305 849 2345 pecuniosos
861 2314 929 2335 reos
938 2304 1047 2335 eodem
1060 2313 1088 2334 te
1097 2303 1217 2334 auetore

253 2348 452 2388 corruptelam
460 2347 568 2387 judicii
579 2348 755 2378 molienreis
763 2367 774 2381 ‚
782 2349 906 2389 qui-tuas
918 2346 1092 2377 mercedum
1104 2345 1219 2387 paffio—

296 2462 319 2479 1.
348 2454 528 2479 wmm'amnihil
544 2452 767 2487 quilifuamdebct]
791 2452 850 2477 Vox
871 2452 983 2478 initialis
1003 2450 1109 2478 videtur
1128 2452 1219 2487 super·

258 2496 349 2515 “zima-
370 2488 428 2515 sane
443 2490 505 2515 cum
521 2488 590 2514 linea
601 2487 758 2524 prrececlenti
774 2487 899 2515 habeatur
913 2490 1026 2522 quoniam
1040 2487 1134 2522 quidem
1147 2507 1156 2521 ‚
1172 2486 1219 2515 ad-

253 2524 328 2551 c'icen
334 2524 404 2551 tibus
414 2524 537 2551 omnibus
549 2524 605 2551 fere
617 2523 673 2550 niss'.
684 2523 775 2550 odiose
787 2524 844 2550 heic
855 2533 960 2560 quoque
972 2530 1117 2559 repetatur.

294 2570 321 2587 ι.
350 2565 399 2587 Tuae
412 2572 420 2587 :
437 2562 482 2594 m'st
491 2562 538 2594 fibi
557 2561 625 2594 deff
641 2566 708 2593 putet
721 2578 728 2592 ,
747 2561 811 2586 m'hal
826 2567 891 2585 curet
909 2562 1012 2593 amplius·
1024 2579 1031 2592 ,
1044 2561 1157 2594 satiatus·
1175 2562 1221 2592 eff,

259 2605 302 2623 aut
313 2616 321 2629 ,
331 2597 398 2631 ἀγα]
414 2598 455 2623 Ita
468 2597 525 2623 mss.
539 2596 594 2623 Pal.
605 2597 631 2623 8<
643 2606 710 2632 quos
720 2595 852 2622 consuluit
863 2596 1036 2623 Gulielmius.
1051 2596 1123 2632 prius
1134 2596 1219 2623 editi:

258 2642 311 2659 ma.
332 2636 374 2667 qui
385 2635 410 2668 fi
425 2635 470 2659 tibi
489 2634 551 2659 nibil
566 2634 634 2667 deeff}
651 2641 728 2666 putas
742 2651 750 2663 ,
767 2634 832 2658 m'hil
843 2641 915 2659 curas
929 2635 1031 2665 amplius
1042 2651 1050 2664 ,
1061 2634 1172 2666 satiatus
1186 2642 1222 2665 es,

258 2675 301 2695 aut
315 2688 321 2701 ,
340 2670 390 2699 ὠς.
413 2670 504 2696 nostra:
519 2668 654 2705 l'cripturae
671 2667 774 2695 acceffit
792 2668 876 2695 editio
887 2668 1001 2696 Viftorii
1015 2687 1023 2700 ‚
1042 2669 1088 2695 nisi
1099 2669 1170 2705 quod
1179 2678 1223 2702 ea,

256 2712 328 2735 fuld!
340 2712 404 2731 Item
416 2713 495 2731 Furat.

299 2747 324 2773 3.
342 2742 447 2773 ‘Populus
456 2744 520 2767 Rom.
532 2741 607 2768 tamir
617 2740 798 2774 veHianIbtaerJ
821 2741 981 2767 Particulam
991 2750 1022 2768 ex
1034 2741 1116 2772 abieci
1128 2749 1158 2769 ut
1169 2750 1221 2768 non

261 2775 426 2815 necessariam
438 2786 471 2803 ex
483 2777 535 2804 fide
547 2778 676 2803 libi-orum
688 2776 845 2812 scriptorum
858 2797 867 2810 ‚
878 2779 905 2804 &
916 2787 949 2805 ex
961 2778 1090 2814 impressis
1102 2777 1223 2805 vetustis-

262 2813 318 2837 iimi
332 2813 463 2848 cujusque.
485 2823 569 2849 neque
580 2813 658 2840 aliter
669 2812 817 2839 ViEtorius.

296 2855 323 2877 4-
344 2848 397 2874 <Ad
414 2850 592 2880 definierandas
604 2869 611 2881 ‚
626 2849 667 2880 &c
681 2849 695 2883 ]
717 2849 799 2876 Liber
809 2848 919 2886 scriptus
931 2850 1073 2878 Gulielmii
1091 2870 1100 2883 ,
1117 2851 1224 2885 deferen-

262 2881 304 2906 (ἔιη
333 2882 460 2918 ·.1ndeipsc
471 2885 580 2919 putabat
591 2885 734 2921 aliquando
744 2885 885 2921 legendum
896 2886 1052 2919 difflrendar.

300 2925 326 2950 5.
345 2920 460 2958 Due-{lum
472 2939 479 2950 ,
497 2923 640 2955 decretum]
665 2921 771 2948 Paullus
788 2923 924 2949 Manutius
943 2922 1122 2956 conjiciebat,
1145 2924 1225 2949 decre-

261 2960 323 2979 rum.
342 2953 444 2980 Gulicl.
455 2955 561 2983 edietum.
575 2957 632 2983 Pal.
644 2965 708 2985 tert.
719 2957 797 2985 habet
808 2960 926 2985 delicium.
948 2959 1014 2985 Mihi
1029 2959 1134 2995 vulgata
1145 2958 1226 2985 lectio

261 2988 388 3016 ⁴satisfacit
400 2999 408 3018 5
429 2997 458 3015 ut
467 2990 537 3017 dicat
550 2992 580 3018 ad
592 2993 715 3021 militiam
726 2993 837 3020 adscitos
850 2994 890 3021 vel
902 3004 954 3022 non
965 2995 1077 3022 adscitos
1089 3003 1169 3032 prout
1179 2995 1226 3021 de·
1248 3007 1249 3010 ¹

263 3033 414 3064 meruerant
427 3025 465 3050 vel
478 3035 528 3052 non
542 3027 727 3057 demeruerant
737 3030 869 3065 praesidem
881 3031 991 3067 pecunia
1000 3031 1226 3068 donisque.Wol-
1248 3024 1249 3055 Ῐ

262 3062 313 3086 tius
339 3060 522 3089 accommodat
547 3063 695 3094 venditioni
718 3066 888 3094 funffionum
916 3076 1012 3095 earums
1034 3077 1092 3105 quae
1119 3067 1227 3094 lucrosoe
1247 3099 1249 3106 Ι

262 3103 351 3124 ‘innt-

297 3133 316 3161 6
322 3152 327 3159 .-
340 3134 387 3169 φρ]
396 3135 460 3164 illam
467 3136 596 3170 pecuniam
605 3137 687 3171 repudi·
690 3137 774 3176 aban]
786 3139 878 3169 metio
883 3144 1010 3177 pecuniam
1020 3142 1120 3173 nonest
1130 3142 1158 3174 in
1168 3141 1228 3172 Pal.

1245 338 1407 368 clientibus
1417 339 1568 371 societates
1581 359 1589 374 ,
1606 343 1658 381 qui
1670 338 1864 380 poss'essiones
1875 350 1978 372 vacuas
1989 361 1997 376 ‚
2016 346 2068 384 qui
2080 344 2207 384 proscri-

1248 382 1365 420 ptiones
1376 381 1573 421 locupletium
1587 401 1596 415 ,
1616 382 1773 423 quicaedes
1784 384 2024 423 municipiorum
2035 403 2044 416 ,
2056 388 2109 425 qui
2119 384 2204 416 illam

1247 422 1360 453 Sullani
1372 425 1516 463 temporis
1527 422 1653 454 messem
1664 424 1848 458 recordetur,
1863 427 1915 465 qui
1925 424 2098 456 testamenta
2109 427 2206 463 subie-

1253 463 1299 494 &a
1311 484 1320 498 ,
1333 466 1384 505 qui
1395 465 1525 495 sublatos
1536 474 1580 496 tot
1591 467 1734 497 homines
1745 478 1755 501 3
1777 469 1829 508 qui
1839 466 1969 508 denique
1979 467 2074 496 omnia
2082 464 2207 502 venalia,

1252 505 1413 541 dileetum,
1424 510 1438 534 5
1448 507 1601 538 decretum
1613 527 1621 542 ‚
1633 508 1777 543 alienam,
1789 509 1872 540 suam
1883 509 2061 539 sententiam
2076 528 2085 541 ‚
2094 509 2207 544 forum,

1249 547 1395 582 domum,
1404 558 1510 579 vocem
1523 568 1532 583 ,
1543 548 1697 580 filentium
1709 561 1714 580 :
1726 552 1793 592 quis
1802 553 1882 582 hunc
1894 560 1956 581 non
1967 559 2050 591 putet
2059 549 2210 586 confiteri,

1251 588 1433 630 sibiquaefito
1449 600 1524 632 opus
1544 589 1622 621 effe-²
1647 602 1703 622 cul
1715 602 1831 624 Aurr-:M
1841 591 1962 634 quaesito
1985 601 2062 633 opus
2073 590 2106 622 fit
2117 611 2125 625 ,
2144 594 2211 633 quis

1251 641 1396 671 umquam
1407 634 1489 663 hunc
1507 634 1576 664 vere
1596 633 1707 664 dixerit
1725 635 1874 666 divitem?
1893 634 1936 665 est
1946 636 2029 664 enirn
2039 634 2215 663 divitiarum

1245 673 1359 711 frustm
1379 675 1409 703 in
1428 675 1506 716 copia
1524 686 1535 702 .·
1565 678 1683 716 copiam
1701 686 1801 706 autem
1821 677 1947 708 declarat
1964 676 2078 707 satietas
2099 684 2211 709 rerum,

1252 725 1338 756 atque
1348 716 1531 748 abundantia
1543 727 1548 746 :
1569 727 1660 758 quarn
1675 726 1706 748 tu
1717 721 1863 759 quoniam
1874 727 2044 759 numquam
2054 715 2214 758 afli-quete,

1254 767 1421 799 numquam
1444 758 1577 789 omnino
1597 769 1628 789 es
1648 759 1764 790 futurus
1784 761 1880 791 dives.
1904 762 2005 790 Meam
2025 768 2124 790 autem
2135 768 2214 799 quo—

1253 802 1334 830 niam
1346 802 1504 840 pecuniam
1524 803 1696 832 contemnis
1707 822 1716 836 ‚
1735 801 1768 833 &
1787 802 1867 833 reete
1891 801 1945 841 (est
1967 802 2052 832 enim
2073 800 2109 831 ad
2130 801 2215 842 vulgi

1254 843 1434 881 opinionem
1445 842 1608 874 mediocris
1620 856 1628 878 3
1638 843 1674 874 ad
1684 853 1765 875 tuam
1775 864 1784 878 ,
1796 845 1894 878 nulla;
1909 844 1945 875 ad
1958 852 2071 877 meam,
2083 841 2217 882 modica)

1254 883 1290 914 de
1301 893 1351 913 me
1363 882 1455 914 silebo
1468 896 1473 914 :
1493 885 1529 915 de
1548 894 1576 916 te
1585 885 1698 926 loquar.
1722 887 1753 917 Si
1764 887 1907 917 censenda
1919 886 2010 916 nobis
2022 904 2030 919 ‚
2042 893 2127 926 atque
2136 883 2217 914 sesti·

1254 925 1365 955 manda
1374 935 1419 956 res
1431 925 1482 960 fit,
1507 927 1610 957 utrum
1623 927 1743 958 tandem
1754 928 1848 968 pluris
1859 927 2043 958 aestimemus
2052 927 2228 967 pecuniam,

1255 969 1375 1007 Pyrrhi,
1396 978 1486 1008 quarn
1497 969 1633 999 Fabricio
1654 969 1740 1000 dabat
1750 990 1758 1003 ,
1777 980 1815 1000 an
1833 971 2054 1001 continentiam
2075 968 2214 1002 Fabricii,

1254 1007 1268 1029 ⁶
1280 1011 1331 1050 qui
1345 1009 1427 1039 illam
1440 1013 1598 1050 pecuniam
1609 1011 1795 1051 repudiabat?
1805 1011 1907 1042 utrum
1916 1020 2021 1041 aurum
2031 1011 2216 1044 samnitum,

1254 1060 1291 1081 an
1302 1051 1477 1090 responsum
1490 1054 1533 1082 M.
1547 1055 1651 1082 Curii?
1673 1054 1867 1084 hereditatem
1885 1055 1920 1083 L.
1932 1053 2026 1084 Paulli
2040 1071 2049 1086 ,
2061 1061 2098 1082 an
2109 1051 2218 1082 libera-

1252 1093 1366 1123 litatem
1391 1093 1525 1124 Africani
1547 1114 1555 1128 ‚
1605 1096 1635 1124 ui
1655 1095 1719 1133 ejus
1739 1095 1907 1125 hereditatis
1925 1097 1962 1133 Q·
1975 1096 2116 1124 Maximo
2134 1092 2216 1123 fratri

1253 1143 1369 1174 partem
1380 1135 1460 1166 suam
1480 1104 1640 1166 concessit?
1660 1138 1723 1165 Haec
1738 1136 1856 1179 profesti>
1867 1157 1874 1170 ‚
1896 1135 2027 1178 quaesunt
2035 1133 2216 1175 summarum

1254 1176 1409 1211 virtutum,
1422 1177 1513 1218 pluris
1523 1176 1763 1218 estimandasunn
1776 1175 1865 1221 quiim
1874 1180 1933 1212 illa,
1947 1178 2080 1219 quaesunt
2087 1177 2214 1217 pecunia.

1254 1218 1471 1260 Qisigiturffi
1481 1220 1606 1291 pfiuidem
1618 1239 1626 1254 ‚
1647 1221 1833 1261 utquisque,
1854 1220 1935 1262 quod
1945 1219 2070 1260 plurimi
2080 1218 2113 1249 fit
2123 1238 2132 1252 ,
2146 1218 2218 1258 pos·-

1253 1258 1343 1290 fideat
1354 1279 1362 1294 ‚
1373 1263 1414 1290 ita
1423 1260 1478 1291 diti
1517 1271 1584 1292 mus
1597 1262 1750 1293 habendus
1762 1262 1806 1303 sit)
1816 1263 1933 1293 dubitet
1947 1282 1956 1296 ‚
1974 1262 2050 1302 quin
2060 1262 2094 1290 in
2104 1261 2221 1290 virtute

1252 1302 1367 1333 divitiae
1378 1301 1455 1335 fint?
1474 1305 1621 1344 quoniam
1633 1313 1746 1334 uuLLA
1754 1303 1896 1345 pofl‘essio
1908 1324 1916 1338 ‚
1935 1304 2019 1334 nulla
2026 1303 2072 1333 vis
2085 1302 2166 1335 auri,
2181 1301 2215 1332 δὲ

1253 1346 1386 1385 argenti,
1397 1345 1491 1385 pluris
1503 1366 1511 1379 ,
1523 1345 1614 1386 quam
1626 1347 1735 1381 virtus,
1745 1345 1920 1377 aestimanda
1928 1344 1979 1376 est.
1996 1343 2075 1375 Odii
2085 1345 2215 1374 immor—
2236 1347 2259 1380 3⁴

1254 1388 1341 1416 tales:
1366 1396 1430 1416 non
1448 1388 1626 1429 intelligunt
1643 1389 1786 1419 homines
1798 1408 1806 1423 ‚
1825 1388 1915 1430 quam
1935 1396 2071 1428 magnum
2089 1384 2216 1425 vestigat

1248 1427 1289 1469 fit
1295 1427 1485 1470 parsimonia!
1505 1432 1596 1460 venio
1618 1432 1702 1460 enim
1722 1431 1785 1469 jam
1797 1430 1832 1460 ad
1844 1429 2035 1470 sumptuosos
2050 1438 2056 1458 t
2074 1427 2216 1467 relinquo

1253 1469 1345 1500 istum
1360 1470 1576 1511 quaestuosum.
1598 1472 1686 1511 Capit
1706 1472 1759 1501 ille
1778 1481 1817 1502 ex
1842 1471 1902 1501 suis
1921 1469 2040 1510 praediis
2053 1474 2068 1498 7
2078 1469 2218 1499 sexcenta

1253 1510 1395 1542 sestertia:
1407 1522 1464 1552 ego
1472 1520 1598 1542 centena
1609 1522 1648 1542 ex
1659 1514 1752 1542 meis:
1774 1513 1821 1542 illi
1831 1520 1929 1543 aurata
1938 1510 2014 1542 testa
2023 1512 2057 1541 in
2068 1511 2150 1541 villis
2159 1529 2168 1543 ‚
2181 1509 2217 1541 ὃς

1253 1553 1315 1582 sola
1324 1562 1494 1582 marmorea
1503 1552 1625 1583 facienti
1636 1571 1645 1587 2
1667 1553 1699 1583 δε
1708 1552 1785 1596 figna
1796 1575 1805 1588 ,
1815 1553 1931 1584 tabulas
1941 1573 1950 1587 ,
1961 1550 2215 1593 suppelle&ilem‚

1253 1589 1268 1612 3
1280 1593 1313 1623 δε
1325 1593 1439 1624 vestem
1451 1592 1573 1624 infinite
1580 1596 1816 1635 concupiscenti,
1828 1598 1845 1624 9
1855 1604 1920 1626 non
1928 1593 2025 1625 modo
2034 1593 2070 1624 ad
2079 1591 2215 1623 stu-&tum

1253 1634 1305 1665 ille
1316 1634 1359 1664 est
1377 1635 1529 1675 sumptus,
1553 1636 1603 1666 sed
1623 1638 1716 1667 etiam
1737 1636 1772 1667 ad
1791 1636 1905 1671 faenus,
1929 1637 2069 1676 exiguus.
2091 1644 2130 1664 ex
2143 1641 2217 1665 meo

1253 1678 1339 1706 tenui
1358 1676 1500 1716 veffigali
1510 1696 1520 1710 ‚
1548 1676 1686 1708 detraeus
1707 1678 1857 1708 sumtibus
1875 1677 2047 1718 cupiditatis
2059 1696 2068 1709 ‚
2097 1674 2214 1716 aliquid

1253 1719 1344 1748 etiam
1358 1717 1547 1748 redundabit.
1570 1720 1647 1748 Uter
1665 1720 1757 1760 igitur
1766 1719 1809 1750 est
1815 1719 1909 1750 ditior
1919 1739 1931 1752 ‚
1949 1720 1998 1749 cui
2008 1716 2089 1748 deest
2099 1736 2108 1751 ‚
2119 1726 2157 1747 an
2167 1717 2218 1747 cui

1256 1759 1369 1799 superat
1382 1762 1393 1788 ἓ
1411 1760 1464 1800 qui
1479 1767 1564 1801 eget,
1585 1769 1623 1790 an
1632 1763 1684 1801 qui
1693 1761 1844 1792 abundat?
1861 1762 1907 1801 cuj
1913 1770 1947 1791 us
1956 1758 2093 1801 poffeffio
2101 1768 2163 1800 quo
2174 1756 2225 1789 est¹

1256 1801 1352 1841 major
1364 1821 1373 1834 ‚
1396 1809 1433 1831 eo
1455 1802 1522 1841 plus
1532 1804 1657 1842 requirit
1666 1802 1702 1833 ad
1712 1803 1742 1833 se
1755 1802 1899 1834 tuendam
1914 1812 1920 1832 :
1939 1811 1977 1832 an
1987 1811 2054 1843 quae
2064 1801 2122 1832 suis
2134 1800 2163 1831 se
2172 1801 2222 1831 vi-

1255 1842 1337 1873 ribus
1346 1843 1467 1873 sustinet
1481 1848 1491 1871 ?
1511 1843 1567 1874 Sed
1584 1844 1658 1884 quid
1678 1855 1733 1886 ego
1752 1845 1787 1875 de
1808 1855 1861 1875 me,
1870 1845 1979 1886 loquor
1988 1864 1996 1878 ,
2014 1845 2067 1885 qui
2080 1850 2220 1875 morum,

1254 1894 1289 1916 ac
1299 1894 1471 1925 temporum
1493 1887 1571 1915 vitio
1579 1886 1768 1927 aliquantum
1780 1888 1870 1918 etiam
1880 1887 1943 1927 ipse
1956 1883 2117 1917 fortassein
2131 1884 2222 1923 hujus

1254 1926 1355 1957 saeculi
1365 1936 1463 1957 errore
1480 1927 1598 1958 verser?
1617 1930 1663 1957 M.
1675 1930 1823 1959 Manilius
1840 1938 1959 1970 patrum
1970 1926 2144 1958 nostrorum
2155 1934 2222 1955 me-

1255 1968 1372 2007 moria(
1376 1979 1414 1999 ne
1432 1969 1549 2009 semper
1558 1971 1667 2000 Curios
1678 1990 1687 2004 ‚
1711 1971 1901 2002 &Luscinos
1920 1969 2092 2011 loquamur)
2110 1976 2221 2009 pauper

1256 2010 1378 2041 tandem
1389 2010 1456 2041 fuit.
1480 2011 1585 2042 habuit
1594 2014 1678 2041 enim
1689 2012 1828 2043 aediculas
1840 2015 1874 2043 in
1884 2013 2000 2043 Carinis
2011 2031 2020 2045 ‚
2043 2009 2220 2040 &fundum

1257 2055 1289 2083 in
1301 2052 1463 2083 Labicano.
1488 2055 1519 2072 ¹0
1532 2063 1589 2083 nos
1600 2055 1690 2094 igitur
1700 2055 1859 2086 divitiores
1870 2074 1879 2089 ,
1892 2056 1943 2096 qui
1955 2055 2040 2094 plura
2050 2053 2196 2083 habemus
2209 2053 2231 2080 3¹

1258 2096 1374 2125 utinam
1386 2094 1525 2136 quidem.
1547 2095 1597 2126 sed
1609 2104 1676 2127 Nou
1694 2106 1941 2127 AESTIMArioNE
1952 2103 2075 2126 census
2086 2114 2094 2128 ‚
2112 2091 2229 2124 verum-

1256 2136 1340 2167 νὶἂιι
1354 2156 1363 2171 ,
1385 2146 1471 2179 atque
1488 2137 1573 2168 cultu
1597 2140 1774 2170 terminatur
1791 2140 1928 2179 pecuniae
1941 2136 2065 2168 modus.
2088 2144 2153 2166 non
2164 2132 2224 2172 effe

1257 2178 1401 2219 cupidum
1414 2199 1423 2214 ‚
1446 2180 1573 2220 pecunia
1590 2179 1653 2211 est:
1681 2190 1746 2211 non
1769 2180 1827 2212 effe
1850 2189 1984 2211 emacem
1997 2199 2006 2213 ‚
2025 2177 2153 2219 vestigal
2169 2174 2223 2206 est.

1258 2229 1439 2252 contentum
1458 2220 1531 2252 verb
1551 2222 1611 2252 suis
1629 2221 1718 2253 rebus
1731 2221 1790 2253 effe
1804 2243 1812 2257 ‚
1834 2225 1978 2253 maximae
1992 2221 2080 2253 sunt,
2100 2215 2233 2250 certiffi-

1259 2271 1378 2304 maique
1391 2263 1516 2294 divitiae.
1542 2265 1661 2294 Etenim
1685 2263 1706 2294 fi
1727 2264 1778 2295 isti
1794 2265 1895 2296 callidi
1905 2273 2006 2294 rerum
2016 2261 2232 2293 aestimatores,-

1257 2314 1337 2345 prata
1348 2325 1356 2339 ‚
1378 2304 1412 2336 <Sc
1423 2315 1502 2336 areas
1528 2306 1669 2347 quasdam
1680 2316 1790 2348 magno
1802 2305 1950 2337 aestirnant
1961 2325 1971 2339 ‚
1990 2303 2073 2344 qubd
2084 2305 2112 2334 ei
2124 2301 2226 2344 generi

1258 2344 1479 2388 possessionum
1501 2352 1529 2368 ¹>¹
1545 2349 1678 2379 minime
1701 2347 1781 2390 quasi
1800 2350 1904 2380 noceri
1921 2346 2038 2389 potest:
2056 2345 2164 2387 quanti
2174 2341 2224 2416 fist

2147 2395 2170 2416 ae
2201 2395 2225 2413 i-

1263 2460 1328 2479 tei-t.
1339 2454 1367 2478 ὅ(
1376 2460 1482 2488 poterat
1491 2453 1574 2479 abess'e
1586 2452 1654 2480 salva
1663 2453 1804 2481 sententia.

1298 2495 1326 2523 7.
1346 2491 1459 2514 sexcenta
1471 2489 1608 2523 sesto-tim]
1629 2490 1733 2517 Locum
1751 2490 1822 2518 hunc
1838 2499 1889 2526 pro
1906 2487 2002 2516 vitioso
2019 2485 2097 2514 habet
2115 2482 2237 2512 Budaeus»

1262 2524 1333 2551 libro
1344 2523 1377 2550 de
1389 2524 1451 2551 Ass‘e
1462 2523 1586 2552 secundo.
2211 2523 2214 2525 ’

1299 2560 1325 2587 8.
1348 2564 1379 2586 Et
1391 2562 1475 2594 vestem
1485 2562 1578 2596 infinite
1587 2563 1779 2597 concupisti-ma]
1802 2561 1859 2589 Pal.
1870 2561 1918 2589 sec.
1931 2561 2010 2588 habet
2022 2579 2031 2592 ,
2049 2559 2225 2591 &vestemvv-

1256 2600 1354 2632 stratu
1374 2604 1420 2624 aut
1438 2601 1512 2625 certe
1532 2599 1630 2632 rostrati}
1648 2607 1743 2632 concup.
1755 2607 1813 2635 quae
1822 2598 1888 2635 quid
1898 2597 1944 2626 sibi
1959 2597 2025 2624 velit
2034 2592 2225 2623 examinabunt

1259 2633 1430 2661 curiosiores.

1297 2678 1327 2706 9.
1348 2674 1400 2696 Non
1410 2670 1474 2696 modo
1483 2670 1622 2704 adftrcbium
1631 2672 1668 2696 ille
1676 2671 1824 2705 efffimptus·
1834 2690 1842 2703 ,
1852 2670 1922 2705 ἀμ]
1937 2670 1981 2696 Sic
1990 2667 2056 2696 editi
2065 2663 2223 2700 antiquitt&

1265 2706 1299 2733 fic
1317 2706 1375 2733 mss.
1386 2706 1467 2733 nostri
1486 2706 1665 2743 aliorumque.
1686 2707 1771 2734 voluit
1781 2716 1868 2734 tamen
1880 2705 2028 2733 Lambinus
2039 2723 2048 2735 ‚
2064 2711 2109 2729 non
2120 2699 2182 2726 modb
2191 2698 2224 2738 fd

1257 2744 1381 2777 sumptum
1390 2743 1542 2776 illest-uelut,-
1560 2743 1725 2779 arripuitque
1736 2743 1823 2770 Aldus
1833 2743 1927 2778 Nepos
1941 2762 1948 2772 ,
1967 2739 2183 2776 quafiinventum
2195 2743 2224 2774 in

1265 2779 1324 2805 unis
1335 2778 1494 2806 membranis
1508 2798 1516 2811 ,
1534 2788 1593 2806 cum
1614 2786 1701 2807 tamen
1717 2780 1855 2816 viginti&
1869 2788 1910 2805 am
1932 2778 1982 2804 lius
2001 2779 2139 2803 tuerentur
2157 2769 2225 2811 scil·

1265 2822 1370 2851 pturam
1392 2815 1520 2851 priorem.
1539 2824 1596 2851 qua:
1616 2816 1666 2842 hoc
1683 2816 1741 2843 vult
1753 2836 1761 2849 ‚
1780 2822 1884 2843 tantum
1900 2788 1983 2840 abesse
1997 2818 2026 2837 ut
2043 2808 2166 2848 sexcenta
2177 2805 2225 2832 illa

1246 2873 1248 2892 ξ
1265 2850 1395 2878 sufficiant
1405 2850 1549 2878 adsumus
1558 2851 1716 2880 domesticos
1728 2872 1738 2886 ,
1756 2859 1787 2880 ut
1796 2849 1945 2888 nequidem
1955 2846 2016 2874 satis
2027 2845 2076 2872 fint
2088 2842 2121 2871 ad
2131 2841 2225 2869 dissol-

1247 2910 1248 2916 ,
1265 2886 1380 2915 vendum
1393 2888 1486 2914 iaenus.
2140 2917 2144 2922 ¹

1306 2932 1348 2951 ro.
1378 2927 1426 2950 Nos
1444 2926 1517 2956 {igitur
1535 2925 1659 2951 divitiores
1676 2927 1719 2959 qm·
1733 2927 1807 2957 plura
1824 2922 1934 2949 habemns
1954 2923 1964 2946 ἒ
1991 2919 2085 2957 minant
2103 2912 2227 2957 qnidam]

1248 2986 1249 3002 χ
1268 2961 1309 2988 lta
1327 2960 1420 2997 priinae
1438 2959 1499 2987 edd.
1514 2961 1541 2986 &
1554 2960 1611 2987 rnff.
1623 2961 1703 2988 nostri
1721 2968 1823 2986 omnes.
1842 2955 2027 2991 subsequentes
2046 2961 2115 2979 enim
2129 2971 2137 2984 ‚
2156 2952 2228 2993 dme-

1268 3006 1306 3022 res
1343 3006 1410 3022 umm-
1429 2998 1471 3031 qm'
1493 2998 1567 3030 plura
1591 2998 1702 3023 habemus
1723 2999 1734 3022 3¹
1759 2997 1852 3021 utinam
1870 2993 1961 3029 quidem
1979 2991 2084 3025 effimus.
2102 2987 2229 3024 superva-

1268 3041 1358 3060 canee.

1308 3078 1318 3096 1
1326 3078 1348 3096 1.
1368 3068 1469 3095 Minime
1477 3067 1721 3104 qmfinaceripoſjin]
1742 3064 1905 3094 Gulielmius
1923 3061 2081 3098 conjiciebat
2092 3079 2100 3091 ‚
2110 3059 2177 3100 ἐφιῇ(
2183 3066 2227 3096 κο.-

1268 3108 1326 3133 ceri.
1348 3104 1433 3132 nek‘cio
1443 3113 1474 3131 an
1488 3108 1558 3131 vere.
1578 3106 1646 3141 quast
1652 3104 1722 3134 enim
1734 3110 1809 3134 notat
1817 3102 1897 3131 etiam
1907 3099 1964 3130 fere
1975 3118 1985 3134 ,
1998 3105 2029 3127 ut
2038 3096 2130 3125 multis
2139 3094 2227 3122 osten-

1247 3137 1250 3164 l
1268 3141 1311 3172 dit
1323 3140 1460 3173 Manutius
1470 3139 1580 3179 Nego&
2141 3174 2154 3193 ι
2175 3164 2231 3200 ηε,
