2295 3400
131 359 173 400 35?

149 1865 190 1898 39

160 2792 206 2827 40

180 156 277 221 468
589 148 659 196 M.
738 143 1102 192 Tunnri

182 248 240 280 qua
259 235 279 266 si

1181 140 1724 190 Cxcznours·

300 241 399 265 manet
416 229 492 262 illud
512 239 574 259 non
592 235 831 259 monumentum
850 226 951 258 urbis,
972 222 1021 254 sed
1039 219 1137 261 sepul·
1175 222 1242 263 sum
1260 232 1311 252 non
1319 229 1446 264 oportere.
1469 224 1550 264 Qid
1559 224 1616 255 tibi
1627 224 1740 255 necesse
1757 222 1817 254 fuit
1825 222 2138 265 anilisuperstitioness

184 282 291 310 chrum
303 277 428 305 inimico
440 274 564 303 nomine
576 271 750 310 inscriptum
768 279 773 297 :
797 265 1025 309 demigrandum
1037 265 1138 304 potius
1182 267 1277 295 homo
1285 264 1422 298 fanatice,
1432 265 1608 297 sacrificium
1618 287 1626 300 ,
1638 268 1719 307 quod
1729 267 1833 298 aliena:
1842 267 1929 297 domi
1940 267 2135 300 fieret‹,invi-

185 319 287 360 aliquo
299 317 340 346 est
352 337 359 348 ‚
373 315 462 355 quam
475 312 669 344 habitandum
681 314 712 341 in
722 321 755 341 ea
763 311 834 340 urbe
847 330 854 343 ‚
877 312 909 339 in
926 317 982 349 qua
995 314 1093 348 tropica
1105 304 1138 334 &
1181 307 1240 338 sere
1253 311 1263 336 ἓ
1287 316 1351 347 quae
1363 315 1464 336 autem
1483 315 1511 337 te
1525 316 1604 338 tanta
1624 311 1734 340 mentis
1750 310 1942 340 imbecillitas
1964 310 2061 338 tenuit
2071 327 2080 342 ,
2100 313 2136 338 ut

189 363 225 392 de
240 371 307 392 me,
325 357 402 387 &de
415 356 563 396 republica
582 354 701 384 videam
723 351 891 382 constituta.
936 353 984 380 Au
1001 358 1056 389 ego
1075 355 1139 377 tan·

188 413 250 433 tam
267 410 317 430 aut
330 400 425 429 animi
439 398 581 428 duritiem
598 396 702 425 habere
715 415 723 428 .
742 403 791 424 aut
805 394 964 423 oculorum
980 388 1140 430 impuden-

188 446 261 474 tiam
278 440 384 482 possim
396 460 404 473 ‚
418 450 459 473 ut,
470 439 556 479 cujus
570 438 650 467 urbis
664 437 841 466 servatorem
854 445 902 464 me
914 431 970 463 esse
980 432 1141 463 senatussso-

188 487 312 516 mnium
322 481 434 513 assensu
445 479 725 519 toriesjudicarit2in
734 487 767 508 ea
776 476 881 517 pollini
895 476 1003 505 intueri
1012 473 1141 503 domum

189 537 290 558 meam
312 524 444 555 eversam
464 532 527 552 non
545 522 581 551 ab
602 522 730 551 inimico
748 529 818 549 meo
830 539 838 552 ‚
859 517 906 548 sed
918 517 953 547 ab
963 514 1047 545 hoste
1056 524 1142 559 com-

192 569 300 601 muni,
322 567 354 596 &
364 566 399 595 ab
409 564 516 595 eodem
529 561 707 593 exstruciam
720 582 728 594 ,
742 561 775 591 &
785 559 907 601 positam
919 561 950 588 in
961 557 1057 587 oculis
1068 558 1142 585 ciVi-

190 612 257 641 tatis
269 630 277 644 ‚
293 619 329 638 ne
343 616 486 648 umquam
496 604 703 646 conquiescere
714 601 798 644 possit
810 601 895 632 fietus
907 601 1057 630 bonorum
1069 600 1078 626 ?
1094 599 1142 637 Sp.

190 653 279 682 Melii
297 670 305 684 ‚
329 658 454 690 regnum
475 648 660 688 appetentis,
684 645 792 675 domus
815 643 856 674 est
878 643 1072 682 complanata.
1097 648 1145 684 ec-

191 693 264 734 quid
279 691 380 722 aliud?
400 699 519 730 aequum
533 686 666 718 accidisse
677 687 773 716 Melie
786 687 915 725 populus
928 687 1085 714 Romanus
1096 690 1145 720 Ju-

192 736 302 766 dicavit
313 754 321 767 ,
342 731 544 770 nomineipso
553 729 737 770 vffiquimelii
748 748 756 762 ‚
779 729 901 757 stiiititia
911 734 998 766 poena
1007 731 1148 761 compro-

193 777 259 807 bata
280 775 330 805 est.
362 778 411 813 Sp·
423 771 507 804 Cassii
535 771 645 802 domus
671 771 711 800 ob
737 770 863 799 eandem
890 767 1004 798 causam
1031 763 1145 811 eversa:

193 828 284 859 atquc
299 819 332 846 in
349 815 458 846 eodem
475 815 543 844 loco
561 812 638 843 aedes
656 811 746 852 posita
766 811 907 841 Tenui-is.
939 811 975 837 In
988 809 1075 835 Vacci
1087 813 1151 844 pra-

195 863 233 890 tis
256 859 366 889 domus
386 856 442 887 fuit
462 857 625 888 M.Vacci‚
646 864 712 894 qua:
732 853 879 892 publicata
898 849 940 879 est
954 869 963 882 ⁷
988 849 1021 878 ὅτ,
1041 846 1150 878 eversa,

195 911 228 932 ut
243 901 325 931 illius
342 898 456 929 facinus
475 917 484 931 ‚
512 898 677 928 memoria,
703 896 735 924 ἅτ
756 894 884 923 nornine
905 892 966 920 loci
990 896 1149 918 notaretur.

196 946 242 973 M.
255 942 388 972 Manlius
397 938 469 970 cum
480 939 514 969 ab
525 937 663 967 adscensu
674 935 821 975 Capitolii
832 934 990 963 Gallorum
1002 933 1151 969 impetum

196 982 359 1026 repulisset,
372 992 434 1012 non
447 980 505 1010 fuit
514 988 671 1010 contentus
683 975 822 1007 beneficii
836 977 880 1005 sui
890 975 984 1016 gloria
999 983 1004 1002 :
1026 980 1153 1013 regnum

197 1023 338 1067 appetiss'e
347 1024 389 1054 est
408 1023 565 1061 judicatus.
589 1029 658 1061 ergo
673 1019 738 1057 ejus
756 1018 885 1048 domum
900 1015 1031 1045 eversam
1047 1033 1059 1047 ,
1077 1012 1155 1058 duos

197 1068 254 1099 bus
265 1068 340 1097 lucis
350 1060 547 1096 convestitam
560 1061 680 1091 videtis.
704 1063 805 1102 Qain
817 1061 909 1100 igitur
923 1058 1051 1093 maiores
1062 1052 1155 1099 nostri

197 1110 342 1141 sceleratis
353 1128 363 1140 ,
381 1117 413 1136 ac
433 1101 552 1135 nefariis
570 1103 688 1133 civibus
705 1104 872 1132 maximam
885 1108 997 1141 poenam
1014 1095 1156 1127 constitui

196 1150 280 1193 posse
291 1149 420 1179 arbitrati
433 1147 499 1176 sunt
509 1166 516 1179 ‚
532 1144 659 1175 candem
676 1154 733 1185 ego
743 1143 849 1173 subibo
861 1161 869 1175 ‚
889 1152 922 1171 ac
933 1139 1084 1171 sustinebo
1096 1157 1104 1171 ‚
1125 1145 1157 1165 ut

199 1192 276 1233 apud
295 1189 428 1231 pesti-ros
447 1186 565 1217 nostros
582 1195 645 1216 non
664 1182 832 1215 exstin&or
850 1183 1066 1222 conjurationis
1086 1198 1094 1212 2
1126 1178 1158 1207 δε
1177 1191 1178 1197 ¹

199 1235 315 1266 sceleris
325 1252 332 1265 2
345 1231 393 1261 sed
404 1229 507 1260 aiiStor
518 1249 525 1262 ‚
539 1228 571 1258 &
582 1228 644 1258 dux
654 1226 742 1257 fuisse
754 1226 872 1257 videar?
895 1227 983 1254 Hanc
997 1221 1068 1252 vero
1083 1229 1160 1266 pon-

199 1274 311 1307 mices,
321 1273 419 1303 labem
435 1270 648 1311 turpitudinis,
668 1270 699 1299 &
711 1267 920 1298 inconstantiae
936 1266 1044 1306 poterit
1053 1261 1160 1308 populi

201 1320 296 1348 Rom.
314 1315 443 1356 dignitas
456 1312 617 1345 sustinere,
638 1312 711 1340 vivo
722 1311 826 1340 senatur
838 1329 846 1342 ,
867 1308 956 1338 vobis
973 1304 1161 1346 principibus

200 1359 316 1400 publici
326 1355 442 1386 consilii
453 1375 461 1388 ,
482 1363 515 1384 ut
529 1353 642 1384 domus
653 1354 699 1382 M.
711 1352 808 1390 Tullii
819 1352 974 1381 Ciceronis
983 1357 1054 1378 cum
1065 1348 1160 1375 domo

202 1395 305 1432 Fulvii
314 1399 420 1430 Flacci,
431 1397 465 1427 ad
477 1397 656 1426 memoriam
668 1403 766 1434 poenae
773 1393 901 1433 publicae
908 1390 1078 1421 constitutae
1088 1396 1162 1417 con-

197 1441 304 1484 jund'm
327 1438 385 1470 effe
402 1438 558 1469 videatur?
581 1439 624 1466 M.
644 1439 764 1467 Flaccus
777 1454 785 1468 ,
807 1436 877 1475 quia
893 1442 964 1463 curn
983 1434 1016 1462 C.
1027 1429 1162 1477 Graccho

203 1493 307 1515 contra
317 1483 439 1512 salutem
454 1483 528 1520 reip.
538 1478 646 1508 fecerat
658 1498 670 1511 „
688 1478 720 1507 δε
732 1477 847 1507 senatus
858 1476 1005 1505 sententia
1013 1471 1056 1502 est
1068 1479 1161 1517 inter-

201 1525 311 1558 feEtus,
322 1524 354 1553 δε
368 1523 430 1562 ejus
440 1521 550 1552 domus
561 1521 668 1554 eversa,
681 1519 714 1549 &
724 1519 870 1559 publicata
880 1515 922 1546 est
934 1527 939 1544 :
959 1517 992 1545 in
1001 1523 1059 1561 qua
1067 1521 1162 1556 porti-

201 1578 272 1598 cum
284 1565 351 1606 post
359 1566 513 1605 aliquanto
531 1563 701 1603 QCatulus
719 1561 755 1590 de
767 1558 921 1589 manubiis
935 1558 1096 1602 Cimbricis
1116 1555 1162 1582 ie-

203 1612 254 1640 cit.
277 1607 335 1638 Ista
344 1615 445 1637 autem
455 1604 520 1639 fax,
531 1614 564 1634 ac
574 1604 651 1633 furia
661 1604 773 1643 patria:‚
788 1600 860 1630 curn
873 1600 977 1629 urbem
989 1618 996 1631 ‚
1011 1597 1117 1627 Pisone
1128 1595 1160 1624 &

203 1650 340 1681 Gabinio
354 1647 480 1679 ducibus
492 1666 500 1680 ‚
511 1644 631 1685 cepisset
642 1664 649 1678 ,
663 1641 829 1683 occup-affec
838 1662 847 1676 ,
860 1649 987 1672 teneret:
1008 1648 1070 1669 uno
1082 1658 1090 1671 ,
1110 1646 1163 1666 eo-

205 1693 336 1733 demque
345 1698 483 1729 tempore
495 1688 526 1717 Sc
535 1685 687 1717 clarissimi
705 1687 763 1716 vrri
774 1693 888 1714 mortui
900 1689 1102 1726 monumenta
1112 1679 1164 1708 de-

207 1734 285 1764 lebat
296 1753 305 1767 ‚
330 1731 363 1763 ὃῑ
377 1740 476 1761 meam
487 1730 614 1759 domum
634 1730 762 1758 cum-M.
774 1727 867 1757 Flacci
881 1725 978 1755 domo
996 1730 1163 1761 conjunge—

206 1776 256 1806 bat
269 1786 275 1804 :
299 1782 342 1808 ut,
354 1783 410 1814 qua
419 1781 507 1812 poena
517 1772 632 1801 senatus
646 1769 779 1800 effecerat
788 1768 955 1799 eversorem
966 1767 1104 1797 civitatis,
1117 1772 1164 1791 ea-

207 1817 278 1848 dem
290 1815 353 1849 iste,
364 1812 501 1855 oppresso
511 1813 623 1846 senatu,
634 1810 762 1842 afficeret
772 1820 843 1840 eum
853 1829 861 1843 ‚
877 1817 967 1850 quem
979 1810 1009 1838 P.
1020 1809 1053 1837 C.
1063 1803 1164 1835 custo-

207 1859 276 1890 dem
287 1859 386 1898 patriae
394 1853 580 1896 judicassent.
605 1856 691 1884 Hanc
701 1863 772 1883 vero
783 1854 815 1882 in
825 1852 1037 1889 Palatio,atque
1047 1849 1080 1893 in
1097 1845 1164 1892 pul-

207 1902 359 1932 cher-rimo
369 1897 451 1928 urbis
469 1897 538 1926 loco
555 1897 705 1936 porticum
718 1893 776 1924 effe
789 1894 946 1934 patiemini
958 1911 966 1924 ,
984 1895 1095 1920 rui-oris
1109 1896 1163 1916 tri-

206 1943 319 1974 bunitii
329 1961 337 1974 ,
350 1939 464 1970 sceleris
474 1938 637 1968 consularis
648 1957 657 1970 ,
667 1936 849 1966 crudelitatis
858 1934 1085 1972 conjuratorum
1095 1948 1105 1962 ,
1117 1938 1164 1958 ca—

205 1983 347 2015 lumitatis
358 1980 474 2021 reipub.
493 1979 607 2009 doloris
618 1980 679 2008 mei
697 1976 832 2008 defixum
847 1975 997 2006 indicium
1011 1973 1046 2020 ad
1060 1981 1164 2001 memo-

205 2026 281 2056 riam
292 2025 436 2055 omnium
445 2021 827 2063 gentiumsempiternam?
845 2024 1096 2059 quamporticum
1108 2022 1163 2052 pro

206 2077 328 2100 amore,
347 2074 437 2106 quem
451 2063 562 2093 habetis
581 2064 615 2093 in
630 2071 723 2101 remp.
739 2061 772 2092 &
786 2061 902 2100 semper
914 2056 1059 2088 habuistis
1070 2075 1078 2089 ,
1100 2063 1165 2084 non

208 2108 303 2140 modo
314 2106 469 2138 sententiis
480 2125 488 2139 ‚
500 2105 547 2135 sed
559 2125 567 2139 ‚
578 2103 598 2134 si
610 2114 685 2144 opus
696 2101 777 2137 esset,
793 2101 933 2132 manibus
943 2098 1047 2131 vestris
1056 2095 1164 2127 distur-

207 2150 276 2182 bare
286 2150 440 2189 cuperetis.
465 2145 519 2176 nisi
529 2157 621 2188 quem
639 2145 718 2176 sorte
732 2145 816 2175 illius
834 2141 984 2174 castiffimi
1003 2139 1162 2186 sacerdocis

209 2190 409 2232 superstitiosa
428 2189 576 2219 dedicatio
592 2188 726 2218 deterret.
750 2189 776 2216 Ο
794 2195 878 2219 rem,
898 2187 1008 2226 quam¹
1023 2184 1164 2228 homines

208 2234 318 2267 soluti,
340 2231 434 2262 ridere
445 2240 509 2260 non
519 2229 668 2260 desinant:
692 2228 833 2258 tristiores
846 2224 1016 2257 autemsine
1026 2231 1165 2254 maximo

209 2275 314 2306 dolore
325 2273 424 2303 audire
436 2282 501 2302 non
514 2270 641 2312 poffint!
665 2273 695 2300 P.
708 2279 745 2299 ne
755 2269 879 2300 Clodius
889 2288 906 2301 ,γ
919 2270 972 2308 qui
982 2276 1022 2297 ex
1038 2262 1163 2311 pontifi-

209 2318 253 2347 cis
264 2317 393 2346 maximi
403 2314 497 2344 domo
507 2311 686 2354 religionem
699 2312 824 2350 eripuit,
845 2312 870 2339 is
880 2311 914 2339 in
925 2318 1025 2338 meam
1038 2306 1164 2337 intulit?

210 2362 226 2379 ²
237 2359 381 2388 hunccin’
395 2365 450 2385 vos
462 2375 470 2389 ,
490 2356 542 2396 qui
555 2353 623 2384 estis
637 2351 783 2384 antistites
792 2351 1040 2381 caeremoniarum
1049 2366 1058 2380 ‚
1079 2347 1112 2376 &
1123 2347 1166 2392 sa-

208 2409 347 2432 crorum,
359 2396 513 2428 aus-'horem
528 2396 643 2426 habetis
651 2414 659 2429 ‚
680 2394 713 2424 &
723 2392 897 2435 magistrum
909 2390 1035 2436 publicae
1045 2388 1167 2433 religio-

211 2443 261 2473 nis
283 2444 294 2471 ?
325 2442 356 2470 O
370 2439 412 2469 dii
429 2438 645 2469 immortaleis!
669 2436 736 2474 (vos
753 2437 838 2465 enim
862 2435 925 2463 haec
942 2431 1044 2462 audire
1063 2427 1166 2469 cupio)

212 2487 243 2516 P.
256 2482 381 2514 Clodius
397 2479 492 2511 vestra
503 2480 578 2510 sacra
595 2487 674 2509 curat
685 2480 696 2507 ?
708 2476 841 2508 vestrum
857 2483 973 2505 numen
983 2473 1103 2519 horret?
1121 2479 1167 2500 res

213 2525 336 2555 omneis
345 2525 492 2553 humanas
502 2522 647 2563 religione
658 2519 751 2550 vestra
761 2519 911 2550 contineri
921 2515 1021 2557 putat?
1043 2515 1091 2543 hic
1102 2521 1165 2541 non

215 2567 316 2596 illudit
328 2564 494 2596 aufioritati
513 2564 623 2593 horum
640 2563 782 2592 omnium
794 2581 802 2594 ‚
820 2561 872 2602 qui
887 2558 1011 2590 adsunt,
1030 2556 1168 2587 summo-

214 2618 283 2639 rum
295 2609 429 2637 virorum
441 2612 450 2637 ?
469 2615 532 2636 non
548 2604 643 2635 vestra
655 2625 662 2638 ,
677 2602 834 2644 pontifices
846 2623 854 2635 ,
874 2601 1012 2643 gravitate
1021 2598 1171 2628 abutitur?

216 2659 256 2679 ex
266 2648 323 2679 isto
333 2658 398 2678 ORE
408 2668 416 2681 ,
439 2647 595 2687 religionis
612 2646 739 2676 verbum
753 2644 900 2677 excidere,
910 2640 1044 2672 autelabi
1054 2637 1171 2688 potest?

218 2691 291 2721 cum
302 2699 332 2720 tu
349 2690 459 2720 eodem
475 2699 543 2722 ore,
561 2687 724 2719 accusando
740 2687 873 2720 senatum
885 2705 893 2719 ‚
914 2681 997 2724 quod
1018 2682 1118 2712 severe
1136 2679 1172 2725 de

218 2733 364 2778 religione
374 2731 559 2764 decerneret,
576 2727 775 2770 impurissime
788 2748 799 2762 ‚
819 2729 1033 2766 taeterrimeque
1043 2720 1173 2764 violasti.

220 2773 383 2813 Adspicite‚
397 2772 545 2811 adspicite,
558 2766 1090 2811 pontifices‚hominem.religiosum,
1103 2761 1171 2796 &Ji

218 2815 308 2845 vobis
317 2814 435 2844 videtur
444 2813 538 2853 (quod
549 2812 592 2843 est
602 2813 754 2843 bonorum
765 2809 1084 2852 pontificum)monete
1093 2814 1176 2850 eum,

222 2855 350 2887 modum
369 2856 520 2897 quendam
537 2853 595 2885 effe
611 2855 767 2896 religionis
784 2864 789 2883 :
808 2849 996 2888 nimium-effe
1007 2846 1179 2889 superstitio-

262 2974 272 2990 1
281 2985 286 2990 .
305 2968 485 2999 Hominesfii'uri
496 2968 581 2998 ridere,
591 2968 658 3000 (ly-a]
683 2968 797 3002 lixpressi
811 2966 879 3001 quod
893 2973 948 2991 erat
962 2965 987 2991 iii
1000 2963 1056 2989 Pal.
1068 2973 1138 2989 nono
1149 2964 1177 2988 &

222 3000 415 3031 Gembiacexii'1,
429 3003 527 3036 vulgati
538 3003 736 3038 amplius,filuti
748 3022 755 3034 ,
765 3002 780 3028 ὰ
791 3011 851 3028 cura
861 3004 956 3027 liberati
969 3019 977 3032 ,
988 2998 1096 3026 notabili
1107 2997 1178 3034 glos-

222 3035 329 3063 semate.
350 3037 419 3072 quod
440 3038 535 3063 mirum
548 3039 704 3065 aLaiiibiiio
721 3037 1010 3065 noiiaiiimadvcrsum:
1033 3035 1078 3071 qui
1100 3035 1178 3061 variis

222 3073 385 3106 conjec'iuris
399 3073 456 3099 lieic
467 3072 535 3099 usus.

257 3117 285 3134 2.
305 3111 408 3135 Huncin'
420 3109 606 3143 vosqtaeiqsli1.]
631 3109 708 3135 Haud
728 3110 797 3137 secus
817 3109 874 3136 Pal.
893 3117 980 3136 nonus
999 3109 1029 3135 &
1048 3106 1180 3134 &Victo-

219 3144 277 3198 ris-3
296 3143 362 3173 editi
371 3145 483 3182 amplius
495 3164 504 3180 ‚
522 3147 582 3172 bunc
593 3164 601 3180 ‚
612 3147 709 3182 inpiam
718 3165 728 3181 ‚
743 3150 816 3176 etiam
825 3156 867 3175 ‘ras
878 3149 919 3183 qui
929 3146 978 3182 estis
990 3164 999 3181 ,
1007 3146 1058 3180 &a
1079 3144 1121 3174 cui
1132 3143 1180 3172 bo-

217 3189 254 3209 ¹0
262 3201 272 3211 ο

1172 964 1175 984 1

1184 358 1246 379 non
1259 358 1374 388 putares
1386 368 1394 380 ‚
1414 347 1486 378 deos
1496 349 1562 379 satis
1571 348 1652 389 poffe
1688 352 1772 381 lacari
1782 371 1790 384 ,
1807 349 1861 381 nisi
1876 352 1965 381 etiarn
1977 349 2137 380 muliebri-

1184 391 1238 421 bus
1258 390 1454 430 religionibus
1471 398 1499 420 te
1514 362 1730 431 impiicuiffles?
1750 402 1840 432 quern
1860 402 2004 434 umquam
2027 389 2138 421 audisti

1185 433 1335 471 majorum
1345 441 1480 465 tuorum,
1491 434 1543 473 qui
1551 433 1585 463 δε
1595 433 1670 464 sacra
1687 436 1799 474 privata
1806 435 1963 464 coluerunt
1972 454 1980 467 ‚
1994 434 2025 463 δε
2035 432 2138 472 publi-

1183 484 1225 505 cis
1238 473 1405 504 sacerdotiis
1415 473 1598 513 praefuerunt
1608 494 1622 508 ‚v
1633 477 1705 505 cum
1717 475 1891 506 sacrificium
1903 477 1989 506 bonae
1999 478 2072 505 Deae
2083 472 2138 503 fie-

1186 525 1238 549 ret,
1251 513 1435 544 interfuisse?
1457 518 1633 550 neminem,
1652 527 1690 547 ne
1708 517 1800 546 illum
1813 518 1937 557 quidem
1950 537 1957 551 ‚
1978 519 2029 558 qui
2041 522 2139 546 caecus

1188 555 1347 587 estfactus.
1370 559 1417 586 Ex
1434 567 1496 598 quo
1511 558 1687 598 intelligitur
1699 578 1707 592 ‚
1733 561 1906 588 MULrA-in
1922 560 1984 588 vita
2001 557 2074 587 falso
2083 555 2151 586 lio-i

1190 601 1289 628 mines
1299 598 1427 638 opinari,
1439 598 1510 628 cuin
1523 599 1575 628 ille
1586 619 1594 633 ,
1606 603 1659 639 qui
1670 600 1747 629 nihil
1757 599 1871 630 viderat
1879 601 1985 633 sciens,
1995 598 2076 639 quod
2086 607 2142 627 ne-

1189 641 1231 671 fas
1240 639 1311 670 effet
1322 660 1330 673 ‚
1343 641 1459 670 lumina
1468 638 1582 670 amisit:
1600 640 1703 675 istius,
1721 643 1774 682 qui
1791 651 1855 671 non
1874 639 1973 672 solum
1992 638 2143 679 adspefiffl,

1192 682 1238 713 scd
1259 681 1472 712 etiamincesto
1494 681 1625 723 flagitio,
1650 684 1683 712 δε
1699 682 1799 723 stupro
1812 684 1920 723 polluit
1936 683 2146 715 caeremonias-5

1191 734 1280 764 poena
1296 726 1399 752 omnis
1416 724 1575 753 oculorum
1593 723 1628 754 ad
1640 727 1801 754 caecitatem
1814 727 1926 754 mentis
1942 723 1983 754 est
1993 723 2146 753 conversa.

1194 768 1261 796 Hoc
1270 765 1388 795 aii&oi·e
1399 774 1458 795 tam
1472 764 1562 798 casto,
1573 774 1631 795 tam
1644 767 1794 807 religioso,
1809 776 1867 796 tam
1879 765 1980 797 sanssto
1989 785 1997 798 ‚
2007 774 2067 795 tam
2080 766 2146 805 pio,

1193 806 1314 847 potestis
1326 827 1334 839 ,
1354 805 1510 846 pontifices
1521 827 1529 840 ,
1551 817 1616 837 non
1631 810 1840 841 commoveri,
1863 807 1933 837 curn
1950 807 2009 837 suis
2019 806 2097 836 dicat
2116 805 2149 835 se

1198 848 1338 878 manibus
1348 850 1476 878 domum
1487 851 1561 879 civis
1571 852 1679 889 optimi
1691 848 1836 883 evertifl‘e,
1850 850 1882 879 &
1891 859 1958 879 eam
1967 848 2072 878 iisdem
2081 856 2150 877 ma·-

1195 890 1287 920 nibus
1300 889 1477 920 consecrasse
1493 893 1503 918 ?
1527 893 1601 929 Qiae
1623 901 1672 920 tua
1693 890 1752 920 fuit
1769 892 1970 921 consecratio?
1993 890 2148 922 T-uleram,

1196 934 1314 972 inquit,
1328 941 1360 960 ut
1371 933 1448 961 mihi
1457 932 1567 962 licerer.
1591 932 1692 973 Qid?
1714 943 1778 962 non
1788 943 1961 973 exceperas,
1975 941 2007 961 ut
2019 952 2027 964 ‚
2039 929 2059 960 fi
2068 928 2152 970 quod.

1194 974 1242 1014 jus
1253 983 1315 1002 non
1330 971 1402 1003 efl'et
1410 983 1510 1013 rogare
1522 993 1531 1007 ,
1550 983 1588 1003 ne
1599 973 1669 1003 eiset
1680 984 1814 1015 rogatum
1827 978 1836 1003 ?
1854 976 1908 1016 jus
1919 976 2008 1016 igitur
2019 972 2152 1002 statuetis

1199 1013 1255 1044 ess'e
1264 1034 1272 1048 ‚
1288 1015 1520 1055 uniuscuiusque
1532 1014 1667 1045 vestrum
1679 1016 1834 1048 sedemuas
1845 1038 1853 1051 ,
1864 1015 1948 1046 socos
1960 1035 1968 1049 ,
1980 1015 2051 1045 deos
2062 1022 2154 1054 pena-

1200 1066 1274 1089 ωε,
1295 1056 1441 1095 subjectos
1462 1056 1519 1086 effe
1532 1057 1654 1086 libidini
1673 1058 1855 1088 tribunitiae?
1877 1060 1909 1087 in
1920 1067 2011 1098 quern
2030 1055 2156 1096 quisque

1202 1108 1253 1138 per
1261 1098 1404 1127 homines
1424 1100 1588 1128 concitatos
1599 1100 1717 1129 irruerit
1727 1119 1735 1133 ‚
1758 1109 1849 1140 quern
1861 1101 1976 1139 impetu
1986 1097 2157 1138 perculerit,

1201 1141 1290 1179 hujus
1300 1138 1428 1168 domum
1440 1149 1507 1169 non
1527 1138 1626 1169 solum
1637 1139 1766 1180 affligere
1775 1160 1784 1174 ,
1803 1140 1883 1181 quod
1894 1140 1935 1170 est
1945 1140 2096 1179 praesentis
2106 1139 2156 1167 in·-

1202 1182 1289 1211 saniae
1300 1199 1308 1213 ,
1318 1178 1396 1220 quasi
1405 1180 1584 1220 tempestatis
1593 1191 1771 1220 repentinae,
1792 1182 1840 1211 sed
1853 1184 1942 1211 etiam
1958 1184 1989 1210 'in
2002 1179 2156 1219 posterum

1202 1231 1320 1262 tempus
1330 1221 1475 1262 religione
1484 1222 1663 1261 sempiterna
1674 1223 1804 1263 obligare
1815 1225 1825 1251 ?
1839 1222 1988 1262 Equidem
1999 1220 2036 1251 slc
2045 1230 2153 1260 accepi,
2173 1231 2225 1266 42

1202 1262 1380 1305 pontifices„
1401 1272 1438 1292 ΙΝ
1460 1273 1706 1293 RELiGIONIBUs
1717 1265 1921 1304 suscipiendis,
1932 1273 2019 1303 caput
2027 1261 2096 1296 esse,
2108 1264 2157 1292 inr-

1203 1306 1354 1345 terpretari
1365 1324 1373 1338 ‚
1394 1315 1459 1344 quae
1470 1305 1608 1334 voluntas
1620 1305 1747 1335 deorum
1757 1306 1978 1336 immortalium
1988 1303 2159 1334 ess'ewvidea-

1204 1356 1251 1377 tur
1263 1358 1268 1376 2
1293 1356 1348 1376 nec
1358 1346 1401 1376 est
1411 1346 1545 1386 ullaerga
1558 1346 1631 1376 deos
1648 1348 1742 1386 pietas
1753 1367 1762 1381 ,
1776 1346 1966 1377 nisilionesta
1976 1346 2012 1376 de
2027 1347 2158 1376 numine

1205 1397 1310 1418 eorum
1323 1398 1374 1420 ⁵‚ac
1385 1397 1486 1418 mente
1497 1389 1604 1428 opinio
1616 1388 1708 1421 „cum
1719 1391 1818 1429 expeti
1833 1389 1911 1418 nihil
1921 1389 1956 1418 ab
1967 1390 2014 1422 iis,
2029 1386 2109 1428 quod
2124 1384 2160 1416 fit

1204 1429 1352 1470 injustum
1363 1449 1371 1463 ‚
1383 1438 1470 1470 atque
1480 1429 1675 1460 inhonestum
1688 1450 1696 1463 ‚
1716 1431 1866 1460 arbitrere.
1892 1433 2063 1460 Hominem
2072 1430 2160 1459 inve-

1204 1474 1268 1502 nire
1282 1472 1334 1500 ista
1344 1471 1423 1501 labes
1433 1480 1508 1504 tum,
1520 1471 1592 1501 cum
1602 1474 1706 1501 omnia
1716 1473 1833 1502 tenebat
1844 1492 1852 1505 ‚
1869 1481 2026 1502 neminem
2045 1472 2158 1511 potuit,

1206 1515 1254 1544 cui
1266 1523 1344 1542 meas
1358 1512 1446 1542 aedeis
1459 1513 1624 1547 addiceret‚
1642 1516 1690 1542 cui
1701 1514 1841 1547 traderet,
1864 1516 1913 1544 cui
1935 1514 2073 1543 donaret:
2098 1512 2160 1551 ipse

1205 1554 1277 1586 cum
1297 1555 1357 1584 loci
1375 1555 1475 1587 illius,
1502 1554 1573 1584 cum
1594 1554 1704 1585 aedium
1725 1556 1886 1595 cupiditate
1905 1554 2055 1596 flagraret,
2085 1556 2098 1581 3
2118 1552 2160 1584 ob

1207 1606 1331 1636 eamque
1341 1596 1455 1626 causam
1469 1606 1560 1626 unam
1571 1616 1579 1630 ‚
1599 1595 1739 1635 unajusta
1750 1598 1801 1626 illa
1818 1599 1971 1638 rogatione
1990 1596 2038 1626 sua
2047 1598 2094 1626 vir
2102 1595 2162 1625 bo-

1207 1649 1265 1669 nus
1275 1639 1438 1668 dominum
1457 1638 1485 1667 se
1499 1639 1531 1668 in
1541 1640 1618 1668 meis
1637 1638 1725 1668 bonis
1745 1637 1801 1668 esse
1811 1637 1965 1668 volnifieo:
1988 1647 2087 1668 tamen
2105 1636 2176 1666 11101

1208 1681 1272 1721 ipso
1284 1682 1316 1709 in
1336 1679 1436 1710 furore
1447 1679 1498 1709 suo
1510 1690 1572 1710 non
1583 1679 1626 1710 est
1635 1680 1720 1710 ausus
1730 1690 1828 1710 meam
1840 1681 1967 1710 domum
1979 1700 1996 1712 ,.
2008 1689 2092 1715 culus
2107 1688 2163 1709 cu-

1207 1722 1331 1763 piditate
1341 1720 1547 1752 inflammatus
1559 1731 1626 1755 erat,
1637 1721 1792 1762 possidere.
1808 1721 1880 1752 deos
1890 1722 2086 1751 immortaleis
2096 1721 2165 1750 exi-

1208 1764 1345 1796 stimatis,
1357 1765 1442 1803 cujus
1452 1763 1550 1793 labore
1564 1762 1730 1793 &consilio
1742 1762 1852 1803 suaipsi
1862 1763 1973 1803 templa
1991 1769 2175 1796 tenuerunt,-

1209 1807 1243 1836 in
1260 1807 1323 1845 ejus
1333 1805 1462 1834 domum
1483 1804 1624 1834 affueram
1636 1825 1645 1838 ,
1664 1808 1681 1831 4
1698 1805 1729 1835 ὃς
1739 1805 1872 1834 eversam
1885 1815 1935 1845 per
1951 1806 2015 1834 vim
2027 1804 2165 1833 hominis

1208 1845 1418 1878 sceleratissimi
1440 1845 1590 1876 nefarium
1610 1847 1804 1876 latrocinium
1821 1848 1994 1887 immigrare
2012 1843 2140 1876 voluiffe
2151 1846 2165 1875 ἰ

1210 1891 1292 1919 Civis
1303 1887 1344 1917 est
1355 1897 1447 1917 nemo
1458 1889 1581 1918 intanto
1592 1889 1716 1928 populo,
1730 1897 1809 1918 extra
1819 1890 2052 1919 contaminatam
2064 1887 2171 1922 illarii„

1211 1931 1243 1960 &
1253 1938 1406 1960 cruentam
1419 1932 1447 1960 Ρ.
1462 1929 1563 1959 Clodii
1576 1940 1702 1961 manum
1713 1950 1721 1964 ‚
1732 1933 1782 1971 qui
1794 1940 1860 1960 rem
1871 1931 1964 1960 ullam
1975 1929 2012 1959 de
2023 1931 2100 1959 meis
2108 1928 2167 1958 bo-

1210 1974 1257 2002 nis
1268 1973 1416 2012 attigerit,
1426 1973 1479 2012 qui
1490 1981 1553 2001 non
1562 1981 1618 2012 pro
1629 1972 1689 2001 suis
1706 1972 1814 2012 opibus
1823 1975 1855 2002 in
1866 1973 1917 2002 illa
1929 1970 2101 2011 tempestate
2112 1969 2168 2000 de-

1209 2013 1350 2044 fenderit.
1372 2021 1418 2046 at,
1439 2015 1491 2054 qui
1503 2014 1600 2059 aliqua
1617 2013 1647 2043 se
1663 2016 1840 2056 contagione
1857 2014 1961 2055 praedae
1973 2034 1982 2047 ‚
2007 2013 2165 2047 societatis,

1211 2056 1369 2088 emtionis,
1379 2064 1664 2086 contaminaverunt
1673 2077 1681 2090 ,
1694 2058 1806 2086 nullius
1815 2067 1910 2097 neque
1921 2057 2046 2096 privati,
2066 2062 2179 2094 neque.

1210 2097 1324 2139 publici
1334 2096 1441 2138 judicii
1454 2104 1568 2139 poenam
1577 2097 1694 2139 effugere
1702 2107 1872 2139 potuerunt.
1895 2101 1942 2129 Ex
1953 2099 2100 2139 his,igitur
2108 2095 2168 2126 bo-

1210 2149 1413 2180 nis‚.quoi·um
1423 2149 1516 2168 nemo
1526 2149 1591 2169 rem
1601 2141 1697 2170 uliam
1709 2143 1816 2182 attigit,
1827 2142 1952 2181 quinon
1966 2138 2166 2177 omniumJ'u-
2178 2158 2182 2160 v

1210 2182 1293 2212 dicio
1311 2179 1548 2211 sceleratissimus
1568 2182 1810 2215 habereturydii
1828 2181 2015 2212 immortales
2035 2180 2166 2210 domum

1211 2233 1312 2253 meam
1323 2224 1581 2262 concupiverunt?
1603 2222 1661 2254 Ista
1671 2232 1719 2254 tua
1727 2224 1848 2263 pulchra
1857 2223 1990 2254 Libertas
2000 2240 2009 2255 ‚
2029 2221 2101 2251 deos
2113 2230 2168 2260 pe-

1211 2266 1315 2298 nateis,
1329 2265 1360 2294 &
1369 2263 1543 2294 familiareis
1555 2274 1639 2294 meos
1650 2267 1739 2296 Lares
1749 2265 1864 2304 expulit
1876 2284 1884 2297 ‚
1897 2267 1911 2290 5
1921 2271 1953 2292 ut
1964 2271 1991 2292 te
2000 2263 2061 2303 ipsa
2070 2281 2080 2296 ,
2099 2270 2168 2292 tan·

1209 2316 1300 2348 quam
1310 2309 1344 2336 in
1360 2307 1486 2345 captivis
1494 2305 1610 2335 sedibus
1621 2306 1779 2342 collocaret
1794 2309 1804 2334 ἓ
1829 2308 1920 2345 Qin
1942 2313 2000 2333 Esr
2021 2302 2166 2338 sanCfius,

1212 2347 1286 2388 quid
1296 2348 1383 2376 omni
1392 2348 1535 2386 religione
1546 2347 1802 2386 munitius,quam
1814 2347 1923 2376 domus
1934 2346 2170 2386 uniuscujusque

1210 2390 1346 2419 civium?
1367 2384 1415 2418 hic
1426 2396 1480 2418 ara:
1491 2387 1559 2417 sunt
1568 2407 1578 2421 ‚
1599 2386 1648 2418 hic
1657 2387 1718 2419 foci
1729 2408 1737 2422 ,
1749 2387 1797 2418 hic
1809 2388 1851 2418 dii
1862 2397 1981 2428 penates
1992 2408 2002 2420 ,
2022 2385 2071 2417 hic
2080 2387 2167 2421 sacra,

1210 2430 1390 2470 religiones,
1409 2431 1596 2459 caeremoniae
1609 2449 1617 2463 ‚
1637 2432 1848 2461 continentur:
1869 2432 1928 2460 hoc
1936 2428 2107 2470 perfugium
2125 2427 2168 2459 est

1213 2474 1253 2502 ita
1262 2470 1396 2501 &netum
1408 2471 1554 2501 omnibus
1566 2492 1574 2505 ‚
1586 2480 1619 2501 ut
1630 2471 1700 2501 inde
1709 2471 1800 2514 abripi
1811 2469 2072 2502 neminem-fassit.
2096 2473 2167 2513 Qio
2183 2474 2244 2519 425-

1216 2515 1310 2555 magis
1327 2511 1370 2542 est
1379 2511 1462 2543 furor
1474 2513 1557 2543 istius
1576 2513 1612 2543 ab
1623 2514 1742 2544 auribus
1752 2513 1855 2544 vestris
1873 2513 2082 2554 repellendus,
2101 2523 2168 2553 qui,

1214 2566 1280 2597 quae
1290 2555 1419 2588 maiores
1430 2554 1522 2585 nostri
1543 2556 1740 2596 religionibus
1750 2565 1810 2586 ruta
1828 2557 1935 2590 nobis,
1954 2553 2094 2585 &sancia
2110 2552 2170 2584 effe

1215 2599 1377 2628 voluerunt
1386 2616 1395 2630 ,
1416 2607 1448 2626 ea
1457 2596 1511 2627 iste
1525 2608 1588 2627 non
1601 2597 1698 2628 solum
1709 2607 1812 2629 contra
1825 2600 2004 2639 religionem
2014 2595 2171 2627 labefasta-

1216 2641 1271 2673 vit,
1282 2639 1331 2668 sed
1340 2640 1431 2668 etiam
1441 2637 1530 2683 ipsius
1538 2640 1693 2681 religionis
1703 2642 1843 2674 nomine,
1854 2642 1970 2671 evertit.
1995 2642 2034 2668 At
2042 2648 2106 2679 quae
2116 2638 2171 2670 dea

1195 2697 1196 2702 =
1218 2680 1279 2711 cst?
1290 2683 1406 2710 Bonam
1418 2679 1475 2710 esse
1485 2690 1611 2721 oportet2
1621 2681 1867 2725 quandoquidem
1879 2681 1921 2712 est
1929 2681 1979 2711 abs
1989 2689 2018 2711 te
2026 2680 2171 2711 dedicata.

1220 2722 1351 2753 Libertas
1362 2742 1370 2756 ,
1383 2723 1498 2763 inquit,
1511 2722 1561 2753 est.
1585 2726 1659 2755 Eam
1672 2731 1702 2752 tu
1717 2726 1804 2765 igitur
1815 2724 1901 2754 dorni
1912 2733 1987 2753 meae
2004 2719 2171 2755 collocasti,

1218 2774 1308 2805 quam
1318 2774 1357 2794 ex
1366 2764 1437 2794 urbe
1450 2773 1510 2794 tota
1518 2764 1677 2796 sustulisti?
1700 2768 1761 2799 Tu,
1772 2765 1842 2795 cum
1853 2766 1979 2805 collegas
1988 2772 2054 2794 tuos
2066 2783 2075 2797 ,
2086 2762 2171 2793 sum-

1221 2817 1269 2837 ma
1278 2805 1418 2846 potestate
1434 2806 1572 2845 praeditos
1583 2827 1592 2841 ‚
1614 2817 1734 2847 negares
1746 2807 1857 2837 liberos
1870 2805 1943 2836 efi'e:
1967 2803 2037 2834 cum
2049 2807 2082 2835 in
2093 2813 2172 2835 tem-

1221 2849 1308 2889 plum
1317 2847 1444 2879 Castoris
1454 2848 1550 2879 aditus
1561 2847 1630 2878 effet
1645 2858 1759 2890 apertus
1776 2850 1894 2879 nemini
1905 2857 1912 2877 ι
1933 2845 2010 2877 cum
2021 2847 2102 2917 hiim
2111 2846 2174 2876 cla-

2023 2899 2048 2919 ri
2073 2896 2174 2919 imum

1256 2972 1283 2998 3.
1303 2966 1335 2990 Ob
1344 2972 1439 2997 eamque
1450 2963 1544 2995 causton
1555 2970 1638 2992 unam,
1648 2962 1768 2994 unajnsta
1776 2962 1818 2986 illa
1827 2959 1968 2994 regarium]
1984 2960 2078 2991 Forte,
2087 2968 2175 2992 unam,

1218 3001 1263 3032 ista
1273 3001 1314 3025 illa
1325 3010 1348 3024 ro
1365 3019 1371 3025 .

1253 3043 1282 3067 4.
1304 3039 1336 3061 Et
1346 3009 1457 3067 gem-ism
1470 3042 1514 3067 per
1530 3035 1581 3059 vim
1600 3032 1722 3067 lnmimb]
1744 3032 1791 3060 Est
1807 3033 1822 3059 ἐι
1834 3032 1891 3059 Pal.
1902 3041 1973 3059 nono
1991 3031 2019 3058 Sc
2029 3032 2057 3059 S.
2066 3029 2174 3059 Via-r.

1219 3070 1284 3097 editi
1292 3078 1335 3103 per
1345 3074 1419 3096 unim-
1433 3070 1537 3096 hominis.

1256 3116 1281 3139 5.
1302 3110 1330 3131 Ut
1340 3114 1362 3131 te
1371 3107 1416 3139 lpse
1425 3114 1551 3139 fanniam,
1561 3105 1612 3135 <ly-c.
1632 3105 1748 3130 collocant
1757 3104 1791 3139 ?]
1813 3105 1855 3130 Sic
1865 3114 1970 3140 quoquc
1982 3103 2037 3130 1³21.
2049 3102 2174 3130 nonus&

1219 3143 1247 3168 S.
1259 3142 1387 3174 Vie'coris,
1398 3141 1571 3176 exhibuitque
1582 3142 1646 3167 ‘item
1657 3149 1689 3166 ex
1701 3141 1751 3167 suis
1762 3140 1918 3170 Lambinus.
1939 3141 2047 3177 vulgata
2056 3148 2069 3173 ,ἦ
2089 3147 2116 3166 ut
2124 3138 2177 3166 κὶα

1219 3179 1280 3215 ''ff‘’
1290 3179 1342 3212 &a
1352 3180 1509 3207 collocaretur.
1526 3178 1614 3207 minus
1623 3186 1670 3205 nei·
1675 3179 1746 3207 vose·
2141 3209 2178 3237 m

2097 3216 2124 3238 1·
