2360 3400
587 136 838 184 Evisr.
899 152 990 184 Ar>
1049 140 1456 196 ATT10u1u‚

1239 221 1295 254 sint
1306 243 1314 257 ,
1335 233 1386 255 me
1399 227 1604 265 autpoenitere
1617 225 1737 259 consilii
1748 229 1808 258 mei
1821 247 1830 263 ‚
1852 236 1971 259 autnon
1981 227 2104 269 probare
2115 248 2124 263 ,
2138 232 2213 271 quae'

239 230 330 264 quem
341 228 396 261 ego
405 227 468 250 non
478 218 542 250 vidi
552 239 561 253 ‚
576 220 629 260 qui
646 218 712 250 istas
730 223 739 240 ¹
751 219 952 251 Alexandr-eas
963 220 1074 251 litteras
1085 221 1191 252 attulit.

240 265 266 294 is
279 263 389 293 dicitur
398 259 504 292 vidisse
517 271 555 291 an
566 270 689 291 euntem
701 281 709 295 ,
720 271 757 292 an
766 262 827 301 jam
838 264 871 292 in
882 261 946 293 Asia
957 265 967 292 ?
978 265 1060 293 Tuas
1070 263 1191 296 litteras,

237 313 326 345 prout
343 312 390 333 res
408 301 537 342 postulat
549 323 557 337 ,
580 303 721 342 exspe&o
738 314 743 332 :
763 314 834 344 quas
844 305 938 334 velim
950 306 1195 345 curesquampri-

238 355 326 376 mum
336 344 372 376 ad
382 353 432 373 me
445 343 644 384 perferendas.
671 355 682 374 1
693 355 703 375 1
711 355 752 374 ii.
762 348 847 375 KAi..
859 346 1049 376 Decembris.

459 388 659 417 CICERO
687 390 911 421 ATTICO,
942 390 961 418 S

325 433 433 460 RATAE
442 437 500 460 tuae
509 430 585 458 mihi
595 429 699 459 littera:
710 430 787 462 sunt,
797 429 907 469 quibus
916 428 1045 459 accurate
1053 428 1197 468 perscrip—

325 471 382 502 sisti
394 473 498 502 omnia
510 491 517 503 ,
530 480 595 511 quae
612 471 647 500 ad
663 481 712 500 me
721 473 868 510 pertinere
880 470 1033 501 arbitratus
1043 481 1074 500 es
1086 481 1091 499 τ
1115 474 1128 489 ²
1140 473 1195 501 Fac

236 523 268 545 tu
280 517 369 557 igitur
382 534 393 547 ,
418 522 451 544 ut
462 512 561 543 scribis
573 511 634 542 istis
644 513 756 551 placere
768 532 776 546 ,
788 512 894 542 iisdem
905 511 968 542 istis
978 511 1135 557 litii-*oribus
1146 521 1196 541 me

235 559 300 591 nti3
314 556 395 597 quod
407 553 577 585 conceffum
591 554 686 584 Sestio
696 553 729 584 sit
739 565 748 588 3
758 556 806 584 cui
817 564 880 584 non
890 562 963 593 puto
975 554 1042 583 suos
1052 552 1110 583 esse
1118 563 1194 583 con-

232 597 327 628 cess‘os
337 617 346 631 ,
372 597 420 628 sed
435 597 470 627 ab
481 596 544 636 ipso
556 596 651 626 datos.
675 596 764 625 audio
775 596 857 625 enim
869 605 938 625 eum
949 605 981 625 ea
992 598 1019 626 S.
1032 597 1063 625 C.
1078 596 1194 635 impro-

233 639 323 673 bare,
348 649 412 680 quae
432 639 497 679 post
515 636 675 668 discelsum
687 637 896 668 Tribunorum
920 636 995 667 faeta
1006 637 1081 667 sunt.
1104 646 1193 677 quare

232 684 343 723 poterit
353 701 361 714 ‚
385 680 404 710 fi
417 682 498 711 volet
506 678 558 709 sibi
569 678 685 715 constare
695 700 703 713 ,
724 678 841 709 nostros
854 677 975 708 liestores
985 680 1192 718 comprobare.

231 733 415 764 quamquam
426 722 498 762 quid
508 731 562 762 ego
572 722 607 751 de
619 720 776 750 licloribus
788 740 796 754 ,
811 723 863 761 qui
872 730 954 760 paene
963 731 1002 750 ex
1012 722 1096 750 Italia
1105 720 1191 750 dece—

232 766 300 795 dere
312 763 366 794 siin
378 763 468 801 juss'us
482 765 491 790 ἓ
503 762 617 792 namad
628 772 678 792 me
687 761 766 792 mifit
777 765 928 792 Antonius
939 763 1114 807 exemplum
1127 764 1191 792 (3ae-

230 807 301 837 saris
315 807 350 837 ad
365 807 392 836 se
408 807 571 836 litterarum
586 824 594 836 ‚
615 806 646 833 in
657 804 767 843 quibus
778 813 837 833 erat
847 823 856 836 ,
878 804 907 832 se
916 803 1060 833 audivisse
1072 823 1080 836 ,
1102 806 1190 833 Cato-

228 858 300 878 nem
311 868 318 881 ,
344 849 375 878 &
388 850 422 877 L.
434 846 593 876 Metellum
608 847 641 874 in
657 845 772 874 Italiam
788 843 899 874 venisse
910 864 919 877 ,
938 847 1049 874 Romae
1059 843 1191 874 ucefl'ent

227 891 325 930 palam
340 890 384 919 :id
395 889 447 918 sibi
457 897 520 917 non
529 887 642 926 placere
652 897 661 919 5
672 896 709 915 ne
717 888 770 925 qui
781 895 883 915 motus
892 895 931 914 ex
943 896 980 915 eo
992 884 1106 919 fierent,
1118 896 1188 925 pro-

226 931 384 972 hiberique
405 938 513 960 omnes
534 928 635 960 Italia,
656 925 710 955 nisi
731 936 862 967 quorum
878 927 938 966 ipse
946 927 1063 957 causam
1074 937 1189 968 cogno·

226 972 330 1004 visset:
349 972 443 1011 deque
464 979 501 999 eo
515 970 723 998 vehementius
737 977 796 998 erat
805 969 957 1008 scriptum.
981 971 1078 1010 itaque
1090 971 1188 999 Anto-

227 1017 297 1044 nius
305 1012 444 1053 petebata
456 1021 505 1040 me
516 1020 566 1049 per
576 1011 686 1040 litteras
697 1029 705 1043 ‚
726 1019 758 1040 ut
770 1008 822 1040 sibi
832 1011 1017 1051 ignoscerem
1030 1022 1035 1039 :
1053 1010 1146 1041 facere
1157 1011 1185 1041 se

227 1065 292 1085 non
302 1053 394 1094 pofl'e,
405 1055 526 1094 quiniis
537 1053 644 1082 litteris
652 1061 773 1091 pareret.
798 1061 862 1082 tum
872 1052 907 1082 ad
918 1062 990 1082 eum
1002 1051 1069 1082 misi
1079 1055 1115 1082 L.
1128 1054 1186 1082 La-

224 1098 320 1126 miam
333 1117 341 1130 ‚
364 1098 414 1136 qui
432 1093 649 1124 demonstraret
659 1114 668 1127 ‚
682 1094 768 1124 illum
780 1094 948 1124 Dolabellae
959 1093 1066 1124 dixifle
1076 1114 1084 1128 2
1110 1105 1142 1125 ut
1153 1094 1187 1124 ad

223 1148 276 1168 me
295 1137 451 1170 scriberet,
472 1145 505 1166 ut
523 1138 556 1165 in
573 1137 689 1165 Italiam
710 1137 938 1176 quamprimum
948 1139 1102 1166 venirem:
1123 1138 1187 1177 ejus

224 1189 276 1210 me
293 1176 543 1209 litterisvenifl'e.
566 1186 631 1207 tum
648 1177 700 1206 ille
718 1177 815 1207 edixit
833 1180 870 1208 ita
883 1197 891 1211 ‚
913 1186 944 1208 ut
962 1188 1013 1207 me
1024 1179 1184 1218 exciperet,

227 1225 245 1250 3
254 1222 286 1251 δε
297 1221 428 1251 Laelium
438 1221 633 1250 nominatim.
656 1219 737 1259 quod
751 1219 815 1249 fane
825 1220 950 1249 nollem.
965 1228 1078 1259 poterat
1087 1230 1182 1254 enim,

224 1262 287 1294 sine
305 1265 435 1293 nomine
446 1283 460 1296 7.
474 1272 505 1291 re
525 1262 586 1301 ipsa
595 1263 703 1301 excipi.
727 1260 746 1291 ὃ
757 1261 865 1291 multas
878 1261 909 1291 &
920 1263 1035 1302 graveis
1044 1259 1184 1292 offensio—

223 1307 297 1336 nes!
317 1315 388 1346 quas
407 1303 531 1344 quidem
548 1323 556 1336 ‚
578 1312 607 1333 tu
617 1302 667 1333 das
677 1313 798 1343 operam
810 1322 818 1336 ,
839 1304 995 1337 utlenias;
1015 1314 1070 1333 nec
1082 1314 1181 1334 tamen

222 1347 302 1378 nihil
313 1345 433 1387 proficis
445 1357 449 1375 :
461 1347 533 1385 quin
545 1346 602 1374 hoc
612 1345 676 1384 ipso
687 1347 802 1374 minuis
811 1345 949 1375 dolorem
960 1355 1076 1379 meum,
1089 1347 1182 1386 quod,

221 1398 255 1419 ut
265 1398 394 1422 minuas,
408 1397 467 1418 tam
480 1387 564 1417 valde
574 1386 696 1416 laboras:
707 1386 797 1426 idque
807 1387 900 1416 velim
912 1397 950 1416 ne
959 1397 1079 1429 gravere
1089 1398 1178 1428 quam

220 1429 376 1471 saepiffime
397 1429 501 1459 facere.
525 1428 661 1458 maxime
685 1436 786 1458 autem
804 1426 949 1468 assequere
969 1439 1007 1469 qu
1014 1429 1052 1458 od
1071 1433 1117 1459 vis
1126 1449 1135 1462 ,
1160 1428 1180 1459 fi

220 1483 272 1502 me
289 1471 448 1502 adduxeris
460 1489 468 1503 ‚
493 1479 525 1500 ut
543 1468 717 1500 existimem
731 1489 739 1503 ,
757 1479 807 1499 me
818 1469 1106 1509 bonorumjudicium
1116 1481 1179 1501 non

217 1513 355 1544 funditus
368 1510 536 1552 perdidisse.
558 1521 738 1551 quamquam
754 1511 825 1551 quid
837 1520 868 1540 tu
880 1514 911 1541 in
923 1522 959 1541 eo
969 1516 1076 1552 potes?
1100 1513 1178 1542 nihil

216 1556 340 1587 scilicet.
364 1554 412 1584 sed
425 1574 432 1587 ,
454 1552 472 1583 fi
489 1553 561 1594 quid
574 1563 618 1582 res
632 1553 713 1583 dabit
726 1553 782 1583 tibi
794 1552 938 1584 facultatis
950 1573 958 1587 ,
979 1554 1009 1583 id
1021 1565 1069 1584 me
1081 1557 1177 1584 maxi-

216 1597 269 1628 me
289 1596 435 1627 consolari
454 1597 584 1635 porerit‚
610 1595 694 1635 quod
714 1595 927 1635 nuncquidem
938 1596 1028 1625 video
1039 1607 1103 1626 non
1113 1595 1178 1626 efl'e.

215 1639 267 1670 sed
286 1637 307 1668 fi
321 1638 411 1679 quid,
431 1647 471 1667 ex
491 1639 631 1671 eventis,
650 1638 751 1667 uthoc
762 1647 844 1667 nunc
857 1637 971 1668 accidit.
995 1637 1114 1668 dicebar
1128 1638 1178 1668 de-

214 1678 312 1712 buiffe
328 1690 397 1711 cum
419 1680 565 1718 Pompeio
583 1678 742 1718 proficisci.
765 1679 863 1708 exitus
879 1679 962 1709 illius
981 1682 1095 1711 minuit
1115 1681 1177 1719 ejus

214 1721 311 1753 officii
332 1720 514 1761 praetermiffi
526 1719 796 1761 reprehensionem.
821 1721 869 1752 sed
891 1732 929 1751 ex
944 1723 1089 1753 omnibus
1099 1723 1178 1753 nihil

185 1794 187 1797 ,
215 1766 312 1805 magis
331 1772 432 1793 tamen
451 1761 645 1796 desideratur,
666 1773 753 1803 quam
772 1763 853 1803 quod
872 1766 904 1793 in
917 1763 1049 1794 Africam
1059 1775 1122 1795 non
1134 1767 1177 1794 ie-

213 1806 286 1836 rim.
306 1804 424 1843 judicio
442 1805 500 1834 hoc
521 1805 584 1834 sum
606 1805 673 1833 usus
688 1815 753 1834 NON
770 1814 840 1834 Essiz
850 1805 979 1836 barbaris
992 1808 1113 1836 auxiliis
1122 1806 1177 1837 fal-

214 1845 365 1877 lacissimae
381 1847 480 1886 gentis
501 1847 612 1885 Remp.
635 1846 875 1880 detendendam,
896 1847 1058 1886 praesertim
1072 1858 1176 1878 contra

213 1889 387 1919 exercitum
411 1887 486 1926 saepe
505 1886 662 1917 meterem.
687 1897 749 1917 non
768 1887 892 1927 probant
910 1886 1038 1918 fortasse.
1062 1890 1174 1919 multos

215 1933 302 1960 enim
323 1932 403 1960 viros
422 1929 520 1959 bonos
534 1931 565 1958 in
575 1927 708 1958 Africam
718 1928 831 1958 veniss'e
842 1929 932 1959 audio
943 1949 951 1963 ,
972 1930 1004 1959 ὅ(
1015 1930 1076 1960 scio
1085 1929 1173 1960 fuiss'e

215 1982 310 2002 antea.
333 1971 418 2001 valde
437 1971 495 2001 hoc
513 1971 582 2000 loco
593 1981 718 2011 urgeor,
739 1972 787 2000 hic
798 1981 917 2011 quoque
928 1981 1003 2011 opus
1013 1971 1054 2002 est
1068 1992 1076 2005 ‚
1094 1973 1173 2006 casu,

214 2014 308 2054 aliqui
317 2011 372 2043 fint
382 2023 419 2043 ex
429 2015 471 2042 eis
482 2032 490 2046 ‚
503 2023 571 2046 auc,
582 2011 601 2041 si
611 2012 716 2051 potest,
729 2023 847 2045 omncs,
857 2016 909 2053 qui
920 2014 1040 2043 fiilutem
1051 2024 1174 2054 antepo-

212 2065 297 2086 nant.
321 2065 391 2085 nam
402 2054 421 2084 fi
434 2054 662 2094 perseverant&
673 2055 811 2085 obtinent
823 2066 831 2088 ·,
852 2055 923 2095 quid
936 2055 1023 2085 nobis
1037 2055 1170 2086 futurum

212 2095 247 2127 fit
259 2118 267 2130 ,
285 2097 377 2128 vides..
402 2097 481 2127 dices
492 2116 500 2130 ‚
512 2096 584 2137 quid
597 2096 656 2126 illis
666 2116 673 2129 ‚
686 2095 704 2125 si
717 2096 789 2126 vieti
799 2107 886 2126 erunt
897 2099 906 2124 ἓ
918 2096 1046 2133 Ιωηαβιον
1060 2097 1101 2128 est
1112 2099 1174 2137 pla-

210 2149 256 2180 ga.
283 2141 356 2169 Haec
375 2149 424 2169 me
443 2148 624 2169 excruciant.
646 2139 770 2178 Sulpicii
789 2148 887 2168 autem
905 2138 1083 2173 consilium,
1106 2150 1168 2169 non

210 2180 365 2221 scripsisti,
386 2191 438 2210 cur
455 2191 526 2210 meo
546 2191 608 2210 non
631 2190 842 2220 anteponeres.
860 2181 941 2221 quod
961 2180 1011 2210 etsi
1033 2191 1167 2211 nontam

209 2222 379 2263 gloriosum
390 2222 433 2253 est
444 2241 453 2256 ,
476 2222 565 2264 quam
579 2225 702 2252 Catonis
711 2242 719 2256 ,
739 2232 839 2252 taiiicn
851 2224 883 2252 ὃς
896 2224 1030 2262 periculo
1042 2234 1167 2253 vacuum

209 2263 254 2294 est
265 2285 273 2298 ‚
294 2264 327 2294 &
336 2264 454 2294 dolore.
479 2268 658 2294 Extremum
670 2263 712 2294 est
721 2274 826 2296 eorum
840 2285 848 2298 ‚
862 2268 957 2305 quiin
968 2267 1078 2295 Achaia
1090 2265 1168 2295 sunt.

207 2307 233 2336 ii
253 2315 355 2336 tamen
372 2304 425 2346 ipsi
444 2307 472 2336 fi:
492 2307 549 2336 hoc
568 2307 678 2335 melius
698 2306 826 2339 liabent,
846 2317 1003 2347 quamnos
1018 2327 1026 2340 ,
1042 2306 1123 2348 quod
1136 2308 1167 2337 &

213 2348 376 2379 multisunt
387 2358 449 2379 uno
461 2349 585 2382 inrloco,
596 2347 707 2379 &tum
720 2350 752 2377 in
760 2349 874 2378 Italiam
886 2351 1168 2382 venerint‚domum

208 2389 307 2419 statim
317 2392 464 2420 venerint.
488 2392 561 2420 Haec
570 2399 598 2419 tu
610 2400 695 2429 perge
706 2409 715 2423 ,
739 2399 770 2420 ut
779 2390 849 2420 tatis
860 2413 868 2424 ,
889 2392 1026 2432 mitigare
1037 2412 1044 2425 ,
1057 2394 1087 2421 ὅ(
1100 2401 1167 2431 pro-

207 2431 274 2462 bare
288 2432 530 2471 quamplurimis.
552 2431 641 2472 Qiod
655 2442 682 2461 re
692 2432 813 2462 excusas
825 2444 828 2461 :
840 2443 896 2472 ego
907 2443 978 2462 vero
988 2433 1020 2462 ὃς
1029 2443 1089 2463 tuas
1100 2443 1170 2463 cau-

206 2473 251 2503 sas
270 2473 361 2502 nosco
377 2485 385 2507 3
407 2473 515 2504 &mea
525 2472 661 2504 interess'e
673 2483 764 2513 puto,
786 2474 888 2505 teistic
898 2473 975 2508 ei'l'e,
997 2476 1165 2504 velutcnm

206 2516 246 2544 iis
259 2533 268 2548 ,
293 2514 402 2554 quibus
423 2515 588 2554 oportebit,
610 2525 694 2557 agas,
715 2526 781 2556 qua:
800 2516 1008 2557 eruntiigenda
1019 2517 1055 2547 de
1066 2517 1165 2550 nobis,

202 2553 241 2586 'iit
260 2566 292 2586 ea
308 2565 374 2596 quae
392 2556 494 2597 egisti3
516 2558 549 2586 in
574 2557 738 2597 primisque
755 2559 814 2588 hoc
827 2560 922 2587 veiim
933 2559 1163 2589 animadvertas.

205 2599 321 2629 multos
339 2596 396 2628 ess‘e
409 2598 545 2632 arbitror,
560 2601 612 2639 qui
621 2600 656 2629 ad
666 2600 807 2630 Caesarem
816 2599 989 2635 detulerint,
1002 2601 1166 2632 delaturive

1521 144 1562 190 L
1585 159 1601 188 1
1630 159 1672 190 Β.
1733 135 1817 192 ΧΙ.
2112 146 2203 208 877

1237 264 1324 296 fiant:
1352 277 1482 307 quorum
1504 266 1554 299 etsi
1564 277 1723 310 utrumque
1731 280 1837 300 verum
1849 269 1891 300 est
1902 265 1921 305 ς’
1930 279 2031 302 tamen
2040 270 2076 301 ab
2087 271 2147 301 illis
2158 271 2207 301 di-

1234 308 1310 336 citur
1326 309 1420 338 animo
1439 310 1454 340 a
1473 319 1522 339 me
1533 311 1681 346 alienato3
1701 321 1764 341 non
1778 312 2099 352 quoitaperspexerint
2113 333 2122 346 ‚
2148 312 2200 344 sed

1213 365 1215 370 .
1238 356 1338 378 totum
1352 358 1383 379 ut
1393 351 1451 380 hoc
1464 351 1572 381 Balbus
1584 352 1724 383 sustineat
1734 373 1741 387 ,
1754 353 1785 383 &
1796 356 1920 393 Oppius,
1933 354 1964 384 &
1975 364 2079 384 eorum
2093 353 2205 385 crebris

1238 389 1342 419 litteris
1361 391 1443 420 illius
1462 393 1600 423 voluntas
1621 404 1684 433 erga
1700 405 1750 424 me
1764 396 1979 429 confirmetur,
2002 397 2103 426 &hoc
2113 396 2202 436 plane

1240 439 1272 459 ut
1283 429 1332 460 fiat
1344 451 1352 464 ‚
1377 432 1565 473 diligentiam
1579 435 1744 466 adhibebis.
1768 437 1904 467 Alterum
1916 436 1959 467 est
1970 458 1978 471 ,
1999 448 2050 467 cur
2061 447 2089 467 te
2100 438 2200 468 nolim

1212 491 1215 519 Ι
1235 471 1386 502 discedere
1398 493 1406 507 ,
1419 474 1500 514 quod
1517 476 1681 507 sciibis4te
1692 476 1823 518 flagitari.
1847 477 1866 508 ὃ
1877 489 1939 509 rem
1953 480 2092 509 miseram
2107 482 2111 508 ἔ
2126 479 2200 520 quid

1236 513 1361 543 scribam
1375 519 1385 544 ?
1404 524 1452 545 aut
1473 516 1546 557 quid
1565 519 1658 548 velim
1672 521 1681 547 ἒ
1697 519 1786 549 breve
1796 520 1913 550 faciam.
1936 521 2161 551 lactimaeenim
2172 521 2201 551 se

1236 554 1334 584 subito
1344 555 1557 594 profuderunt:
1578 559 1633 589 tibi
1644 562 1804 599 permitto:
1827 570 1857 591 tu
1868 562 2001 592 consule.
2026 571 2140 593 tantum
2153 564 2200 593 vi-

1237 595 1274 626 de
1298 599 1359 625 5ne
1381 599 1440 628 hoc
1460 603 1605 638 temporis
1629 602 1682 631 tibi
1701 601 1801 632 obess‘e
1820 603 1933 644 aliquid
1946 602 2042 643 possit.
2066 605 2198 645 ignosce,

1236 637 1361 668 obsecro
1376 647 1403 668 te
1418 662 1423 668 .
1443 649 1506 669 non
1527 640 1646 680 possum
1658 653 1715 682 prae
1727 644 1798 674 fletu
1813 645 1845 674 Sc
1859 646 1963 675 dolore
1973 645 2128 676 diutiusin
2139 647 2199 677 hoc

1235 679 1305 708 loco
1324 684 1518 711 commorari.
1543 691 1658 713 tantum
1668 685 1782 718 dicam,
1806 687 1883 716 nihil
1906 688 1983 716 mihi
2002 690 2111 728 gratius
2127 687 2195 719 esse,

1233 723 1323 760 quam
1338 724 1421 762 quod
1438 732 1503 753 earn
1520 723 1631 764 diligis.
1656 727 1744 767 Qod
1756 727 1864 758 litteras
1876 749 1886 762 ,
1909 729 2018 769 quibus
2027 738 2110 768 putas
2120 739 2197 769 opus

1233 760 1290 791 effe
1307 782 1315 795 ,
1337 773 1421 793 curas
1430 763 1555 798 dandas,
1571 766 1643 795 facis
1651 769 1823 798 commode.
1846 772 1997 810 Quintum
2010 770 2108 800 filium
2118 771 2195 803 vidi,

1231 806 1283 843 qui
1294 806 1375 835 Sami
1388 804 1508 836 vidiffet
1518 826 1526 839 ,
1546 817 1658 847 patrem
1669 810 1807 848 Sicyone·
1832 806 1962 851 quorum
1974 812 2142 851 deprecatio
2154 813 2196 843 est

1231 845 1337 876 facilis.
1362 849 1476 877 utinam
1498 848 1561 881 illi,
1581 851 1633 890 qui
1653 849 1736 889 prius
1756 852 1846 881 illum
1866 854 2026 887 viderunt,
2049 864 2099 884 me
2116 855 2195 895 apud

1231 897 1300 918 eum
1312 889 1406 918 velint
1416 889 1552 928 adjutum
1565 900 1680 921 tantum
1693 911 1701 926 ‚
1723 902 1871 932 quantum
1881 904 1936 935 ego
1948 896 2014 925 illos
2025 897 2135 926 vellem
2148 916 2156 928 ‚
2172 895 2194 926 si

1232 929 1303 967 quid
1324 929 1450 970 poss‘em.
1475 932 1563 972 Qod
1580 943 1680 974 rogas,
1704 944 1776 964 utin
1790 935 1900 965 bonam
1912 945 2023 975 partein
2035 939 2192 978 accipiam,

1231 970 1251 1000 fi
1269 981 1327 1012 qua
1349 970 1405 1002 sint
1424 974 1455 1002 in
1468 976 1525 1003 tuis
1535 974 1640 1005 litteris
1656 994 1664 1008 ,
1684 986 1748 1016 quae
1762 986 1810 1007 me
1822 977 1988 1008 mordeant.
2012 989 2066 1020 ego
2076 990 2145 1010 vero
2158 982 2190 1009 in

1229 1022 1378 1052 optimam
1396 1027 1403 1048 3
1423 1024 1510 1055 teque
1532 1026 1623 1056 rego,
1648 1026 1680 1047 ut
1698 1027 1813 1058 aperte,
1837 1020 2096 1059 quemadmodum
2106 1020 2190 1051 sacis-

1230 1054 1336 1085 sci-ibas
1355 1056 1390 1085 ad
1410 1066 1460 1086 me
1473 1061 1577 1088 omnia
1592 1078 1599 1091 ³
1619 1059 1709 1101 idque
1719 1059 1808 1091 facias
1819 1071 1908 1102 quam
1918 1060 2081 1102 saepiffirne.
2106 1064 2189 1093 Vale.

1232 1106 1269 1126 XI
1279 1107 1307 1127 v.
1320 1098 1446 1128 Kalend.
1457 1099 1576 1138 Januar.

1456 1144 1654 1173 CICERO
1683 1146 1901 1178 ATTIco,
1932 1148 1961 1176 S.

1322 1184 1456 1212 UANTis
1483 1185 1561 1213 curis
1584 1183 1710 1219 afficiar,
1731 1186 1781 1216 etsi
1803 1187 1940 1226 profesto
1962 1187 2066 1221 vides,
2086 1198 2186 1220 tamen

1322 1225 1483 1265 cognosces
1507 1235 1546 1255 ex
1570 1228 1662 1266 Lepta
1687 1228 1719 1257 &
1740 1229 1891 1259 Trebatio.
1915 1232 2064 1260 maximas
2085 1241 2188 1272 peenas

1226 1266 1327 1303 pendo
1351 1267 1514 1296 temeritatis
1537 1278 1611 1298 meae
1622 1281 1631 1303 3
1650 1279 1738 1310 quam
1759 1280 1789 1300 tu
1805 1270 1993 1310 prudentiam
2004 1273 2188 1303 mihivideri

1225 1308 1289 1336 vis:
1314 1317 1411 1348 neque
1421 1317 1448 1338 te
1460 1308 1592 1339 deterreo
1602 1330 1610 1344 ,
1634 1321 1696 1351 quo
1707 1313 1809 1342 minus
1820 1312 1851 1342 id
1862 1313 1992 1352 disputes
2004 1333 2012 1347 ‚
2023 1313 2188 1355 scribasque

1225 1399 1292 1420 terae
1312 1392 1370 1421 hoc
1386 1401 1529 1432 tempore.
1553 1397 1606 1424 Per
1625 1404 1695 1429 eos,
1714 1398 1765 1436 qui
1783 1396 1882 1427 nostra
1893 1398 1975 1435 caula
1986 1398 2093 1428 volunt
2106 1419 2114 1432 ,
2134 1408 2187 1428 va-

1225 1433 1347 1472 lentque
1360 1434 1438 1473 apud
1454 1435 1540 1464 illum
1553 1455 1561 1468 ,
1580 1434 1595 1455 ⁶
1606 1436 1830 1478 diligentissime
1847 1439 2009 1468 contendas
2026 1449 2103 1479 opus
2122 1439 2164 1470 est
2175 1459 2184 1472 ‚

1223 1483 1274 1512 pei·
1286 1475 1409 1504 Balbum
1432 1476 1464 1505 &
1480 1478 1613 1515 Oppium
1634 1479 1768 1509 maxime
1780 1499 1788 1512 ,
1809 1489 1841 1509 ut
1850 1480 1946 1510 deme
1957 1480 2084 1511 scribant
2093 1484 2185 1521 quarn

1224 1515 1460 1556 diligentissime.
1473 1527 1680 1558 oppugnamur
1689 1522 1772 1550 enim
1787 1541 1794 1553 ,
1813 1531 1844 1551 ut
1855 1521 1955 1555 audio,
1967 1526 1981 1549 7
1991 1522 2022 1551 &
2033 1524 2190 1561 pra-,senti-

1225 1557 1277 1586 bus
1287 1558 1466 1598 quibusdam
1481 1578 1489 1591 ‚
1503 1560 1534 1588 ὅ(
1545 1561 1728 1599 perlitteras.
1751 1564 1788 1591 iis
1799 1572 1838 1592 ita
1849 1563 2068 1592 occurrendum
2081 1584 2088 1597 ‚
2102 1573 2134 1593 ut
2145 1566 2187 1593 rei

1224 1599 1401 1639 magnitudo
1420 1600 1557 1640 postulat.
1582 1597 1737 1632 8Furnius
1756 1603 1895 1636 estillic,
1919 1605 1996 1633 mihi
2016 1604 2187 1634 inimicissh

1222 1650 1302 1671 mus.
1327 1643 1460 1684 Qintus
1479 1641 1557 1672 milit
1576 1641 1674 1674 filium
1693 1655 1757 1674 non
1774 1644 1873 1675 solum
1889 1646 1932 1675 sui
1953 1645 2185 1685 deprecatorem,

1222 1683 1269 1712 sed
1281 1685 1370 1713 etiam
1381 1685 1580 1714 accusatorem
1594 1688 1664 1716 mei.
1685 1686 1812 1720 dielitat,
1826 1688 1854 1717 se
1863 1688 1879 1717 a
1891 1697 1939 1717 me
1949 1688 2025 1727 apud
2037 1689 2181 1719 Caesarem

1220 1727 1402 1766 oppugnari:
1422 1727 1504 1765 quod
1518 1726 1629 1757 refellit
1640 1730 1732 1758 Caesar
1745 1729 1806 1769 ipse
1818 1749 1827 1762 ,
1846 1731 2011 1769 omnesque
2027 1732 2090 1769 ejus
2103 1733 2183 1760 ami-

1218 1770 1264 1797 ci:
1283 1778 1380 1808 neque
1393 1767 1464 1797 veis}
1480 1768 1589 1799 desistit
1599 1789 1607 1803 ,
1623 1771 1809 1811 ubicumque
1819 1770 1861 1800 est
1871 1791 1879 1804 ,
1898 1773 2003 1801 omnia
2015 1774 2045 1801 in
2058 1782 2107 1802 me
2117 1782 2182 1804 ma-

1219 1808 1328 1839 iedieia
1338 1809 1484 1840 conferre.
1506 1812 1584 1840 nihil
1599 1813 1677 1841 mihi
1692 1822 1834 1853 umquam
1850 1823 1909 1842 tam
1928 1812 2085 1842 incredibile
2104 1817 2182 1845 acci-

1217 1851 1280 1885 dit,
1299 1852 1377 1880 nihil
1388 1853 1420 1880 iti
1431 1853 1478 1880 liis
1491 1853 1577 1882 malis
1589 1861 1648 1882 tam
1659 1854 1810 1883 acerbum.
1833 1857 1884 1893 qui
1897 1864 1934 1883 ex
1945 1855 2009 1894 ipso
2021 1855 2179 1891 audissent,

1217 1891 1287 1922 cum
1309 1895 1436 1931 Sicyone
1453 1894 1551 1932 palam
1568 1895 1673 1923 multis
1698 1895 1890 1925 audientibus
1904 1896 2093 1936 loqueretur,
2124 1908 2180 1928 ne-

1217 1933 1287 1963 faria
1298 1933 1434 1973 quaedam
1446 1935 1480 1963 ad
1493 1945 1542 1964 me
1555 1936 1747 1974 pertulerunt.
1770 1941 1786 1963 9
1796 1936 1876 1967 nosti
1887 1947 1981 1977 genus
1993 1958 2005 1971 ς
2017 1940 2108 1968 etiam
2123 1950 2182 1969 ex-

1217 1984 1315 2014 pertus
1330 1985 1359 2004 es
1372 1974 1489 2005 fortasse
1503 1986 1508 2004 z
1531 1978 1562 2006 in
1578 1986 1628 2006 me
1642 1977 1672 2006 id
1685 1977 1728 2008 est
1737 1988 1829 2008 omne
1839 1980 2029 2009 conversum».
2053 1981 2101 2010 sed
2113 1990 2179 2011 Av-

1217 2026 1279 2046 ῡεο
1293 2018 1567 2048 commemorando
1581 2018 1718 2049 dolorem
1731 2039 1739 2053 ,
1761 2019 1880 2050 &facio
1892 2022 1982 2051 etiam
1997 2021 2062 2051 tibi.
2087 2032 2175 2063 quare

1216 2059 1250 2088 :id
1260 2059 1337 2088 illud
1349 2058 1439 2088 redeo
1448 2071 1456 2092 5
1465 2069 1540 2090 cura
1549 2079 1557 2093 ‚
1570 2069 1601 2089 ut
1610 2061 1697 2099 hujus
1707 2063 1747 2091 rei
1759 2063 1841 2092 causa
1853 2083 1861 2094 ,
1876 2062 1974 2093 dedita
1985 2073 2071 2103 opera
2083 2083 2091 2097 ,
2103 2066 2175 2095 mit-

1214 2109 1253 2130 tat
1267 2101 1398 2140 aliquem
1411 2101 1528 2131 Balbus.
1551 2102 1586 2131 ad
1598 2112 1674 2143 quos
1683 2103 1852 2138 videbitur,
1867 2105 1960 2135 velim
1970 2115 2054 2136 cures
2063 2106 2174 2137 litteras

1216 2152 1285 2172 meo
1294 2144 1433 2173 nomine.
1447 2144 1519 2172 Vale
1531 2146 1560 2163 ¹0
1571 2151 1618 2174 vi.
1631 2147 1716 2186 KAn.
1726 2146 1814 2187 Janu.

1437 2187 1641 2216 CICERO
1668 2190 1887 2222 ATTICO,
1913 2192 1941 2220 S.

1292 2228 1340 2256 Go
1358 2224 1431 2256 verb
1455 2227 1487 2256 &
1508 2229 1644 2262 incaute,
1666 2238 1698 2258 ut
1715 2229 1836 2263 scribis,
1859 2231 1891 2260 δε
1910 2229 2036 2262 celerius
2050 2254 2059 2267 ,
2079 2233 2175 2274 quam.

1312 2270 1423 2307 portuit
1439 2267 1496 2299 feci
1509 2289 1517 2302 ,
1538 2279 1593 2299 nec
1611 2272 1644 2299 iii
1664 2271 1723 2301 ulla
1734 2271 1798 2301 sum
1817 2273 1882 2311 spe,
1903 2275 2173 2315 quippequiexce-

1211 2310 1368 2348 ptionibus
1388 2309 1559 2340 odietur-um
1576 2314 1716 2342 retinear:
1735 2312 1830 2353 quaefi
1842 2324 1903 2343 non
1915 2313 2006 2345 essent
2018 2316 2170 2347 sedulitate

1210 2349 1324 2381 effeftae
1335 2352 1366 2381 ὃς
1379 2351 1657 2387 benivolentiatua,
1678 2355 1777 2384 liceret
1789 2356 1865 2384 milii
1879 2356 1958 2385 abire
1968 2358 2172 2397 infhi'itudt'nes

1210 2393 1330 2433 aliquas.
1355 2403 1436 2424 nunc
1458 2404 1496 2424 ne
1515 2394 1543 2424 id
1563 2395 1685 2435 quidem
1707 2397 1783 2426 licet.
1807 2397 1878 2438 quid
1898 2407 1996 2427 autem
2012 2400 2165 2435 mejuvat,

1210 2433 1292 2475 quod
1315 2444 1381 2465 ante
1394 2437 1504 2466 initum
1515 2437 1700 2467 tribunatum
1711 2441 1781 2468 veni
1795 2459 1803 2472 ‚
1826 2438 1845 2468 si
1856 2439 1951 2479 ipsum
1965 2459 1972 2472 ,
1991 2440 2072 2480 quod
2084 2443 2167 2475 veni,

1211 2477 1288 2506 nihil
1307 2477 1412 2516 juvat?
1427 2488 1511 2517 jam,
1533 2479 1605 2518 quid
1626 2479 1739 2518 sperem
1754 2480 1790 2510 ab
1809 2490 1864 2512 eo,
1886 2483 1937 2520 qui
1959 2484 2036 2511 mihi
2054 2484 2169 2513 amicus

1213 2528 1379 2559 numquam
1402 2518 1478 2554 fuit3
1500 2519 1571 2550 cuin
1595 2522 1652 2556 iarn
1666 2521 1728 2562 lege
1737 2524 1826 2551 etiam
1838 2521 1890 2551 sim
1901 2522 2059 2553 conflfius
2070 2525 2102 2554 &
2113 2535 2170 2565 op—

1210 2559 1319 2600 press'us
1335 2563 1345 2589 ?
1367 2565 1393 2580 ¹¹
1404 2562 1540 2602 quotidie
1556 2563 1618 2601 'jam
1631 2562 1714 2592 Balbi
1735 2563 1768 2592 ad
1782 2573 1829 2592 me
1840 2564 1942 2593 litterae
1953 2565 2166 2606 languidiorem

1208 2603 1371 2644 multaeque
1391 2603 1559 2634 multorum
1570 2604 1605 2634 ad
1622 2604 1710 2634 illum
1722 2623 1730 2638 ,
1752 2603 1869 2635 fui-[affe
1887 2615 1990 2637 contra
2010 2617 2072 2637 me.
2097 2618 2169 2638 meo

2086 2659 2165 2681 vitio

202 2739 205 2741 .
244 2726 267 2744 ι.
286 2718 477 2752 Alexandrou]
499 2720 519 2744 V
524 2718 580 2754 ulg.
590 2719 794 2747 alexandrinas.

239 2761 268 2779 2.
297 2758 344 2780 Fac
362 2763 388 2780 tu
405 2755 512 2789 igitur]
543 2757 585 2781 ιω(
605 2755 695 2781 codice
710 2756 856 2782 Decurtato
875 2755 913 2781 'im
930 2754 1030 2793 scripsit
1047 2757 1158 2789 Bosius5
1185 2749 1188 2759 ¹

203 2789 285 2824 vulgo
291 2810 299 2822 ,
308 2792 398 2823 fufium
407 2794 489 2823 igitur.

239 2833 264 2858 3.
293 2830 326 2852 Et
343 2829 439 2853 Λιβίαν,
457 2829 604 2853 nominatim.
615 2827 628 2860 ]
660 2827 795 2853 Antonius
815 2827 978 2863 Augustinus
1006 2828 1109 2855 mavult
1129 2829 1157 2855 Sc

200 2860 231 2886 L.
243 2864 360 2889 eAEle'um.
372 2863 444 2898 quod
455 2873 505 2889 uon
517 2862 582 2892 tideo
591 2862 677 2898 placet
690 2863 797 2889 Ursino.

234 2903 261 2928 4-
281 2899 457 2932 reflagitari]
483 2898 613 2925 v'iftorius
626 2898 741 2934 reposuit
762 2899 835 2925 libris
854 2899 970 2934 antiquis
983 2900 1156 2936 repugnanti-

197 2928 246 2957 bus
258 2950 266 2963 ‚
275 2937 525 2968 ‘Terentiamflagzmre
536 2954 542 2966 ‚
555 2934 626 2971 quod
642 2936 720 2970 vulgo
733 2944 866 2971 receptum
877 2936 912 2962 est
926 2944 933 2965 3
954 2943 1032 2962 antea
1047 2936 1154 2971 legeba—

197 2972 254 2997 ῐῑΙΓ,
264 2969 408 3002 Ἶιιοιέμνίόὶς
423 2973 559 3003 efflagitare.
582 2970 726 2998 Lambinus
740 2973 802 2998 vcro
824 2971 857 2998 iic
867 2970 999 2997 edendum
1010 2973 1113 2998 curavit
1124 2979 1153 2998 ut

195 3001 280 3030 edidit
292 3004 391 3035 Belius,
403 3006 554 3032 auctoribus
569 3007 699 3033 veteribus
711 3007 796 3034 libris.

232 3047 259 3070 5.
278 3041 323 3074 ‘Rq
331 3042 369 3065 hoc
378 3042 483 3072 temporis
491 3045 538 3067 tibi
546 3044 613 3075 obeffi:
623 3043 811 3078 aliquidpfft]
834 3043 889 3069 Hic
898 3052 1004 3079 quoque
1015 3043 1150 3069 Vie'torius

192 3074 387 3109 refragantibus
400 3077 531 3103 veteribus
544 3078 616 3104 libris
627 3078 715 3105 scribit
728 3099 735 3110 ,
755 3090 783 3105 ne
801 3082 840 3105 huc
859 3088 955 3111 rems-ore
964 3081 1073 3105 Tei-entis
1083 3080 1151 3111 obesse

189 3112 284 3150 aliquid
296 3113 380 3145 pqffisj
401 3110 443 3138 sed
463 3112 540 3140 130110
549 3114 638 3149 potior
657 3115 695 3141 est
706 3123 824 3142 veterum
843 3115 1037 3151 exemplarium
1055 3116 1148 3142 aiisslo-
1170 3114 1172 3145 l

187 3153 251 3211 mgs.
257 3166 436 3220 'Da'ligmnfflmi
451 3184 601 3220 comendam]
620 3185 708 3223 Vulgo
719 3186 792 3222 μὴν,
800 3187 964 3223 diligennffima
974 3188 1110 3216 contendas.

1240 2731 1266 2758 7.
1288 2727 1320 2749 El
1329 2725 1509 2758 praefintibm]
1532 2724 1612 2759 Vulg.
1624 2724 1652 2754 (lr-
1661 2724 1675 2749 si
1686 2726 1844 2757 prasi-milvus.

1238 2758 1264 2785 8.
1286 2762 1392 2785 nemum
1401 2763 1437 2786 <⁸57
1444 2763 1490 2785 iilic
1508 2762 1564 2785 nubi
1573 2763 1757 2793 inimiczffimm..
1770 2762 1875 2792 §intm
1885 2762 1968 2795 mifit]
1991 2763 2055 2788 Hire
2068 2763 2104 2789 est
2114 2762 2162 2788 Vi-

1200 2794 1280 2820 &orii
1298 2796 1460 2822 emendatio.
1483 2796 1571 2822 Antea
1583 2796 1720 2830 regebatur
1732 2815 1740 2828 ,
1760 2799 1927 2830 inimi-iffinmr
1945 2801 1986 2831 qm'
1996 2800 2141 2832 mistrfi'i'rtm
2152 2808 2162 2828 ς

1180 2853 1181 2859 ,
1200 2831 1227 2855 S<
1240 2831 1265 2856 iu
1282 2830 1338 2857 mss'.
1350 2831 1501 2867 quibusdam
1506 2851 1514 2864 ‚
1524 2842 1572 2866 ‹111ae
1582 2834 1733 2865 ›114‹itji‘.'imn.
1755 2835 1890 2859 Manutius
1901 2842 1960 2869 pro,
1970 2837 2076 2860 Furnius
2088 2854 2095 2866 ‚
2107 2844 2164 2861 nia·-

1178 2864 1181 2884 i
1201 2865 1245 2897 lit,
1259 2869 1352 2899 Fnfim.

1232 2911 1259 2936 9.
1283 2905 1424 2935 Nostisenrn
1436 2923 1443 2934 ‚
1454 2903 1550 2936 ctiam]
1574 2904 1606 2929 Et
1618 2903 1671 2929 lioec
1684 2904 1814 2930 restitutio
1824 2904 1935 2931 debetur
1946 2905 2102 2932 moi-emim
2113 2907 2163 2932 Vi-

1198 2937 1287 2964 &oi-ii.
1311 2940 1338 2964 Pi
1347 2940 1385 2965 ius
1400 2939 1490 2965 lbi'ii'i'is
1503 2939 1589 2965 exenii
1603 2939 1741 2969 haba-bant,
1753 2943 2022 2975 nffligsnm‚hujusmodl
2031 2944 2159 2968 hommim.

1196 2974 1296 2999 Totum
1309 2975 1376 3000 huuc
1387 2975 1472 3001 locum
1485 2984 1516 3000 ex
1529 2975 1630 3001 duobus
1645 2975 1700 3001 mil'.
1712 2976 1793 3002 i’uiit.
1807 2976 1829 3001 l'c
1842 2977 1874 3002 iic
1884 2996 1892 3009 ,
1913 2979 2012 3013 optinui
2022 2978 2073 3004 lide
2086 2978 2160 3004 resti·-

1194 3009 1269 3034 iiiiil‘e
1280 3010 1419 3044 aitJuiiiiis
1435 3030 1442 3041 ‚
1461 3013 1603 3043 Nessrgcnm
1621 3012 1748 3044 huiusmodi
1767 3014 1882 3038 hominum
1894 3033 1902 3044 ‚
1917 3017 1987 3038 etiam
2004 3022 2112 3046 expwtm
2125 3023 2160 3040 rs.

1172 3072 1173 3078 ἵ
1186 3046 1285 3077 sertaffi‘
1294 3047 1320 3070 id
1329 3048 1384 3071 mihi
1395 3047 1470 3071 air-:fh
1491 3057 1552 3071 imme
1564 3048 1699 3080 comer-[iam
1711 3061 1717 3072 ι
1725 3051 1746 3073 fs
1754 3050 1876 3081 confidunt.
1892 3050 1936 3083 Jkd
1953 3059 2020 3083 augeo
2032 3059 2161 3075 commemo—

1172 3086 1173 3090 *
1190 3082 1264 3105 raudo
1274 3082 1369 3106 dolorem
1378 3092 1407 3111 ω·
1416 3084 1475 3110 flici'u
1485 3086 1556 3107 ctiam
1570 3085 1622 3108 libi.
1643 3085 1736 3116 Qut-e,
1747 3085 1770 3114 ὼ
1776 3093 1797 3109 c.

1232 3125 1272 3142 ic.
1283 3118 1320 3143 Vl.
1335 3120 1390 3142 Kal.
1402 3118 1529 3150 Jawuarsl
1546 3120 1582 3143 lta
1594 3127 1650 3145 crat
1665 3120 1692 3146 iii
1705 3121 1862 3152 Det-uitato,
1875 3120 1911 3147 ita
1923 3121 2002 3148 etum
2012 3121 2038 3147 iii
2051 3119 2160 3156 quibus-

1190 3152 1250 3179 dim
1262 3152 1370 3187 Mal-‚iliu
1386 3153 1477 3188 vulgo.
1492 3157 1541 3180 ΧΠ.
1554 3156 1611 3180 Kal.

1229 3197 1258 3216 ιι
1265 3208 1271 3215 ,
1290 3189 1454 3224 §gotidii-jam
1464 3191 1583 3253 Balbi.]s
1590 3191 1668 3226 Vulg.
1681 3193 1768 3218 Condit
1777 3193 1859 3220 Balbi.

1594 3237 1605 3254 s
1616 3237 1627 3253 :i
1640 3237 1649 3255 s
1661 3238 1672 3253 5
1694 3236 1706 3264 3

2064 3235 2087 3253 i.
2097 3228 2155 3263 Q,-

2209 1140 2225 1171 ers

1225 1348 1262 1378 ad
1283 1358 1332 1378 mc
1349 1359 1437 1390 quam
1449 1350 1616 1391 saepissime.
1640 1363 1703 1383 non
1716 1355 1888 1384 nihilenim
1901 1365 1949 1385 me
1959 1356 2059 1385 levant
2069 1366 2124 1387 tuae
2136 1359 2187 1386 lit-
2220 1364 2226 1367 ”

2188 2197 2211 2228 9
