2297 3389
698 104 1095 159 'AcT101.iN
1139 109 1524 162 C.Vssnnssm.

562 242 1082 314 PROOE

1154 247 1673 324 MIUM,·

1000 374 1217 420 SEU

122 419 1056 608 PRINC

1158 430 2156 606 iPIUM=

277 647 1947 751 Pltlhusse'iic5T1(3rt18

1052 811 1168 858 IN

466 926 554 993 C.

642 1059 1066 1116 ORATIO

407 1190 482 1220 Uon
501 1193 560 1218 erat
569 1185 736 1226 optandum
747 1183 894 1218 maxime,
906 1184 1034 1223 iudices,
1043 1183 1087 1218 &‚

360 1224 383 1253 ι’
410 1230 492 1272 quod
505 1239 602 1260 unum
612 1228 648 1258 ad
667 1228 818 1258 invidiam
840 1226 931 1257 vestri
950 1227 1086 1261 ordinis,

242 1306 246 1307 ⁷
259 1306 263 1309 χ
362 1268 383 1300 -7
413 1272 631 1312 infamiamque
638 1269 825 1309 judiciorum
836 1268 993 1299 sedandam
1004 1289 1011 1302 ‚
1023 1279 1088 1299 ma-

224 1334 276 1351 ·„fz
314 1324 327 1345 n
370 1310 394 1350 ΞΔ
414 1313 501 1345 xime
511 1311 677 1353 pertinebat
683 1323 693 1346 3
720 1310 752 1341 id
768 1321 834 1341 non
844 1311 979 1341 humano
988 1309 1087 1341 confi-

244 1352 250 1359 ⁴
263 1353 267 1356 ‘
373 1365 382 1377 ·
413 1357 456 1387 lio
476 1377 485 1390 ‚
509 1355 558 1386 sed
578 1352 670 1394 prope
689 1353 834 1383 divinitus
851 1352 953 1383 datum
969 1373 978 1387 ,
1001 1362 1029 1384 at
1051 1363 1088 1382 ue

412 1398 549 1428 oblatum
557 1395 644 1427 vobis
653 1395 774 1425 summo
783 1396 993 1435 reip.tempore
1002 1397 1032 1425 vi
1056 1405 1088 1425 e—

411 1450 469 1471 tur.
492 1439 673 1470 Inveteravit
687 1438 772 1467 enim
785 1437 849 1477 jam
867 1439 974 1477 opinio
984 1438 1087 1477 perni-

120 1483 203 1513 ciosa
212 1485 285 1522 reip.
294 1482 440 1523 vobisque
447 1480 624 1522 periculosa:
645 1489 711 1520 quae
721 1489 785 1509 non
796 1477 892 1509 modb
903 1482 1024 1513 Romae,
1037 1478 1085 1509 sed

127 1525 161 1555 &
178 1524 253 1564 apud
270 1533 384 1555 exteras
401 1527 556 1557 nationes,
577 1524 723 1553 omnium
739 1521 876 1551 sermone
892 1521 1085 1562 percrebruit,

125 1566 174 1596 his
193 1566 314 1606 judiciis
329 1586 337 1599 ,
360 1577 426 1607 quae
449 1576 531 1596 nunc
552 1563 610 1595 sint
631 1584 640 1598 ,
672 1566 895 1594 Pi-:cumosUM
917 1573 1085 1593 nomme-M

122 1617 282 1648 VQAMWs
313 1619 366 1638 sir
397 1618 527 1639 nocens
545 1628 554 1642 ‚
583 1615 751 1636 NEMlNEM
783 1615 877 1635 POSSE
907 1615 1084 1635 DAMNARL

123 1652 158 1680 N
162 1659 220 1680 unc
227 1651 261 1680 in
269 1650 333 1690 ipso
340 1650 514 1681 discrimine
524 1649 650 1683 ordinis,
653 1649 663 1689 j
667 1647 705 1678 ud
710 1649 897 1688 iciorumque
904 1646 1083 1682 vestrorum,

126 1701 196 1722 cum
206 1690 262 1722 sint
271 1694 360 1732 parati
370 1713 378 1726 ‚
388 1694 441 1734 qui
450 1691 651 1723 concionibus
662 1712 671 1724 ‚
684 1690 716 1720 &
726 1690 840 1731 legibus
850 1691 926 1720 hanc
934 1689 1085 1720 invidiam

123 1734 242 1764 senatus
261 1732 451 1765 inflammare
467 1742 615 1765 conentur
626 1753 634 1768 ,
654 1734 764 1763 reusin
777 1731 929 1773 judicium
939 1730 1085 1762 adduetus

124 1773 170 1805 est
178 1795 187 1809 ‚
200 1777 342 1808 C-Verres
351 1796 359 1811 ,
369 1778 465 1807 homo
474 1777 536 1807 vita
543 1785 629 1817 atque
639 1773 726 1805 fafitis
736 1794 744 1808 ‚
755 1774 950 1813 ommumjam
959 1774 1085 1815 opinione

123 1816 276 1847 damnatus
281 1828 297 1845 „-
306 1821 441 1858 pecuniae
453 1817 661 1859 magnitudine
669 1837 677 1851 ‚
691 1816 741 1847 sua
749 1817 809 1857 spe,
818 1826 850 1846 ac
859 1815 1082 1856 praedicatione,

87 1877 92 1881 ·
124 1858 288 1890 absolutus.
313 1862 392 1891 Huic
402 1870 457 1903 ego
465 1860 557 1891 causae
566 1880 574 1894 ,
583 1859 700 1899 judices
711 1878 720 1893 ,
736 1869 806 1889 curn
817 1858 935 1888 summa
942 1857 1084 1888 volunta—

123 1909 153 1931 te
164 1920 173 1934 ,
197 1900 230 1930 &
240 1901 460 1941 exspectatione
477 1902 582 1943 populi
599 1904 638 1932 R.
653 1899 736 1930 agitor
744 1898 845 1931 acceffi
855 1920 863 1934 ‚
883 1909 947 1930 non
957 1908 1086 1940 utauge—

125 1951 192 1972 rem
202 1942 348 1973 invidiam
359 1944 477 1974 ordinis
487 1963 495 1977 ‚
519 1943 568 1974 sed
579 1952 611 1973 ut
620 1942 756 1973 infamiae
765 1943 927 1972 communi
936 1942 1084 1973 succurre-

126 1993 202 2013 rem.
215 1983 326 2014 adduxi
336 1987 421 2015 enim
429 1986 602 2017 hominem,
613 1986 646 2014 in
654 1993 716 2025 quo
726 1983 917 2014 reconciliare
927 1982 1083 2013 existima—

125 2027 244 2055 tionem
251 2025 439 2065 judiciorum
449 2025 584 2057 amissam
595 2046 603 2060 ‚
628 2026 724 2056 redire
733 2027 766 2055 in
775 2026 897 2066 gratiam
906 2035 976 2055 cum
985 2034 1083 2065 popu-

125 2066 157 2097 lo
167 2069 204 2097 R.
211 2067 372 2099 satisfacere
381 2071 492 2099 exteris
500 2067 675 2098 nationibus
684 2065 804 2106 poss'etis
817 2076 824 2094 t
842 2065 1081 2107 depeculatorem

123 2110 217 2139 aerarii
228 2129 235 2142 ‚
247 2119 424 2140 vexatorem
434 2109 508 2140 As1ae
519 2130 527 2143 ‚
547 2118 634 2150 atque
642 2109 818 2149 Pamphiliae
829 2128 838 2142 ‚
849 2108 1025 2148 praedonem
1032 2109 1082 2148 ju-

124 2152 165 2181 ris
176 2150 299 2185 urbani,
320 2152 420 2182 labem
437 2161 523 2192 atque
538 2153 703 2191 perniciem
717 2152 880 2190 provinciae
890 2151 1011 2180 Siciliae.
1035 2153 1083 2180 De

126 2202 188 2234 quo
199 2190 218 2222 fi
231 2202 286 2223 vos
296 2193 395 2224 severe
405 2215 413 2227 ,
427 2192 837 2235 religiosequejudicaveritis
849 2203 854 2220 :
865 2191 1024 2222 auEtoritas
1037 2203 1080 2225 ea,

128 2244 194 2276 quae
204 2236 237 2264 in
251 2235 339 2266 vobis
348 2246 501 2266 remanere
512 2235 617 2269 debet,
638 2234 771 2265 haerebit.
790 2232 833 2263 sin
844 2233 929 2264 istius
947 2235 1083 2275 ingentes

126 2277 240 2307 divitiae
254 2277 427 2316 judiciorum
445 2277 623 2318 religionem,
646 2271 860 2316 veritatemque
878 2274 1082 2317 perfregerint:

126 2328 182 2359 ego
198 2319 256 2349 hoc
274 2328 375 2350 tamen
389 2318 520 2361 assequar
530 2340 539 2354 ‚
559 2319 750 2359 utjudicinm
760 2320 861 2360 potius
873 2319 943 2357 reip.
969 2321 979 2336 ¹
990 2317 1081 2358 quam

90 2375 110 2400 2
126 2369 175 2393 aut
184 2361 474 2403 reusjitdicib1132at1t
481 2362 630 2392 accusator
637 2370 689 2391 reo
699 2358 824 2390 defuisse
835 2359 976 2389 videatur.
990 2363 1013 2390 E
1038 2361 1082 2389 ui-

128 2403 215 2436 dem,
234 2403 311 2434 utde
332 2413 381 2433 me
398 2402 561 2438 confitear,
575 2402 691 2443 judices
702 2423 711 2436 ,
727 2400 800 2432 cum
818 2402 921 2431 multae
933 2402 1011 2431 mihi
1022 2404 1079 2432 aC.

128 2447 219 2475 Verre
236 2443 351 2475 insidia:
370 2455 445 2476 terra
461 2447 597 2486 marique
615 2443 699 2474 i‘af'rae
718 2442 793 2477 sint,
814 2453 884 2483 quas
895 2445 1003 2484 partim
1015 2453 1081 2473 mea

125 2487 279 2527 diligentia
288 2487 447 2518 devitarim
459 2508 467 2522 ,
482 2490 592 2528 partim
602 2488 771 2517 amicorum
783 2485 881 2515 studio
892 2506 902 2519 ,
917 2483 1080 2526 officioque

125 2526 286 2570 repulerim
297 2540 302 2558 τ
313 2539 470 2570 nunquam
480 2539 581 2560 tamen
593 2539 688 2570 neque
697 2536 814 2558 tantum
826 2527 993 2567 periculum
1003 2529 1081 2557 mihi

126 2571 204 2602 adire
213 2571 292 2601 visus
301 2572 365 2601 sum
378 2592 386 2605 ,
398 2581 496 2612 neque
505 2580 654 2611 tantopere
664 2571 826 2610 pertimui,
840 2578 871 2598 ur
882 2579 962 2599 nunc
973 2570 1005 2598 in
1016 2570 1081 2609 ipso

121 2611 249 2655 judicio.
273 2615 380 2654 Neque
390 2622 507 2643 tantum
527 2623 577 2643 me
592 2611 773 2652 exspeffiitio
789 2611 983 2641 accusationis
995 2621 1079 2645 meae,

125 2655 343 2696 concursusque
354 2664 439 2685 tantae
450 2655 656 2685 multitudinis
667 2674 676 2688 ‚
699 2653 809 2695 quibus
819 2662 873 2693 ego
885 2652 971 2682 rebus
987 2654 1082 2682 vehe-

124 2694 310 2727 mentiffime
320 2697 475 2737 perturbor
486 2717 493 2731 ‚
510 2705 705 2729 commovet,
716 2703 862 2736 quamtum
874 2693 958 2724 istius
969 2693 1080 2724 insidiae

128 2737 245 2769 nefariae
256 2758 263 2772 ,
283 2749 353 2779 quas
364 2749 425 2769 uno
436 2747 570 2779 tempore
592 2742 606 2758 2
618 2739 713 2772 mihi,
737 2736 825 2766 vobis
836 2756 844 2770 ,
865 2738 908 2765 M.
921 2736 1079 2765 Glabrioni

124 2783 260 2821 praetori,
275 2781 361 2811 sociis
372 2801 380 2814 ‚
401 2782 509 2811 eXteris
519 2780 692 2811 nationibus
703 2800 710 2813 ‚
723 2778 842 2812 ordini,
862 2779 984 2808 nomini
994 2777 1080 2807 deni-

125 2832 182 2863 que
192 2822 337 2852 senatorio
344 2821 438 2852 facere
447 2831 583 2852 conatur.
605 2823 657 2863 qui
667 2824 707 2851 ita
714 2819 831 2852 diffitat
840 2839 848 2853 ‚
861 2820 891 2848 its
901 2819 948 2857 ‘ffe
956 2828 1080 2848 memen-

123 2864 191 2894 dum
203 2884 211 2910 ,’
229 2864 280 2912 qui
292 2884 300 2896 ,
311 2864 386 2905 quod
395 2863 595 2904 ipfissblufhtz'r
604 2862 667 2901 effer
677 2882 685 2897 ,
700 2860 914 2903 ficrripm'ffent:
925 2862 955 2901 J}
965 2869 1079 2890 tantum

744 923 1741 992 VERREM.

1155 1057 1607 1133 QyiNTA

1126 1185 1259 1225 quodnon
1268 1183 1395 1214 violari:
1410 1183 1483 1213 nihil
1490 1191 1552 1213 tam
1561 1183 1707 1214 munitum
1717 1204 1725 1217 ,
1737 1183 1812 1226 quod
1822 1195 1872 1214 non
1881 1185 2038 1227 expugnari
2042 1193 2091 1226 pe-

1127 1225 1307 1269 cuniapoffir.
1330 1224 1424 1269 Qod
1445 1224 1466 1256 s1
1476 1247 1484 1260 ‚
1501 1226 1593 1268 quam
1604 1226 1699 1256 audax
1709 1225 1751 1258 est
1761 1226 1796 1256 ad
1813 1227 1986 1258 conandum
1997 1248 2005 1261 ,
2027 1237 2090 1259 tam

1126 1267 1198 1299 ess'et
1207 1268 1349 1299 obscurus
1359 1271 1392 1299 in
1400 1268 1515 1310 agendo
1526 1279 1531 1297 t
1543 1267 1660 1299 fortass'e
1669 1269 1768 1309 aliqua
1776 1270 1809 1298 in
1819 1278 1849 1298 re
1860 1279 1916 1299 nos
1926 1269 2090 1310 aliquando

1127 1309 1287 1341 fefellisset.
1298 1309 1407 1341 verum
1418 1311 1476 1341 hoc
1486 1310 1581 1341 adhuc
1588 1310 1806 1351 percommode
1817 1310 1895 1341 cadit
1908 1310 2007 1351 ‚quod
2016 1322 2090 1342 cum

1125 1352 1297 1383 incredibili
1316 1353 1341 1393 ej
1347 1362 1381 1382 us
1398 1351 1520 1382 audacia
1537 1350 1689 1394 fingularis
1704 1351 1835 1388 stultitia
1855 1353 1922 1392 conj
1929 1352 2018 1383 unfflffl
2032 1352 2088 1384 est..

1128 1396 1210 1425 Nam
1219 1403 1252 1424 ut
1259 1404 1374 1434 apertus
1384 1396 1418 1425 in
1426 1395 1622 1434 corripiendis
1632 1396 1770 1434 pecuniis
1779 1392 1838 1424 fuit
1845 1414 1854 1427 ,
1871 1392 1951 1424 sicin
1961 1395 2009 1434 spe
2019 1404 2089 1425 cor-

1126 1437 1288 1477 rumpendi
1300 1436 1408 1476 judicii
1419 1437 1570 1476 perspicua
1579 1436 1629 1467 sua
1638 1434 1762 1466 consilia
1774 1456 1782 1469 ‚
1793 1436 1975 1477 conatusque
1983 1437 2090 1467 omni·-

1126 1478 1183 1508 bus
1193 1477 1273 1509 fecit.
1296 1478 1397 1509 Semel
1406 1481 1446 1509 ait
1464 1479 1536 1509 sein
1545 1480 1606 1509 vita
1615 1476 1817 1518 pertimuisse:
1837 1486 1903 1508 tum
1915 1498 1923 1511 ‚
1942 1476 2015 1508 cum
2025 1480 2091 1518 pri-

1124 1520 1215 1551 mum
1233 1530 1300 1551 reus
1311 1519 1327 1551 {i
1337 1531 1387 1550 me
1403 1519 1499 1551 faStus
1510 1518 1542 1550 fit
1554 1531 1559 1549 t
1582 1519 1665 1561 quod
1679 1541 1687 1553 ‚
1699 1519 1772 1550 cum
1783 1519 1799 1550 ὲ
1810 1521 1967 1559 provincia
1982 1530 2089 1551 recens

1124 1561 1195 1592 ess'et
1209 1583 1218 1597 ‚
1241 1562 1417 1604 invidiaque
1434 1561 1602 1592 &infamia
1619 1572 1683 1592 non
1696 1563 1827 1595 recenti,
1853 1561 1900 1591 sed
1910 1570 2008 1592 vetere
2018 1581 2027 1596 ‚
2052 1572 2087 1593 ac

1123 1604 1265 1635 diuturna
1282 1603 1414 1646 flagraret
1425 1625 1432 1638 ,
1456 1613 1521 1634 tum
1531 1604 1567 1634 ad
1580 1604 1734 1644 judicium
1744 1603 2002 1643 corrumpendum
2014 1611 2088 1633 tem-

1122 1655 1173 1687 pus
1183 1647 1308 1676 alienum
1317 1645 1493 1677 offenderet.
1503 1649 1606 1687 Itaque
1615 1645 1686 1676 cum
1697 1655 1751 1687 ego
1761 1645 1844 1676 diem
1853 1647 1885 1675 in
1893 1645 2027 1676 Siciliam
2038 1647 2089 1676 in-

1124 1688 1265 1730 quirendi
1285 1690 1479 1730 perexiguam
1500 1686 1726 1728 postulavissem
1736 1708 1744 1721 ‚
1764 1686 1884 1718 invenit
1903 1686 1957 1717 iste
1969 1689 2021 1728 qui
2033 1686 2090 1719 fibi

1125 1733 1159 1761 in
1168 1731 1313 1771 Achajam
1324 1731 1419 1761 biduo
1430 1730 1601 1761 breviorem
1611 1730 1692 1760 diem
1702 1728 1872 1770 postularet:
1886 1739 1951 1759 non
1962 1738 1993 1760 ut
2002 1729 2088 1761 idem

1123 1771 1283 1803 conficeret
1292 1772 1448 1815 diligentia
1459 1793 1467 1806 ‚
1484 1771 1673 1803 &industria
1683 1772 1731 1802 sua
1740 1792 1748 1805 ‚
1768 1771 1849 1812 quod
1857 1781 1914 1812 ego
1922 1781 1993 1802 meo
2001 1771 2089 1802 labo-

1120 1825 1152 1845 re
1164 1836 1172 1849 ,
1194 1815 1228 1845 δε
1243 1815 1357 1856 vigiliis
1374 1815 1551 1845 consecutus
1569 1814 1646 1845 sum.
1669 1815 1792 1844 Etenim
1808 1813 1862 1844 ille
1877 1814 2024 1843 Achaicus
2034 1815 2086 1843 in-

1121 1855 1246 1898 quifitor
1254 1877 1263 1892 ‚
1276 1867 1313 1887 ne
1323 1855 1517 1887 Brundisium
1526 1855 1650 1896 quidem
1659 1854 1810 1896 pervenit:
1829 1865 1884 1896 ego
1892 1855 2027 1886 Siciliam
2035 1863 2088 1885 to-

1122 1909 1182 1929 tam
1193 1900 1411 1940 quinquaginta
1418 1897 1524 1929 diebus
1536 1896 1572 1928 fic
1583 1897 1648 1927 obii
1660 1917 1668 1930 ,
1687 1905 1719 1927 ut
1729 1898 1873 1926 omnium
1885 1897 2088 1937 populorum,

1121 1943 1369 1981 privatorumque
1379 1940 1490 1969 litteras
1501 1960 1509 1972 ,
1530 1938 1704 1980 injuriasque
1718 1938 1945 1979 cognoscerem:
1973 1947 2007 1968 ut
2016 1937 2088 1978 per-'-

1122 1983 1259 2022 spicuum
1270 1983 1366 2012 cuivis
1376 1980 1433 2011 effe
1443 1979 1547 2021 poss‘et,
1560 1982 1721 2011 hominem
1731 1981 1767 2010 ab
1777 1979 1834 2010 isto
1845 1978 2001 2022 quaefitum
2011 1979 2085 2013 effe,

1125 2034 1189 2054 non
1197 2025 1251 2064 qui
1260 2033 1346 2053 reum
1357 2023 1444 2053 suum
1455 2021 1629 2056 adduceret,
1641 2022 1690 2053 sed
1699 2023 1752 2063 qui
1762 2032 1855 2051 meum
1865 2029 1972 2064 tempus
1981 2019 2085 2062 obsid&-

1123 2074 1173 2095 rer.
1197 2069 1229 2096 N
1232 2075 1289 2095 unc
1296 2066 1394 2095 homo
1403 2062 1610 2095 audaciffimus
1620 2084 1628 2097 ‚
1639 2073 1724 2105 atque
1733 2061 1952 2094 amentiffimus
1962 2064 2020 2093 hoc
2030 2073 2083 2093 co·
2105 2069 2123 2103 3

1123 2109 1204 2148 gitat.
1227 2107 1370 2149 intelligit
1380 2127 1389 2140 ,
1401 2117 1451 2137 me
1461 2108 1500 2136 ita
1508 2115 1640 2147 paratum
1653 2126 1662 2140 ‚
1674 2103 1950 2147 atqueinstrquum
1961 2105 2084 2144 injudi-

1123 2151 1206 2179 cium
1215 2150 1318 2179 venire
1329 2169 1337 2181 ,
1348 2157 1454 2178 utnon
1465 2146 1559 2178 modo
1571 2149 1604 2177 in
1614 2147 1735 2178 auribus
1746 2146 1848 2177 vestris
1862 2167 1870 2180 ‚
1882 2146 1930 2177 sed
1942 2148 1975 2176 in
1985 2147 2087 2178 oculis

1127 2193 1270 2221 omnium
1282 2210 1289 2224 ‚
1314 2191 1364 2225 sua
1372 2189 1451 2220 furta
1459 2210 1467 2223 ,
1491 2198 1578 2230 atque
1597 2187 1708 2231 flagitia
1718 2187 1872 2232 defigurus
1891 2187 1958 2218 slm.
1981 2188 2085 2223 Videt,

1122 2234 1268 2264 senatores
1288 2232 1403 2262 multos
1421 2230 1478 2262 effe
1496 2231 1580 2262 testes
1594 2232 1722 2262 audaciae
1750 2231 1808 2262 suae
1821 2241 1827 2260 :
1846 2230 1930 2260 videt
1939 2251 1947 2264 ,
1966 2231 2084 2260 multos

1126 2277 1240 2316 equites
1249 2277 1408 2305 Romanos
1421 2294 1428 2307 ,
1440 2272 1621 2314 frequenteis
1629 2282 1767 2313 praeterea
1775 2273 1880 2306 civeis,
1890 2281 1976 2313 atque
1986 2272 2087 2303 socios

1124 2316 1233 2358 quibus
1244 2317 1304 2356 ipse
1318 2314 1459 2357 infigneis
1469 2316 1591 2354 injurias
1599 2314 1805 2345 fecerit.Videt
1815 2316 1904 2344 etiam
1916 2322 1960 2344 tot
1969 2316 2087 2354 graveis

1123 2360 1159 2390 ab
1168 2357 1354 2389 amicissimis
1365 2351 1535 2387 civitatibus
1546 2357 1707 2398 legationes
1721 2367 1790 2387 curn
1801 2356 1930 2396 publicis
1953 2359 1964 2382 3
1976 2355 2084 2386 austo-

1124 2401 1259 2431 ritatibus
1269 2420 1277 2434 ,
1290 2410 1322 2430 ac
1333 2398 1516 2429 testimoniis
1525 2397 1708 2429 conveniss'e.
1734 2401 1807 2439 Quae
1816 2396 1886 2428 cum
1898 2399 1937 2427 ita
1947 2396 2005 2428 sint
2013 2417 2022 2431 2
2032 2398 2084 2428 us-

1125 2453 1182 2484 que
1193 2441 1228 2472 eo
1238 2442 1269 2471 de
1285 2440 1410 2471 omnibm
1429 2440 1499 2470 bonis
1516 2440 1590 2470 male}
1608 2439 1751 2476 existimat
1759 2451 1770 2467 .·
1789 2440 1878 2480 usque
1890 2438 1927 2469 eo
1938 2440 2085 2471 senatoria

1120 2485 1235 2525 judicia
1243 2504 1251 2518 ‚
1264 2484 1375 2524 perdita
1384 2503 1392 2516 ‚
1404 2482 1618 2523 profligataque
1627 2481 1683 2512 esse
1693 2482 1849 2512 arbitratur
1860 2502 1868 2515 2
1880 2482 1975 2511 uthoc
1982 2481 2084 2522 palam

1124 2526 1243 2557 diffitet
1254 2547 1261 2559 ,
1281 2536 1346 2556 non
1363 2524 1422 2554 sine
1433 2525 1517 2554 causa
1527 2524 1555 2554 se
1564 2523 1707 2564 cupidum
1720 2524 1854 2564 pecuniae
1873 2521 1961 2553 fuisse
1973 2543 1981 2556 ‚
2003 2533 2084 2564 quo-

1124 2571 1207 2599 niam
1225 2577 1343 2598 tantum
1364 2569 1395 2596 in
1409 2567 1535 2606 pecunia
1551 2564 1719 2605 praesidium
1739 2566 1905 2604 experiatur
1915 2563 1972 2595 esse
1991 2575 1997 2594 t
2021 2565 2085 2595 sese

1123 2610 1166 2649 (id
1186 2610 1267 2651 quod
1285 2608 1503 2639 difficillimum
1514 2606 1617 2647 fuerit)
1637 2614 1743 2648 tempus
1764 2606 1856 2647 zpfizm
1874 2606 1964 2644 emiffle
1975 2607 2086 2646 judicii

1118 2654 1167 2692 fiai
1179 2673 1187 2685 ‚
1207 2662 1268 2692 quo
1279 2661 1371 2681 cetera
1380 2648 1497 2679 facilius
1508 2659 1607 2679 emere
1614 2647 1709 2688 poss‘et
1721 2669 1730 2682 ‚
1750 2658 1783 2678 ut
1793 2668 1802 2682 ,
1820 2650 1967 2689 quoniam
1976 2650 2085 2679 crimi-

1125 2704 1201 2724 num
1211 2695 1277 2722 vim
1289 2691 1488 2732 subterfugere
1497 2691 1583 2720 nullo
1593 2690 1689 2720 modo
1700 2699 1813 2730 poterat
1823 2711 1831 2724 ‚
1846 2692 1993 2732 procellam
2010 2698 2083 2720 tem-

1121 2744 1189 2778 pom
1206 2735 1358 2764 devitaret.
1382 2732 1473 2773 Quod
1491 2731 1509 2761 fi
1519 2743 1582 2762 non
1594 2731 1688 2762 modo
1698 2734 1730 2762 in
1740 2733 1823 2762 causa
1833 2752 1841 2766 ‚
1860 2742 1966 2762 verum
1977 2734 2009 2762 in
2027 2733 2085 2762 ali-

1124 2788 1185 2818 quo
1198 2775 1325 2806 honesto
1334 2774 1468 2816 praefidio
1480 2795 1488 2808 ,
1512 2782 1561 2804 aut
1576 2774 1702 2809 alieuius
1712 2774 1886 2815 eloquentia
1897 2794 1905 2808 ‚
1928 2783 1979 2804 aut
1992 2775 2083 2815 gratia

1124 2821 1205 2859 spem
1217 2819 1347 2858 aliquam
1358 2814 1534 2847 collocasset:
1546 2815 1686 2856 profecto
1696 2826 1759 2845 non
1771 2817 1831 2846 haec
1841 2818 1948 2846 omnia
1956 2816 2083 2857 collige-

1122 2871 1166 2891 ret
1176 2881 1183 2894 ‚
1204 2870 1291 2901 atque
1300 2868 1502 2898 aucuparetur:
1519 2868 1581 2887 non
1592 2858 1683 2898 usque
1696 2857 1732 2887 cb
1744 2857 1905 2897 despiceret
1915 2878 1923 2890 ,
1942 2867 2086 2888 contem-

124 2906 259 2947 rapusſje,
282 2913 315 2934 ut
324 2906 355 2935 id
362 2906 457 2936 multu
467 2907 538 2947 [ἔπιε
546 2905 594 2944 effi
598 2905 691 2948 poffir.
714 2906 786 2934 mim
801 2903 850 2942 effe
859 2912 920 2933 tam
933 2902 1077 2944 stammam,
1103 2925 1106 2945 ,
1125 2911 1265 2943 neretque
1274 2901 1413 2931 ordinem
1423 2901 1604 2930 senatorium
1617 2919 1625 2934 ,
1646 2900 1824 2930 utarbitratu
1833 2900 1896 2940 ejus
1906 2899 2085 2941 deligeretur

2044 2952 2085 2972 θΧ

262 3052 318 3076 Uam
328 3057 372 3076 aut
381 3050 583 3084 reusjudstffimJ
606 3048 695 3075 Ambo
706 3047 776 3074 Pan.
786 3048 878 3079 iudiciis
891 3065 899 3077 ‚
910 3054 995 3081 neque
1005 3046 1084 3071 :iliter
1101 3047 1103 3068 l
1124 3054 1207 3080 neque
1218 3041 1376 3077 conspicitur
1388 3043 1412 3068 in
1424 3043 1515 3078 primis
1526 3041 1587 3068 edd.
1599 3044 1625 3068 δ(
1637 3042 1722 3068 nescio
1734 3041 1792 3068 sane
1803 3052 1834 3067 an
1848 3041 1877 3067 fit
1889 3043 1902 3067 ἐι
1914 3041 1982 3067 bona
1993 3049 2084 3066 manu.

130 3053 141 3072 ι
149 3066 155 3072 .

163 3051 361 3155 Qui-tima:
371 3088 540 3123 antiquitatis
550 3086 692 3113 editiones.
711 3086 739 3110 ὃς
752 3082 856 3110 videtur
868 3082 954 3109 minus
965 3082 1082 3110 invidio—

274 3131 327 3148 Um·

163 3166 192 3185 2.
211 3158 292 3185 ώσω
299 3158 364 3185 vohis
375 3176 383 3191 ,
392 3159 432 3186 Μ’
441 3178 446 3186 .
456 3158 604 3193 Glabu'oni]
614 3156 700 3186 Iidem
711 3166 763 3185 nnn
773 3154 918 3192 :ignoscunt
928 3153 995 3183 illud
1008 3154 1083 3185 volvis,

1162 3089 1187 3111 ζ,
1207 3081 1411 3107 ςΛιιὲίσνίίατίΙπιτ
1421 3088 1449 3103 ar
1459 3080 1589 3109 testimoniis
1603 3079 1755 3111 convenistis]
1780 3078 1923 3111 Cujicixino
1933 3076 2001 3102 abest
2011 3085 2038 3101 ac
2049 3083 2087 3099 te-

1118 3113 1243 3149 stimoniis.
1255 3115 1338 3141 male:
1354 3115 1437 3141 exstat
1447 3115 1554 3141 enimin
1569 3115 1633 3141 l'all.
1645 3116 1670 3140 8(
1683 3114 1804 3142 omuibus
1815 3114 1889 3141 retro
1903 3123 1940 3140 vu
1949 3112 2029 3142 tratis,
2040 3111 2088 3136 1³2²·

1126 3152 1223 3187 beiquc
1235 3151 1309 3178 lirum
1320 3150 1377 3179 lime
1389 3150 1501 3188 pondus.
1597 3187 1619 3214 Γ
1638 3184 1654 3212 f
2045 3185 2068 3207 H

1610 3196 1614 3203 ⁴
2009 3191 2019 3210 Ι
2029 3202 2035 3209 .
2067 3189 2090 3209 οὒ
