2316 3395
174 2144 221 2175 50

248 143 315 202 64
654 140 726 189 M.
792 133 842 189 T
879 153 913 187 υ
944 149 976 185 1.
1013 150 1042 185 t.
1079 153 1098 185 1
1118 153 1150 184 >1

246 216 373 248 'sumu
391 225 572 250 »avosca-o
583 239 591 253 .
613 229 654 252 ετ
677 229 915 251 ΜΑωετμΑτυε
940 227 972 248 ει
998 226 1201 248 concamm-

246 262 284 290 Et
301 262 388 290 altera
408 262 475 291 lex:
498 264 670 292 TYRAuno
691 271 809 292 occiso
821 280 828 294 ,
855 270 1009 301 QINQOE
1030 270 1100 299 Ejus
1124 269 1202 290 nno-

247 310 354 332 XIMOS
378 312 596 333 comm-riona
607 322 614 336 ,
640 312 877 333 MAoisrnArus
900 312 1042 332 NECATO.
1071 302 1202 332 Alexan—

246 343 353 378 drum,
374 346 427 385 qui
446 344 523 384 apud
542 347 676 375 Pheraeos
695 347 728 374 in
747 343 895 374 Thessalia
913 343 1102 384 tyrannidem
1113 354 1202 374 occu-

246 394 342 424 parat,
366 396 444 416 uxor
462 387 528 420 sua,
553 388 600 416 cui
613 386 719 416 Thebe
729 396 844 416 nomen
854 385 929 420 fuit,
950 385 1062 420 ῃοᾶὶιι,
1082 385 1154 416 cum
1165 384 1200 414 si·

246 428 312 457 mul
322 428 442 458 cubaret
451 448 459 462 ‚
481 427 598 458 occidit.
633 429 705 458 Haec
717 425 813 457 filium
827 428 912 457 suum
924 448 932 462 ‚
954 437 1044 469 quern
1054 438 1092 458 ex
1101 436 1202 468 tyran-

246 478 287 498 no
306 469 447 502 habebat,
472 468 524 498 sibi
541 471 659 509 praemii
677 470 746 500 loco
765 469 907 509 deposcit.
941 473 1015 500 Sunt
1024 472 1125 510 quiex
1137 470 1201 510 lege

245 519 372 550 puerum
384 510 482 541 occidi
491 510 591 540 dicant
602 520 748 551 oportere.
781 514 841 542 Res
852 511 1008 551 injudicio
1018 511 1071 542 est.
1096 514 1131 541 In
1144 513 1202 540 hoc

245 561 354 592 genere
364 561 519 593 unamque
529 554 562 582 in
571 562 686 592 partem
698 553 791 583 iidem
802 554 860 583 loci
874 573 881 587 ‚
902 563 989 594 atque
1007 553 1111 583 eadem
1128 563 1202 592 prae-

245 603 327 632 cepm
343 597 544 627 convenient,
565 593 634 624 ideo
653 593 735 635 quod
748 604 870 635 uterque
882 595 963 625 suam
983 595 1080 636 legem
1091 593 1205 624 confir-

247 645 328 664 mare
340 656 348 667 ‚
370 638 548 665 contrariam
566 634 718 666 infirmare
737 636 869 667 debebit.
903 635 1042 667 Primum
1061 637 1204 677 igiturle-

245 687 294 717 ges
315 686 433 716 oportet
450 678 620 711 contendere,
645 676 860 708 considerando
872 699 879 711 ,
905 687 967 708 utra
985 678 1034 707 lex
1055 678 1090 707 ad
1108 678 1205 716 majo-

245 728 290 748 res
303 738 310 750 ,
336 720 393 748 hoc
411 718 453 748 est
463 739 470 752 ‚
495 719 531 749 ad
552 721 685 751 utiliores
698 740 706 753 ‚
729 721 764 750 ad
783 720 968 750 honestiores
987 730 1018 750 ac
1038 721 1131 764 magis
1150 729 1205 749 ne·-

243 758 377 791 cess'arias
396 770 440 790 res
458 763 612 800 pertineat.
653 765 699 793 Ex
719 773 780 802 quo
798 761 957 792 conficitur
977 781 985 795 ,
1007 770 1039 791 iit
1053 781 1060 795 ‚
1085 765 1106 790 11
1125 761 1204 802 leges

245 801 311 831 dua:
322 821 330 835 ,
354 808 404 832 aut
414 801 434 832 si
444 804 542 843 plures
554 824 562 837 ,
585 812 651 837 aut,
675 813 825 845 quotquot
834 813 921 833 erunt
932 823 940 836 ‚
961 804 1130 833 conservari
1140 813 1203 832 non

245 842 370 883 polluit,
394 847 464 884 quia
481 844 648 886 discrepent
666 848 744 875 inter
764 846 806 875 se:
833 856 866 876 ea
876 845 1012 875 maxime
1023 845 1204 875 conservan-

245 886 280 916 da
290 895 426 926 putetur,
446 897 513 927 quae
523 887 557 917 ad
569 890 717 918 maximas
728 897 772 917 res
782 889 927 927 pertinere
938 887 1080 918 videatur.
1103 889 1203 917 Dein—

244 927 280 957 de
299 937 363 957 utra
380 928 430 958 lex
450 928 595 968 posterius
615 930 671 959 lata
689 928 730 959 sit.
763 940 833 959 nam
847 928 982 971 postrema
998 939 1122 970 quaeque
1140 939 1204 970 gra-

246 967 365 999 viffima
373 969 425 1000 est.
459 971 581 1001 Deinde
592 980 654 1001 utra
664 971 824 1011 lexjubeat
839 971 952 1012 aliquid
964 991 972 1005 ,
997 980 1060 1001 utra
1077 973 1203 1011 permit-

243 1019 296 1042 tat.
322 1021 391 1042 nam
405 1011 434 1041 id
446 1031 454 1045 ‚
467 1012 549 1054 quod
560 1014 721 1052 imperatur
731 1033 739 1046 ‚
762 1011 956 1043 necefl'arium
970 1024 975 1042 :
998 1012 1074 1043 illud
1086 1033 1095 1047 ,
1119 1012 1201 1053 quod

244 1055 430 1093 permittitur
441 1073 449 1087 ,
460 1055 668 1084 voluntarium
680 1054 730 1085 est.
753 1055 873 1085 Deinde
884 1058 917 1085 in
926 1064 990 1085 utra
999 1055 1063 1096 lege
1074 1075 1082 1089 ‚
1104 1053 1125 1084 fi
1134 1064 1199 1084 non

244 1096 487 1135 obtemperatum
499 1095 531 1126 sit
540 1117 548 1130 ,
559 1106 649 1137 poena
658 1096 811 1131 afficiatur,
828 1107 878 1127 aut
889 1100 921 1127 in
932 1106 996 1127 utra
1006 1098 1103 1136 major
1112 1106 1200 1137 poena

244 1136 393 1167 statuatur.
419 1147 489 1168 nam
501 1138 636 1169 maxime
650 1138 852 1170 conservanda
862 1138 904 1169 est
912 1149 955 1173 ea,
970 1143 979 1158 ¹
991 1149 1057 1180 quae
1068 1138 1199 1180 diligen-

244 1178 354 1209 tiffime
365 1179 464 1209 firnata
473 1180 524 1211 est.
548 1180 670 1211 Deinde
680 1190 744 1212 utra
754 1182 804 1212 lex
812 1181 914 1221 jubeat
925 1202 933 1214 ,
945 1190 1008 1211 utra
1017 1189 1106 1211 vetet.
1126 1191 1197 1211 nam

243 1222 320 1261 saepe
331 1231 362 1251 ea
373 1241 381 1254 ,
393 1231 458 1262 quae
470 1231 549 1253 vetat
558 1243 566 1256 ,
577 1221 657 1264 quasi
667 1225 848 1263 exceptione
858 1223 984 1264 quadarn
996 1225 1143 1264 corrigere
1152 1225 1200 1252 vi-

243 1263 331 1293 detur
342 1263 424 1293 illam
437 1283 444 1297 ‚
457 1274 522 1304 quae
530 1265 541 1304 j
546 1265 626 1295 ubet.
658 1265 779 1296 Deinde
790 1274 854 1296 utra
863 1266 913 1296 lex
924 1264 961 1295 de
971 1275 1077 1306 genere
1088 1267 1176 1295 omni
1189 1276 1198 1299 3

243 1313 308 1336 utia
318 1304 354 1335 de
363 1315 444 1345 parte
454 1306 582 1347 quadam
597 1317 602 1335 :
621 1315 685 1338 utra
703 1309 911 1338 communiter
930 1310 963 1337 in
981 1307 1114 1348 plureis;
1135 1316 1200 1337 utra

242 1349 277 1377 in
286 1347 418 1389 aliquam
429 1357 537 1379 certam
550 1359 614 1378 rem
625 1349 729 1391 scripta
740 1349 882 1380 videatur.
907 1359 977 1379 nam
997 1359 1063 1390 quae
1081 1350 1114 1379 in
1134 1359 1199 1389 par-

243 1399 307 1419 tem
325 1390 456 1436 aliquam
468 1409 476 1423 ‚
498 1391 530 1421 &
548 1401 615 1433 quae
633 1392 666 1420 in
676 1401 785 1422 certam
795 1391 946 1433 quandam
957 1401 1020 1425 rem
1031 1392 1133 1430 scripta
1145 1390 1196 1424 est,
1222 1404 1223 1413 i

242 1434 257 1450 2
270 1440 421 1472 promtius
431 1431 467 1461 ad
479 1433 594 1463 causam
606 1433 741 1464 accedere
752 1434 918 1468 videtur‚&
928 1433 962 1464 ad
974 1433 1122 1471 judicium
1134 1443 1198 1462 ma—
1221 1427 1224 1465 1

242 1476 287 1517 gis
302 1475 460 1513 pertinere.
494 1474 614 1505 Deinde
633 1485 672 1505 ex
691 1475 754 1517 lege
772 1475 876 1506 utrum
897 1474 996 1506 statim
1008 1473 1196 1505 fierineccfl'e

243 1519 279 1545 iit
292 1526 297 1544 ¹.
309 1514 411 1545 utrum
422 1515 525 1546 habeat
534 1517 665 1558 aliquam
677 1518 844 1551 moram‚&
854 1517 1112 1548 sustentationem.
1124 1526 1195 1546 nam

240 1556 284 1590 id,
297 1556 381 1597 quod
390 1555 490 1587 statim
500 1557 672 1589 faciendum
683 1557 728 1593 sit,
740 1558 842 1600 perfici
850 1562 932 1600 prius
941 1568 1060 1599 oportet
1072 1570 1077 1587 τ
1098 1561 1197 1589 Dein-

242 1598 281 1629 de
292 1609 413 1640 operam
424 1599 490 1630 dare
501 1620 510 1634 ,
522 1610 555 1631 ut
565 1601 614 1632 sua
622 1601 672 1631 lex
683 1602 747 1641 ipso
760 1602 868 1642 scripto
879 1602 1012 1632 videatur
1022 1603 1089 1630 niti.
1114 1603 1197 1630 Con-

242 1644 329 1672 traria
338 1650 440 1671 autem
450 1650 501 1672 aut
509 1652 561 1682 per
570 1643 748 1685 ambiguum
758 1664 766 1678 ,
788 1652 837 1674 aut
853 1653 905 1684 per
922 1645 1194 1676 ratiocinationem,
1222 1674 1223 1677 ,

245 1692 296 1713 aut
305 1693 358 1723 per
366 1681 579 1714 definitionem
589 1684 692 1715 induci
704 1698 712 1720 3
724 1696 786 1726 quo
797 1684 927 1716 sanetius
939 1685 971 1715 &
982 1683 1100 1716 firmius
1110 1685 1139 1714 id
1150 1687 1197 1721 vi-

242 1725 346 1756 deatur
356 1724 414 1755 efl'e
423 1726 505 1766 quod
515 1726 644 1767 apertius
654 1727 833 1767 descriptum
844 1726 895 1757 sit:
924 1727 1045 1757 Deinde
1056 1727 1112 1757 suae
1124 1727 1197 1769 legis

243 1767 280 1797 ad
292 1767 445 1807 scriptum,
458 1768 551 1807 ipsam
564 1769 740 1799 sententiam
751 1780 871 1812 quoque
882 1768 1041 1811 adjungere
1051 1789 1058 1802 ‚
1077 1778 1197 1798 contra-

242 1811 319 1839 riam
330 1810 510 1851 legemritem
520 1810 553 1841 ad
563 1811 652 1840 aliam
663 1811 841 1842 sententiam
852 1811 1000 1841 traducere
1012 1830 1020 1844 ‚
1036 1819 1068 1841 ut
1079 1830 1087 1845 ‚
1100 1809 1121 1839 si
1132 1808 1196 1840 fieri

242 1854 407 1891 poterit,ne
418 1851 580 1892 discrepare
589 1852 713 1893 quidem
723 1853 882 1883 videantur
893 1855 971 1882 inter
982 1854 1008 1883 se
1022 1863 1027 1881 :
1040 1851 1195 1883 Postremo

243 1893 338 1923 iacere
351 1913 358 1926 ,
371 1892 392 1922 si
402 1893 484 1924 causa
492 1894 574 1924 dabit
581 1895 753 1925 facultatem
765 1916 774 1929 ,
798 1904 829 1925 ut
839 1894 939 1925 nostra
948 1897 1062 1925 ratione
1073 1902 1195 1935 utraque

243 1935 293 1965 lex
305 1936 474 1965 conservari
483 1935 619 1966 videatur
631 1947 635 1965 ε
666 1938 699 1967 &
711 1937 944 1967 adversariorum
955 1938 1070 1966 ratione
1080 1957 1089 1970 ‚
1109 1942 1196 1966 altera

241 1975 276 2006 fit
295 1976 456 2007 necessario
475 1978 660 2019 negligenda.
694 1980 793 2008 Locos
811 1988 911 2008 autem
928 1980 1121 2009 communeis
1132 1997 1141 2011 ,
1161 1978 1195 2009 δε

240 2028 319 2059 quos
330 2019 390 2060 ipsa
398 2020 481 2049 causa
489 2019 548 2052 det,
561 2020 662 2049 videre
672 2020 838 2060 oportebit,
858 2021 890 2050 δε
900 2031 937 2050 ex
948 2021 1083 2050 utilitatis
1095 2020 1127 2050 &
1138 2020 1194 2050 ho-

241 2060 361 2091 nestatis
370 2059 559 2101 amplissimis
568 2062 699 2102 partibus
709 2063 825 2092 sumere
837 2083 845 2096 ‚
865 2061 1123 2092 demonstrantem
1144 2072 1196 2102 per

240 2102 522 2143 amplificationem,
533 2102 568 2133 ad
580 2113 677 2133 utram
688 2106 788 2143 potius
798 2104 894 2144 legem
906 2104 1039 2134 accedere
1049 2112 1194 2144 oporteat.

242 2148 290 2176 Ex
300 2148 528 2175 ratiocinatione
539 2146 668 2175 nascitur
675 2144 874 2175 controversia
885 2166 892 2179 ,
905 2145 977 2175 cum
988 2156 1026 2175 ex
1036 2156 1072 2175 eo
1082 2165 1090 2178 ,
1111 2145 1194 2186 quod

241 2188 358 2229 uspiam
369 2187 411 2218 est
421 2208 428 2221 ,
441 2187 475 2217 ad
487 2187 517 2217 id
528 2186 609 2228 quod
620 2188 768 2228 nusquam
779 2187 922 2226 scriptum
932 2186 975 2217 est
985 2208 992 2220 ,
1006 2196 1193 2226 pervenitur,

240 2231 300 2260 hoc
317 2229 424 2270 pa&o;
452 2231 518 2259 Lex
537 2228 579 2259 est
589 2249 597 2263 ‚
620 2232 654 2259 Si
679 2238 842 2259 FURIOSUS
866 2238 921 2258 EST
932 2248 940 2262 ‚
966 2237 1194 2260 AGNATORUM,

242 2281 515 2311 oaxnnmern
538 2281 575 2301 tu
598 2281 638 2300 1-:o
656 2291 664 2305 ,
691 2278 915 2309 PECUNIAQE
937 2279 1011 2308 Ejus
1035 2278 1195 2299 rores-ras

246 2324 335 2344 'fis-ro.
360 2317 397 2345 Et
406 2312 654 2347 lex‚i'³A·rEi³i⁷Aiii
661 2322 753 2345 1L1As
765 2323 825 2342 UTI
839 2321 942 2342 SUPER
952 2320 1107 2341 FAMILIA
1120 2314 1132 2338 3
1144 2320 1197 2340 PE-

243 2365 427 2396 cuxiAQE
450 2364 513 2385 suri
533 2364 728 2384 neomenia·
740 2375 748 2388 ,
770 2364 829 2384 ιτΑ
848 2363 901 2393 Jus
922 2363 1010 2383 Esro.
1035 2355 1073 2383 Et
1081 2353 1131 2382 lex
1141 2372 1148 2386 ‚
1160 2355 1194 2382 S1

240 2406 523 2430 PATERFAMILIAS
545 2406 730 2426 INTESTATO
751 2405 910 2426 monium
922 2415 930 2429 ‚
948 2404 1101 2425 FAMILIA
1113 2415 1121 2427 ‚
1143 2403 1197 2423 PE-

243 2449 425 2478 coxiAQsiz
448 2449 520 2478 EJUS
546 2448 761 2469 Aoum-onum
778 2458 787 2472 ‚
811 2446 1083 2475 GENTILIUMQE
1105 2446 1193 2465 esa-o.

241 2477 373 2522 Qidam
387 2482 532 2518 iudicatus
542 2479 583 2510 est
594 2489 747 2520 parentem
758 2477 906 2510 occidisse.
938 2481 964 2509 ei
976 2478 1073 2508 statim
1084 2498 1092 2512 ,
1112 2476 1195 2518 quod

240 2524 406 2565 effugiendi
416 2522 540 2563 potestas
552 2522 694 2555 nonfuit,
706 2523 813 2563 ligne-23
824 2522 909 2551 soleae
920 2523 953 2551 in
962 2520 1052 2561 pedes
1062 2518 1194 2549 indudhe

242 2568 326 2598 sunt:
349 2576 383 2595 os
401 2575 502 2595 autem
522 2565 704 2595 obvolutum
714 2564 756 2594 est
766 2563 905 2593 folliculo
916 2583 925 2596 ‚
947 2562 1172 2604 &praeligatum
1187 2571 1192 2590 :

241 2607 351 2639 deinde
361 2606 445 2636 estin
455 2617 602 2637 carcerem
612 2605 770 2640 decinerus,
783 2615 814 2636 ut
824 2605 867 2635 ibi
877 2603 946 2635 effet
953 2604 1106 2643 tantisper,
1118 2602 1194 2639 dum

241 2651 363 2683 culeus,
384 2651 444 2678 ‘cin
463 2659 553 2689 quem
572 2648 727 2688 conjestus
747 2650 779 2677 in
797 2646 1001 2689 profluentem
1019 2644 1191 2681 deferretur,

240 2700 469 2732 compararetur.
502 2693 616 2721 Interea
624 2690 747 2733 quidam
758 2692 783 2730 ej
790 2700 823 2719 us
832 2689 992 2719 familiares
1004 2689 1035 2717 in
1046 2695 1191 2717 carcerem

241 2735 354 2765 tabuias
365 2731 491 2763 afferunt
501 2752 509 2765 ,
530 2733 561 2761 &
572 2731 670 2761 testeis
681 2731 841 2761 adducunt.
875 2730 1007 2761 Heredes
1018 2750 1026 2764 ,
1043 2739 1120 2770 quos
1131 2728 1194 2768 ipse

237 2776 333 2817 jubet,
345 2774 493 2805 scribunt:
518 2774 624 2804 tabulae
634 2772 834 2814 obsignantur.
857 2775 905 2802 De
924 2772 980 2802 illo
997 2771 1063 2811 post
1078 2771 1193 2810 suppli-
1217 2799 1219 2804 f

240 2821 323 2849 cium
335 2818 469 2847 sumitur.
486 2818 568 2845 Inter
577 2825 638 2848 eOS,
650 2825 700 2855 qui
710 2815 832 2845 heredes
842 2817 875 2844 in
885 2814 993 2844 tabulis
1002 2813 1189 2852 scripti‘sunt,
1216 2805 1219 2838 l

242 2863 275 2891 ὅτ.
286 2862 365 2889 inter
373 2867 491 2901 agnatos
502 2878 510 2891 ‚
530 2857 566 2887 de
576 2857 736 2888 hereditate
746 2854 944 2888 controversia
952 2854 1006 2887 est.
1039 2853 1098 2885 Hic
1115 2857 1198 2885 certa'

1222 1873 1224 1916 ἓ

281 3005 304 3022 1,
333 3002 378 3018 'uie
387 2993 547 3028 diligentsffimh
558 2993 647 3025 [ΜΕΤΑ
663 2991 722 3025 effi]
744 2992 785 3016 Sic
797 2992 827 3017 P.
838 2991 944 3016 Maniit.
954 2989 982 3016 ,δε
995 2986 1123 3017 Lambiiij
1139 2996 1199 3013 nain
1232 2986 1238 2989 “

239 3032 312 3068 prius
324 3029 410 3056 excusi
424 3050 430 3059 ,
451 3038 498 3063 qux
509 3029 676 3061 diligenriffima
687 3028 808 3060 (lesani‘la
818 3028 853 3051 ef?
863 3045 870 3057 ‚
891 3024 962 3062 quod
972 3025 999 3052 &
1008 3030 1039 3052 'iii
1050 3023 1107 3051 Pal.
1118 3032 1159 3060 pr.
1171 3023 1198 3048 8:

241 3075 305 3096 tert.
315 3066 410 3103 quippe
422 3065 471 3091 see.
482 3064 736 3097 ddtssvemsffimiftrigta
745 3065 788 3088 eft.
1094 3074 1097 3075 ν

276 3113 305 3130 2.
324 3105 460 3135 ‘Promptius
471 3100 641 3133 adcauffam]
663 3100 704 3124 Sic
723 3098 809 3134 scripti
820 3106 930 3128 omnes;
945 3097 1039 3124 maiii‘it
1051 3095 1197 3122 Lambinus
1223 3094 1225 3097 ’

237 3144 333 3174 propius
344 3158 352 3170 ,
372 3149 424 3165 uon
436 3140 450 3164 a
463 3136 584 3162 setanion
599 3155 606 3167 ,
626 3134 667 3162 sed
679 3136 693 3162 a
706 3135 786 3162 Petro
797 3134 881 3161 Fabro
894 3153 902 3166 ,
923 3135 967 3169 qui
981 3132 1107 3160 videatur-¹
1119 3131 1151 3160 ad
1161 3132 1195 3158 1...

240 3186 333 3205 r-xxx,
342 3186 378 3207 π.
391 3176 418 3201 dc
427 3174 593 3207 regulisjuris.

1232 130 1766 185 Cicanonrs

1255 214 1317 247 lex,
1327 221 1393 255 quae
1403 211 1572 246 testamenti
1582 213 1712 245 faciendi
1723 216 1770 248 iis,
1783 212 1880 256 quiin
1891 222 1928 244 eo
1937 212 2007 255 loco
2017 211 2085 249 fine,
2097 212 2213 249 adimat

1252 259 1428 296 potestatem
1438 276 1447 290 ‚
1467 257 1552 287 nulla
1569 256 1727 297 profertur.
1760 259 1807 287 Ex
1826 258 1929 287 ceteris
1947 257 2063 298 legibus
2072 275 2082 292 ,
2100 257 2133 288 &
2143 267 2212 298 quae

1254 299 1336 327 hunc
1346 299 1444 338 ipsum
1454 299 1602 339 supplicio
1612 298 1788 337 hujusmodi
1799 296 1945 331 afficiunt,
1959 299 1991 328 δε
2000 309 2066 339 quae
2075 298 2110 328 ad
2122 297 2213 329 testa-

1255 342 1351 370 menti
1366 339 1497 371 faciendi
1507 339 1683 380 potestatem
1694 342 1862 379 pertinent,
1885 350 1937 380 per
1944 342 2210 373 ratiocinationem

1253 382 1440 412 veniendum
1451 381 1494 412 est
1504 382 1539 412 ad
1549 381 1700 421 ejusmodi
1710 384 1857 411 rationem
1870 401 1879 416 ‚
1891 391 1923 412 ut
1934 391 2088 423 quaeratur,
2097 381 2212 412 habue-

1253 425 1330 453 ritne
1349 423 1519 454 testamenti
1538 423 1669 454 faciendi
1685 422 1870 463 potestatem.
1905 426 2004 454 Locos
2013 433 2111 454 autem
2122 433 2211 453 com-

1254 464 1374 495 muneis
1391 466 1450 494 hoc
1468 468 1502 495 in
1511 475 1617 506 genere
1627 464 1871 505 argumentandi,
1892 466 1948 495 hos
1959 485 1967 499 ‚
1990 464 2212 506 &hujusmodi

1253 506 1399 546 quosdam
1410 504 1468 535 esse
1477 507 1663 542 arbitramur.
1687 509 1768 536 Prim
1774 505 1838 539 um,
1849 508 1911 545 ejus
1922 507 2033 546 scripti,
2044 507 2126 547 quod
2136 517 2209 546 pro-

1253 553 1327 578 teras
1339 568 1348 581 ,
1370 547 1573 577 laudationem
1595 548 1628 577 &c
1644 545 1926 577 confirmationem:
1950 549 2071 578 Deinde
2079 549 2143 588 ejus
2155 550 2210 582 rei.

1252 599 1311 630 qua
1320 590 1356 620 de
1366 599 1523 630 quaeratur,
1534 599 1605 620 cum
1615 598 1663 622 eo,
1674 589 1711 618 de
1720 599 1781 629 quo
1791 588 1915 623 constat,
1925 590 2122 620 collationem
2133 590 2157 630 ej
2162 589 2210 619 us·-

1255 631 1352 664 modi,
1364 641 1397 661 ut
1407 631 1448 665 id,
1460 631 1495 661 de
1506 641 1567 672 quo
1577 632 1726 671 quaeritur,
1738 632 1792 664 rei,
1804 630 1840 660 de
1850 636 1909 671 qua
1919 630 2034 662 constet
2042 630 2139 662 simile
2149 630 2211 662 ess'e

1254 673 1398 703 videatur.
1422 677 1436 700 5
1446 672 1548 704 Postea
1565 674 1799 702 admirationem
1817 674 2041 712 percontatione
2051 693 2061 708 ‚
2081 672 2134 714 qui
2145 671 2210 704 fieri

1253 713 1349 754 poffir,
1362 724 1404 749 ut,
1415 717 1466 757 qui
1477 715 1536 745 hoc
1546 724 1666 755 aequum
1675 712 1734 744 ess'e
1744 713 1885 744 concedat
1896 734 1904 747 ‚
1914 714 1990 745 illud
2000 724 2089 757 neget
2097 736 2107 750 ‚
2125 714 2209 756 quod

1253 766 1303 786 aut
1311 759 1437 797 aequius,
1447 766 1496 787 aut
1506 756 1615 787 eodem
1626 755 1703 786 sitin
1712 766 1819 798 genere
1832 767 1837 785 :
1855 756 1976 786 Deinde
1986 756 2098 787 idcirco
2108 757 2145 787 de
2154 757 2212 788 hac

1254 809 1283 827 re
1298 800 1376 828 nihil
1385 798 1443 829 effe
1453 800 1607 839 scriptum,
1619 797 1714 839 quod.
1724 796 1798 828 cum
1809 797 1845 828 de
1856 798 1907 828 illa
1917 797 1989 828 ess'et
1999 798 2138 839 scriptum
2149 817 2159 832 ‚
2170 799 2210 829 de

1251 841 1306 869 hac
1314 850 1344 870 re
1356 842 1380 870 is
1393 861 1402 874 ,
1420 843 1473 882 qui
1483 841 1626 871 scribebat
1640 851 1644 868 :
1670 842 1829 870 neminem
1840 839 2046 871 dubitaturum
2055 841 2211 872 arbitratus

1253 881 1287 912 sit
1298 893 1303 910 z
1327 881 1430 912 Postea
1440 883 1544 912 multis
1554 884 1586 911 in
1595 882 1711 922 legibus
1722 882 1817 912 multa
1827 880 1884 911 ess'e
1898 883 2040 923 praeterita
2048 902 2057 918 ‚
2078 892 2144 924 quae
2161 881 2207 912 id-

1252 927 1332 954 circo
1341 927 1483 964 praeterita
1494 934 1587 954 nemo
1596 924 1768 957 arbiti'etur;
1787 922 1870 964 quod
1880 933 1918 953 ex
1926 926 2042 958 ceteris,
2053 924 2090 955 de
2098 924 2210 965 quibus

1253 967 1395 1005 scriptum
1406 965 1439 996 sit
1449 987 1457 1000 ,
1478 966 1607 1007 intelligi
1616 963 1724 1005 poffint
1735 976 1740 994 z
1761 965 1882 995 Deinde
1892 968 2014 1006 aequitas
2024 968 2067 996 rei
2076 966 2209 997 demon-

1254 1007 1368 1038 stranda
1379 1007 1432 1041 est,
1443 1017 1477 1038 ut
1486 1010 1518 1037 in
1526 1007 1689 1047 juridiciali
1698 1007 1838 1038 absoluta.
1863 1007 1976 1038 Contra
1985 1016 2085 1038 autem
2095 1010 2148 1049 qui
2158 1008 2209 1038 di·-

1253 1059 1316 1083 cet,
1339 1049 1570 1080 similitudinem
1581 1048 1734 1079 infirmare
1744 1048 1883 1080 debebit:
1905 1049 1987 1090 quod
1997 1049 2103 1084 faciet,
2123 1049 2209 1080 side-

1252 1091 1432 1121 monstrabit
1441 1111 1450 1126 ,
1463 1091 1540 1121 iliud
1551 1111 1559 1124 ‚
1571 1090 1652 1131 quod
1662 1089 1834 1122 conferatur
1842 1110 1852 1125 ,
1863 1091 1899 1121 ab
1908 1101 1956 1125 eo,
1966 1094 2015 1121 cui
2025 1091 2208 1124 conferatur.

1248 1133 1400 1163 diversum
1410 1132 1467 1163 ess'e
1475 1142 1583 1174 genere
1594 1152 1603 1166 ,
1614 1141 1716 1163 natura
1725 1151 1734 1166 ‚
1745 1134 1776 1162 vi
1787 1152 1796 1166 .
1812 1133 2020 1173 magnitudine
2032 1153 2040 1167 ‚
2059 1143 2207 1173 tempore,

1249 1175 1328 1208 loco,
1340 1175 1475 1215 persona,
1488 1185 1505 1205 ο
1529 1176 1633 1204 inione
1645 1184 1651 1203 :
1671 1172 1702 1207 fi,
1713 1184 1774 1215 quo
1785 1177 1817 1204 in
1828 1185 1956 1205 numero
1964 1175 2053 1209 illud,
2064 1175 2146 1216 quod
2154 1185 2207 1216 pei:

1250 1215 1478 1247 similitudinem
1489 1227 1504 1246 a
1532 1224 1622 1249 estur,
1633 1216 1665 1246 &
1675 1226 1737 1256 quo
1746 1218 1780 1246 in
1790 1217 1858 1246 loco
1868 1216 1944 1246 illud
1954 1237 1962 1250 ,
1974 1218 2059 1256 cujus
2069 1218 2152 1248 causa
2161 1216 2206 1247 af-

1247 1257 1349 1291 fertur.
1363 1259 1465 1289 haberi
1475 1260 1646 1292 conveniat,
1659 1257 1846 1288 ostendetur:
1861 1258 2069 1299 Deinde‚quid
2079 1269 2124 1289 res
2134 1269 2207 1291 cum

1247 1310 1278 1330 re
1289 1299 1414 1334 differat,
1423 1300 1721 1334 demonstrabitunut
1729 1309 1793 1330 non
1802 1299 1885 1330 idem
1895 1299 2030 1331 videatur
2038 1301 2074 1331 de
2085 1310 2208 1342 utraque

1249 1341 1412 1372 existimari
1424 1351 1572 1385 oportere.
1588 1344 1643 1376 Ac,
1655 1341 1676 1371 si
1686 1342 1747 1382 ipse
1757 1351 1878 1382 quoque
1885 1344 1996 1382 poterit
2003 1345 2208 1373 ratiocinatio-

1249 1383 1340 1414 nibus
1352 1387 1395 1414 uti
1406 1404 1414 1417 ‚
1437 1384 1545 1414 iisdem
1555 1384 1834 1415 ratiocinationibus
1845 1404 1854 1416 ,
1873 1384 1982 1425 quibus
1999 1384 2067 1415 ante
2085 1384 2207 1416 dicium

1247 1424 1300 1459 est,
1313 1435 1428 1456 utetur:
1449 1424 1470 1455 si
1480 1436 1544 1456 non
1554 1428 1663 1466 poterit
1672 1445 1681 1460 ,
1691 1425 1810 1466 negabit
1819 1434 1954 1465 oportere
1964 1426 2140 1467 quidquam,
2151 1425 2209 1458 nisi

1268 1467 1328 1497 uod
1339 1468 1480 1507 scriptum
1491 1466 1524 1498 fit
1534 1488 1543 1500 ‚
1563 1466 1745 1498 considerare
1757 1478 1762 1496 ;
1780 1467 1940 1508 periclitari
1959 1470 2064 1498 omnia
2077 1469 2144 1509 jura
2155 1488 2163 1503 ‚
2185 1467 2207 1500 fi

1247 1478 1459 1541 llmihrudmes
1469 1511 1650 1550 accipiantur
1661 1519 1667 1538 :
1685 1509 1764 1540 nihil
1774 1507 1832 1538 effe
1841 1508 1925 1548 paene
1935 1528 1944 1543 ‚
1957 1509 2038 1550 quod
2047 1520 2112 1540 non
2121 1511 2206 1544 alteri

1247 1550 1342 1581 fimile
1362 1550 1421 1582 effe
1439 1551 1574 1583 videatur
1585 1562 1591 1580 :
1614 1551 1719 1582 multis
1728 1549 1920 1581 diffimilibus
1929 1552 2017 1582 rebus
2027 1571 2036 1586 ‚
2054 1553 2087 1582 in
2097 1562 2208 1583 unam-

1246 1603 1336 1634 quam
1359 1604 1395 1624 ue
1406 1603 1470 1624 rem
1480 1592 1598 1624 tantum
1609 1591 1735 1634 singulas
1745 1591 1803 1623 effe
1813 1594 1906 1634 leges:
1922 1595 2028 1624 omnia
2036 1592 2118 1634 poss'e
2128 1596 2207 1625 inter

1245 1637 1274 1666 se
1285 1639 1334 1665 vei
1354 1636 1451 1666 'imilia
1461 1655 1469 1669 ‚
1480 1636 1528 1666 vel
1538 1633 1691 1666 dissimilia
1701 1633 1909 1665 demonstrari.
1938 1637 2014 1666 Loci
2022 1645 2206 1667 communes

1245 1678 1260 1707 a
1270 1679 1498 1708 ratiocinatione
1508 1698 1516 1712 ,
1527 1686 1662 1717 opoitere
1673 1677 1743 1717 conj
1747 1675 1846 1707 eilura
1854 1686 1893 1706 ex
1902 1686 1939 1706 eo
1949 1696 1958 1711 ‚
1971 1677 2052 1718 quod
2063 1677 2205 1718 scriptum

1247 1718 1279 1749 sit
1291 1740 1298 1753 ,
1311 1720 1346 1749 ad
1357 1720 1388 1749 id
1399 1739 1408 1753 ‚
1426 1719 1508 1762 quod
1519 1730 1583 1750 non
1593 1720 1737 1758 scriptum
1747 1717 1780 1748 sit
1788 1738 1797 1752 ,
1808 1722 1963 1759 pervenire
1976 1730 1982 1748 ;
2003 1719 2036 1749 &
2044 1729 2205 1758 neminem

1245 1759 1327 1801 poss'e
1339 1771 1458 1791 omneis
1468 1771 1513 1791 res
1523 1771 1576 1801 per
1588 1761 1759 1801 scripturam
1780 1759 1921 1800 ampleffl
1931 1780 1940 1794 ,
1960 1760 2010 1790 sed
2029 1771 2101 1792 eum
2116 1765 2206 1792 ‘com-

1222 1806 1223 1809 '
1247 1802 1419 1833 modiffime
1439 1803 1583 1837 scribere,
1606 1811 1766 1843 quicuret‚
1790 1803 1967 1843 utquaedam
1977 1812 2015 1832 ex
2024 1803 2204 1844 quibusdam

1245 1846 1459 1886 intelligantur.
1484 1847 1594 1875 Contra
1602 1846 1871 1877 ratiocinationem,
1882 1844 2111 1884 hujuscemodi:
2130 1855 2205 1876 con-

1240 1887 1389 1926 jeEturam
1407 1887 1626 1917 divinationem
1647 1884 1705 1916 effe
1716 1906 1724 1919 ,
1747 1884 1872 1915 &stulti
1882 1886 2031 1926 scriptoris
2042 1885 2117 1921 esse,
2139 1897 2206 1918 non

1222 1947 1224 1952 ι
1244 1927 1325 1977 poss'e
1335 1929 1479 1959 omnibus
1490 1928 1525 1959 de
1535 1928 1622 1958 rebus
1632 1938 1745 1961 cavere,
1757 1928 1866 1968 quibus
1878 1928 1958 1957 velit.
1987 1928 2138 1959 Definitio
2148 1928 2201 1963 est,
2222 1941 2244 1974 5
2252 1929 2274 1969 ι’

1245 1981 1318 2001 curn
1336 1973 1369 2001 in
1389 1971 1496 2010 scripto
1514 1970 1642 2000 verbum
1660 1970 1782 2010 aliquod
1801 1968 1843 1999 est
1860 1967 1990 2009 positum
2000 1990 2010 2004 ‚
2030 1971 2114 2011 cujus
2125 1971 2161 2001 de
2172 1974 2204 2002 vi

1245 2015 1385 2053 quaeritur
1395 2032 1403 2047 ,
1424 2013 1483 2042 hoc
1499 2012 1611 2042 modo:
1634 2014 1700 2042 Lex
1713 2032 1721 2045 ‚
1745 2014 1813 2051 Qi
1839 2021 1876 2040 IN
1899 2021 2055 2042 AnvzasA
2076 2023 2206 2043 TEMPE-

1247 2065 1351 2085 STATE
1370 2064 1488 2085 NAva
1508 2063 1760 2092 RELIQERINT,
1781 2062 1896 2083 oMN1A
1913 2063 2128 2084 Amnum-ro:
2148 2065 2205 2086 Eo-

1246 2107 1324 2127 RuM
1346 2106 1450 2127 NAvis
1469 2106 1508 2126 ET
1529 2105 1644 2126 ortana
1665 2105 1771 2125 suNTo
1782 2114 1790 2128 ,
1815 2104 1877 2132 Qi
1901 2104 1938 2123 iN
1958 2104 2044 2125 NAvt
2064 2105 2203 2128 REMAue

1246 2148 1380 2168 sERmT.
1400 2141 1472 2167 Duo
1484 2136 1607 2178 quidam
1618 2157 1626 2170 ‚
1638 2135 1777 2175 cumjam
1788 2138 1820 2165 in
1831 2136 1891 2165 alto
1903 2138 2093 2178 navigarent,
2106 2139 2138 2169 &
2151 2149 2203 2168 eo-

1244 2190 1312 2210 rum
1322 2180 1440 2209 alterius
1450 2188 1544 2211 navis,
1554 2179 1673 2208 alterius
1683 2187 1759 2207 onus
1771 2176 1852 2210 ess‘et,
1863 2177 2038 2218 naufragum
2047 2179 2200 2220 quendam

1244 2230 1397 2251 natantem
1409 2241 1416 2254 ‚
1439 2221 1472 2253 δε
1490 2229 1597 2251 manus
1615 2219 1650 2250 ad
1670 2219 1699 2249 se
1717 2218 1893 2249 tendentem
1911 2221 2204 2252 animadverterunt:

1245 2262 1450 2292 misericordia
1459 2263 1629 2294 commoti,
1641 2262 1744 2291 navim
1755 2260 1790 2290 ad
1801 2271 1871 2292 eum
1884 2263 2122 2301 applicaverunt:
2145 2265 2203 2294 ho-

1245 2306 1364 2334 minem
1381 2303 1417 2333 ad
1436 2303 1463 2333 se
1483 2302 1669 2336 sustulerunt.
1694 2301 1797 2333 Postea
1805 2303 1956 2344 aliquanto
1965 2324 1973 2338 ‚
1994 2305 2072 2344 ipsos
2082 2315 2205 2346 quoque

1246 2345 1402 2385 tempestas
1412 2343 1621 2375 vehementius
1629 2343 1737 2384 ja&are
1747 2347 1838 2384 coepit
1848 2365 1855 2378 ‚
1881 2345 1971 2386 usque
1990 2344 2064 2376 adeo
2075 2366 2084 2380 ‚
2104 2350 2202 2377 urcio-

1246 2390 1349 2417 minus
1359 2389 1455 2421 navis,
1466 2385 1630 2417 cumidem
1639 2386 1820 2428 gubernator
1829 2386 1899 2419 efl'et
1908 2407 1916 2421 ‚
1938 2390 1971 2418 in
1982 2388 2117 2427 scapham
2127 2399 2203 2420 con-

1244 2429 1367 2470 fugeret,
1381 2428 1492 2459 &inde
1503 2427 1651 2462 funiculo,
1662 2430 1714 2469 qui
1724 2428 1740 2458 a
1748 2430 1840 2468 puppi
1851 2430 1989 2470 religatus
2001 2430 2135 2470 scapham
2145 2441 2199 2462 an-

1244 2481 1357 2501 nexam
1366 2470 1516 2504 trahebat,
1535 2472 1637 2500 navim
1649 2490 1656 2504 ‚
1669 2470 1767 2511 quoad
1776 2468 1871 2510 poffet
1881 2491 1890 2504 ,
1902 2471 2122 2504 moderaretur:
2145 2473 2200 2503 ille

1244 2522 1343 2543 autem
1354 2533 1362 2547 ‚
1383 2513 1429 2553 cuj
1435 2522 1467 2541 iis
1477 2522 1590 2542 merces
1599 2521 1682 2542 erant
1690 2532 1698 2546 ,
1718 2514 1751 2542 in
1758 2512 1891 2552 gladium
1901 2515 1934 2543 in
1944 2516 2013 2543 navi
2023 2513 2139 2544 ibidem
2149 2516 2198 2544 in-

1243 2556 1406 2585 cumberet.
1431 2553 1490 2583 Hic
1500 2554 1550 2584 ille
1560 2553 1716 2596 naufragus
1725 2554 1761 2584 ad
1770 2554 2005 2595 gubernaculum
2015 2554 2128 2586 acceffit
2139 2580 2149 2590 ,
2162 2556 2196 2588 δε

1244 2599 1323 2630 navi,
1335 2595 1431 2637 quoad
1442 2598 1549 2635 potuit,
1562 2595 1604 2626 est
1613 2596 1785 2636 opitulatus.
1807 2596 1918 2630 Sedatis
1928 2606 2029 2626 autem
2039 2595 2195 2632 fluxibibus,

1245 2639 1278 2668 &
1296 2637 1468 2678 tempestate
1483 2639 1544 2676 jam
1563 2646 1748 2668 commutata
1758 2658 1767 2672 ,
1785 2647 1870 2668 navis
1880 2640 1913 2668 in
1923 2648 2046 2678 portum
2055 2640 2199 2678 provehi-

1243 2689 1301 2711 tur.
1326 2681 1380 2710 Ille
1390 2688 1503 2713 autern,
1515 2682 1610 2720 quiin
1618 2680 1754 2721 gladium
1765 2680 1956 2713 incubuerat,
1970 2680 2075 2712 leviter
2083 2682 2200 2712 saucius

1242 2722 1329 2754 facile
1339 2721 1381 2752 est
1391 2732 1428 2752 ex
1438 2722 1561 2753 vulnere
1570 2731 1723 2752 recreatus.
1736 2744 1738 2747 ,
1752 2724 1783 2753 N
1785 2724 1864 2755 avim
1875 2731 1945 2751 cum
1955 2732 2047 2751 onere
2058 2742 2067 2756 ,
2086 2723 2197 2754 horum

1243 2768 1337 2794 trium
1348 2764 1429 2794 suam
1440 2764 1566 2804 quisque
1574 2761 1725 2797 ess'edicit.
1758 2762 1817 2793 Hic
1836 2773 1945 2794 omnes
1963 2764 2071 2803 scripto
2084 2764 2120 2795 ad
2130 2774 2200 2795 cau·-

1244 2807 1305 2837 sam
1315 2805 1469 2839 accedunt,
1481 2806 1515 2837 &
1524 2816 1563 2835 ex
1572 2807 1710 2835 nominis
1721 2807 1752 2835 vi
1762 2806 1892 2836 nascitur
1902 2804 2109 2836 controversia.
2125 2815 2197 2838 nam

1245 2849 1278 2880 &
1286 2849 1454 2889 relinquere
1465 2857 1574 2890 navem
1585 2867 1594 2881 ,
1616 2848 1650 2882 ὃς
1659 2857 1812 2878 remanere
1821 2849 1855 2877 in
1863 2848 1934 2878 navi
1945 2867 1954 2882 ‚
1975 2846 2105 2888 denique
2115 2850 2202 2879 navis

1476 2892 1478 2894 ’
2143 2890 2204 2930 ipsa

1301 3005 1306 3010 .
1325 2985 1527 3018 ‘Pecuniaqucfim
1535 2984 1676 3018 legaverin]
1697 2981 1753 3009 Pal.
1762 2981 1813 3008 sec.
1823 2990 1852 3008 ac
1862 2989 1926 3008 tert.
1936 2982 2027 3015 legaffet
2037 2979 2208 3017 ,iegeiic'iun'r

1243 2993 1342 3048 scilicet
1351 3022 1444 3054 lrgaffie.
2122 3052 2126 3057 ¹
2183 3050 2191 3056 Ὦ

1277 3064 1306 3089 4.
1326 3060 1353 3082 In
1363 3066 1428 3090 quem
1437 3057 1576 3090 confi-Han]
1590 3056 1648 3082 Pal.
1656 3064 1699 3092 pr.
1709 3055 1747 3081 ita
1757 3054 1813 3081 ser'e
1823 3053 2005 3089 hacc-concepit
2017 3072 2026 3085 ‚
2036 3059 2066 3078 ut
2075 3051 2129 3088 legi
2139 3052 2199 3088 poi-

1242 3093 1272 3119 fit
1284 3112 1292 3124 ,
1303 3095 1415 3118 conlee‘lns
1425 3104 1434 3124 ,-
1445 3091 1515 3128 quod
1527 3092 1591 3118 ferri
1602 3099 1692 3128 queat.
1719 3095 1725 3100 ”

1280 3138 1306 3162 5.
1324 3131 1404 3160 ‘Pqslea
1414 3129 1591 3154 admirationem
1606 3127 1802 3161 percontatione]
1822 3126 1946 3153 Lambin.
1959 3124 2116 3162 interposuit
2125 3133 2177 3149 cum
2187 3140 2198 3156 ‚

1241 3164 1284 3193 scd
1294 3174 1347 3194 non
1359 3168 1373 3193 ὲ
1384 3164 1470 3197 libris,
1481 3164 1512 3191 iis
1523 3164 1594 3192 enim
1603 3163 1722 3198 adcstper
1731 3166 1903 3196 cenrenn'mm,
1914 3171 1998 3198 neque
2008 3161 2161 3221 spreverim}-

2102 3206 2112 3225 ι
2120 3217 2127 3225 ,
2159 3203 2202 3222 7⁴:50
