2302 3353
72 671 94 707 6
97 680 118 713 5
137 666 284 709 insignem
294 667 373 698 facit.
396 670 454 698 His
465 669 557 709 igitur
572 677 615 698 tot
630 667 920 698 commutationibus
939 686 948 700 ‚
972 675 1092 708 tamque

63 1620 112 1656 66
129 1623 185 1652 tio.
207 1623 333 1653 alterum
343 1622 364 1652 fi
373 1621 406 1653 fit
415 1643 423 1657 ,
435 1624 623 1654 intolerabile
632 1626 744 1654 vitium
753 1623 796 1654 est
808 1635 814 1653 1
833 1625 959 1655 aiterum
969 1623 1025 1655 nisi
1036 1623 1081 1658 fit,

109 1681 113 1683 >
129 1660 259 1703 diffipata
268 1684 277 1697 ‚
289 1663 442 1695 &inculta
450 1685 458 1699 ,
469 1666 502 1696 δε
512 1665 607 1696 fluens
616 1665 659 1697 est
670 1667 772 1696 oratio.
796 1665 852 1696 Sed
861 1668 1007 1708 quoniam
1018 1676 1083 1696 nori

81 1733 84 1735 ,
126 1703 299 1746 frequenter
310 1725 319 1740 ,
334 1705 443 1736 verum
454 1709 544 1738 etiam
561 1706 627 1738 raro
638 1709 670 1738 in
680 1709 759 1738 veris
768 1706 858 1738 causis
868 1728 876 1742 ‚
895 1716 946 1738 aut
955 1707 1083 1738 forensi-

123 1873 274 1901 ⁴orationis
289 1872 437 1903 obtinent.
460 1873 582 1904 Constat
597 1875 681 1904 enirn
700 1874 752 1904 ille
769 1874 899 1904 ambitus
913 1894 922 1908 ‚
946 1875 979 1905 δε
995 1875 1083 1914 plena

107 2145 109 2147 .
127 2128 207 2149 neve
222 2119 382 2159 longitudo
400 2120 559 2151 obtudifl'e.
581 2121 638 2152 Sed
656 2121 752 2152 habeo
768 2121 982 2152 mediocritatis
992 2124 1083 2153 ratio-

63 2914 86 2949 6
91 2925 108 2960 7
128 2923 186 2955 que
195 2913 309 2946 dicebat
319 2925 324 2945 :
342 2915 431 2956 idque
440 2917 500 2957 ipse
509 2925 602 2958 genus
611 2916 731 2947 dicendi
740 2915 875 2947 maxime
890 2918 996 2958 probo.
1019 2915 1076 2947 Sed

194 140 207 152 ·
590 125 679 175 'An
746 128 1201 178 M.Bnurum
1267 133 1653 180 ORATOR.“

2004 132 2116 195 169·

151 220 256 256 paeona
262 210 315 255 qui
326 209 403 243 dixit
414 208 558 250 aptiorem
569 229 578 244 ,
590 211 622 240 in
632 219 694 251 quo
703 208 775 240 esset
783 210 872 252 longa
880 210 1039 250 postrema,
1051 214 1099 243 vi-
1144 222 1208 253 quae
1219 212 1336 244 incisim
1347 234 1356 246 ,
1374 221 1424 244 aut
1433 214 1626 245 membratim
1636 211 1816 246 efferuntun
1837 220 1870 242 ea
1883 211 1930 242 vei
1947 206 2098 251 aptiffim‘ss‘

146 257 192 287 dit
218 264 319 286 arum:
333 254 479 294 quoniam
488 252 566 281 nihil
575 252 610 282 ad
618 262 682 282 rem
691 251 734 282 est
742 272 750 286 ,
768 250 917 291 postrema
928 252 1017 292 quam
1028 255 1098 284 lon-
1145 254 1245 284 cadere
1255 255 1365 285 debent
1377 266 1382 284 z
1403 264 1436 285 ut
1444 254 1487 286 est
1496 255 1573 296 apud
1590 265 1639 285 me
1653 265 1659 284 :
1685 257 1794 284 Domus
1806 252 1861 283 ribi
1869 255 1984 283 dmm?
2002 263 2035 282 at
2046 254 2097 283 bia-

144 346 289 369 numerus
304 336 320 366 a
334 335 511 376 quibusdam
521 354 530 369 ‚
550 344 615 365 non
622 344 673 375 pes
682 334 815 365 habetur.
839 333 891 364 Est
899 334 1023 375 quidem
1035 355 1043 369 ,
1066 344 1099 366 ut

143 380 225 409 inter
239 379 359 408 omneis
374 376 490 407 constat
505 378 645 417 antiquos
659 396 669 410 ,
691 375 881 415 Aristotelem
894 395 902 409 ,
922 377 1099 416 Theophra-

143 419 224 451 stum
233 438 243 453 ,
263 417 476 449 Theodo&em
487 438 496 451 ,
508 418 663 458 Ephorum
675 438 684 451 ,
702 427 782 448 unus
791 415 953 457 aptiffimus
965 419 1096 449 orationi

141 461 193 493 vel
200 462 309 491 orienti
317 480 325 494 ,
337 460 384 490 vel
394 459 518 490 mediae:
537 467 642 500 putant
651 460 697 489 illi
705 461 794 489 etiarn
804 458 920 489 cadenti
933 469 939 488 :
957 469 1018 500 quo
1027 460 1096 490 loco

140 503 221 532 mihi
235 502 355 532 videtur
362 503 457 541 aptior
466 503 608 532 Creticus.
631 502 804 532 Dochimus
813 499 948 531 autem-e
962 503 1096 542 quinque

140 543 280 584 syllabis,
301 543 402 577 brevi,
422 543 536 573 duabus
547 543 666 584 longis,
687 543 789 576 brevi,
808 542 915 582 longa,
934 542 1093 577 utesthoc‚
1113 549 1115 561 ¹

139 586 264 615 Amicos
274 585 346 614 reses
361 595 372 612 .·
394 587 501 625 quovis
510 585 581 615 loco
591 593 674 625 aptus
684 584 726 615 est
735 603 744 618 ,
764 583 838 614 dum
848 583 940 613 semel
956 593 1092 623 ponaturz

138 627 278 661 iteratus,
297 635 348 657 aut
365 628 576 660 continuatus,
597 636 760 656 numerum
780 633 914 665 apertum
926 645 935 658 ‚
956 626 989 655 δε
1000 627 1093 655 nimis

135 711 226 740 variis
235 708 255 739 fi
267 719 402 740 utemur:
419 719 475 740 nec
482 709 719 749 deprehendetur
727 707 888 738 manifesto
901 727 909 741 ,
927 709 999 748 quid
1010 708 1025 739 ὲι
1036 719 1092 739 no-

136 749 183 783 bis
192 751 229 781 de
238 750 381 781 industria
391 750 456 785 fiat,
468 752 501 781 &
509 759 678 781 occurretur
687 751 819 780 satietati.
837 753 874 780 Et
883 752 952 790 quia
961 760 1023 780 non
1032 761 1090 780 nu-

134 802 220 824 mero
230 791 329 823 solum
340 793 499 823 numerosa
508 793 603 822 oratio
614 811 623 825 ,
646 791 695 823 sed
707 789 963 831 &compositione
974 790 1007 821 fit
1025 811 1033 825 ‚
1059 792 1092 822 ὃς

133 844 242 876 genere
249 855 258 868 ,
271 834 364 875 (quod
373 833 441 865 ante
450 832 566 864 dicium
577 832 643 873 est‚)
652 833 864 863 concinnitatis
876 843 881 862 :
896 832 1092 873 compositio-

135 886 176 907 ne
184 875 280 916 potest
290 875 417 916 intelligi
427 895 435 908 ‚
452 874 524 906 cum
533 876 572 906 ita
582 874 689 904 fimeta
698 874 788 904 verba
797 874 866 904 sunt
875 895 883 908 ,
900 883 934 905 ut
943 885 1088 905 numerus

138 927 204 949 non
215 916 351 958 quaefitus
360 937 368 950 ‚
386 916 436 947 sed
444 917 505 957 ipse
520 916 636 947 secutus
647 914 704 946 efl'e
713 915 864 946 videatur:
880 925 913 946 ut
921 916 997 956 apud
1007 917 1091 947 Cras-

134 959 203 990 sum
221 978 231 992 ,
254 961 340 989 NAM
361 968 421 988 UBI
445 968 570 988 minino
591 967 800 988 noivimATUR
816 978 825 992 ,
852 968 1090 991 INNOCENTIAE,

135 1009 225 1032 Leve
246 1009 445 1030 PEAEsmium
468 1010 532 1029 EST.
555 1000 637 1030 Ordo
653 1001 738 1030 enim
756 999 920 1030 verborum
931 998 1021 1030 efficit
1032 1010 1090 1029 nu—

132 1050 253 1072 merum
264 1040 324 1070 sine
333 1040 394 1071 ulla
402 1050 497 1081 aperta
507 1043 630 1071 oratoris
643 1040 794 1072 industria.
821 1044 923 1082 Itaque
933 1040 953 1070 fi
963 1052 1028 1082 quae
1036 1051 1090 1071 ve-

131 1091 207 1114 teres
225 1082 270 1112 illi
289 1081 494 1121 (Herodotum
513 1083 582 1113 dico
593 1103 601 1116 ‚
626 1083 659 1113 &
670 1082 883 1123 Thucydidem
901 1102 909 1117 ‚
933 1091 1088 1124 totamque

131 1133 196 1154 eam
206 1125 338 1163 aetatem)
355 1124 421 1164 apte
439 1125 655 1165 numeroseque
664 1125 826 1158 dixeiunm
843 1134 876 1155 ea
885 1135 950 1155 non
958 1134 1087 1155 numero

132 1164 254 1206 quaefito
272 1185 280 1199 ,
304 1165 354 1195 sed
369 1165 533 1196 verborum
549 1167 749 1197 collocatione
765 1165 946 1196 ceciderunt.
970 1169 1086 1196 Formae

129 1205 204 1238 vero
215 1206 351 1247 quaedam
369 1207 438 1237 sunt
452 1209 597 1238 orationis
607 1228 617 1242 ,
634 1209 667 1238 in
675 1208 784 1249 quibus
794 1217 827 1238 ea
838 1209 1026 1239 concinnitas
1037 1210 1088 1238 in-

133 1247 177 1278 est
184 1268 196 1282 ,
206 1256 240 1278 ut
249 1249 383 1289 sequatur
391 1259 535 1280 numerus
545 1248 715 1281 necessario.
739 1251 820 1279 Nam
832 1248 902 1279 cum
913 1258 961 1280 aut
967 1260 1019 1290 par
1024 1251 1086 1290 pari

131 1289 272 1324 refeitur,
284 1293 524 1321 autcontrariurn
534 1293 685 1322 contrario
695 1292 877 1331 opponitur,
890 1300 941 1322 aut
950 1311 958 1325 ‚
975 1302 1041 1333 quae
1052 1290 1087 1321 si-

132 1331 248 1361 militer
263 1331 372 1362 cadunt
388 1332 475 1362 verba
494 1353 503 1367 ,
525 1333 624 1363 verbis
633 1342 842 1373 comparantur
863 1343 868 1362 :
889 1332 1037 1374 quidquid
1047 1335 1087 1364 ita

131 1372 324 1403 concluditur
333 1393 342 1406 ,
358 1374 534 1415 plerumque
549 1373 583 1404 fit
592 1383 624 1404 ut
633 1374 796 1405 numerose
806 1373 896 1404 cadat.
921 1385 983 1415 quo
993 1375 1030 1405 de
1038 1385 1088 1415 ge-

127 1422 203 1444 nere
211 1424 281 1444 cum
292 1415 439 1455 exemplis
449 1415 533 1456 supr-³1
544 1415 681 1446 diximus
693 1435 701 1450 ‚
713 1425 746 1446 ut
754 1417 817 1446 haec
823 1426 943 1456 quoque
951 1418 1036 1457 copia
1045 1416 1087 1446 fa-

130 1455 274 1486 cultatem
291 1454 389 1486 afferat
402 1472 418 1490 1,
439 1467 505 1487 non
515 1458 631 1498 semper
647 1457 736 1487 eodem
751 1457 827 1487 modo
838 1456 1003 1488 desinendi.
1026 1468 1082 1488 nec

130 1503 234 1527 tamen
242 1498 305 1528 haec
314 1499 352 1527 ita
362 1498 432 1529 sunt
438 1498 518 1529 :insta
525 1519 534 1533 ,
544 1499 578 1529 &
587 1498 723 1530 adstrieca
732 1519 742 1534 ,
759 1507 792 1529 ut
802 1508 833 1529 ea
841 1519 850 1533 ,
862 1498 934 1530 cum
942 1500 1084 1534 velimus,

130 1537 229 1570 laxare
237 1548 431 1581 nequeamus.
454 1541 590 1571 Multum
601 1540 722 1571 interest
733 1562 742 1574 ‚
758 1539 862 1571 utrum
872 1542 1031 1571 numerosa
1040 1540 1084 1575 fit,

129 1579 163 1610 id
172 1579 214 1610 est
224 1600 234 1614 ,
243 1579 349 1611 similis
360 1591 569 1616 numerorum,
579 1592 616 1613 an
627 1582 715 1623 plane
724 1583 740 1613 ὲ
751 1584 888 1613 numeris
896 1582 1012 1613 constet
1020 1593 1084 1613 ora-

128 1745 431 1789 buscircumscripte,
450 1750 669 1790 numeroseque
678 1749 842 1783 dicendum
853 1748 897 1780 est
915 1760 921 1778 :
945 1749 1025 1791 sequi
1035 1752 1084 1779 vi-

128 1786 233 1823 detur,
249 1797 283 1819 ut
291 1789 467 1824 videamus,
488 1801 553 1832 quae
564 1790 700 1825 similla,
719 1801 786 1832 quae
802 1790 886 1831 supra
903 1790 967 1821 dixi
977 1792 1105 1835 incisaffl

128 1838 196 1870 quae
213 1831 359 1861 membra.
383 1834 456 1862 Haec
466 1834 549 1862 enim
560 1834 593 1863 in
603 1834 682 1862 veris
689 1831 781 1863 causis
790 1834 958 1863 maximam
967 1843 1081 1873 partem

126 1912 356 1952 comprehensio
369 1913 386 1944 ὲ
396 1923 535 1955 quattuor
549 1914 612 1945 fere
622 1915 754 1955 partibus
764 1936 772 1949 ‚
813 1926 857 1945 uae
873 1914 996 1945 membra
1006 1916 1082 1946 dici-

129 1961 202 1983 mus
211 1973 220 1987 ,
231 1963 264 1983 ut
273 1953 306 1984 &
314 1957 411 1985 aureis
420 1956 543 1996 impleat
552 1977 561 1990 ,
574 1957 607 1986 &
615 1967 654 1986 ne
664 1956 784 1987 brevior
817 1966 827 1986 t
836 1976 845 1990 ,
856 1956 948 1998 quam
959 1958 1026 1987 satis
1034 1956 1079 1991 sit,

130 2003 229 2035 neque
246 1995 375 2036 longior.
398 2006 580 2038 quamquam
589 2006 748 2038 utrumque
759 2008 993 2038 nonnumquam
1002 2018 1011 2031 ‚
1032 1999 1082 2028 vel

129 2035 234 2075 potius
242 2037 314 2076 saepe
323 2038 429 2068 accidit
446 2058 455 2072 ,
479 2047 512 2068 ut
521 2047 570 2069 aut
576 2037 666 2070 citius
676 2037 872 2069 infistendum
883 2037 915 2069 sit
925 2059 933 2073 ‚
957 2040 1084 2070 aution—

127 2075 196 2119 gius
202 2077 428 2117 procedendum
437 2099 447 2113 ‚
464 2090 502 2109 ne
510 2080 637 2111 brevitas
645 2079 824 2110 defraudaffe
833 2082 927 2110 aureis
935 2081 1081 2114 videatur,

128 2169 214 2190 nem.
237 2170 292 2191 nec
300 2163 382 2191 enim
394 2162 503 2203 loquor
512 2163 549 2192 de
563 2163 650 2193 versu
661 2182 669 2196 ,
689 2163 723 2192 &
740 2162 782 2192 est
790 2163 914 2193 liberior
929 2164 1082 2204 aliquanto

127 2203 235 2232 oratio.
259 2205 283 2232 E
293 2212 432 2243 quattuor
440 2207 545 2245 igitur,
561 2203 641 2245 quasi
655 2205 900 2234 hexametrorum
911 2205 1002 2235 instar
1016 2215 1082 2235 ver-

129 2243 216 2274 suum
233 2244 314 2284 quod
324 2243 375 2279 fit,
394 2245 509 2276 constat
520 2245 581 2276 fere
599 2246 686 2285 plena
696 2244 933 2286 comprehensio.
958 2248 1014 2276 His
1025 2248 1082 2287 igi—

127 2291 177 2315 tur
197 2283 319 2327 fingulis
339 2286 469 2317 versibus
487 2285 566 2328 quasi
583 2286 658 2317 nodi
675 2295 815 2326 apparent
830 2289 1081 2321 confimationi&

127 2328 245 2397 quosin
254 2327 601 2370 ambituconjungimus.
635 2332 644 2348 ¹
658 2330 712 2359 Sin
729 2329 921 2359 membratim
939 2330 1083 2359 volumus

149 2367 401 2402 icere,infistimus
418 2380 423 2398 :
447 2371 537 2412 idque
546 2369 616 2401 cum
629 2380 704 2410 opus
714 2368 774 2404 est,
793 2371 830 2401 ab
840 2369 897 2400 isto
907 2371 992 2401 cursu
1001 2373 1083 2401 invi-

128 2408 214 2439 dioso
220 2408 307 2440 facile
317 2421 374 2441 nos
384 2431 392 2444 ,
406 2412 440 2442 &
450 2413 522 2452 saepe
530 2413 744 2453 disjungimus.
768 2412 823 2442 Sed
835 2412 913 2441 nihil
925 2422 984 2443 tam
995 2412 1084 2443 debet

128 2448 186 2480 effe
193 2453 388 2482 numerosum
399 2474 407 2486 ‚
418 2454 508 2494 quam
518 2455 575 2484 hoc
587 2474 594 2486 ,
607 2453 688 2496 quod
700 2453 830 2483 minime
839 2462 974 2493 apparet,
987 2454 1020 2484 δε
1029 2465 1081 2484 va-

128 2491 169 2522 let
176 2492 351 2532 plurimum.
364 2497 411 2524 Ex
421 2496 479 2526 hoc
489 2506 596 2537 genere
607 2494 683 2524 illud
694 2494 737 2524 est
746 2491 833 2525 Craffi
842 2515 849 2528 ‚
861 2496 1083 2535 Miffiisficciant
1101 2502 1103 2524 1

121 2539 251 2574 patronos
264 2545 278 2564 ,·
300 2535 496 2577 ipfiprodeant.
520 2535 586 2566 Nifi
598 2536 757 2566 intervallo
766 2535 900 2571 dixisses,
923 2554 952 2559 --
962 2536 1082 2578 tpfipro-

127 2574 211 2604 deant
225 2596 236 2610 ,
259 2592 288 2598 -—
298 2576 426 2608 sensisset
442 2577 578 2618 Ρῐοῑεέὶὸ
597 2576 731 2619 effugisse
748 2578 898 2609 senarium
917 2590 923 2608 :
948 2581 1080 2609 omnino

127 2616 238 2647 meiius
254 2618 385 2652 caderet,
400 2620 533 2660 prodeant
547 2619 606 2661 ipfi.
630 2620 686 2650 Sed
696 2619 731 2648 de
740 2629 845 2661 genere
856 2630 939 2650 nunc
949 2620 1079 2660 disputo.

128 2659 184 2687 Cur
199 2658 364 2695 clandestinis
375 2661 487 2701 consiliis
494 2672 540 2691 nos
549 2668 708 2703 oppugnant
726 2664 738 2689 ἓ
761 2661 849 2690 carde
864 2660 1081 2702 perfugianostru

127 2700 216 2739 copias
224 2709 386 2743 comparant
394 2711 489 2732 conti-a
499 2714 544 2732 nos
555 2707 566 2732 ἕ
588 2704 687 2733 Prima
696 2701 763 2732 sunt
774 2703 824 2732 illa
832 2702 893 2732 duo
905 2724 913 2737 ,
923 2713 989 2745 quae
1000 2707 1079 2743 κόμ-

127 2752 214 2792 μςξτα
225 2747 320 2776 Graeci
329 2755 437 2777 vocant
447 2767 455 2780 ‚
477 2757 533 2777 nos
545 2747 638 2777 incisa
646 2747 775 2777 dicimus
795 2757 800 2775 z
825 2746 934 2778 deinde
944 2750 1076 2782 tertium,

127 2795 218 2818 κωλον
228 2790 273 2820 illi
284 2810 293 2824 ‚
313 2801 370 2820 nos
381 2791 564 2822 membrum.
587 2793 726 2832 Sequitur
741 2801 804 2821 non
815 2791 904 2832 longa
913 2812 921 2825 ‚
944 2802 981 2822 ex
1002 2791 1079 2821 duo-

127 2828 183 2861 bus
192 2833 274 2862 enim
283 2831 413 2862 versibus
424 2853 432 2866 ,
444 2833 473 2863 id
482 2832 524 2862 est
533 2853 541 2867 ,
553 2833 698 2862 membris
710 2853 719 2866 ‚
742 2832 870 2872 perfeeta
879 2834 1078 2874 comprehen-

128 2869 169 2902 fio
177 2871 218 2903 est
227 2892 236 2907 ,
245 2874 320 2903 &in
330 2874 477 2914 spondeos
487 2875 582 2905 cadit:
599 2874 632 2904 &
641 2872 754 2904 Crassus
763 2873 888 2915 quidem
899 2874 936 2905 sic
944 2876 1078 2915 plerum-

164 3083 174 3101 1
183 3095 188 3099 .
197 3078 238 3101 Sin
246 3078 389 3103 membrau'm
395 3078 505 3103 volumus·
513 3075 689 3110 dicere.]111ud
700 3073 1021 3105 Lamb.n0l.‹1mus,·.'‘idet=ir
1031 3081 1080 3098 ex·
1102 3089 1105 3111 χι

127 3109 192 3137 stare
202 3111 228 3136 in
239 3112 387 3148 Pannart.
399 3113 496 3148 reliqui
505 3120 592 3139 tamen
603 3111 657 3138 duo
667 3111 811 3148 praeferunt
821 3107 1018 3144 alteniinzquod
1027 3117 1081 3148 iioii

129 3145 204 3173 *video
213 3155 326 3177 cuncto
336 3148 400 3175 caelo
409 3155 531 3177 autumet
539 3147 570 3176 ad
576 3146 669 3176 versari
681 3146 813 3175 sententiae
825 3143 1083 3173 Monstroiiens.iile.
1104 3155 1108 3177 l

101 287 105 292 ’
144 307 181 339 ga
201 306 232 327 it.
251 297 319 337 Jam
328 303 415 335 paeon
426 313 434 328 ,
451 292 534 334 quod
542 294 640 333 plures
650 293 753 324 habeat
762 293 899 332 syllabas,
914 293 1006 334 quam
1017 297 1096 328 treis,
1143 293 1232 324 bebas.
1252 298 1371 338 pecunia
1378 297 1529 338 fiiperabat
1547 300 1558 326 ἓ
1580 304 1613 326 at
1624 295 1726 337 egebas.
1750 296 1926 327 Haecincise
1937 294 2017 326 dista
2029 297 2096 327 sunt

1135 344 1289 410 ‘quattuor-
1314 340 1352 368 At
1363 339 1556 369 membratim
1568 358 1577 372 ,
1588 348 1653 380 quae
1663 339 1829 379 sequuntur
1837 357 1846 371 ‚
1857 337 1918 367 duo
1935 357 1944 370 ,
1968 339 2097 367 Incurri-

1165 377 1174 404 ι’
1193 388 1286 406 amens
1304 379 1332 408 in
1351 380 1490 409 columnas
1507 401 1515 413 ,
1540 384 1554 400 ²
1565 382 1593 409 in
1603 380 1704 409 alienos
1712 381 1825 418 insanus
1838 378 1974 418 infimis-²1}
1998 381 2096 409 Dein-

1140 416 1177 446 de
1192 421 1298 449 omnia
1309 439 1317 452 ,
1336 429 1475 461 tanquam
1490 422 1641 461 crepidine
1660 421 1787 462 quadam
1802 442 1809 454 ‚
1829 419 2098 461 comprehensione

1139 457 1277 499 longiore
1290 460 1469 492 sustinentur
1479 484 1487 495 ,
1512 463 1672 505 Depreffizm
1684 484 1691 496 ‚
1704 474 1800 492 caecam
1812 483 1820 496 ,
1835 463 1973 500 jacentem
1984 462 2096 493 domum

1134 499 1221 541 plures
1231 519 1239 533 ‚
1259 496 1346 542 quim
1357 510 1382 531 re
1394 523 1402 535 ,
1420 504 1457 535 &-
1467 500 1690 544 qulimforrunas
1709 513 1772 533 ruas
1783 503 1928 540 asti-mastix
1951 504 2095 535 dichoreo

1138 539 1251 571 finitur.
1266 545 1306 572 At
1315 543 1481 583 dispondeo
1491 548 1666 584 proximum
1679 546 1762 576 illud.
1776 548 1889 576 namin
1901 547 1937 575 iis
1950 567 1957 579 ,
1969 546 2091 586 quibus,

1137 591 1170 612 ut
1178 583 1369 623 pugiunculis
1381 604 1389 618 ,
1408 588 1451 615 uti
1470 596 1606 625 oportet,
1629 588 1754 618 brevitas
1773 587 1844 619 facit
1859 588 1919 627 ipsa
1937 587 2092 618 liberiores

1135 624 1233 663 pedes.
1257 627 1338 664 Saepe
1349 628 1432 656 enim
1452 625 1573 668 singuiis
1583 629 1728 659 utendum
1745 629 1787 659 cst
1797 649 1805 662 ,
1826 630 2001 670 plerumque
2012 629 2093 659 binis

1136 665 1181 703 (&
1192 667 1322 707 utrisque
1331 667 1400 697 addi
1415 668 1499 707 pedis
1509 679 1571 707 pai-s
1583 670 1767 708 potest‚{2noii
1777 670 1838 700 fei-e
1851 672 1942 700 ternis
1951 671 2090 710 amplius.

1134 706 1255 737 Incisim
1273 717 1373 738 autem
1384 728 1391 741 ‚
1413 710 1445 739 δε
1455 710 1646 741 membratim
1660 711 1775 741 [imitati
1785 713 1879 741 oratio
1892 714 1924 742 in
1935 714 2010 742 veris
2021 723 2090 742 cau-

1134 747 1168 778 fis
1179 749 1348 788 plurimum
1359 750 1437 779 vaiet
1447 770 1454 783 ‚
1469 753 1660 791 maximeque
1671 753 1715 781 his
1726 753 1799 782 locis
1810 774 1817 786 ,
1837 753 1907 783 cum
1918 763 1966 783 aut
1974 764 2086 794 arguas.

1132 799 1182 820 aut
1191 790 1307 821 refellas
1320 802 1325 819 :
1339 800 1370 821 ut
1379 791 1478 822 nostra
1490 794 1522 821 in
1534 793 1709 822 Corneliana
1722 794 1845 824 secunda
1856 814 1863 827 ,
1877 798 1900 822 O
1912 795 2019 824 cadmo,-
2032 797 2089 825 lio-

1134 834 1235 862 mines
1245 853 1253 866 ,
1274 831 1366 862 orem
1377 835 1572 873 excogitatam
1585 854 1592 866 ‚
1615 833 1633 863 ὁ
1644 835 1763 875 ingenia
1775 836 1932 866 metuenda
1954 839 1959 865 Ι
1984 838 2087 866 Mem-

1135 873 1244 904 bratim
1262 874 1360 905 adhuc
1375 885 1380 904 :
1404 875 1513 905 deinde
1531 874 1629 905 cresim
1639 875 1783 905 diximus.
1807 877 1919 906 Rursus
1937 878 2089 908 membra-

1133 916 1188 945 tim
1200 935 1208 947 ,
1231 915 1316 951 Testes
1325 916 1389 945 dare
1398 916 1539 945 volumus.
1563 920 1704 947 Extrema
1714 918 1844 957 sequitur
1851 918 2086 958 comprehensio,

1131 957 1180 987 sed
1190 967 1229 987 ex
1237 957 1354 987 duobus
1367 958 1522 991 membris,
1534 969 1592 1000 qua
1602 969 1664 988 non
1675 959 1770 998 potest
1781 958 1837 988 effe
1849 959 2086 1000 brevionQ‘em,

1131 999 1216 1039 questi
1227 1019 1235 1033 ,
1256 997 1393 1030 nostrum
1403 999 1512 1030 fefellit
1523 1021 1530 1033 ‚
1555 1002 1595 1031 ita
1612 1010 1665 1030 vos
1676 999 1731 1030 effe
1740 1000 1891 1030 faeturos?
1914 1003 1974 1030 Ner
1990 1003 2086 1032 ulium

1130 1050 1223 1084 genus
1234 1040 1276 1071 est
1286 1041 1409 1071 dicendi
1420 1049 1469 1071 aut
1480 1042 1589 1071 meiius
1599 1062 1607 1075 ‚
1629 1051 1678 1071 aut
1685 1041 1792 1072 fortius
1805 1062 1813 1075 ‚
1825 1041 1905 1071 binis
1916 1062 1923 1075 ‚
1937 1053 1987 1072 aut
1998 1045 2090 1073 ternis

1129 1083 1215 1112 ferire
1226 1082 1325 1112 verbis
1336 1103 1344 1114 ,
1360 1092 1592 1123 nonnumquam
1604 1082 1735 1124 singulis,
1749 1084 1850 1123 paullo
1859 1083 1929 1113 alias
1940 1084 2086 1123 pluribus:

1130 1124 1207 1153 inter
1216 1133 1287 1164 quas
1297 1126 1386 1155 variis
1396 1125 1533 1154 clausulis
1542 1127 1706 1164 interponit
1723 1126 1749 1154 se
1761 1124 1825 1155 rai-o
1835 1126 1993 1155 numerosa
2001 1136 2088 1155 com--

1128 1164 1295 1204 prehensio.
1315 1175 1405 1207 quam
1423 1166 1559 1205 pervers&
1571 1165 1687 1207 fugiens
1699 1165 1852 1207 Hegesias,
1866 1166 1939 1196 dum
1952 1167 2002 1196 ilie
2012 1177 2089 1207 quo-

1128 1217 1186 1246 que
1202 1209 1314 1237 imitari
1338 1206 1455 1247 Lysiam
1475 1208 1541 1238 vult
1552 1228 1561 1241 ,
1585 1209 1710 1238 alterum
1728 1208 1813 1247 paene}
1834 1208 2087 1241 Demosthenem,

1129 1249 1211 1278 saltat
1220 1269 1228 1282 ,
1250 1247 1386 1279 incidens
1402 1249 1568 1289 particulas.
1595 1250 1628 1279 &
1645 1252 1669 1279 is
1679 1250 1804 1290 quidem
1824 1260 1886 1279 non
1906 1252 2009 1280 minus
2021 1251 2087 1280 sen-

1129 1292 1231 1320 tentiis
1239 1300 1337 1331 peccat
1347 1311 1355 1325 ,
1365 1292 1456 1331 quam
1465 1291 1564 1321 verbis
1578 1302 1583 1320 :
1605 1301 1638 1321 ut
1646 1302 1709 1321 non
1719 1299 1827 1331 quaei'at
1837 1312 1846 1324 ‚
1859 1302 1948 1332 quem
1960 1292 2088 1331 appellet

1129 1333 1268 1372 ineptum
1279 1353 1287 1366 ,
1304 1334 1356 1373 qui
1366 1333 1456 1362 illum
1466 1335 1652 1374 cognoverit.
1675 1333 1730 1363 Sed
1741 1343 1795 1373 ego
1804 1333 1855 1362 illa
1865 1331 1952 1362 Crassi
1962 1354 1970 1366 ,
1984 1334 2015 1363 E<
2027 1344 2086 1363 no-

1129 1373 1185 1403 stra
1192 1374 1277 1414 posui
1288 1394 1297 1408 2
1309 1384 1342 1404 ut
1353 1396 1360 1407 ,
1371 1376 1423 1415 qui
1434 1375 1541 1407 vellet,
1551 1375 1680 1404 'auribus
1694 1373 1760 1414 ipsis
1772 1395 1780 1408 ,
1800 1374 1873 1415 quid
1885 1375 2081 1404 numeros-im

1127 1417 1218 1445 etiam
1228 1418 1261 1446 in
1280 1418 1419 1447 minimis
1435 1417 1587 1456 particulis
1597 1418 1739 1446 orationis
1751 1415 1822 1446 ell'et
1831 1435 1839 1448 ‚
1859 1415 2010 1455 judicaret.
2035 1420 2082 1449 Et,
2102 1411 2146 1444 613

1127 1459 1271 1498 quoniam
1281 1458 1365 1497 plura
1374 1458 1410 1488 de
1420 1459 1578 1488 numerosa
1588 1460 1723 1488 oratione
1734 1457 1872 1487 diximus
1883 1477 1890 1489 ‚
1903 1457 1992 1498 quam
2001 1458 2082 1498 quis-

1128 1509 1218 1539 quam
1230 1508 1298 1529 ante
1307 1509 1364 1529 nos
1374 1520 1382 1532 ‚
1395 1509 1476 1530 nunc
1487 1499 1523 1529 de
1533 1501 1596 1537 ejus
1605 1502 1722 1540 generis
1731 1499 1859 1529 utilitste
1869 1498 2013 1528 dicemus.
2025 1502 2087 1529 Ni-

1126 1541 1170 1570 hil
1187 1542 1271 1570 enim
1293 1540 1335 1571 est
1350 1541 1430 1572 aliud
1445 1561 1454 1574 ,
1472 1543 1560 1570 Brute
1573 1562 1582 1574 ‚
1605 1540 1698 1581 (quod
1717 1540 1840 1581 quidem
1857 1549 1888 1570 tu
1907 1541 2037 1570 minime
2051 1551 2087 1570 o·-

1128 1584 1249 1612 mnium
1267 1583 1398 1623 ignoras)
1418 1581 1520 1623 pulcre
1530 1603 1538 1616 ,
1559 1583 1591 1612 &
1600 1582 1729 1612 oratorie
1754 1582 1851 1612 dicere
1861 1603 1869 1615 ‚
1892 1581 1944 1612 nisi
1961 1584 2087 1622 optimis

1126 1625 1280 1654 sententiis
1288 1624 1443 1665 verbisque
1462 1622 1617 1655 lefiiffime
1627 1624 1735 1654 dicere.
1760 1626 1796 1654 Et
1809 1634 1864 1653 nec
1874 1624 2016 1654 sententia
2027 1625 2087 1655 ulla

1126 1665 1169 1695 est
1179 1687 1188 1699 ,
1210 1676 1275 1706 quae
1292 1665 1426 1696 fructum
1444 1668 1555 1696 oratori
1572 1665 1643 1696 ferat
1655 1686 1663 1699 ,
1685 1664 1740 1695 nisi
1761 1665 1826 1705 apte
1836 1664 1980 1705 expolita,
1998 1674 2085 1707 atque

1125 1707 1260 1738 absolute
1271 1718 1277 1737 ε
1289 1718 1346 1738 nec
1355 1707 1500 1738 verborum
1510 1707 1603 1736 lamen
1611 1705 1726 1748 apparet
1735 1728 1743 1741 ‚
1756 1706 1811 1737 nisi
1820 1707 1978 1747 diligenter
1987 1708 2083 1737 coilo-

1125 1758 1260 1779 catorum
1274 1761 1278 1779 z
1300 1750 1333 1780 ὃς
1344 1751 1451 1780 horum
1466 1759 1628 1790 utrumque
1645 1759 1788 1779 numerus
1806 1748 1942 1779 illustrat.
1966 1751 1998 1778 N
2000 1759 2087 1778 ume-

1124 1801 1174 1821 rus
1182 1800 1282 1821 autem
1304 1792 1392 1831 (saepe
1407 1794 1492 1821 enirn
1507 1792 1564 1821 hoc
1582 1790 1749 1821 testandum
1761 1790 1814 1831 est)
1832 1801 1896 1820 non
1906 1789 2000 1821 modo
2019 1801 2083 1821 non

1125 1833 1243 1873 po'e'tice
1254 1832 1496 1868 iune‘tusfferum
1505 1835 1597 1862 etiam
1608 1832 1727 1872 fugiens
1739 1833 1930 1873 illum,ei'que
1939 1833 2083 1862 omnium

1126 1873 1359 1905 diffimillimus:
1378 1885 1441 1904 non
1451 1876 1525 1914 quin
1536 1874 1631 1904 iidem
1642 1873 1698 1903 sint
1707 1877 1825 1904 nui-neri
1835 1883 1900 1903 non
1911 1873 2005 1903 modo
2018 1883 2083 1904 ora-

1125 1924 1238 1949 torum,
1251 1916 1283 1946 &
1293 1917 1461 1956 poetarum,
1474 1914 1579 1945 verum
1590 1917 1721 1946 omnino
1732 1915 1923 1955 loquentium
1936 1935 1943 1947 ‚
1955 1915 2084 1956 denique

1124 1958 1214 1987 etiam
1225 1958 1394 1987 sonantium
1408 1959 1549 1987 omnium
1561 1976 1569 1990 ,
1590 1967 1655 1997 quae
1669 1958 1771 1986 metiri
1787 1956 1906 1986 auribus
1915 1955 2083 1997 poss'umus:

1124 1998 1175 2028 sed
1185 1998 1259 2028 ordo
1267 1998 1380 2038 pedum
1391 1997 1479 2030 facit,
1498 2007 1531 2027 ut
1540 1997 1571 2027 id
1583 2017 1591 2031 ‚
1615 1998 1696 2038 quod
1706 2000 1918 2037 pronuntiatur
1928 2018 1936 2030 ,
1957 2006 2005 2027 aut
2015 2007 2083 2028 ora-

1125 2041 1216 2069 tionis
1227 2059 1235 2073 ,
1247 2048 1296 2070 aut
1304 2041 1452 2079 po'e‘rnatis
1464 2037 1559 2068 fimile
1569 2039 1713 2069 videatur.
1733 2041 1818 2069 Hanc
1827 2041 1916 2080 igitur
1925 2037 1984 2068 five
1995 2049 2082 2069 com-

1124 2080 1307 2120 positionem
1317 2101 1325 2115 ,
1345 2080 1403 2111 sive
1412 2079 1629 2121 perfe'clzionem
1641 2101 1649 2113 ,
1668 2078 1725 2110 slve
1735 2090 1898 2110 numerum
1908 2081 2007 2110 vocari
2016 2081 2081 2120 pla-

1124 2131 1171 2152 cet
1179 2142 1188 2156 ,
1201 2122 1233 2152 &
1244 2123 1383 2152 adhibere
1393 2121 1506 2152 necesse
1518 2121 1561 2151 est
1571 2141 1580 2154 ,
1597 2120 1617 2151 si
1628 2122 1728 2152 ornate
1738 2122 1813 2151 velis
1822 2121 1919 2152 dicere
1931 2143 1938 2155 ,
1957 2131 2022 2151 non
2032 2122 2081 2151 so-

1125 2162 1191 2193 lum
1202 2183 1210 2196 ‚
1229 2164 1320 2205 (quod
1329 2165 1369 2194 ait
1378 2163 1551 2193 Aristoteles
1562 2163 1594 2193 &
1603 2163 1838 2203 Theophrastus)
1854 2173 1892 2193 ne
1902 2161 2020 2193 infinite
2036 2161 2082 2192 fe-

1125 2213 1212 2238 ratur,
1224 2205 1370 2242 utflumen
1380 2225 1388 2238 ,
1399 2207 1494 2235 oratio
1505 2224 1513 2238 ,
1525 2215 1590 2245 qua:
1602 2215 1665 2234 non
1676 2213 1724 2235 aut
1734 2205 1836 2245 spiritu
1846 2205 2079 2244 pronuntiantis,

1124 2255 1175 2276 aut
1186 2246 1358 2276 interduEiu
1375 2247 1486 2276 librarii
1499 2266 1507 2279 ,
1528 2246 1575 2276 sed
1593 2256 1720 2276 numero
1730 2245 1829 2276 cosbin
1838 2245 1926 2276 debet
1939 2244 2080 2276 insistere:

1124 2290 1322 2318 verumetiam
1333 2287 1415 2329 quod
1427 2288 1524 2317 multo
1536 2289 1681 2324 majorem
1693 2287 1802 2318 habent
1814 2296 1878 2327 apta
1886 2289 1949 2317 vim
1961 2307 1968 2321 ,
1988 2287 2079 2328 quim

1124 2329 1230 2360 soluta.
1253 2332 1297 2360 Ut
1305 2332 1389 2359 enim
1399 2329 1520 2358 athletas
1529 2350 1537 2363 ,
1548 2340 1602 2359 nec
1611 2330 1711 2359 multo
1718 2330 1800 2360 secus
1808 2329 1983 2371 gladi-stores
1994 2328 2079 2358 vide-

1126 2381 1194 2401 mus
1205 2372 1283 2401 nihil
1294 2382 1350 2401 nec
1360 2371 1483 2402 vitando
1492 2370 1586 2401 facere
1596 2370 1678 2401 caute
1687 2391 1696 2404 ,
1707 2381 1761 2401 nec
1772 2370 1900 2410 petendo
1909 2371 2076 2400 vehemen-

1124 2421 1185 2446 ter,
1206 2414 1238 2442 in
1247 2423 1308 2454 quo
1318 2423 1381 2443 non
1392 2423 1490 2442 motus
1500 2414 1550 2442 hic
1573 2413 1676 2443 habeat
1684 2413 1753 2452 pslae
1759 2412 1844 2442 stram
1855 2412 2002 2452 quandam
2014 2431 2022 2445 ‚
2043 2420 2077 2441 ut

1123 2455 1271 2495 quidquid
1290 2456 1323 2484 in
1334 2456 1379 2484 his
1390 2455 1475 2484 rebus
1488 2453 1536 2484 fiat
1546 2454 1701 2484 utiliterad
1712 2463 1844 2495 pugnam
1855 2473 1863 2486 ‚
1882 2453 1963 2482 idem
1977 2452 2012 2482 ad
2022 2452 2074 2482 ad-

1123 2496 1257 2536 speeium
1276 2498 1364 2526 etiam
1377 2495 1409 2526 sit
1418 2495 1579 2526 venustum
1593 2507 1598 2524 1
1616 2495 1652 2525 fic
1663 2497 1756 2524 oratio
1765 2505 1819 2524 nec
1827 2495 1941 2535 plagam
1951 2504 2073 2535 gravem

1121 2537 1201 2571 facit,
1213 2536 1267 2567 nisi
1276 2540 1381 2577 petitio
1390 2537 1448 2567 fuit
1456 2546 1534 2576 apta:
1547 2547 1600 2567 nec
1610 2537 1676 2567 satis
1685 2535 1761 2566 tcth
1771 2536 1900 2566 declinat
1909 2538 2071 2576 impetum,

1123 2578 1177 2609 nisi
1188 2581 1277 2610 etiam
1287 2581 1319 2608 in
1328 2578 1462 2609 cedendo
1473 2599 1480 2611 ,
1496 2578 1567 2618 quid
1576 2578 1675 2607 deceat
1687 2597 1696 2610 ,
1709 2577 1859 2619 intelligit.
1874 2580 1987 2618 Itaque,
1999 2587 2072 2617 qua-

1121 2624 1158 2654 lis
1167 2634 1271 2654 eorum
1282 2633 1383 2654 motus
1395 2643 1402 2656 ‚
1416 2633 1491 2664 quos
1504 2620 1692 2657 α’παλαλςῃυς
1702 2622 1798 2651 Graeci
1808 2629 1932 2654 vocant,
1944 2622 2008 2651 talis
2018 2621 2076 2649 ho-

1122 2676 1190 2695 rurn
1202 2667 1279 2695 mihi
1295 2665 1412 2694 videtur
1428 2666 1522 2694 oratio
1533 2684 1540 2697 ‚
1561 2666 1612 2705 qui
1624 2674 1687 2694 non
1703 2662 1844 2693 claudunt
1861 2665 1995 2692 numeris
2006 2662 2073 2692 sen-

1123 2709 1243 2737 tentias:
1263 2715 1438 2747 tantumque
1448 2705 1528 2736 abest
1538 2726 1546 2738 ‚
1566 2717 1603 2736 ne
1613 2726 1621 2739 ‚
1633 2704 1715 2746 quod
1726 2706 1746 2734 ii
1759 2724 1767 2737 ,
1787 2707 1839 2743 qui
1849 2705 1906 2734 lioc
1916 2713 1965 2733 aut
1980 2705 2075 2744 magl-

1123 2749 1251 2779 strorum
1261 2750 1363 2788 inopia
1375 2768 1382 2781 ,
1403 2757 1451 2777 aut
1461 2749 1572 2789 ingenii
1584 2748 1714 2777 tarditate
1728 2766 1736 2779 ,
1758 2755 1807 2775 aut
1817 2746 1923 2775 laboris
1932 2744 2000 2789 fugi
2011 2754 2074 2774 uon

1123 2788 1314 2820 simtass'ecuti
1327 2810 1334 2822 ‚
1357 2789 1558 2819 solentdicerc
1568 2809 1575 2822 ‚
1597 2797 1739 2817 enervetur
1748 2788 1842 2817 oratio
1857 2788 2076 2826 compulitionc

1121 2832 1283 2861 verborum
1296 2851 1304 2863 ,
1324 2841 1356 2860 ut
1373 2832 1456 2860 aliter
1472 2833 1504 2860 iii
1515 2841 1546 2860 ea
1558 2840 1613 2860 nec
1630 2832 1760 2869 impetus
1779 2828 1858 2857 ullus
1869 2849 1877 2862 ,
1896 2839 1951 2858 nec
1961 2837 2006 2857 vis
2016 2826 2074 2856 ess'e

1121 2871 1216 2912 poffit.
1240 2873 1295 2902 Sed
1306 2882 1443 2913 magnam
1455 2874 1700 2902 exercitationem
1710 2880 1754 2900 res
1765 2869 1873 2910 flagitat
1883 2890 1890 2902 ‚
1901 2869 2010 2913 nequid
2022 2879 2072 2898 co·
2092 2867 2138 2909 69

1122 2924 1191 2944 rum
1202 2933 1210 2947 ,
1223 2915 1274 2955 qui
1283 2924 1376 2955 genus
1386 2916 1443 2944 hoc
1452 2914 1540 2944 secuti
1550 2923 1614 2944 non
1625 2921 1785 2943 tenuerunt
1793 2931 1802 2946 ‚
1815 2910 1910 2941 simile
1919 2912 2075 2971 iaciamus,

2038 2961 2076 2981 ne

1159 3079 1186 3096 2.
1208 3073 1235 3095 ln
1246 3071 1332 3095 alienos
1342 3070 1441 3102 insanus
1451 3070 1582 3103 insanisti]
1598 3068 1767 3095 P.Vi&0rius
1779 3067 1890 3097 ingenue
1902 3065 2012 3095 fitetur,
2024 3072 2076 3089 von

1103 3113 1104 3118 ¹
1127 3106 1215 3132 videre
1226 3105 1249 3131 se
1260 3114 1337 3145 quem
1351 3105 1436 3132 locuni
1448 3106 1504 3131 heic
1514 3106 1607 3131 habt-:it
1628 3104 1737 3131 secunda
1755 3097 1847 3131 harum
1857 3101 2015 3129 diffionum.
2038 3100 2077 3124 ri-

1126 3141 1220 3170 deatur
1230 3142 1282 3178 ipie
1294 3141 1362 3169 libro
1373 3151 1464 3169 xviii.
1475 3142 1537 3170 Var.
1549 3141 1612 3169 lec‘i.
1623 3149 1717 3176 cap-9.
2006 3178 2016 3196 Ι
2044 3169 2080 3195 Ν,
