2379 3400
262 136 388 185 '1042
673 111 1174 162 M.TULL11

264 214 342 235 xiiiis.
365 203 401 232 de
420 199 480 229 1111:
499 196 570 227 cum
590 194 738 225 volemus.
763 190 932 220 Democriti
950 195 1051 217 autem
1073 192 1212 215 secuni-

267 255 345 277 τὴς,
365 252 430 282 qiiti:
448 239 488 269 cst
505 239 599 268 animi
621 242 761 272 tanquam
773 230 969 271 tranquillitas
981 249 989 261 ,
1012 236 1101 268 quam
1112 225 1213 265 appel-

264 288 325 316 lant
345 286 447 313 ὲιῖυμὶαι
460 300 467 313 ,
488 278 525 309 co
550 277 706 316 separanda
723 273 783 303 fuit
799 273 897 303 abhac
910 271 1109 311 disputatione
1121 288 1129 300 ‚
1146 277 1215 308 quia

265 326 317 356 ista
340 324 429 353 ammi
447 319 639 360 tranquillitas
651 338 659 350 ,
679 327 711 346 ea
730 315 789 357 ipfit
807 313 850 344 ef}
861 313 943 342 beata
953 318 1027 341 vita.
1051 318 1213 351 quaerimus

265 375 363 396 autt‘m
407 372 468 393 non
483 371 546 401 quae
559 359 592 390 sit
603 380 612 392 ,
635 359 683 402 sed
694 358 774 387 unde
788 355 831 386 sit.
851 356 918 396 Jam
932 353 1059 394 explosae
1073 350 1218 390 ‚-ej'e&ae-

266 420 282 439 ς,
299 419 322 435 zi:
342 406 494 436 sententia:
513 403 674 442 Pyrrhonis
695 419 703 433 ‚
727 397 876 429 Aristonis
891 416 900 430 ,
925 395 1035 425 Herilli
1055 414 1063 427 ‚
1083 391 1167 434 quod
1186 394 1218 421 in

267 442 346 478 'ti-inc
363 448 466 477 orbem
478 465 486 477 ,
508 453 596 484 quem
609 437 892 479 circumscripsimus
906 458 915 472 ‚
938 435 1066 467 incidere
1078 444 1141 465 non
1151 434 1219 474 pos-

268 492 353 522 sunt,
374 486 549 518 adhibendae
573 486 705 514 omnino
724 491 787 512 non
798 480 927 511 fuerunt.
952 488 1021 508 nam
1032 476 1103 507 cum
1117 476 1221 506 omnis

267 535 331 562 haec
341 528 463 571 quaestio
474 527 510 558 de
523 526 633 557 finibus
643 545 650 558 ‚
673 521 793 565 &quasi
807 523 843 553 de
853 522 996 552 extremis
1009 520 1173 550 bonorum,
1184 517 1218 555 ξε

270 573 419 602 malorum
430 591 438 604 ‚
460 569 496 599 ab
515 579 552 598 eo
570 566 772 608 proficiscatur
782 584 791 598 ,
810 563 892 605 quod
904 563 1036 593 dicimus
1046 570 1156 591 naturae
1166 557 1222 588 esse

271 624 370 654 aptum
383 633 391 646 ‚
412 613 444 642 &
466 609 730 641 accommodatum
743 627 751 640 ,
771 606 911 647 quodque
935 604 1032 645 ipsum
1053 612 1104 642 per
1123 602 1149 631 se
1163 602 1223 640 pri-

270 665 359 686 mum
371 661 537 694 appetatur:
559 653 616 681 hoc
634 659 730 680 totum
741 649 773 679 &
788 650 808 677 ii
820 648 931 678 tollunt
944 667 952 680 ‚
971 648 1023 687 qui
1034 647 1065 674 in
1074 644 1161 673 rebus
1174 644 1220 674 iis,

272 700 304 728 in
323 697 432 738 quibus
453 699 463 714 ¹
484 693 580 726 nihil,
598 691 679 733 quod
690 700 755 721 non
764 699 812 720 aut
822 688 982 719 honestum
994 707 1001 721 ,
1025 694 1074 716 aut
1084 694 1167 724 turpe
1180 682 1225 716 sit,

272 747 380 780 negant
390 735 446 767 effe
456 736 547 766 ullam
559 734 674 765 causam
687 753 695 766 ,
717 742 770 763 cur
779 731 860 762 aliud
871 732 921 760 alii
930 736 1126 768 anteponatur
1138 746 1145 759 2
1168 735 1223 755 nec

272 783 349 810 inter
367 788 414 808 eas
424 788 469 808 res
479 777 646 817 quidquam
655 778 787 805 omnino
797 781 900 813 putant
911 768 1046 801 interesse
1060 780 1065 798 '.
1080 769 1112 798 δε
1124 767 1225 797 Heril—

272 823 328 855 ius,
342 819 360 850 si
374 821 412 850 ita
425 818 530 852 sensit,
550 817 622 847 nihil
630 817 677 855 effe
689 815 788 845 bonum
799 835 806 848 ‚
817 813 1068 855 praeterfiienti'am
1080 830 1087 843 ,
1098 818 1225 839 omnem

271 859 678 900 confiliicapiendicausam‚
700 861 970 895 inventionemque
995 851 1225 882 officiisustulit.

274 907 339 937 Sic,
359 901 483 933 exclusis
508 902 660 931 sententiis
679 900 864 939 reliquorum
879 917 886 930 ‚
908 897 979 926 cum
999 903 1137 934 praeterea
1146 892 1228 921 nulla

236 949 257 981 9
276 944 332 976 esse
343 943 429 986 poffit
440 965 448 978 ‚
469 946 530 974 liaec
539 945 731 983 antiquorum
747 940 839 970 valeat
850 936 963 968 necess'e
977 936 1028 966 est.
1052 938 1130 974 Ergo
1141 932 1227 963 insti-

275 996 340 1018 tuto
363 995 517 1018 veterum,
537 994 598 1025 quo
616 986 705 1013 etiam
725 983 817 1012 Stoici
838 988 979 1012 utuntur,
999 979 1069 1007 hinc
1079 977 1228 1015 capiamus

273 1029 449 1059 exordium.
473 1029 562 1055 Omne
579 1023 812 1063 animalfhipfiim
822 1021 922 1062 diligit
938 1040 946 1054 ‚
970 1023 1024 1049 2ac
1040 1018 1126 1047 simul
1138 1025 1228 1046 utor-

274 1080 342 1101 tum
362 1069 404 1100 est
415 1089 422 1102 ‚
444 1068 473 1098 id
493 1071 569 1109 agit,
591 1076 624 1096 ut
647 1067 674 1096 se
684 1065 842 1095 conservet
853 1083 861 1097 ‚
881 1061 962 1104 quod
973 1063 1021 1091 hic
1032 1070 1058 1089 ei
1070 1061 1185 1099 primus
1195 1056 1230 1087 ad

275 1121 402 1143 omnem
423 1113 515 1140 vitam
535 1108 679 1138 tuendam
697 1108 844 1146 appetitus
863 1106 879 1136 a
900 1113 1002 1134 natura
1022 1102 1124 1133 datur,
1148 1099 1176 1129 se
1198 1107 1229 1128 ut

273 1154 430 1184 conservet
443 1172 451 1186 ,
475 1160 561 1191 atque
579 1152 618 1180 ita
638 1148 672 1179 sit
690 1147 833 1178 affe&uin
847 1166 854 1180 ‚
883 1155 914 1176 ut
932 1144 1049 1184 optime
1064 1141 1228 1172 secundum
1248 1169 1249 1172 ,

274 1205 410 1226 naturam
432 1192 574 1223 effeetum
595 1189 651 1222 effe
664 1188 759 1231 poffit.
785 1184 1228 1219 Hancinit'ioconstitutionem

273 1237 417 1276 confrofizm
434 1234 534 1267 haber,
558 1234 591 1263 δε
612 1228 753 1262 incertam
768 1251 776 1264 ‚
796 1239 828 1260 ut
839 1226 1052 1260 tantummodo
1066 1226 1092 1256 se
1104 1233 1230 1256 tueatur,

275 1279 492 1319 qualecumque
504 1275 546 1305 sit.
569 1274 619 1305 sed
631 1284 687 1304 nec
696 1272 769 1314 quid
780 1270 823 1305 sit,
837 1281 891 1301 nec
900 1269 972 1311 quid
982 1266 1080 1309 poffit,
1093 1277 1148 1296 nec
1158 1265 1230 1306 quid
1250 1270 1252 1291 1

276 1319 365 1361 ipsius
376 1328 477 1349 natura
490 1316 524 1347 sit
534 1337 544 1351 ,
564 1317 715 1357 intelligit.
740 1313 927 1344 Cumautem
940 1309 1073 1351 proceffit
1084 1308 1230 1348 paullum,

276 1363 310 1392 &
321 1370 464 1402 quatenus
476 1358 623 1400 quidquid
638 1358 664 1387 se
675 1358 796 1397 attingat
811 1375 819 1389 ‚
837 1355 872 1394 ad
881 1355 968 1395 seque
977 1353 1122 1392 pertineat
1133 1370 1141 1383 ,
1165 1359 1232 1388 per-

279 1402 388 1444 spicere
402 1404 493 1442 coepit
504 1421 512 1434 ‚
538 1409 603 1430 tum
618 1399 725 1430 sensim
736 1399 842 1437 incipit
856 1396 993 1437 progredi
1005 1394 1125 1433 seseque
1135 1391 1230 1432 agnos-

277 1455 334 1475 cere
348 1464 356 1478 ‚
379 1444 412 1474 ὃς
435 1443 617 1483 intelligere,
644 1450 735 1482 quam
755 1439 795 1469 ob
806 1438 921 1469 causam
934 1437 1020 1466 habet
1029 1445 1117 1467 eum,
1140 1441 1233 1474 quem

277 1487 415 1517 diximus
427 1505 435 1518 ‚
455 1486 551 1515 animi
560 1486 723 1523 appetitum
740 1491 745 1509 :
757 1489 921 1520 coeptatque
933 1478 965 1508 &
975 1488 1007 1507 ea
1018 1497 1026 1511 ‚
1050 1486 1116 1517 quae
1125 1484 1234 1505 naturae

273 1537 341 1568 apta
362 1527 449 1556 sentit
460 1529 474 1560 ,'
487 1534 621 1565 appetere
633 1544 642 1558 ,
661 1522 869 1563 &propulsare
886 1521 1041 1551 contraria.
1066 1527 1135 1557 ergo
1146 1517 1234 1545 omni

276 1569 403 1599 animali
412 1567 486 1597 illud
501 1566 598 1606 ‚quod
609 1568 729 1605 appetit,
738 1562 866 1603 positum
877 1561 919 1591 est
933 1562 966 1590 in
975 1570 1022 1593 eo,
1034 1559 1115 1599 quod
1126 1567 1236 1587 naturae

277 1609 319 1640 est
330 1608 602 1639 accommodatum.
624 1616 663 1636 ita
676 1605 745 1635 finis
757 1605 907 1634 bonorum
918 1601 1039 1633 exsistit,
1052 1608 1234 1630 SECUNDUM

281 1660 450 1681 NATURAM
462 1658 595 1680 vtveae
609 1667 617 1682 ,
639 1646 675 1677 sic
689 1645 829 1676 affeetum
842 1665 849 1677 ,
872 1654 903 1674 ut
915 1644 1033 1683 optime
1050 1640 1127 1672 affici
1138 1638 1233 1680 possit,

281 1693 316 1723 ad
336 1700 531 1731 naturamque
556 1686 880 1720 accommodatissime.
904 1687 1058 1726 Qioniam
1078 1692 1177 1713 autem
1188 1682 1237 1711 sua

280 1734 422 1773 cuiusque
445 1735 606 1762 animantis
625 1740 727 1760 natura
746 1728 788 1759 est
801 1748 808 1761 2
832 1726 942 1758 necess'c
951 1726 993 1756 est
1006 1734 1125 1766 quoque
1141 1724 1233 1752 finem

283 1778 428 1804 omnium
450 1775 530 1803 hunc
548 1771 606 1802 effe
620 1792 628 1805 ‚
645 1781 679 1800 ut
690 1779 792 1800 natura
803 1775 959 1810 expleatur.
985 1767 1156 1796 nihilenim
1167 1774 1237 1804 pro-

277 1817 370 1849 hibet,
383 1815 518 1855 qiiaedam
529 1813 586 1843 effe
600 1814 717 1843 &inter
728 1813 755 1842 se
766 1811 947 1840 animalibus
958 1809 1079 1848 reliquis
1091 1827 1100 1839 ,
1122 1807 1154 1836 &
1163 1816 1234 1835 cum
1257 1802 1259 1837 ‘i

275 1857 377 1889 bestiis
398 1858 515 1886 homini
535 1857 732 1886 communia,
753 1854 899 1893 quoniam
918 1858 1064 1879 omnium
1084 1847 1126 1877 est
1138 1856 1239 1877 natura
1258 1870 1260 1884 ι

279 1908 465 1929 communis.
490 1897 538 1927 sed
559 1896 768 1927 extremailla,
792 1894 969 1924 &summa‚
989 1891 1236 1931 quaequaerimus,
1258 1902 1260 1920 i

278 1951 356 1971 inter
370 1940 547 1970 animalium
559 1948 683 1978 gerici-a,
705 1934 845 1966 distincta
856 1955 863 1968 ,
887 1935 919 1964 ὃς
933 1933 1083 1973 dispertita
1095 1933 1162 1961 sunt
1173 1951 1182 1964 ‚
1203 1931 1236 1960 &

279 1984 326 2012 saia
344 1992 450 2022 cuique
470 1990 585 2020 propria
598 2000 605 2012 ,
627 1980 660 2009 &
678 1979 714 2009 ad
736 1978 765 2007 id
785 1986 868 2017 apta,
892 1975 974 2016 quod
985 1974 1128 2014 cujusque
1139 1982 1240 2002 natura

280 2023 431 2055 desiderat.
458 2033 545 2062 quare
568 2021 638 2051 cum
659 2021 806 2052 dicimus,
828 2016 953 2047 omnibus
967 2014 1138 2045 ammalzbm
1150 2022 1239 2043 extre-

282 2076 360 2095 mum
371 2065 419 2102 effi
432 2085 439 2097 ‚
455 2063 606 2104 fecundum
616 2070 749 2091 naturam
762 2062 859 2089 vivere
871 2070 881 2086 .·
902 2069 968 2089 non
980 2061 1019 2088 ita
1028 2057 1236 2097 accipiendum

279 2107 342 2140 est,
364 2106 442 2147 quasi
459 2107 592 2137 dicamus
605 2124 614 2137 ,
635 2114 732 2134 unum
752 2101 809 2133 effe
833 2103 977 2131 omnium
989 2108 1159 2130 exrremum
1174 2097 1237 2128 :sed

280 2160 314 2180 ut
332 2150 475 2178 oninium
492 2149 600 2177 artium
615 2145 692 2176 reste
704 2145 761 2174 dici
773 2143 868 2184 potest
879 2151 1046 2173 commune
1056 2138 1113 2170 effe
1127 2160 1136 2173 ‚
1158 2149 1189 2170 ut
1204 2142 1236 2169 in

281 2193 379 2230 aliqua
403 2190 523 2219 scientia
545 2189 694 2220 versetur,
719 2187 869 2216 scientiam
893 2193 992 2214 autem
1006 2183 1086 2213 suam
1096 2182 1240 2222 cuiusque
1260 2202 1261 2226 ἰ

281 2242 353 2263 artis
363 2230 470 2261 esi-'etsie
482 2240 622 2259 commune
631 2229 801 2257 animalium.
813 2228 936 2256 omnium
942 2224 1095 2265 secundum
1105 2231 1240 2252 naturam
1260 2227 1262 2242 1

285 2276 320 2303 vi
329 2283 388 2302 vcre
399 2293 406 2306 ,
428 2272 476 2302 sed
491 2281 604 2301 naturas
617 2269 675 2300 effe
686 2270 814 2300 diversas
827 2289 835 2302 ,
861 2278 893 2298 ut
902 2267 982 2298 aliud
994 2276 1072 2307 equo
1082 2264 1116 2295 sit
1126 2274 1238 2298 natura,

282 2315 367 2346 aliud
378 2315 449 2344 bovi
461 2335 468 2348 ,
489 2313 570 2343 aliud
583 2314 701 2342 'nomini
715 2332 723 2345 ‚
750 2311 782 2341 Sc
799 2311 940 2340 tamenin
953 2308 1097 2338 omnibus
1122 2308 1240 2337 summa

283 2357 460 2388 communis
484 2374 491 2388 ‚
514 2355 545 2384 δε
567 2354 690 2395 quidem
714 2363 778 2382 non
799 2352 901 2382 solum
919 2353 951 2381 in
968 2349 1170 2383 animalibus,
1191 2348 1241 2378 sed
1262 2350 1264 2385 ξ

285 2401 376 2428 etiam
399 2400 430 2427 in
447 2397 534 2427 rebus
550 2396 693 2425 omnibus
716 2397 751 2424 iis
765 2413 774 2427 ‚
794 2403 863 2433 quas
878 2401 980 2422 natura
989 2393 1041 2421 alit
1053 2410 1060 2424 ‚
1080 2400 1185 2431 auget,
1208 2389 1241 2420 &

288 2449 386 2470 tuetur
405 2450 410 2467 :
431 2441 462 2468 in
481 2439 590 2478 quibus
611 2437 769 2468 videmus,
788 2445 820 2465 ea
833 2455 840 2468 ‚
858 2445 922 2475 quae
941 2436 1103 2473 gignuntur
1121 2436 1137 2461 e
1157 2440 1241 2463 terra,

286 2482 381 2512 multa
389 2480 521 2522 quodam
534 2479 629 2509 modo
639 2477 755 2508 efficere
768 2477 827 2517 ipsa
839 2475 889 2505 sibi
902 2476 1001 2514 perse,
1012 2483 1076 2514 quae
1087 2473 1122 2503 ad
1136 2475 1242 2502 viven-

287 2525 362 2554 dum
376 2542 385 2556 ‚
403 2522 657 2560 crescendumque
678 2520 810 2551 valeant,
838 2518 870 2547 &
890 2518 942 2547 suo
953 2526 1060 2556 genere
1069 2516 1244 2554 perveniant
1263 2511 1266 2547 ζ

279 2566 322 2595 ‘ad
339 2573 531 2594 extremum:
554 2573 584 2592 iit
598 2565 663 2602 jam
683 2562 768 2592 liceat
784 2569 842 2590 una
862 2554 1130 2598 comprehensione
1140 2557 1244 2585 omnia
1262 2549 1264 2579 l

286 2605 449 2646 complesti
464 2615 469 2634 :
492 2615 554 2635 non
573 2604 770 2644 dubitemque
788 2602 904 2635 dicere,
927 2609 1035 2629 omnem
1053 2605 1187 2627 naturam
1198 2595 1245 2634 effi>
1262 2610 1263 2627 3

285 2648 514 2688 «oviset-isannem
530 2647 577 2687 fin
588 2666 596 2683 2
616 2645 707 2686 idque
725 2644 830 2675 habere
850 2641 1037 2683 propositum
1047 2638 1126 2681 quasi
1138 2638 1242 2671 finem,

1262 2656 1263 2677 3
1292 2642 1403 2680 gimus.
1425 2648 1609 2680 quamquam
1629 2639 1703 2680 quid
1722 2638 1765 2669 est
1778 2658 1787 2673 ‚
1810 2637 1890 2679 quod
1902 2639 1995 2678 magis
2004 2636 2191 2677 perspicuum

1253 109 1799 158 Cicenouis

1258 187 1290 217 &
1300 195 1471 218 extremum
1483 205 1491 220 ‚
1503 187 1531 217 se
1542 187 1727 221 ut'custodiat
1737 195 1751 219 3
1763 191 1852 232 quam
1865 191 1898 222 in
1910 191 2029 232 optimo
2040 190 2083 222 sui
2093 191 2209 234 generis

1258 228 1331 277 statu
1344 240 1348 258 z
1362 238 1393 259 ut
1406 227 1520 273 necesse
1531 227 1582 263 sit3
1600 233 1741 261 omnium
1752 242 1850 264 rerum
1862 253 1871 268 ‚
1890 244 1956 275 quae
1967 243 2068 264 natura
2078 240 2211 274 vigeant,

1257 271 1387 301 similem
1409 269 1467 300 esse
1479 268 1571 316 finem
1585 291 1593 303 ‚
1615 281 1679 301 non
1690 273 1830 304 eundem.
1852 285 1891 305 ex
1899 286 1960 316 quo
1971 276 2098 317 intelligi
2112 275 2209 305 debet,

1259 315 1381 343 homini
1406 313 1433 341 id
1453 311 1511 342 esse
1521 314 1553 342 in
1564 313 1653 342 bonis
1665 313 1807 344 ultimum
1819 335 1828 348 ,
1849 326 2031 348 SECUNDUM
2044 326 2211 347 NATURAM

1261 364 1386 385 viviane
1399 353 1494 395 :quod
1506 355 1545 384 ita
1558 356 1784 394 interpretemur
1793 375 1802 390 ‚
1822 359 1924 388 vivere
1934 369 1971 388 ex
1982 360 2117 389 hominis
2126 366 2213 388 natu-
2253 376 2258 380 -

1262 407 1290 426 ra
1301 396 1433 436 undique
1444 394 1577 435 perses&
1589 416 1596 429 ,
1611 396 1644 426 &
1654 397 1730 425 nihil
1741 399 1918 436 requirente.
1943 402 2014 430 Haec
2024 402 2113 441 igitur
2123 400 2214 430 nobis

1263 438 1443 482 explicanda·
1459 437 1544 467 sunt:
1561 437 1609 467 sed
1625 436 1644 466 si
1657 438 1815 468 enodatius
1826 448 1909 472 ‚vos
1923 442 2091 480 ignoscetis.
2124 443 2213 480 hujux

1263 482 1347 524 enim
1368 486 1462 511 aerati,
1483 479 1516 508 δε
1535 480 1625 512 huic,
1646 489 1726 510 nunc
1737 481 1794 510 hoc
1803 482 1936 520 primum
1946 481 2061 512 fortasse
2070 483 2215 515 audienti,

1258 521 1364 561 servire
1384 519 1516 549 debemus.
1549 523 1592 550 Ita
1610 522 1727 561 prorsus
1754 541 1763 555 ,
1800 524 1934 562 inquam.
1962 522 2011 552 etsi
2029 534 2060 554 ea
2079 525 2214 564 quidem,

1264 573 1329 603 quae
1347 562 1442 592 adhuc
1465 561 1568 592 dixisti
1580 583 1588 596 ‚
1609 565 1748 603 quamvis
1765 562 1800 593 ad
1817 572 1935 593 aetatem
1951 563 2030 593 reete
2054 565 2110 596 isto
2121 565 2216 596 modo

1264 606 1441 634 dicerentur.
1467 602 1604 643 Exposita
1623 606 1712 645 igitur
1728 625 1736 638 ‚
1756 607 1875 645 inquit,
1893 607 2105 636 terminatione
2117 616 2216 637 rerum

1266 645 1500 686 expetendarum
1513 666 1520 679 ,
1545 655 1597 675 cur
1606 645 1658 676 ista
1669 647 1698 676 se
1711 656 1756 676 res
1766 648 1804 676 ita
1815 647 1919 677 habeat
1930 666 1938 680 ,
1951 656 1981 676 ut
1993 646 2070 680 dixi,
2080 647 2220 688 deinceps

1267 686 1536 717 demonstrandum
1556 687 1606 718 est.
1630 688 1827 728 quamobrem
1846 688 1997 718 ordiamur
2015 689 2119 723 abeo,
2137 690 2220 729 quod

1268 732 1400 769 primum
1421 729 1516 768 posui.
1539 732 1556 755 4
1578 730 1659 769 quod
1685 729 1767 759 idem
1785 730 1881 769 reapse
1897 731 2031 770 primum
2051 729 2111 763 est,
2131 739 2163 760 ut
2175 732 2223 760 in-

1268 771 1435 812 telligamus
1447 790 1455 803 ,
1475 770 1793 812 omneam'malseipfitm
1800 771 1923 811 diligere.
1946 771 2027 812 quod
2038 781 2222 813 quamquam

1269 812 1488 842 dubitationem
1500 822 1562 842 non
1575 812 1661 843 habet
1681 813 1743 851 (est
1753 815 1836 842 enim
1850 812 1981 843 infixum
1992 823 2025 843 in
2039 813 2098 853 ipsa
2109 822 2222 846 natura,

1255 854 1533 894 *comprehenditur
1552 854 1609 884 suis
1618 855 1759 895 cujusque
1772 853 1902 884 sensibus
1915 874 1923 888 ‚
1945 853 1999 889 fic,
2022 864 2072 889 ut,
2088 853 2223 885 coiitrasi

1270 897 1337 936 quis
1356 895 1452 925 dicere
1470 896 1562 928 velit,
1582 905 1646 925 non
1665 897 1819 935 audiatur)
1841 905 1940 926 tamen
1953 916 1961 930 ‚
1984 896 2095 937 nequid
2106 905 2225 936 praeter-

1272 939 1448 970 mittamus,
1467 939 1596 967 rationes
1620 948 1763 978 quoque,
1787 948 1838 967 cur
1861 939 1919 968 hoc
1938 940 1976 968 ita
1985 937 2041 971 sitr
2061 936 2224 968 afferendas

1270 987 1353 1023 puto.
1377 977 1427 1008 etsi
1445 977 1496 1018 qui
1517 977 1611 1018 potest
1630 980 1758 1020 intelligi
1778 999 1786 1012 ‚
1808 987 1856 1009 aut
1870 981 1993 1021 cogitari
2015 1000 2023 1013 ‚
2042 978 2090 1017 effi·
2108 979 2225 1020 aliquod

1272 1019 1383 1047 animal
1400 1039 1407 1051 ‚
1431 1020 1504 1060 quoti
1518 1021 1547 1058 [ἓ
1569 1020 1677 1049 oderit?
1697 1030 1743 1050 res
1761 1023 1845 1050 enirn
1862 1030 2040 1051 concurrent
2059 1022 2223 1052 contrariae.

1275 1070 1343 1090 nam
1364 1060 1433 1090 cum
1458 1063 1604 1100 appetitus
1629 1062 1680 1091 ille
1701 1063 1796 1091 animi
1815 1063 1928 1102 aliquid
1953 1063 1987 1092 ad
2006 1063 2227 1093 setraherecoe-

1273 1104 1348 1142 perit
1358 1102 1498 1132 consulto
1507 1121 1515 1135 ‚
1527 1103 1608 1142 quod
1620 1101 1671 1132 sibi
1683 1102 1759 1132 obsit
1770 1122 1777 1136 ‚
1796 1105 1865 1143 quia
1876 1102 1909 1133 sit
1918 1102 1971 1133 sibi
1984 1105 2127 1134 inimicus
2138 1114 2142 1132 t
2153 1102 2225 1133 cuni

1276 1144 1305 1173 id
1319 1144 1373 1173 sua
1392 1143 1474 1173 causa
1490 1142 1595 1174 faciet:
1619 1145 1651 1174 &
1674 1144 1771 1174 oderit
1793 1145 1839 1177 se,
1858 1144 1891 1174 &
1910 1143 2111 1184 simuldiliget
2127 1145 2228 1185 :quod

1249 1211 1251 1218 ,
1276 1184 1339 1232 fieri
1358 1195 1422 1214 non
1439 1185 1544 1225 potest.
1569 1190 1581 1213 5
1595 1184 1708 1216 necesse
1720 1185 1761 1215 est
1771 1185 1894 1226 quidem
1909 1206 1917 1219 ,
1933 1184 2029 1226 siquis
2040 1185 2091 1215 sibi
2103 1185 2154 1225 ipsi
2167 1188 2229 1215 ini-

1250 1243 1251 1258 i
1276 1236 1371 1256 micus
1383 1226 1424 1256 est
1439 1247 1449 1260 ,
1468 1237 1538 1257 euni
1552 1247 1560 1260 ,
1584 1237 1648 1268 quae
1661 1227 1738 1257 bona
1749 1228 1816 1257 sunt
1827 1247 1835 1261 ‚
1851 1228 1927 1257 mala
1938 1237 2040 1267 putare
2053 1237 2058 1256 z
2070 1227 2148 1257 bona
2157 1237 2232 1257 con-

1275 1269 1327 1301 tra,
1339 1278 1404 1308 qiiae
1415 1269 1491 1298 mala
1503 1293 1507 1297 .
1519 1270 1550 1298 &
1563 1279 1626 1310 quae
1641 1269 1802 1308 appetenda
1814 1289 1822 1301 ,
1835 1267 1936 1310 fugere
1947 1280 1952 1298 ·.
1962 1270 1994 1299 &
2004 1279 2069 1310 quae
2079 1267 2230 1309 fugienda,

1251 1334 1253 1342 .
1274 1319 1429 1350 appetere:
1447 1320 1513 1351 quae
1531 1309 1590 1341 fine
1606 1311 1702 1340 dubio
1722 1313 1788 1340 vitae
1803 1311 1870 1340 sunt
1880 1309 2000 1340 eversio.
2024 1320 2122 1350 neque
2133 1311 2235 1343 enim,

1278 1351 1298 1381 si
1318 1352 1462 1382 nonnulli
1483 1354 1669 1392 reperiuntur
1682 1373 1690 1386 ,
1710 1355 1761 1393 qui
1789 1353 1989 1392 autlaqueos‚·
2008 1361 2057 1382 aut
2074 1352 2128 1381 alia
2139 1353 2234 1382 exitia

1276 1403 1407 1434 quaerant
1420 1413 1428 1427 ‚
1450 1403 1499 1424 aut
1510 1414 1517 1428 ,
1544 1404 1577 1424 ut
1596 1395 1647 1423 ille
1658 1395 1735 1433 apud
1747 1397 1925 1424 Terentium
1938 1413 1945 1427 ‚
1964 1396 2014 1434 qui
2026 1394 2156 1423 decrevit
2167 1400 2234 1421 tan-

1283 1434 1498 1475 tisperfiaeminv‘cs
1508 1436 1858 1475 injuriaefiwgnatofacere
1867 1456 1875 1468 ,
1895 1435 1905 1473 (
1918 1444 1950 1465 ut
1960 1439 2000 1465 ait
2010 1436 2070 1474 ipse
2083 1435 2093 1473 )
2105 1433 2233 1472 dumfiat

1281 1478 1380 1516 miser,
1400 1478 1545 1507 inimicus
1563 1478 1622 1516 ipse
1633 1476 1844 1515 sibiputandus
1854 1476 1907 1506 est.
1932 1476 1979 1506 sed
1989 1476 2156 1506 aliidolore
2166 1482 2234 1505 mo-

1279 1528 1404 1551 ventur,
1424 1519 1473 1547 alii
1490 1519 1665 1557 cupiditate:
1684 1518 1835 1547 iracundia
1851 1520 1942 1547 etiam
1956 1518 2044 1547 multi
2061 1515 2235 1546 efferuntur:

1282 1560 1314 1589 &
1333 1558 1405 1589 cflm
1424 1561 1452 1588 in
1475 1560 1553 1587 mala
1572 1558 1586 1579 ⁶
1599 1560 1715 1598 scientes
1733 1560 1865 1592 irruunt,
1887 1569 1986 1589 tamen
2007 1559 2034 1589 se
2055 1558 2171 1598 opum&
2181 1556 2237 1588 sibi

1280 1601 1434 1631 consulere
1443 1601 1634 1630 arbitrantur:
1650 1603 1688 1630 ita
1712 1610 1748 1630 ue
1758 1600 1873 1634 dicunt,
1886 1611 1941 1630 nec
1952 1600 2101 1633 dubitant,

1324 1643 1413 1671 Mihi
1428 1642 1469 1682 fic
1490 1643 1554 1681 usin
1573 1641 1615 1671 est*
1634 1653 1644 1668 :
1665 1642 1688 1671 ti
1709 1643 1719 1670 i
1738 1650 1771 1670 ut
1788 1651 1853 1684 opus
1873 1641 1917 1671 es‘i‘
1928 1641 2029 1680 saffo,
2045 1642 2130 1680 face:

1283 1685 1375 1717 velut,
1388 1694 1437 1724 qui
1450 1683 1500 1722 ipsi
1511 1683 1563 1713 iibi
1576 1683 1885 1717 bellumindixili'enn
1900 1685 2022 1713 cruciari
2035 1684 2107 1717 dies,
2118 1680 2238 1712 Ποέὶείε

1282 1735 1413 1764 torqueri
1444 1726 1556 1754 vellent
1578 1735 1582 1753 :
1603 1735 1658 1754 nec
1676 1724 1747 1753 vero
1767 1724 1825 1754 sese
1848 1724 1900 1764 ipfi
1921 1725 2088 1754 accusarent
2109 1724 2149 1754 ob
2169 1732 2236 1754 eam

1283 1767 1397 1798 caulam
1412 1785 1419 1798 ,
1438 1765 1521 1806 quod
1545 1766 1603 1795 sese
1622 1765 1699 1794 male
1717 1766 1805 1795 rebus
1827 1766 1884 1795 suis
1894 1763 2075 1795 consuluisse
2088 1765 2237 1795 dicerent.

1284 1817 1390 1838 eorum
1412 1817 1495 1836 enim
1521 1808 1582 1837 haec
1597 1806 1640 1836 est
1653 1807 1771 1847 querela
1784 1827 1792 1840 ,
1812 1806 1928 1847 quisibi
1939 1809 1998 1837 cari
2008 1807 2093 1840 sunt,
2121 1807 2238 1846 seseque

1284 1850 1423 1890 diligunt.
1447 1851 1561 1890 Qare,
1584 1849 1818 1888 quotiescunque
1838 1849 1955 1878 dicetur
1972 1847 2051 1878 male
2068 1847 2105 1878 de
2126 1848 2153 1878 se
2170 1849 2244 1888 quis

1285 1891 1415 1924 mereri,
1435 1888 1547 1931 sibique
1567 1889 1625 1920 ess'e
1636 1891 1779 1920 inimicus
1792 1909 1800 1923 ‚
1819 1900 1905 1930 atquc
1918 1889 2030 1922 hostis,
2049 1893 2140 1919 vitam
2152 1889 2241 1918 deni-

1284 1943 1342 1974 que
1354 1932 1454 1973 fugere
1467 1943 1472 1960 :
1485 1933 1667 1973 intelligatur
1676 1932 1805 1972 aliquam
1818 1930 1931 1961 subesse
1947 1931 2099 1969 ejusmodi
2109 1930 2236 1963 causam,

1285 1984 1318 2005 ut
1335 1984 1372 2004 ex
1393 1983 1429 2003 eo
1453 1974 1516 2013 ipso
1534 1973 1619 2013 poffit
1641 1973 1790 2014 intelligi,
1811 1973 1864 2003 sibi
1887 1983 2038 2013 quemque
2062 1971 2118 2002 ess'e
2128 1982 2241 2002 carum.

1287 2019 1353 2047 Nec
1376 2014 1448 2045 verb
1467 2015 1496 2045 id
1514 2015 1580 2045 satis
1602 2014 1664 2049 est,
1684 2018 1841 2045 neminem
1865 2014 1941 2048 esse,
1961 2015 2083 2055 quiipse
2093 2014 2122 2044 se
2132 2013 2241 2046 oderim

1287 2059 1336 2088 sed
1347 2057 1421 2087 illud
1433 2067 1552 2097 quoque
1563 2056 1793 2097 intelligendum
1806 2056 1848 2086 est
1861 2076 1869 2090 ,
1888 2066 2023 2085 neminem
2033 2055 2081 2093 effe
2091 2075 2100 2089 ,
2113 2056 2174 2096 qui,
2185 2064 2241 2096 quo

1290 2097 1532 2138 modofhhabear,
1552 2099 1685 2138 nilnlsua
1695 2099 1801 2137 censeat
1810 2097 1940 2135 intereffle.
1964 2098 2086 2127 tolletur
2096 2099 2242 2135 enimap-

1287 2144 1397 2182 petitus
1415 2143 1509 2170 animi
1523 2160 1530 2173 ‚
1550 2139 1589 2174 si,
1612 2150 1642 2170 ut
1661 2143 1695 2170 in
1717 2142 1753 2169 iis
1765 2140 1851 2170 rebus
1864 2159 1872 2173 ‚
1892 2142 2049 2179 interquas
2058 2139 2136 2169 nihil
2147 2140 2243 2168 ‘inter-

1287 2183 1330 2213 est
1343 2202 1351 2216 ‚
1370 2191 1506 2212 neutram
1527 2184 1559 2211 in
1581 2191 1694 2222 partem
1707 2180 1908 2221 propensiores
1920 2180 2011 2210 sim-us
2023 2201 2035 2213 ,
2054 2182 2125 2210 item
2136 2181 2170 2209 in
2183 2188 2243 2208 no·

1287 2225 1399 2255 bismet
1411 2222 1499 2263 ipsis,
1519 2223 1784 2264 quemadmodum
1796 2221 1895 2253 affeffl
1914 2221 2024 2256 simus,
2046 2221 2124 2251 nihil
2145 2219 2244 2251 nostra

1287 2266 1496 2297 arbitrabimur
1512 2264 1658 2295 interesse.
1682 2269 1780 2305 Atque
1801 2267 1890 2294 etiam
1909 2264 1984 2293 illud
2001 2282 2012 2296 ,
2028 2261 2048 2292 fi
2065 2265 2131 2303 quis
2143 2262 2242 2292 dicere

1261 2329 1263 2342 .
1286 2309 1378 2341 velit,
1397 2307 1610 2347 perabsurdum
1630 2305 1663 2337 sit
1686 2318 1691 2337 ;
1710 2305 1963 2346 ita7diligiasese
1973 2314 2123 2345 quemque
2137 2323 2146 2337 ,
2167 2312 2200 2333 ut
2211 2312 2244 2333 ea

1287 2352 1333 2380 vis
1353 2348 1499 2388 diligendi
1518 2348 1555 2379 ad
1572 2349 1660 2379 aliam
1684 2358 1749 2379 rem
1767 2346 2092 2388 quampiamrer'eratur
2104 2365 2112 2379 ‚
2133 2354 2198 2374 non
2208 2343 2246 2375 ad

1263 2409 1266 2418 ι
1289 2401 1361 2421 eum
1375 2391 1485 2430 ipsum,
1497 2392 1549 2430 qui
1559 2391 1619 2420 sese
1631 2391 1746 2432 diligat.
1769 2391 1826 2418 hoc
1837 2388 1909 2418 cum
1922 2390 1954 2418 in
1964 2389 2120 2420 amicitiis,
2131 2395 2201 2417 cum
2212 2387 2246 2416 in

1264 2460 1266 2468 k
1289 2431 1398 2462 officiis
1419 2451 1427 2465 ‚
1458 2430 1530 2461 cum
1550 2434 1583 2461 in
1604 2432 1767 2461 virtutibus
1788 2430 1898 2460 dicitur
1915 2449 1923 2463 ‚
1953 2428 2246 2469 quomodocumque

1264 2499 1266 2507 ,
1289 2474 1416 2506 dicitur,
1438 2473 1568 2512 intelligi
1589 2482 1690 2503 tamen
1707 2472 1779 2513 quid
1798 2471 1931 2504 dicatur,
1949 2470 2053 2510 potest.
2077 2466 2133 2500 8in
2150 2469 2241 2500 nobis

1289 2524 1391 2545 autem
1402 2512 1469 2553 ipsis
1481 2523 1518 2543 ne
1529 2515 1656 2554 intelligi
1667 2514 1840 2555 quidem,ut
1850 2522 1970 2553 propter
1978 2513 2064 2543 aliam
2075 2512 2247 2552 quampiam

1293 2566 1369 2590 rem,
1379 2555 1462 2585 verbi
1472 2558 1561 2596 gratia
1574 2575 1582 2589 ,
1603 2566 1722 2596 propter
1731 2556 1929 2594 voluptatem,
1942 2564 1997 2584 nos
2008 2562 2153 2583 amemus.
2176 2560 2250 2592 pro-

1292 2607 1356 2638 pter
1372 2606 1428 2627 nos
1446 2606 1530 2626 enim
1554 2598 1637 2627 illam
1651 2617 1659 2632 ‚
1681 2607 1745 2628 non
1764 2606 1883 2637 propter
1892 2605 1959 2626 eam
1971 2594 2166 2634 nosmetipsos
2176 2592 2248 2622 dili-

2203 2631 2249 2666 fit,

2197 2685 2251 2703 non.

1891 2723 1944 2730 -.-Α-

333 2760 353 2774 i.
374 2750 509 2784 rv'tki.'=1iio.{
519 2759 562 2775 mn
574 2743 700 2782 honestum,
715 2756 758 2774 aut
769 2746 895 2781 impasta]
918 2747 960 2772 Sic
970 2744 1032 2772 edd.
1043 2753 1117 2770 oiiiii.
1131 2744 1162 2770 (ic
1177 2742 1252 2769 l'zilii-
1276 2747 1277 2770 1
1295 2742 1355 2775 bus,
1368 2743 1412 2769 iiisi
1426 2742 1495 2779 quod
1508 2743 1594 2778 quint.
1608 2751 1631 2766 νε
1641 2741 1695 2775 sifi.
1717 2741 1844 2776 Scaligeri
1857 2750 1918 2766 vei-0
1929 2747 2002 2765 vetus
2012 2737 2087 2773 plane
2099 2738 2187 2770 reapst.

292 2785 311 2809 ἰ]
326 2795 342 2810 ii
375 2787 466 2812 l-.iiiil=.
478 2785 607 2822 supposuit
621 2805 629 2817 ‚
648 2786 760 2810 mlii-sant
770 2786 884 2816 honestum
894 2791 936 2808 aut
955 2790 1022 2814 impe
1034 2783 1083 2814 fit,·
1103 2789 1136 2807 ex
1148 2779 1250 2806 duobus
1276 2790 1277 2800 1

294 2820 368 2846 totid.
385 2830 410 2847 iit
426 2832 429 2836 ·
473 2832 523 2849 uit,
534 2821 645 2857 leriptis.
666 2819 708 2846 sed
722 2829 769 2845 cui·
780 2819 864 2855 qiiaeso
876 2828 925 2845 iiou
940 2818 1080 2844 nominat?

330 2865 357 2880 2.
376 2862 432 2886 estc,
472 2858 531 2887 rel&
542 2864 616 2882 muni
627 2857 685 2890 eff]
708 2857 747 2882 Ita
758 2855 871 2881 Vitiorii
882 2854 966 2881 editio
981 2874 987 2884 ‚
999 2862 1083 2888 neque
1095 2851 1165 2878 secus
1176 2860 1249 2878 omn.

296 2891 363 2929 Pau.
383 2901 439 2917 itini
453 2894 537 2919 Aldus
550 2896 576 2919 S:
589 2892 674 2919 senior
692 2893 796 2926 &fimul
804 2900 832 2917 ac
850 2897 895 2917 ort.
918 2889 1052 2926 quomodo
1064 2888 1223 2915 recentiores
1236 2897 1244 2919 3

298 2933 392 2962 quiz-iic
403 2928 478 2962 plana
488 2939 574 2955 0.iiiii;i
587 2928 702 2964 placent.

335 2971 359 2996 3.
380 2962 456 2994 §gestui
467 2973 491 2987 m
502 2967 579 2996 optimo
592 2966 631 2997 stu
641 2964 730 2997 generis
742 2965 821 2996 statu.
844 2962 989 2989 Lambinus
1004 2961 1031 2987 Sc
1043 2959 1129 2986 Aldus
1142 2960 1248 2995 Nepos,

295 3000 403 3031 iniquam
413 3001 501 3029 optimo.
523 2999 563 3024 sed
574 3001 644 3034 prius
665 2999 732 3025 'illud
743 3000 778 3026 est
797 3000 823 3025 in
846 2999 906 3025 ctltl.
926 2998 984 3024 :iliis
1003 2997 1124 3024 omnibus
1139 3015 1147 3026 ,
1167 3005 1253 3031 licque

298 3034 394 3070 aiij-‚int
413 3034 483 3061 :rhea
495 3034 562 3059 Pall.
584 3035 770 3070 iiiliqiiotlsec.
789 3036 856 3069 quast
871 3037 895 3060 in
904 3033 995 3067 op'limo.
1016 3032 1087 3069 quod
1108 3032 1172 3058 milii
1193 3041 1255 3067 per-

321 3077 394 3096 iacet.

298 3079 315 3107 P
334 3113 362 3134 a..
375 3105 448 3145 'Qod
456 3105 516 3130 idem
526 3105 605 3143 frapje
620 3107 723 3136 primum
738 3106 796 3139 eff]
820 3106 862 3132 13st
875 3107 888 3132 a
901 3105 1024 3132 Vic‘lorio
1036 3124 1043 3137 ,
1065 3113 1096 3131 ne
1114 3104 1173 3140 quis
1185 3103 1256 3130 forte

301 3140 427 3179 πῶς-’.1914
438 3139 581 3168 Laiubiuo.
602 3142 672 3176 prii-:s
685 3140 750 3169 editi
762 3151 784 3166 re
796 3142 866 3175 absi,
876 3141 948 3178 quod
958 3140 1078 3170 :idliticiii
1090 3140 1158 3169 Pan.
1169 3140 1259 3168 omui-

1276 2879 1278 2910 1
1298 2894 1354 2913 trus
1365 2886 1515 2918 V'iStorius,
1529 2886 1680 2921 legiturque
1691 2885 1717 2910 iii
1730 2884 1786 2910 Pal.
1797 2888 1902 2918 quarto.

1334 2789 1359 2813 5.
1379 2780 1467 2812 Neceffe
1478 2782 1512 2804 ef?
1522 2780 1614 2812 quidum
1627 2797 1634 2809 ,
1648 2777 1756 2812 siquis]
1780 2778 1837 2803 1¹:21.
1848 2775 1915 2802 sext.
1934 2774 2015 2807 neceffi·
2024 2774 2134 2805 effquefi
2143 2773 2203 2806 quis.
2223 2778 2252 2800 at

1297 2814 1346 2841 sec.
1358 2816 1440 2848 neceffe
1449 2818 1484 2841 ef?
1492 2815 1658 2849 xqutkfiqnis.
1680 2813 1750 2848 quod
1762 2812 1894 2839 habuerim
1925 2819 1955 2835 ro
1965 2808 2049 2834 Tullii
2060 2817 2187 2842 genuino.
2220 2811 2223 2813 '

1334 2852 1361 2877 6.
1381 2854 1483 2876 Scit-ates
1493 2851 1618 2883 irruam]
1642 2849 1751 2884 Vulgati
1769 2855 1842 2873 ruunt
1853 2857 1860 2872 .-
1876 2820 1922 2872 sed³
1929 2845 2041 2872 alterum
2060 2843 2190 2879 produxit
2200 2844 2253 2871 Pe-

1325 2931 1360 2985 g.
1380 2924 1451 2955 Diligi
1461 2921 1476 2948 ὰ
1483 2923 1509 2955 ft
1517 2922 1653 2956 quemque]
1675 2919 1849 2945 Rea-entiores
1858 2918 1885 2943 Sc
1897 2915 1945 2942 aevi
1955 2916 2069 2943 extremi
2083 2935 2091 2948 ‚
2101 2925 2253 2951 quemquam,

1299 2958 1322 2985 se
1352 2966 1444 2985 contra
1454 2958 1496 2984 ed.
1510 2956 1622 2984 metm-ii
1633 2957 1660 2982 Sc
1671 2964 1743 2981 omn.
1757 2953 1824 2979 Pall.

1335 2995 1362 3021 8.
1386 2998 1413 3020 In
1423 2995 1485 3020 nohis
1496 2999 1574 3020 autem
1581 2993 1635 3025 [osis
1644 2999 1672 3016 ne
1680 2991 1776 3022 intelligi
1784 2989 1876 3023 quielem
1883 2995 1909 3013 ut
1924 2995 2018 3020 propiet·
2029 3006 2037 3019 ,
2047 2987 2114 3022 ἅγια]
2134 2987 2178 3014 Sic
2187 2996 2221 3023 qu
2228 2987 2254 3013 i-

1299 3030 1358 3058 dem
1372 3030 1457 3056 Aldus
1469 3029 1564 3055 senior.
1584 3025 1740 3052 seddubites
1761 3031 1847 3050 tamen
1863 3023 1895 3049 de
1910 3023 2067 3050 sinceritate.
2087 3022 2171 3049 edidit
2181 3023 2251 3050 enim

1299 3066 1385 3103 postea
1394 3065 1529 3092 Viftorius
1540 3082 1548 3094 ‚
1568 3065 1593 3088 in
1603 3062 1708 3094 nobismet
1716 3061 1769 3093 ipsis
1780 3068 1857 3085 autem
1866 3061 1962 3093 intelligi
1970 3061 2060 3093 quitiam
2067 3066 2160 3092 propter
2173 3077 2182 3091 ‚
2200 3059 2254 3085 fine

1299 3103 1348 3129 illo
1357 3111 1385 3128 ne
1394 3102 1423 3132 εγ
1434 3107 1461 3126 ut
1473 3119 1481 3131 ,
1501 3097 1571 3134 quod
1584 3105 1667 3131 neque
1677 3097 1702 3122 in
1715 3097 1770 3122 ullo
1782 3096 1847 3122 l’all.
1868 3104 1980 3130 quorum
1991 3102 2100 3132 quartus
2111 3094 2209 3126 habet,
2227 3103 2259 3120 m·

1297 3138 1403 3172 nolufinflt
1415 3142 1492 3162 autem
1500 3135 1552 3168 ipsss
1563 3134 1658 3166 intelligi
1671 3133 1849 3167 quodpropter,
1858 3132 1910 3164 glyc,
2235 3147 2237 3149 ,

2148 3175 2173 3196 ι.
2182 3167 2258 3200 Atque

2239 615 2322 650 io⁵

2264 2266 2300 2290 11

2351 3309 2379 3325 si
