2297 3389
637 133 948 179 ORATxo
1004 146 1142 181 PRO
1198 133 1250 180 L.
1297 134 1611 186 FLACCO.

140 217 379 262 proscriptiones
399 225 471 249 cum
484 214 674 248 mulierculis
684 235 693 250 ,
713 223 808 256 aperta
819 216 1109 256 circumscriptione,

140 261 250 293 fecisti.
277 265 287 281 ¹
303 267 380 290 tutor
399 261 447 290 his
460 258 549 288 rebus
566 260 741 289 Graecorum
764 257 881 299 legibus
897 258 1110 290 adscribendus

140 302 211 334 fuit.
234 303 491 335 Ptolemocratem
500 298 636 340 scripsisti
645 319 654 334 ‚
671 302 893 331 mercenarium
904 320 914 333 ,
930 300 963 330 &
973 299 1108 331 admini-

141 344 239 376 strum
258 342 457 374 consiliorum
476 351 607 373 tuorum.
630 341 776 373 adduaus
792 341 835 374 est
845 344 878 372 in
884 341 1038 381 judicium
1050 344 1108 372 Po-

141 387 320 417 lemocrates
334 388 349 405 ²
361 384 397 415 de
408 384 483 415 dolo
494 384 577 415 malo
587 404 596 418 ‚
616 384 649 414 &
658 384 695 415 de
706 383 809 415 fraude
819 405 829 419 ,
850 382 866 415 a
875 385 979 414 Dione
989 403 998 417 ‚
1016 384 1106 423 hujus

143 427 234 469 ipsius
249 426 350 457 tutelae
365 428 504 457 nomine.
528 428 591 468 Qi
603 427 763 457 concursus
777 436 817 457 ex
829 424 950 467 oppidis
963 423 1107 456 finitimis

144 469 304 509 undique?
323 469 377 509 qui
395 468 484 498 dolor
503 470 697 499 animorum?
719 478 785 510 quae
805 467 925 509 querela
943 472 953 499 ?
986 467 1107 498 Conde-

142 519 261 541 mnatus
273 508 316 540 est
325 510 544 541 Polemocrates
556 510 713 542 sententiis
724 511 872 541 omnibus
887 520 892 539 :
905 512 917 537 3
930 511 1019 539 irritae
1030 519 1106 539 ven—

142 552 275 583 ditiones
287 562 292 580 :
307 553 398 583 irritae
408 553 653 593 proscriptiones.
676 556 693 581 4
704 555 779 584 Non
790 551 935 583 restituis.
959 550 1057 582 defers
1067 551 1104 582 ad

140 596 339 634 Pergamenos
359 614 368 628 ,
392 602 426 624 ut
445 595 491 624 illi
509 596 676 635 reciperent
694 598 728 625 in
745 595 808 625 suas
828 596 941 624 litteras
959 593 1104 633 publicas,

139 635 291 677 praeclaras
299 636 532 676 proscriptiones
543 657 551 671 ,
568 637 601 667 ὃς
610 639 762 668 emtiones
772 645 846 667 tuas.
869 635 1028 675 repudiant
1038 653 1046 668 ‚
1059 644 1105 664 re—

137 678 260 719 jiciunt.
283 681 324 708 At
338 679 390 719 qui
406 680 567 709 homines?
587 680 782 722 Pergameni,
802 677 970 707 laudatores
983 678 1037 706 tui.
1061 678 1106 706 Ita

140 720 227 750 enim
246 720 325 749 mihi
346 720 467 762 gloriari
489 720 571 751 visus
592 730 623 751 es
645 720 816 751 laudatione
834 721 1102 759 Pergamenorum,

139 759 221 802 quali
237 764 250 788 5
260 762 386 791 honorem
398 763 539 801 majorum
551 772 673 794 tuorum
686 758 919 798 affecutusefles
932 770 937 788 ;
953 759 986 790 &
1001 760 1059 789 hoc
1073 768 1102 790 te

109 804 116 807 ‘⁷
137 803 323 843 superiorem
340 805 462 845 putabas
480 803 557 838 esse,
576 804 668 845 quam
680 803 811 833 Laelium
822 822 830 836 ‚
853 799 938 842 qubd
955 810 982 831 te
998 802 1102 832 civitas

80 895 116 930 31

73 1649 114 1685 32

138 848 319 886 Pergamena
336 847 474 877 laudaret.
499 849 589 876 Num
603 844 761 875 honestior
772 843 816 874 est
827 844 932 874 civitas
945 845 1102 884 Pergame-

139 897 177 918 na
186 907 194 921 ‚
207 886 299 928 quarn
309 891 464 928 Smyrnae?
478 890 518 917 At
529 898 567 917 ne
576 885 629 927 ipsi
638 886 763 928 quidem
774 885 887 916 dicunt.
902 885 1024 915 Vellem
1036 894 1101 915 tan-

138 937 206 960 tum
216 929 322 959 habere
332 932 387 960 otii
397 949 406 963 ‚
423 927 578 969 utpofl'em
589 930 710 959 recitare
726 926 741 948 ⁶
751 928 919 969 psephisma
928 930 1101 967 Smyrnaeo-

138 981 207 1002 rum
218 991 227 1005 ,
248 970 330 1011 quod
342 970 479 1001 fecerunt
488 972 522 1000 in
535 969 711 1001 Castricium
722 979 879 1000 mortuum
893 980 898 998 ;
915 967 1051 1010 primum
1066 979 1099 999 ut

137 1015 172 1043 in
181 1013 328 1053 oppidum
338 1011 555 1043 introferretur:
564 1012 647 1054 quod
657 1013 724 1043 aliis
733 1021 796 1042 non
806 1011 983 1042 conceditur
993 1022 999 1040 ;
1009 1011 1099 1041 dein·

137 1055 186 1088 de,
199 1063 231 1084 ut
238 1052 351 1085 ferrent
358 1054 467 1094 ephebi
478 1065 483 1084 :
494 1053 649 1094 postremo
660 1063 692 1084 ut
700 1056 909 1094 imponeretur
917 1062 1004 1084 aurea
1012 1063 1101 1084 coro-

135 1105 176 1127 na
191 1105 326 1126 mortuo.
350 1098 423 1127 Haec
442 1099 474 1126 P.
485 1097 630 1138 Scipioni,
649 1095 809 1127 clai-iffimo
827 1097 894 1126 viro
908 1115 916 1129 ‚
936 1093 1009 1126 curn
1026 1093 1099 1125 effet

135 1140 272 1179 Pergami
288 1147 447 1172 mortuus,
467 1137 543 1169 fasta
561 1149 627 1168 non
646 1139 724 1169 sunt.
748 1140 788 1169 At
799 1136 975 1168 Castricium
988 1137 1100 1178 quibus

133 1180 253 1213 verbis,
274 1179 318 1210 dii
338 1181 544 1211 immortales!
564 1180 644 1210 decm-
657 1181 774 1222 parriae,
793 1186 987 1210 ornamentum
1002 1179 1101 1221 polouli

135 1224 209 1252 Rom
226 1221 330 1260 florem
340 1223 498 1259 juventutis
510 1223 677 1263 appellant!
699 1225 796 1265 Qare
808 1241 817 1256 ,
836 1223 971 1252 Deciane
982 1242 991 1255 ,
1013 1220 1034 1251 sl
1047 1231 1101 1251 cu—

133 1264 223 1305 pidus
233 1274 263 1295 es
272 1264 375 1305 gloriae
386 1284 395 1298 ‚
408 1265 464 1294 alia
474 1274 650 1295 ornamenta
657 1265 767 1295 censeo
778 1284 787 1298 ,
802 1273 924 1305 quaeras.
944 1266 1101 1303 Pergame—

134 1307 170 1336 ni
181 1315 209 1336 te
219 1306 395 1337 deriserunt.
418 1306 522 1348 Qid?
542 1315 572 1337 tu
587 1307 651 1337 ludi
669 1315 697 1337 te
716 1316 782 1336 non
798 1306 1007 1346 intelligeba5‚
1028 1315 1099 1335 curn

134 1347 192 1378 tibi
204 1350 266 1379 haec
275 1348 455 1382 recitabant,
477 1348 666 1387 Ct'arzffimum
675 1348 790 1382 virum,
809 1345 1047 1388 praestantiffima
1057 1347 1099 1377 sa-

131 1391 264 1430 pientia,
288 1389 428 1429 singulari
448 1391 573 1431 ingenio
593 1401 599 1419 :
623 1391 702 1420 mihi
721 1389 828 1423 crede,
849 1388 1001 1419 ludebant.
1025 1388 1099 1419 cum

134 1431 209 1462 verb
227 1441 373 1462 coronam
391 1440 510 1462 auream
528 1432 637 1462 litteris
655 1431 874 1471 imponebant:
903 1441 933 1461 re
949 1440 1019 1461 vera
1035 1440 1099 1460 non

130 1474 200 1513 plus
210 1483 317 1504 aurum
329 1473 384 1503 tibi
394 1493 403 1507 ‚
424 1472 515 1514 quam
528 1473 702 1504 monedulae
712 1472 955 1504 committebant.
979 1475 1025 1502 Ne
1036 1479 1100 1502 tum

133 1515 248 1556 quidem
260 1516 427 1546 hominum
441 1515 627 1546 venustatem
640 1536 650 1550 ,
671 1516 704 1546 &
722 1515 844 1546 facetias
861 1515 1024 1556 perspicere
1042 1524 1101 1555 po-

133 1556 240 1587 tuisti?
261 1555 314 1588 Isti
331 1558 441 1598 igitur,
462 1556 510 1588 isti
522 1559 695 1600 Pergameni
709 1557 936 1599 perscriptiones
948 1576 958 1590 ‚
976 1567 1050 1598 quas
1064 1565 1098 1587 tu

133 1595 296 1633 afferebas,
318 1599 561 1639 repudiaverunt.
591 1600 766 1633 Rei-hius,
789 1601 886 1630 homo
906 1599 939 1629 &
955 1599 1099 1639 prudenS‚

134 1640 336 1675 &innocens,
347 1650 452 1673 contra
460 1650 490 1672 te
499 1643 605 1673 omnia
613 1641 754 1673 decrevit.
772 1646 787 1671 7
799 1641 816 1656 ¹⁸
827 1644 863 1672 In
874 1641 1095 1674 P.Globulum‚

131 1692 240 1713 meum
251 1681 460 1718 neceffarium‚
474 1683 558 1715 fuisti
567 1682 729 1726 gratiofior.
749 1686 879 1715 Utinam
890 1692 988 1724 neque
999 1683 1098 1723 ipsum

131 1728 230 1766 neque
248 1734 299 1755 me
316 1727 485 1765 poeniteret.
509 1727 649 1757 Flaccum
659 1728 692 1756 in
706 1727 787 1757 curia
800 1724 1010 1756 decrevifl'ent.
1036 1727 1098 1754 Ve-

132 1766 242 1797 ridicas
250 1767 389 1810 adjungis
398 1769 496 1809 causas
506 1768 747 1803 inimicitiarum,
767 1767 850 1809 quod
863 1769 937 1808 patri
947 1768 1095 1801 L-Flacci‚

133 1807 215 1838 aedili
223 1809 319 1839 curuli
331 1830 340 1842 ,
359 1818 440 1850 pater
449 1820 519 1841 tuus
529 1830 537 1845 ,
555 1810 694 1842 tribunus
704 1809 801 1851 plebis
811 1809 895 1840 diem
905 1809 1026 1839 dixerit.
1057 1811 1098 1839 At

133 1849 215 1880 istud
225 1870 235 1883 ‚
255 1860 294 1880 ne
307 1848 360 1891 ipsi
373 1852 498 1892 quidem
507 1854 583 1893 patri
593 1853 690 1884 Flacci
700 1852 788 1882 valde
799 1850 965 1882 molestum
977 1849 1035 1881 esse
1044 1850 1098 1881 de-

131 1891 215 1922 buit:
229 1892 392 1931 praesertim
404 1892 477 1924 curn
487 1894 539 1924 ille
551 1914 560 1928 ‚
575 1896 624 1925 cui
634 1894 697 1924 dies
707 1893 788 1925 diista
796 1893 840 1924 est
851 1913 860 1928 ,
875 1901 984 1934 praetor
991 1891 1094 1933 postea

132 1932 230 1963 fanus
248 1931 300 1967 lit,
321 1934 487 1965 &consult
504 1936 578 1969 ille,
596 1937 650 1976 qui
667 1936 751 1966 diem
770 1935 849 1966 dixit
860 1955 869 1969 ,
891 1945 956 1965 non
966 1936 1097 1975 potuerit

135 1976 270 2015 privatus
279 1976 313 2005 in
322 1977 441 2006 civitate
450 1975 619 2007 consistere.
642 1977 711 2010 Sed,
724 1976 745 2006 fi
751 1978 762 2016 j
769 1977 843 2007 ustas
853 1978 1032 2007 inimicitias
1040 1985 1098 2016 pu·

139 2016 220 2047 tabas
231 2036 240 2050 ,
258 2026 328 2050 cur,
350 2016 423 2047 cum
442 2018 581 2048 tribunus
597 2019 736 2048 militum
746 2019 866 2048 Flaccus
879 2016 969 2051 efl'et,
989 2019 1023 2047 in
1032 2018 1097 2057 ejus

132 2058 255 2100 legione
265 2058 354 2089 miles
365 2058 468 2094 fuisti,
488 2069 559 2090 cum
577 2059 633 2090 tibi
651 2069 702 2100 per
719 2059 789 2100 leges
805 2059 951 2089 militareu
968 2057 1097 2100 effugere

131 2099 237 2130 liceret
256 2101 448 2141 iniquitatem
460 2101 598 2133 tribuni.>
619 2104 680 2132 Cur
689 2111 789 2135 autem
800 2110 908 2142 praetor
918 2109 946 2131 te
957 2120 966 2134 ,
987 2101 1096 2130 inimi-

130 2150 203 2172 cum
218 2150 375 2181 paternum
393 2144 427 2173 in
445 2141 604 2183 confilium
619 2145 758 2174 vocavit?
776 2154 842 2185 quae
860 2143 985 2184 quidem
1003 2141 1096 2183 quam

134 2182 235 2214 sancte
246 2183 332 2214 solita
342 2182 399 2214 sint
407 2184 577 2219 observari,
591 2186 669 2216 scitis
678 2195 797 2216 omnes.
822 2188 855 2215 N
857 2195 916 2215 unc
925 2185 1097 2215 accusantur

129 2223 168 2255 ab
184 2226 222 2255 iis
232 2244 241 2259 ‚
262 2227 315 2266 qui
332 2227 367 2255 in
386 2224 513 2256 consilio
532 2227 623 2257 nobis
640 2226 773 2258 fuerunt.
797 2229 942 2258 Decrevit
956 2227 1093 2257 Flaccus.

130 2268 219 2297 Num
236 2266 317 2297 aliud
328 2286 337 2301 ‚
357 2276 444 2309 atque
461 2270 617 2308 oportuit?
638 2271 675 2299 In
689 2268 811 2300 liberos.
834 2271 921 2299 Num
935 2270 1039 2301 aliter,
1062 2277 1095 2297 ac

129 2308 246 2339 censuit
256 2309 394 2340 senatus?
417 2312 454 2340 In
464 2311 616 2340 absentem
628 2310 769 2341 decrevit.
793 2310 873 2341 Cum
882 2310 1000 2341 ibidem
1008 2308 1092 2342 effes,

130 2348 203 2380 cum
215 2350 336 2390 prodire
348 2351 458 2382 nolles.
481 2362 548 2383 non
563 2351 607 2383 est
619 2353 678 2383 hoc
690 2354 724 2382 in
737 2353 892 2383 absentem
907 2362 1005 2383 reum.
1035 2355 1092 2383 Se-

130 2400 449 2424 NArusconsutxroM
473 2404 516 2424 ET
538 2404 725 2426 DECRETUM
746 2397 887 2425 FLAcct.
929 2394 1012 2434 Qid
1032 2414 1041 2428 ‚
1070 2393 1091 2425 fi

129 2442 195 2465 non
209 2433 402 2471 decrevisset,
422 2435 470 2467 sed
484 2434 645 2470 edixisset?
663 2439 730 2479 quis
743 2435 840 2479 poffet
850 2434 920 2468 vere
929 2437 1090 2478 reprehen-

166 2567 176 2586 1
185 2581 191 2586 .
209 2560 280 2585 'r'ntor
289 2561 323 2587 his
333 2562 412 2593 rebus,
424 2563 552 2588 Graecorum
561 2564 664 2588 moribus·
673 2582 681 2593 ‚
691 2563 759 2596 dra]
771 2562 919 2591 Lambinus
931 2564 1019 2590 omisit
1031 2583 1039 2596 ‚
1051 2574 1090 2591 re-

125 2597 183 2628 hm,
193 2594 236 2622 sed
247 2604 341 2632 praeter
351 2596 409 2624 mss'.
418 2597 533 2630 nostros,
546 2599 573 2624 ὃ(
585 2599 716 2625 rationem
727 2608 735 2628 3
747 2597 850 2625 secutus
860 2598 917 2626 scil.
928 2601 1072 2627 Fa'e'rnum.

168 2641 197 2658 2.
217 2635 249 2657 De
258 2634 305 2658 dolo
314 2635 373 2658 malo
384 2652 392 2665 ,
403 2634 518 2668 defi‘aude
528 2634 543 2660 ἃ
554 2637 625 2660 Dione
634 2636 706 2669 hujus
716 2653 724 2666 ‚
733 2635 800 2669 ἀι]
814 2635 856 2661 sic
865 2636 939 2671 prius
949 2636 1000 2663 cufi
1012 2646 1021 2668 3
1033 2645 1091 2673 quae

127 2666 255 2705 scriptura
265 2669 291 2695 in
302 2668 433 2705 plerisque
443 2668 500 2696 mff.
512 2670 619 2697 nostris.
638 2670 727 2697 solum
739 2671 795 2697 Pal.
806 2680 851 2707 pr.
873 2672 899 2697 de
906 2673 993 2705 frande
1006 2673 1039 2699 ad
1046 2676 1090 2707 ᾖ)-

127 2712 199 2736 ¹run,-
217 2706 288 2738 hujus
296 2705 347 2735 &a
368 2713 395 2731 at
406 2706 493 2733 Henr.
503 2706 650 2742 Stephanus
661 2707 736 2733 nobis
747 2711 761 2733 e
773 2707 842 2733 libro
855 2706 901 2734 suo
911 2707 997 2735 nescio
1015 2719 1069 2745 quo
1082 2729 1088 2742 ,

128 2739 259 2776 produxit
270 2760 278 2773 ,
292 2741 476 2776 defraudation-
486 2761 495 2774 ‚
512 2744 593 2776 hujus.
613 2752 693 2779 quam
703 2742 848 2770 leffionem
862 2744 940 2770 video
948 2745 1051 2772 exstare
1061 2746 1087 2773 in

129 2776 248 2803 editione
260 2776 324 2804 Aldi
335 2778 461 2814 Nepotis.
486 2788 631 2815 numquam
649 2779 731 2806 ausim
749 2779 833 2816 sequi.
861 2779 999 2808 habuerim
1016 2783 1087 2809 enim

126 2815 223 2840 Dionem
232 2823 280 2849 pro
289 2812 438 2840 accusatore
448 2814 652 2842 Polemocratis.

167 2857 180 2884 3
188 2869 194 2875 .
212 2852 290 2876 Irrita
307 2851 453 2876 venditiones
464 2869 472 2881 ‚
491 2854 566 2877 irritae
578 2853 783 2887 prffcripriones]
805 2853 919 2888 Aliquot
929 2852 988 2880 mff.
1007 2855 1090 2881 nostri

129 2892 242 2927 numero
260 2886 409 2922 lingulati,
429 2888 572 2914 venditionis
583 2906 592 2921 ‚
609 2891 685 2916 lraehae
697 2890 898 2924 prescriptionis3
919 2890 970 2917 (ive
985 2892 1090 2926 perscri-

125 2926 223 2953 priamo·-

133 2991 140 2996 .
166 2963 195 3000 4.
214 2961 275 3019 'an
282 2958 409 2994 restituis]
422 2959 544 2989 Melioris
557 2967 626 2988 notae
637 2960 695 2989 mss‘.
706 2964 770 2989 Num
779 2963 879 2996 restituis
890 2967 900 2990 ,1
911 2962 995 2990 nihilo
1004 2962 1088 3000 pejus.

130 2999 188 3019 imo
201 3002 242 3019 me
254 3003 308 3021 ius.

149 3037 195 3088 ἃς.
214 3032 324 3057 Honorem
332 3032 446 3067 majorum
455 3039 548 3059 tuorum
565 3034 682 3070 affectum
701 3035 782 3070 effes]
813 3036 893 3070 Nifiri
905 3036 1003 3070 ficum:
1021 3036 1088 3063 item

132 3072 147 3090 e
169 3072 200 3090 it.
212 3072 266 3092 vet.

165 3101 184 3126 6
189 3120 194 3126 .
205 3101 337 3134 Psephifina
344 3107 506 3138 Snyrnaeorum
515 3106 712 3142 quodfeeerunn]
725 3107 806 3135 Haud
815 3108 895 3135 aliter
906 3107 975 3136 Pan.
986 3109 1013 3136 δι
1025 3108 1087 3136 edd.

129 3143 197 3162 vett.
209 3135 344 3172 sequentes
352 3141 512 3175 Psephtsmata
520 3146 611 3177 Sngyrn.
621 3145 740 3178 quaefecit.

160 3181 188 3207 7.
208 3174 222 3189 ⁸*
233 3176 262 3202 ln
272 3177 303 3203 P.
314 3177 434 3204 Globulum
445 3196 454 3212 ,
464 3178 530 3215 &ej
551 3178 679 3217 insignivi
688 3180 778 3210 locum
788 3180 908 3214 asterisco
919 3199 928 3216 2
938 3181 1003 3213 alios
1014 3180 1087 3211 secu-

2025 158 2121 208 431

1163 213 1252 262 dere?
1274 216 1361 247 Num
1378 218 1468 249 etiam
1485 218 1581 251 fratris
1594 219 1657 252 mei
1670 219 1799 256 litteras,
1818 220 2001 262 plenissimas
2012 223 2122 255 huma-

1160 265 1261 307 nitatis
1270 276 1280 292 ‚
1299 258 1333 289 δε
1342 262 1488 300 aequitatis
1498 281 1507 295 ,
1528 264 1757 304 reprehensurus
1768 269 1819 296 es?
1837 274 1908 306 quas
1917 265 2036 295 easdem
2048 275 2119 297 mu-

1158 297 1225 328 lieri
1234 309 1250 328 a
1263 308 1313 346 nie
1323 300 1403 332 datas
1412 322 1421 336 ‚
1442 304 1519 343 apud
1529 308 1684 336 Pataranos
1696 304 1857 347 requisivit.
1881 308 1986 337 Recita
2003 307 2118 338 litteras

1158 341 1217 398 312.
1239 342 1403 389 Ciceronis.
1443 355 1604 377 nir-rann:
1631 356 1665 388 Q
1683 357 1872 378 emenonis.
1908 348 1991 389 Qud
2013 350 2024 376 ἓ
2053 349 2117 380 liaec

1183 382 1451 420 Apollonidienses
1463 407 1471 420 ‚
1493 387 1647 419 occasione
1662 388 1739 420 fabia
1753 409 1763 425 ,
1785 390 1821 421 ad
1840 390 1979 420 Flaccum
1998 389 2117 421 detulen

1158 427 1241 452 runt?
1251 424 1327 463 apud
1338 426 1466 458 Orbium
1476 429 1538 459 acilo,
1549 441 1612 461 non
1622 432 1708 463 sunt?
1718 431 1754 462 ad
1763 432 1933 462 Globulum
1944 432 2038 463 delata
2048 442 2114 463 non

1154 463 1243 494 sunt?
1264 465 1311 511 Ad
1328 467 1465 512 senatum
1484 471 1620 502 nostrum
1634 494 1642 506 ‚
1665 483 1716 503 me
1735 475 1858 504 consule
1874 494 1882 507 ‚
1903 484 2007 504 nonne
2027 475 2114 516 legati

1153 505 1421 545 Apollonidienses
1431 514 1537 543 omnia
1545 513 1690 553 postulata
1702 515 1738 545 de
1753 517 1874 554 injuriis
1885 518 1975 546 unius
1986 518 2114 547 Deciani

1153 546 1348 598 detuleruntx?
1369 550 1507 596 9Adhaec
1525 555 1635 593 praedia
1651 560 1743 586 etiam
1762 559 1793 587 in
1813 558 1903 588 censu
1921 557 2110 589 dedicavisti.

1153 590 1247 639 Mixtto
1257 609 1264 623 2
1281 590 1363 637 quod
1374 591 1486 624 aliena:
1503 597 1593 626 mitto
1603 616 1610 629 ‚
1625 597 1705 637 quod.
1716 598 1839 638 poss'essa
1847 608 1894 640 per
1904 600 1968 629 vim
1977 611 1987 627 .·
2007 602 2110 634 mim),

1151 630 1235 671 quod
1253 631 1393 679 convidlxi
1407 634 1443 664 ab
1453 636 1752 675 Apollonidiensibus
1765 651 1770 669 :
1792 643 1882 671 mitto
1894 661 1902 675 ‚
1922 641 2004 683 quod
2016 642 2032 672 ὲ
2043 645 2112 673 Per»

1149 682 1285 721 gamenis
1295 675 1463 721 repudiata:
1487 678 1578 708 mitto
1590 681 1680 710 etiam
1693 700 1701 714 ‚
1722 681 1804 721 quod
1815 683 1829 712 a
1840 683 1950 714 nostris
1961 684 2113 726 magistra-

1151 714 1232 761 tibus
1250 725 1283 745 in
1300 726 1453 758 integrum
1464 718 1614 750 restituta:
1634 726 1725 751 mitto
1736 742 1745 756 ‚
1764 723 1846 763 quod
1858 726 1944 755 nullo
1955 727 2017 764 jure
2028 746 2037 759 ‚
2058 736 2114 756 ne-

1147 766 1205 803 que
1216 766 1249 787 in
1259 767 1309 805 re?
1328 768 1426 800 neque
1436 763 1469 790 in
1480 759 1659 801 pofl'efiione
1669 783 1678 797 2
1702 772 1760 793 tua.
1782 765 1861 795 illud
1873 762 1973 806 quaero
1983 788 1991 801 ,
2013 767 2111 798 sintne

1148 797 1202 829 ista
1212 799 1323 838 praedia
1331 801 1423 840 censui
1432 804 1557 843 censendo
1567 814 1578 832 .·
1597 805 1724 836 habeant
1733 806 1779 846 jus
1790 808 1895 836 civile:
1916 808 1972 838 sint
1984 830 1992 841 ,
2013 819 2112 841 necne

1147 837 1223 874 fiat,
1243 844 1396 883 mancipi:
1416 844 1576 886 subsignari
1592 846 1670 887 apud
1684 850 1821 877 aerarium
1834 867 1841 881 ‚
1861 850 1937 887 apud
1949 852 2107 882 censorem

1146 881 1276 930 po'ffinlt:
1293 886 1328 927 in
1341 894 1400 926 qua
1410 886 1496 917 tribu
1512 887 1643 930 denique
1655 888 1707 919 ista
1717 889 1823 929 praedia
1833 890 1992 921 censuisti?
2012 895 2090 922 Com
2098 911 2110 916 -

1147 923 1251 955 misisti
1262 945 1271 959 ‚
1292 927 1313 955 11
1323 934 1444 968 ternpus
1454 929 1575 970 aliquod
1588 933 1705 972 gravius
1717 929 1887 965 accidisset,
1910 942 1942 962 ut
1951 942 1990 962 ex
2000 934 2110 964 iisdem

1143 966 1263 1006 praediis
1283 968 1317 998 &
1335 970 1521 1009 Apollonide
1533 992 1542 1006 ‚
1561 973 1595 1003 ὃς
1614 976 1724 1004 Roman
1736 974 1918 1013 imperatum
1930 973 2109 1005 ess'ettribu-

1145 1017 1221 1039 tum·
1245 1012 1360 1041 Verum
1380 1011 1450 1042 esto.
1470 1012 1609 1054 gloriosus
1628 1014 1722 1046 fuisti.
1745 1014 1869 1046 voluisti
1887 1025 2031 1058 magnum
2050 1019 2110 1059 agri

1146 1050 1276 1081 modum
1295 1053 1426 1088 censeri,
1446 1055 1480 1086 &
1499 1058 1564 1097 ejus
1581 1059 1640 1099 agri
1652 1077 1660 1091 2
1683 1058 1736 1098 qui
1756 1057 1852 1087 dividi
1869 1058 1952 1098 plebi
1962 1060 2112 1089 Roma-me

1145 1102 1210 1140 non
1219 1093 1326 1133 potest.
1350 1097 1464 1127 Census
1481 1108 1511 1128 es
1522 1108 1659 1139 praeterea
1669 1108 1832 1130 numeratae
1840 1101 1974 1139 pecuniae
1985 1109 2111 1130 centum

1146 1137 1267 1177 triginta
1276 1146 1330 1167 ihs
1340 1138 1449 1169 millia.
1463 1142 1495 1159 ¹0
1503 1144 1578 1172 Eam
1589 1143 1700 1181 opinor
1712 1142 1769 1171 tibi
1779 1150 1967 1172 numeratam
1977 1151 2042 1171 non
2053 1140 2114 1172 elle

1144 1176 1243 1207 abste.
1267 1178 1323 1209 Sed
1335 1180 1396 1210 haec
1404 1182 1526 1214 omitto.
1550 1183 1662 1214 Census
1673 1193 1703 1214 es
1714 1185 1863 1224 mancipia
1873 1187 2024 1224 Amyntae.
2048 1193 2104 1214 ne—

1144 1228 1202 1259 que
1220 1220 1293 1251 huic
1310 1222 1404 1252 ullam
1425 1226 1457 1255 in
1475 1234 1512 1256 eo
1527 1224 1624 1256 fecisti
1644 1227 1800 1266 injuriam.
1827 1224 1956 1266 poffidet
1972 1227 2058 1256 enim
2077 1235 2112 1256 ea

1146 1263 1297 1308 mancipia
1307 1266 1462 1304 Amyntas.
1486 1277 1520 1298 ac
1537 1266 1641 1308 primo
1661 1267 1786 1308 quidem
1802 1269 1977 1308 pertimuit,
1997 1266 2070 1297 cum
2081 1276 2111 1298 te

1143 1302 1269 1333 audiflet
1278 1304 1378 1336 servos
1387 1307 1456 1338 suos
1467 1307 1525 1340 effe
1536 1310 1670 1340 censum.
1693 1309 1812 1340 Retulit
1822 1309 1858 1340 ad
1869 1309 2110 1349 jurisconsultos.

1143 1344 1304 1376 Constabat
1318 1349 1398 1378 inter
1415 1360 1524 1381 omnes
1535 1372 1544 1385 ,
1564 1350 1585 1381 fi
1596 1353 1693 1382 aliena
1701 1351 1854 1382 censendo
1865 1372 1873 1386 ,
1893 1353 2046 1382 Decianus
2059 1351 2110 1382 sua

1141 1385 1236 1434 facere
1245 1387 1341 1428 postet
1350 1409 1360 1423 ‚
1380 1393 1389 1409 ¹
1397 1394 1406 1410 ¹
1417 1402 1490 1424 eum
1509 1391 1525 1407 '¹¹‘
1535 1392 1552 1408 ³¹¹
1563 1392 1747 1433 [maximam
1757 1393 1930 1424 habitururn
1942 1391 2000 1423 effe
2014 1392 2108 1423 fami-

1141 1429 1225 1459 liam.
1247 1431 1440 1471 Responsum
1450 1434 1494 1465 est
1504 1455 1513 1469 ‚
1533 1436 1597 1476 ejus
1614 1434 1690 1466 faEta
1703 1445 1767 1466 non
1776 1435 1882 1466 videri.
1905 1437 1993 1466 Idem
2002 1435 2105 1465 visum

1143 1470 1186 1501 est
1197 1471 1298 1519 postea
1307 1473 1413 1504 Flacco
1422 1495 1430 1509 ,
1444 1476 1519 1507 curn
1527 1487 1592 1508 rem
1601 1478 1794 1519 cognosceret
1805 1488 1811 1506 :
1832 1479 1931 1518 itaque
1944 1476 2104 1518 decrevit]

1144 1514 1269 1560 Habetis
1278 1515 1393 1546 causam
1408 1519 1651 1553 inimicitiarum,
1662 1530 1722 1560 qua
1731 1519 1815 1550 causa
1824 1518 2031 1550 inflammatus
2041 1521 2104 1549 De—

1143 1564 1247 1585 cianus
1272 1556 1307 1586 ad
1323 1559 1454 1590 Laelium
1471 1560 1613 1592 detulerit
1626 1562 1702 1591 hanc
1718 1562 1854 1602 opimam
1872 1561 2103 1592 accusationem.

1143 1599 1226 1627 Nam
1235 1599 1276 1628 ita
1285 1599 1405 1640 questus
1415 1601 1458 1632 est
1468 1603 1579 1633 Laelius
1589 1623 1598 1637 ‚
1620 1602 1694 1633 cum
1705 1603 1742 1634 de
1751 1601 1875 1643 perfidia
1886 1604 2012 1634 Deciani
2022 1602 2105 1633 dice-

1145 1647 1189 1669 ret
1200 1649 1206 1669 :
1217 1642 1279 1678 Qui
1289 1643 1368 1672 mihi
1378 1643 1484 1675 audior
1492 1643 1551 1675 fuit
1560 1665 1569 1679 ‚
1581 1647 1634 1686 qui
1643 1645 1760 1675 causam
1770 1645 1805 1676 ad
1816 1655 1865 1676 me
1875 1645 1982 1676 detulit
1991 1665 2000 1678 ‚
2011 1654 2105 1686 quem

1142 1690 1198 1722 ego
1210 1682 1277 1730 sum
1287 1683 1403 1716 secutus
1416 1697 1421 1716 :
1440 1688 1466 1716 is
1477 1686 1493 1718 a
1503 1688 1609 1718 Flacco
1619 1696 1774 1728 corruptus
1782 1686 1826 1718 est
1836 1707 1845 1722 ‚
1865 1689 1891 1718 is
1902 1697 1952 1717 me
1960 1686 2105 1722 deseruit,

1140 1732 1172 1753 ac
1184 1723 1328 1763 prodidit.
1350 1729 1467 1760 Siccine
1476 1738 1508 1759 tu
1516 1729 1621 1760 auetor
1630 1729 1755 1760 tandem
1765 1739 1837 1760 eum
1848 1749 1857 1764 ‚
1878 1731 1928 1760 cui
1940 1738 1971 1760 tu
1985 1731 2018 1758 in
2029 1739 2106 1759 con-

1140 1763 1206 1813 fil'19
1220 1765 1322 1797 fuiffis
1331 1788 1341 1801 ι
1360 1770 1438 1810 apud
1469 1781 1541 1802 uem
1551 1772 1672 1802 omneis
1681 1772 1788 1814 gradus
1796 1772 1951 1813 dignitatis
1960 1779 2017 1801 tuae
2028 1772 2102 1801 reti·

1139 1805 1251 1839 nuisses
1266 1829 1276 1842 ‚
1305 1811 1432 1850 pudenti
1457 1823 1558 1844 imum
1580 1815 1741 1844 hominem
1753 1833 1761 1848 ,
1783 1812 1968 1844 nobiliffima
1987 1812 2106 1844 familia

1139 1858 1263 1884 natum,
1286 1853 1403 1892 optime
1422 1854 1458 1885 de
1475 1865 1535 1896 rep.
1550 1856 1696 1887 meritum
1711 1877 1719 1890 ‚
1741 1858 1773 1886 in
1783 1856 1946 1886 discrimen
1957 1857 2102 1885 omnium

1139 1890 1331 1923 fortunarum
1347 1896 1513 1928 vocavisti?
1534 1897 1590 1928 Sed
1601 1897 1764 1928 defendam
1777 1899 1950 1928 Decianum
1963 1907 1968 1926 :
1983 1898 2036 1937 qui
2046 1897 2103 1926 tibi

1141 1936 1175 1964 in
1185 1935 1388 1974 suspicionem
1409 1939 1482 1968 nullo
1490 1940 1542 1979 fico
1555 1938 1655 1968 deusto
1669 1943 1764 1970 venit.
1788 1942 1864 1969 Non
1873 1938 1916 1969 est
1926 1958 1935 1973 ,
1953 1939 2031 1968 mihi
2041 1948 2107 1968 crc—

1141 1975 1178 2006 de
1189 1996 1198 2010 2
1217 1986 1384 2017 corruptus.
1409 1981 1491 2022 Qid
1501 1983 1586 2011 enim
1594 1980 1671 2015 fuit,
1689 1981 1773 2021 quod
1788 1981 1825 2011 ab
1840 1991 1877 2011 eo
1891 1980 2104 2011 redimeretur?

1140 2025 1173 2047 ut
1191 2017 1312 2049 duceret
1327 2020 1478 2060 judicium
1497 2025 1509 2051 ?
1533 2024 1583 2052 cui
1602 2022 1654 2053 sex
1673 2024 1759 2053 horas
1781 2025 1914 2053 omnino
1931 2023 1982 2052 lex
2007 2021 2102 2052 dedit.

1141 2061 1298 2099 thum
1317 2062 1439 2092 tandem
1456 2073 1494 2094 ex
1515 2065 1561 2094 his
1579 2064 1662 2094 horis
1678 2063 1861 2099 detraheret,
1881 2063 1967 2094 sitibi
1978 2072 2101 2094 morem

1138 2111 1238 2142 gerere
1250 2102 1411 2136 voluiss'et?
1434 2107 1593 2136 Nimirum
1605 2107 1681 2137 illud
1691 2105 1734 2137 est
1744 2128 1753 2141 ,
1765 2107 1847 2148 quod
1858 2107 1919 2147 ipse
1928 2106 2099 2145 suspicatur.

1137 2142 1279 2173 Invidisti
1289 2146 1414 2186 ingenio
1426 2147 1631 2188 subscriptoris
1643 2150 1696 2179 tui.
1719 2148 1802 2189 quod
1816 2148 1939 2179 ornabat
1951 2147 2039 2178 facile
2051 2148 2100 2177 lo-

1135 2195 1208 2216 cum
1220 2205 1228 2219 ,
1243 2196 1335 2227 quem
1345 2189 1540 2228 prehenderat
1551 2210 1560 2223 ,
1574 2190 1607 2220 δε
1616 2191 1700 2221 acute
1711 2191 1809 2221 testeis
1821 2189 2036 2231 interrogabat,
2049 2197 2100 2220 aut

1136 2229 1409 2260 circumveniebat:
1430 2229 1551 2262 fortasse
1569 2230 1675 2263 fecisti.
1705 2233 1737 2262 δε
1756 2242 1787 2263 tu
1801 2254 1810 2267 ‚
1828 2232 1975 2272 &populi
1986 2232 2097 2265 sermo,

1138 2279 1177 2299 ne
1186 2272 1350 2311 exciperes.
1373 2272 1490 2303 Idcirco
1498 2275 1670 2304 Decianum
1688 2275 1781 2316 usque
1793 2275 1829 2305 ad
1845 2283 1990 2304 coronam
2001 2274 2099 2314 appli-

1136 2311 1234 2342 cuisti.
1257 2311 1314 2343 Sed
1325 2333 1334 2347 ,
1345 2322 1379 2344 ut
1388 2315 1448 2345 hoc
1456 2314 1619 2346 verisimile
1628 2316 1670 2346 est
1680 2337 1688 2350 ,
1702 2318 1740 2347 ita
1750 2317 1826 2347 haud
1837 2315 1998 2347 verisimile
2009 2337 2018 2349 ‚
2030 2318 2096 2345 De-

1134 2354 1281 2385 cianuma
1291 2356 1397 2386 Flacco
1407 2355 1464 2387 effe
1473 2367 1660 2397 corruptum.
1683 2361 1726 2389 Ita
1735 2359 1838 2389 scitote
1851 2379 1860 2392 ‚
1878 2358 1995 2398 judices
2007 2377 2016 2391 ,
2036 2355 2097 2387 effe

1135 2404 1246 2426 cetera:
1261 2397 1310 2426 vel
1320 2398 1403 2438 quod
1414 2401 1455 2429 ait
1465 2400 1594 2435 Lucejus
1605 2421 1613 2433 ,
1628 2403 1663 2431 L.
1677 2401 1817 2431 Flaccum
1828 2398 1882 2430 fibi
1892 2400 1958 2430 dare
1969 2397 2096 2439 cupisse,

1137 2447 1170 2469 ut
1184 2438 1200 2469 ὲ
1210 2438 1269 2478 fide
1279 2439 1310 2480 fle
1323 2439 1471 2472 abduceret
1482 2462 1492 2476 ‚
1510 2437 1677 2473 sestertium
1686 2444 1789 2474 vicies.
1813 2445 1849 2473 Et
1859 2452 1930 2472 eum
1941 2450 1973 2470 tu
1983 2441 2099 2470 accusis

1998 2492 2097 2513 avari-

1136 2571 1188 2591 tus.
1211 2566 1298 2593 Henr.
1311 2567 1455 2603 Stephanus
1477 2567 1545 2594 linea
1554 2567 1677 2603 sequenti
1696 2566 1819 2602 producit
1838 2565 1956 2601 quaed-„im
1968 2568 1982 2591 ὲ
1993 2563 2098 2595 πηίῖᾸὶ-κί

1135 2611 1165 2628 ea
1175 2601 1285 2637 pedibus
1297 2604 1380 2630 trahit
1392 2603 1547 2633 Lambinus3
1561 2613 1644 2639 neque
1656 2611 1743 2629 tamen
1756 2601 1887 2629 substituit
1898 2601 2018 2628 meliora.
2032 2601 2097 2628 Mss‘.

1135 2639 1215 2665 nostri
1235 2640 1337 2666 omneis
1358 2640 1416 2665 heic
1434 2639 1594 2666 mutilantur
1605 2641 1711 2674 integro
1723 2638 1790 2664 folio
1801 2647 1809 2669 5
1831 2638 1909 2665 eti-am
1929 2638 1975 2664 ille
1995 2637 2039 2674 qui
2059 2637 2097 2664 eli:

1135 2675 1162 2700 S.
1173 2674 1302 2702 Vigioris.
1321 2675 1415 2702 desunt
1426 2676 1479 2702 brec
1489 2676 1568 2702 etiam
1582 2675 1665 2701 tribus
1677 2674 1837 2701 editionibus
1850 2674 2011 2701 veterrimis.
2025 2681 2095 2700 tem-

1134 2720 1181 2746 pus
1200 2711 1310 2747 perdere
1323 2731 1331 2744 ,
1350 2711 1487 2739 laudandis
1507 2712 1619 2739 aliorum
1639 2710 1799 2746 conjecsturis
1813 2730 1821 2744 ‚
1840 2720 1893 2738 non
1907 2711 1999 2747 putavi
2010 2719 2098 2747 oper-ae

1136 2754 1262 2782 pretium.

1171 2782 1198 2809 8.
1217 2783 1423 2818 cApollonitlienfies
1432 2786 1543 2820 occasione
1553 2783 1655 2819 fassa]
1673 2782 1823 2811 Adnotavit
1841 2783 2004 2811 Gulielmius
2025 2782 2099 2811 sorte

1134 2819 1275 2854 legendum
1286 2822 1510 2854 tonruvyimefai‘la.

1162 2864 1196 2917 ἒ.
1216 2852 1409 2890 (Ἁίὴιερνιςιϊα
1420 2859 1490 2882 ctiam
1499 2860 1524 2883 in
1535 2857 1602 2891 cenfi1
1613 2857 1775 2892 dedicavisti]
1792 2856 1895 2892 Lipsius
1907 2855 1954 2882 lib.
1968 2865 2018 2882 111.
2028 2856 2094 2882 Var.

1132 2891 1172 2918 lec
1191 2902 1262 2929 .cap.
1277 2902 1300 2918 ι.
1319 2892 1444 2920 emendat
1462 2897 1486 2919 t'n
1497 2903 1606 2926 cenum,
1626 2893 1761 2930 quomodo
1780 2893 1885 2920 locutus
1905 2891 2092 2920 RAfrit-anus

1131 2928 1199 2965 apud
1212 2928 1362 2964 Agellium.
1667 2943 1669 2945 ·

1170 2974 1212 2992 10.
1231 2969 1293 2992 Eam
1302 2969 1379 2999 opinor
1397 2966 1441 2991 tibi
1455 2973 1605 2992 numeratam
1623 2976 1668 2993 non
1677 2966 1717 3000 effe
1727 2967 1769 2992 abs
1779 2965 1826 2999 m]
1848 2964 1951 3002 Lipsius
1962 2965 2049 2992 noster
2060 2964 2089 2991 d.

1129 3010 1186 3038 cap.
1201 3002 1379 3028 1.;u·bitrutur
1390 3001 1508 3037 superare
1519 3002 1568 3029 hoc
1578 3003 1638 3029 loco
1645 3012 1790 3039 pronomen
1801 3005 1846 3029 ribi
1856 3022 1864 3035 ‚
1876 3010 1904 3029 ut
1918 3002 1981 3028 velit
1991 3000 2087 3028 err-asse

1129 3038 1156 3064 in
1170 3037 1333 3064 numerando
1355 3038 1434 3064 male.
1445 3040 1487 3064 abs
1496 3045 1518 3064 re
1529 3059 1537 3070 ,
1547 3039 1583 3066 est
1595 3059 1603 3071 ,
1614 3038 1646 3067 de
1657 3046 1715 3065 tuo.

1170 3083 1179 3100 1
1188 3083 1211 3100 r.
1231 3077 1293 3100 Eum
1304 3076 1317 3090 ¹*
1329 3075 1342 3089 *
1359 3074 1504 3108 [maximam
1513 3075 1731 3110 habiturum‚&e.]
1745 3075 1811 3101 Haec
1820 3074 1894 3101 uncis
1905 3073 2089 3109 circumsepta,

1132 3110 1278 3136 Lambinus
1289 3110 1391 3136 invenit
1403 3111 1428 3136 in
1442 3111 1525 3137 veteri
1536 3111 1636 3139 codice.
1648 3111 1809 3138 editionibus
1819 3110 1877 3137 aliis
1888 3110 1987 3137 absunt:
2004 3118 2090 3145 neque

1132 3155 1178 3172 nos
1191 3146 1314 3171 habemus
1324 3155 1372 3181 pro
1381 3148 1526 3182 germanis.
1536 3149 1597 3174 cum
1610 3155 1698 3175 tamen
1709 3147 1840 3178 constaret
1848 3147 1937 3176 locum
1946 3145 2089 3174 defeetuo-

1131 3182 1200 3216 sum,
1210 3182 1309 3211 nemini
1322 3182 1355 3212 fic
1364 3192 1458 3213 nocere
1473 3183 1542 3221 posse
1550 3184 1719 3221 putabamus.
2069 3217 2094 3242 s,

2024 3225 2050 3244 1.
2085 3225 2094 3243 1

2128 1526 2167 1560 33
