2337 3400
154 1924 166 1942 J

162 101 256 165 938
586 91 653 138 M.
728 88 797 134 ⁴T
834 103 866 132 U
901 100 931 130 L
973 101 990 130 1
1030 101 1046 129 1

162 183 221 212 scio
231 200 239 213 ‚
260 176 341 218 quod
353 175 455 207 scribis
465 169 587 212 cupiisse
598 180 626 200 te
637 189 646 203 ,
666 170 811 211 quoniam
821 171 956 206 Smyrnae
967 165 1042 195 duos
1053 166 1124 204 My-

162 224 208 253 sos
227 217 361 250 insuiss'es
379 220 409 246 in
430 214 549 245 culeum
563 232 571 246 ,
592 211 689 241 simile
699 213 732 241 in
747 211 895 250 superiore
907 211 986 248 part'e
995 207 1122 247 provin-

162 266 214 295 cia:
235 261 306 290 edere
323 257 479 297 exemplum
490 255 652 286 severitatis
661 263 735 284 tuae:
758 252 912 283 &idcirco
924 250 1055 280 Zeuxim
1067 248 1123 278 eli-

162 313 227 335 cere
248 304 334 331 omni
354 308 467 330 ratione
485 294 629 327 voluiss'e:
650 305 741 336 quem
754 291 1121 332 adduswminjudicium

163 342 282 375 fortasse
301 343 415 372 dimitti
434 349 498 371 non
518 341 700 379 oportuerit:
730 337 869 378 conquiri
887 333 979 368 vero,
1002 333 1035 363 &
1054 332 1123 363 elici

162 385 318 417 blanditiis
329 388 372 422 'tut
384 393 413 414 tu
426 382 540 421 scribis)
554 380 763 420 adjudicium,
773 375 887 408 necesse
897 386 961 406 non
971 375 1041 409 fuit3
1053 384 1123 404 eum

162 428 324 470 praesertim
344 427 504 455 hominem
516 443 525 457 ,
548 433 637 464 quem
658 432 712 462 ego
726 421 758 451 &
768 431 806 451 ex
818 420 876 450 suis
886 419 1003 450 civibus
1014 438 1021 451 ‚
1044 416 1076 447 ὅτ.
1088 425 1125 446 ex

164 470 271 500 multis
289 469 355 498 aliis
375 467 512 508 quotidie
529 467 623 506 magis
633 465 783 506 cognosco
795 462 980 492 nobiliorem
992 458 1047 489 ess'e
1058 469 1129 499 pro-

163 512 204 553 pe.
216 532 224 545 ,
242 511 332 551 quam
344 511 499 540 civitatem
513 507 592 537 suam
610 530 613 535 .
632 510 672 537 At
682 508 765 536 enim
778 506 888 535 Graecis
898 502 1128 542 solisinduigeo.

166 553 271 595 Qid?
300 555 335 582 L.
350 552 509 581 Caecilium
530 559 631 579 nonne
651 550 739 578 omni
751 548 862 578 ratione
879 546 1016 586 placavi?
1038 552 1129 584 quem

167 597 350 626 hominem?
369 604 425 634 qua
445 595 505 622 ira?
524 602 585 633 quo
607 591 732 630 spiritu?
752 599 843 630 quem
855 589 983 629 denique
998 606 1006 620 ,
1028 594 1131 626 praeter

167 638 358 669 Tuscenium
371 655 380 669 ,
399 636 484 672 cujus
494 634 576 664 causa
588 634 685 672 fiznari
696 643 758 662 non
770 632 883 672 potest,
907 640 968 660 non
981 628 1131 669 mitigavi?

168 683 244 712 Ecce
256 680 338 718 supra
348 687 434 717 caput
447 677 542 705 horno
552 675 627 705 levis
638 695 647 708 ,
666 685 696 704 ac
707 674 842 704 sordidus
852 693 859 706 ,
872 672 919 702 sed
932 681 1031 702 tamen
1041 679 1131 710 eque-

169 722 220 752 stri
231 721 320 751 censu
333 741 340 753 ‚
354 723 495 749 Catienus
508 739 516 751 ,
535 727 625 747 etiam
640 719 665 746 is
675 717 812 746 lenietuiz.
836 716 920 753 cujus
932 724 962 744 tu
974 723 1005 743 in
1017 721 1130 752 patrem

168 763 251 805 quod
274 762 357 794 fuisti
366 761 493 801 asperior
507 781 514 794 ‚
539 769 602 789 non
615 758 818 798 reprehendo:
843 754 922 786 certo
934 757 1016 785 enim
1032 754 1091 784 scio
1108 762 1134 783 te

168 803 270 836 fecisse
290 814 359 834 cum
380 802 471 833 causa-
514 802 561 832 sed
581 802 653 841 quid
675 810 750 840 opus
768 799 827 828 fuit
843 797 994 838 ejusmodi
1016 797 1133 828 litteris,

169 858 241 889 quas
251 846 286 876 ad
298 846 394 886 ipsum
406 842 523 874 misisti?
535 844 621 873 ilium
635 851 753 872 crucem
766 839 818 870 sibi
832 840 929 880 ipsum
941 838 1135 871 constituere,

169 899 210 920 ex
229 899 285 930 qua
302 898 334 918 tu
353 897 424 917 eum
446 887 514 916 anto
534 882 723 915 detraxisses:
747 892 773 913 te
785 891 958 912 curaturum
972 900 980 914 ,
1002 880 1090 910 fumo
1102 888 1133 908 ut

168 932 396 962 combureretur
407 949 415 963 ,
435 927 592 968 plaudente
616 935 676 956 tota
686 926 851 965 provincia.
876 922 956 964 Qid
968 921 1040 952 verb
1050 921 1085 951 ad
1100 923 1135 951 C.

170 974 297 1004 Fabium
312 993 320 1005 ,
345 971 445 1001 nescio
468 972 582 1010 quem?
602 967 683 1006 (nam
704 977 770 997 eam
788 976 905 1007 quoque
926 964 1083 1004 epistolam
1094 965 1133 993 T.

170 1017 314 1046 Catienus
333 1010 551 1052 circumgestat)
572 1011 733 1040 renuntiari
754 1009 808 1038 tibi
822 1028 829 1041 ‚
853 1008 1009 1038 Licinium
1026 1007 1137 1046 plagia-

170 1059 252 1087 rium
262 1066 334 1086 curn
346 1055 397 1085 suo
407 1055 492 1094 pullo
503 1053 637 1082 milvino
648 1051 756 1081 tributa
767 1050 904 1091 exigere?
924 1048 1044 1079 Deinde
1056 1056 1138 1086 togas
1158 1065 1159 1073 1

172 1100 298 1130 Fabium
312 1118 321 1130 ,
333 1097 407 1127 ut&
417 1105 529 1136 patrem
543 1115 551 1127 ‚
565 1094 597 1124 &
609 1092 708 1123 filium
721 1095 809 1123 vivos
820 1091 977 1122 comburat
990 1089 1031 1124 ,Ἠ
1043 1087 1137 1128 poffit:
1158 1085 1160 1119 i

173 1139 217 1171 sin
231 1140 353 1173 minim,
372 1138 405 1168 ad
418 1147 443 1168 te
457 1139 553 1167 mittat
564 1156 573 1169 ‚
591 1137 633 1166 uti
645 1135 758 1174 judicio
769 1134 994 1164 comburantur.
1020 1133 1075 1161 Hae
1089 1131 1137 1159 lit-

172 1191 242 1213 tere:
262 1182 311 1212 abs
329 1190 356 1211 te
376 1189 426 1220 per
441 1181 547 1219 jocum
568 1176 662 1207 miffae
671 1177 705 1207 ad
716 1179 749 1207 C.
763 1176 889 1206 Fabium
904 1195 911 1207 ‚
931 1173 950 1203 sl
962 1172 1059 1203 mod'o
1071 1172 1138 1202 sunt

174 1233 232 1255 tuae
244 1244 253 1258 2
269 1219 341 1254 cum
362 1223 502 1263 leguntur
512 1241 519 1254 ‚
542 1220 714 1259 invidiosam
723 1218 903 1248 atrocitatem
915 1215 1073 1245 verborum
1088 1215 1140 1243 ha-

173 1266 256 1297 bent.
281 1268 344 1298 Ac,
362 1263 382 1294 si
403 1265 549 1293 omniurn
569 1272 704 1291 mearum
721 1262 883 1290 litterarum
899 1265 1043 1298 praecepta
1057 1265 1140 1296 repe-

174 1317 238 1342 tes,
259 1308 409 1347 intelliges
430 1303 599 1335 nihilefl'ea
619 1314 668 1334 me
682 1324 690 1337 ‚
712 1301 767 1332 nisi
779 1302 924 1331 orationis
934 1300 1140 1331 acerbitatem,

177 1348 405 1380 &iracundiam
419 1368 427 1382 ‚
448 1348 492 1381 &,
504 1345 523 1376 fi
533 1346 610 1376 forte
623 1367 631 1379 ,
643 1356 707 1376 raro
717 1346 884 1374 litterarum
896 1340 1050 1371 missarum
1063 1339 1143 1370 indi-

175 1393 331 1434 lig‘entiam
350 1388 566 1430 reprehensam.
589 1388 708 1428 Qbus
726 1385 850 1431 quidem
870 1387 902 1414 in
924 1383 1012 1413 rebus
1030 1381 1050 1411 fi
1065 1381 1142 1422 apud
1164 1394 1166 1397 ·

172 1443 205 1465 te
225 1435 291 1474 plus
303 1432 463 1463 auetoritas
475 1441 541 1461 mea
550 1451 558 1464 ,
577 1432 668 1472 quam
679 1438 727 1459 tua
739 1430 798 1457 live
810 1436 911 1457 natura
922 1426 1023 1465 paullo
1036 1427 1142 1456 acrior,

177 1475 237 1506 sive
246 1475 382 1517 quaedam
392 1473 521 1505 dulcedo
533 1472 693 1503 iracundiae
705 1491 713 1504 ‚
732 1469 790 1500 five
802 1468 923 1498 dicendi
935 1467 975 1497 sal
988 1488 996 1500 ,
1017 1466 1145 1496 facetiae-

178 1527 236 1559 que
252 1514 411 1547 valuissent
422 1536 430 1549 ‚
451 1515 528 1545 nihil
547 1515 615 1544 sanc
635 1512 707 1543 esset
718 1533 726 1546 ,
747 1508 830 1552 quod
850 1520 904 1539 nos
915 1511 1085 1549 poeniteret.
1110 1511 1147 1538 Et

181 1558 332 1590 modiocri
342 1568 390 1587 me
401 1557 505 1587 dolore
516 1565 601 1596 putas
611 1554 709 1588 affici,
730 1553 800 1584 cum
813 1551 930 1582 audiam
944 1572 952 1584 ,
971 1561 1027 1591 qua
1038 1549 1070 1580 sit
1081 1552 1146 1579 exi-

180 1601 353 1632 stimatione
363 1599 510 1639 Virgilius
521 1617 529 1631 ,
544 1607 601 1638 qua
613 1606 680 1626 tuus
693 1597 810 1625 vicinus
820 1595 876 1623 Cn·
891 1592 1035 1622 octavius
1046 1595 1056 1622 ?
1066 1594 1148 1622 Nam

182 1642 202 1673 si
215 1652 241 1674 te
252 1641 446 1672 interioribus
459 1640 567 1670 vicinis
578 1641 635 1669 tuis
646 1659 654 1671 ‚
667 1633 814 1667 Ciliciensi
826 1655 834 1669 ‚
852 1635 883 1664 ὃς
893 1638 1013 1674 Syriaco
1025 1643 1150 1673 antepo-

182 1687 232 1716 nis
245 1705 253 1718 ‚
276 1683 361 1714 valde
383 1691 526 1723 magnum
550 1681 631 1711 facis.
655 1683 754 1720 Atque
766 1680 791 1707 is
803 1677 891 1707 dolor
901 1676 943 1706 est
954 1697 961 1710 ,
983 1675 1065 1716 quod
1075 1675 1146 1705 cum

182 1730 203 1758 ii
216 1748 223 1761 ,
235 1735 311 1768 quos
322 1726 480 1755 nominavi
494 1743 502 1757 ‚
516 1732 544 1753 te
558 1725 733 1752 innocentia
742 1730 806 1750 non
817 1721 958 1751 vincant,
970 1721 1095 1748 vincunt
1107 1727 1149 1747 ta-

182 1780 256 1800 men
275 1766 397 1805 artificio
420 1765 637 1795 benivolentia:
653 1761 831 1803 colligenda:
850 1780 858 1793 ‚
894 1762 947 1799 qui
971 1769 1067 1800 neque
1090 1761 1148 1800 Cy·
1168 1757 1170 1776 ἶ

183 1820 251 1843 ,vum
267 1809 502 1848 Xenophontis,
526 1815 621 1846 neque
645 1802 812 1844 Agesilaum
832 1803 991 1831 noverint:
1014 1810 1148 1842 quorum

182 1861 288 1895 regum
309 1851 431 1881 summo
453 1849 484 1878 in
502 1849 630 1888 'imperio
651 1855 745 1876 nemo
754 1852 898 1883 umquam
911 1843 1038 1872 verbum
1051 1852 1148 1872 unum

153 1910 164 1919 ἢ
187 1896 316 1935 asperius
333 1891 456 1922 audivit.
468 1890 524 1920 Sed
537 1891 600 1920 liaec
609 1889 624 1918 a
634 1889 783 1929 principio
795 1886 1045 1924 tibiwpioecipiens,
1057 1894 1154 1925 quan-

186 1946 251 1968 tum
272 1933 453 1976 profecerim
469 1953 477 1966 ‚
496 1942 560 1962 non
582 1934 699 1972 ignoro.
724 1932 816 1959 Nunc
830 1936 932 1957 tamen
941 1927 1088 1957 decedens
1107 1926 1150 1966 (id
1170 1929 1173 1949 l

184 1978 268 2021 quod
280 1977 359 2007 mihi
372 1976 431 2014 jam
441 1973 536 2004 facere
548 1973 671 2012 videris)
681 1972 818 2012 relinque
828 1989 836 2002 a
862 1970 961 2008 quaeso
973 1989 981 2003 ,
1002 1969 1092 2010 quam
1101 1971 1152 2009 ju-

185 2017 401 2052 cundissimam
420 2018 600 2046 memoriam
620 2016 674 2044 tui.
698 2011 900 2045 Succefl'orem
913 2012 1001 2041 habes
1011 2010 1151 2051 perblan-

187 2064 280 2094 dum:
310 2063 425 2090 *cetera
435 2058 524 2089 valde
537 2058 625 2087 illius.
636 2055 766 2086 adventu
778 2064 825 2085 tua
833 2055 1032 2093 requirentur.
1056 2056 1091 2083 In
1103 2054 1153 2083 lit-

189 2106 259 2135 teris
279 2101 437 2133 mittendis
455 2101 499 2139 (ut
511 2100 590 2140 saepe
599 2098 633 2129 ad
645 2107 672 2128 te
686 2096 792 2138 scripsi)
804 2100 819 2116 2
830 2094 965 2125 nimium
978 2104 1004 2125 te
1015 2096 1154 2125 exorabi-

188 2148 248 2176 lem
262 2142 422 2185 praebuisti.
445 2142 518 2172 tolle
528 2142 649 2171 omneis
660 2160 668 2174 ‚
689 2139 710 2170 si
728 2148 812 2180 potes
826 2158 834 2172 ‚
858 2139 975 2178 iniquas
991 2158 1001 2171 ‚
1020 2137 1094 2168 tolle
1105 2139 1153 2167 in-

137 2204 145 2207 s
187 2186 314 2220 usitatas,
329 2185 400 2216 tolle
414 2185 582 2214 contrarias.
606 2184 713 2213 Statius
724 2183 802 2212 mihi
816 2189 963 2213 narravit,
989 2180 1106 2220 scriptas
1118 2179 1153 2209 ad
1174 2192 1176 2197 >

190 2239 218 2260 te
230 2229 323 2260 solere
335 2226 431 2257 afferri
447 2247 455 2260 ,
477 2226 512 2256 ab
523 2226 619 2267 selegi
636 2235 641 2253 :
663 2225 695 2255 δε
707 2244 717 2258 ,
730 2223 748 2254 si
759 2225 871 2263 iniquae
886 2220 941 2252 sint
955 2241 963 2255 2
980 2220 1043 2252 fieri
1055 2231 1081 2252 te
1092 2231 1156 2251 cer-

188 2273 312 2302 tiorem,
336 2268 495 2309 antequam
519 2266 591 2297 vero
610 2267 671 2306 ipse
688 2267 723 2297 ad
736 2276 763 2296 te
774 2263 918 2298 venisset,
940 2265 1061 2294 nullum
1073 2263 1155 2294 dele-

190 2313 276 2344 &um
297 2312 462 2341 litterarum
482 2307 586 2339 fuisse:
605 2319 643 2338 ex
660 2319 696 2338 eo
719 2307 775 2338 effe
797 2307 955 2336 volumina
980 2305 1153 2338 selezisarum

190 2354 386 2396 epistolarum
409 2373 417 2385 ,
445 2361 511 2392 quae
536 2349 714 2390 reprehendi
735 2351 873 2380 solerent.
907 2350 974 2378 Hoc
993 2348 1030 2378 de
1048 2358 1155 2388 genere

192 2397 271 2429 nihil
282 2405 310 2426 te
320 2404 400 2425 nunc
410 2393 534 2434 quidem
546 2402 676 2422 moneo:
693 2391 758 2422 sero
768 2392 810 2422 est
821 2392 904 2421 enim
918 2410 926 2424 ‚
946 2400 978 2419 ac
990 2390 1061 2419 scire
1071 2399 1156 2429 potes

192 2439 289 2470 multa
306 2447 356 2467 me
374 2435 455 2467 varie
477 2455 486 2468 ,
514 2434 731 2475 diligenterque
754 2430 917 2463 monuifl'e.
940 2431 1021 2460 Illud
1041 2439 1157 2463 tamen,
1178 2454 1179 2458 ,

192 2480 275 2522 quod
286 2481 494 2518 Theopompo
506 2476 647 2507 mandavi
667 2496 677 2509 ‚
696 2474 768 2505 cum
777 2474 868 2505 essem
878 2473 1054 2503 admonitus
1067 2472 1103 2502 ab
1115 2475 1159 2512 ip-

194 2525 227 2555 so
240 2543 250 2557 ‚
262 2522 333 2552 vide
342 2530 393 2561 per
403 2520 546 2550 homines
555 2519 700 2549 amanteis
710 2519 753 2548 tui
768 2537 776 2551 ‚
788 2517 871 2558 quod
883 2514 925 2545 est
938 2514 1024 2544 facile
1036 2534 1044 2548 ‚
1058 2524 1089 2544 ut
1099 2515 1161 2544 haec

214 2574 300 2595 enera
318 2564 458 2594 tollantur
477 2560 670 2601 epistolarum
683 2580 692 2593 ‚
715 2559 851 2600 primum
862 2559 1034 2598 iniquarum
1047 2575 1054 2589 ‚
1074 2556 1162 2586 dein-

194 2576 232 2638 ΞΒ
249 2607 481 2637 contrariarum:
519 2612 585 2633 tum
604 2601 746 2636 absurde,
770 2602 803 2632 δε
822 2598 957 2631 inusitate
976 2599 1160 2638 scriptarum:

194 2647 349 2689 postremo
370 2649 402 2677 in
420 2647 552 2687 aliquem
570 2644 873 2675 contumeliosarum.
907 2644 1004 2681 Atque
1024 2651 1079 2682 ego
1099 2641 1161 2670 haec

197 2700 260 2721 tam
270 2688 328 2720 effe
340 2709 348 2723 ‚
363 2689 454 2729 quam
466 2688 556 2718 audio
565 2708 574 2722 ,
586 2697 650 2717 non
660 2694 733 2726 puto
746 2696 751 2715 :
765 2686 797 2716 &
812 2685 831 2714 fi
845 2686 912 2716 sunt
922 2680 1161 2724 ancupationibus

199 2735 255 2762 tuis
276 2731 380 2761 minus
397 2730 603 2761 animadversa
617 2749 625 2762 ,
647 2738 728 2758 nunc
747 2729 899 2768 perspice,
919 2727 950 2757 δε
965 2734 1063 2766 purga.
1088 2726 1162 2764 Legi

198 2774 356 2814 epistolam
371 2793 379 2807 ‚
403 2782 493 2815 quam
513 2772 574 2813 ipse
590 2769 729 2811 scripsisse
746 2771 826 2802 Sulla
843 2768 1055 2800 nomenclator
1065 2765 1164 2797 distus

1136 87 1680 133 CreERours

1166 163 1207 194 est
1221 183 1229 197 ‚
1245 172 1306 210 non
1318 163 1514 203 probandam:
1526 166 1583 208 legi
1595 166 1934 198 nonnullasiracundas.
1959 169 1971 194 3
1987 163 2035 197 sed
2047 173 2128 195 temn

1166 215 1239 246 pore
1258 205 1322 252 ipso
1341 205 1378 235 de
1397 205 1540 246 epistolis.
1566 211 1644 239 Nam
1664 209 1735 240 cuin
1748 202 1968 251 hanffpiginam
1982 216 2126 240 tenerem,

1168 250 1204 278 L·
1214 248 1333 277 Flavius
1343 266 1351 281 ²
1376 256 1485 287 praetor
1495 247 1604 290 defign-
1626 250 1661 280 ad
1672 261 1721 281 me
1733 253 1817 282 venit
1828 272 1836 284 ,
1850 253 1945 281 homo
1953 251 2030 280 mihi
2040 248 2129 279 valde

1169 289 1335 336 familiaris.
1353 291 1388 336 'Is
1408 291 1486 320 mihi
1498 310 1506 324 ‚
1526 299 1554 320 te
1563 290 1597 321 ad
1608 301 1796 330 pocuratores
1807 294 1876 323 suos
1886 294 1994 323 litteras
2006 288 2126 321 misisse:
2141 306 2147 308 >

1170 342 1235 372 quae
1245 333 1321 361 mihi
1331 331 1400 361 visae
1410 332 1478 362 sunt
1489 331 1695 373 iniquillimae:
1712 344 1749 363 ne
1763 335 1835 375 quid
1846 335 1881 365 de
1896 335 2002 367 bonis,
2015 343 2079 374 quae
2090 334 2127 361 LA

1149 408 1150 412 Ἰ
1172 373 1287 403 Οξὶεινίἰ
1302 373 1435 404 Nasonis
1445 373 1570 404 fuifl‘ent
1581 395 1592 408 ,
1612 376 1661 404 cui
1673 377 1710 405 L.
1721 376 1840 406 Flavius
1852 377 1934 406 heres
1945 375 1988 406 est
2001 397 2009 409 ,
2031 375 2133 405 demi-

1150 432 1152 454 5
1173 424 1300 445 nuerent
1317 416 1383 446 ante
1407 435 1416 449 ‚
1446 426 1538 456 quam
1563 419 1595 447 C.
1608 416 1767 446 Fundanio
1785 420 1943 457 pecuniam
1967 415 2131 448 solvissent*

1151 467 1152 489 ι
1174 461 1310 497 Itemque
1332 456 1443 487 mififl'e
1460 458 1494 488 ad
1507 458 1822 498 4Apoll0nidienses‚
1841 469 1879 489 rie
1889 460 1924 489 de
1935 460 2042 492 bonis,
2065 467 2131 498 quae

1151 521 1153 533 .
1174 499 1290 530 Oclavii
1310 498 1452 533 fuissent,
1472 500 1789 541 deminuipaterentur
1802 520 1811 534 ‚
1836 502 2005 541 priusquam
2016 500 2136 530 Funda-

1151 540 1153 551 '
1175 544 1229 572 nio
1246 541 1383 572 debitum
1403 542 1535 573 solutum
1559 542 1637 573 eslet.
1661 545 1733 572 Haec
1745 541 2005 574 miliiverisimilia
2014 553 2077 573 non
2087 543 2136 571 vi·-

1174 585 1293 615 dentur.
1318 584 1385 614 sunt
1404 586 1487 614 enim
1505 584 1520 614 :a
1539 585 1695 624 prudentia
1715 593 1763 614 tua
1785 581 1988 614 remotiffimii.
2012 587 2060 615 Ne
2084 583 2135 613 de-

1178 627 1295 656 minuat
1314 627 1420 657 heres?
1447 626 1529 668 Qid
1548 626 1568 656 fi
1589 627 1756 657 infitiatur?
1777 625 1858 664 Quid
1880 623 1899 654 fi
1920 628 2051 656 omnino
2074 634 2139 656 non

1153 695 1154 700 ,
1176 668 1321 699 debetur?
1342 667 1444 709 Qid?
1466 678 1574 708 praetor
1594 667 1805 708 soletjudicare
1816 667 1917 697 deberi
1928 670 1945 696 ?·
1959 667 2062 705 Quid?
2082 678 2137 709 ego
2177 686 2186 692 ι

1177 710 1336 741 Fundanio
1349 720 1413 740 non
1424 713 1537 750 cupio?
1553 721 1616 741 non
1627 713 1742 741 amicus
1753 710 1842 739 sum?
1861 719 1924 739 non
1936 709 2139 740 misericordia

1178 754 1324 783 moveor?
1336 762 1429 782 nemo
1444 752 1613 794 magiszsed
1625 762 1796 791 vtAJURls
1812 761 1976 789 Ejusmom
1991 760 2045 780 EST
2057 758 2156 790 QU-v

1179 803 1312 826 BVSDAM
1335 804 1370 824 ru
1384 804 1488 825 asans
1500 817 1508 829 ‚
1531 806 1575 825 or
1588 805 1691 824 Niitiri
1703 804 1753 823 sir
1767 803 1845 823 Loci
1859 803 2017 822 oum-122.
2042 796 2140 833 Atque

1178 838 1304 882 ita-mihi
1318 836 1433 866 dicebat
1445 838 1562 867 Flavius
1576 838 1714 877 scriptum
1726 838 1758 866 in
1769 846 1801 866 ea
1810 834 2044 876 epistola‚quani
2058 844 2138 865 tuam

1180 878 1236 909 esse
1261 878 1396 924 dicebat,
1419 888 1445 908 te
1467 888 1516 909 aut
1526 878 1604 920 quasi
1615 882 1719 909 amicis
1731 880 1787 908 tuis
1798 879 1902 918 gratias
1913 877 2048 906 astur-um
2062 896 2070 910 ,
2092 887 2142 908 aut

1179 919 1257 961 quasi
1269 924 1282 947 5
1293 922 1427 951 inimicis
1438 922 1634 951 incommoda
1646 922 1785 951 laturum.
1801 919 1881 957 Quid
1895 920 1988 949 multa
2004 922 2014 947 ?
2029 918 2143 950 ferebat

1179 965 1326 1004 graviter,
1347 962 1377 992 id
1399 964 1592 993 vehementer
1616 973 1736 993 mecum
1747 962 1950 1002 querebatur,
1971 961 2143 1001 orabatque,

1182 1014 1213 1035 ut
1233 1006 1267 1034 ad
1281 1014 1308 1034 te
1325 1005 1413 1044 quam
1429 1003 1657 1045 diligentissime
1670 1005 1843 1034 scriberem:
1864 1003 1945 1043 quod
1957 1008 2033 1032 taeio
2046 1023 2054 1036 ,
2073 1004 2105 1033 &
2117 1013 2144 1032 te

1183 1047 1301 1087 prorsus
1318 1047 1513 1075 vehementer
1532 1056 1619 1077 etiam
1635 1055 1721 1086 atque
1732 1048 1823 1075 etiam
1833 1055 1905 1085 rogo
1917 1065 1925 1079 ‚
1948 1054 1978 1074 ut
1994 1046 2026 1074 &
2038 1055 2147 1084 procu-

1186 1088 1332 1118 ratoribus
1343 1089 1577 1117 Flaviiremittas
1587 1087 1805 1120 deminuendo,
1819 1087 1850 1117 ὃς
1861 1088 1897 1116 de
1910 1087 2148 1125 Apollonidien-

1184 1130 1260 1159 sibus
1272 1149 1280 1162 ‚
1305 1129 1416 1168 nequid
1436 1129 1612 1168 perscribas,
1641 1129 1723 1169 quod
1734 1138 1835 1158 contra
1848 1129 1984 1158 Flavium
2008 1127 2040 1158 sit
2057 1140 2063 1158 ·.
2081 1139 2147 1158 am-

1185 1173 1263 1211 plius
1277 1190 1285 1204 ,
1311 1171 1343 1200 &
1355 1171 1447 1200 Flavii
1466 1171 1549 1200 causa
1566 1192 1574 1204 ,
1596 1172 1627 1200 ὃς
1640 1172 1897 1209 scilicetPon-ipeii
1909 1189 1916 1203 2
1935 1169 2022 1200 facias
2032 1173 2148 1200 omnia.

1186 1214 1270 1243 Nolo
1296 1212 1507 1242 mediusfidius
1518 1223 1612 1243 eXtua
1628 1214 1737 1249 injuria
1749 1215 1778 1242 in
1792 1213 1879 1241 illuni
1896 1232 1904 1244 ,
1929 1212 1982 1241 tibi
1994 1212 2148 1242 liberalem

1190 1266 1238 1285 me
1255 1255 1361 1285 videri.
1385 1255 1434 1284 sed
1456 1256 1488 1284 &
1508 1265 1535 1285 te
1549 1265 1602 1284 oro
1613 1275 1622 1289 ,
1634 1265 1665 1285 ut
1676 1264 1705 1285 tu
1718 1256 1777 1295 ipse
1788 1254 1995 1283 auctoritatem
2008 1273 2016 1286 ‚
2037 1254 2068 1283 ὃς
2080 1264 2149 1283 rno-

1190 1307 1373 1327 numentum
1394 1297 1517 1338 aliquod
1537 1296 1666 1330 decreti,
1686 1308 1733 1327 aut
1754 1298 1917 1326 litteratum
1930 1304 2046 1325 tuarum
2058 1296 2151 1325 relin-

1190 1349 1279 1380 quas,
1299 1338 1381 1379 quod
1401 1337 1434 1368 fit
1452 1339 1486 1369 ad
1505 1340 1598 1368 Flavii
1619 1350 1680 1368 rem
1694 1359 1701 1372 ,
1724 1339 1801 1369 &ad
1813 1339 1927 1368 caustm
1939 1337 2153 1368 accommoda.-

1188 1391 1264 1411 tum.
1289 1384 1355 1411 Fert
1373 1383 1456 1410 enim
1473 1382 1599 1422 graviter
1620 1383 1713 1410 homo
1734 1381 1766 1411 ὅ(
1787 1391 1846 1410 mei
1862 1378 2153 1413 observantiffimus,

1191 1424 1223 1453 ὃ(
1235 1424 1379 1463 suijuris,
1403 1423 1754 1463 dignitatisqueretinens
1767 1443 1774 1456 ,
1796 1423 1824 1453 se
1840 1423 1913 1462 apud
1929 1432 1954 1450 te
1968 1432 2064 1462 neque
2074 1423 2153 1451 ami-

1188 1467 1259 1496 citia
1271 1485 1279 1499 ‚
1302 1466 1472 1506 nequejure
1484 1464 1622 1494 valuiss'e:
1648 1466 1679 1494 ὃς
1695 1486 1703 1498 ,
1728 1474 1759 1494 ut
1768 1475 1878 1504 opinor
1889 1485 1897 1498 ,
1912 1468 2004 1493 bravii
2017 1466 2152 1504 aliquan-

1191 1507 1230 1537 do
1250 1517 1315 1538 rem
1335 1508 1367 1537 δε
1387 1508 1548 1546 Pompejus
1564 1527 1572 1539 ‚
1593 1507 1730 1536 &Cacsar
1750 1507 1804 1536 tibi
1826 1507 2099 1537 commendarunt:
2120 1506 2154 1535 &

1192 1550 1254 1589 ipse
1275 1549 1309 1579 ad
1326 1559 1352 1578 te
1363 1549 1510 1587 scripserat
1521 1549 1640 1577 Flavius
1653 1567 1660 1581 ‚
1681 1549 1776 1588 &ego
1787 1550 1876 1578 certe.
1901 1551 1998 1589 Qare
2012 1546 2100 1577 siulla
2109 1556 2155 1576 res

1167 1608 1169 1630 ᾖ
1192 1591 1234 1621 est
1245 1611 1253 1625 ,
1273 1601 1363 1631 quam
1384 1591 1438 1621 tibi
1452 1600 1499 1619 me
1509 1589 1674 1620 faciendam
1688 1599 1805 1630 petente
1815 1599 1900 1629 putes
1911 1610 1921 1622 ‚
1941 1591 2002 1619 haec
2013 1600 2044 1618 ea
2056 1587 2097 1617 sit.
2123 1590 2154 1618 Si

1193 1643 1243 1663 rne
1256 1643 1336 1662 amas
1351 1653 1360 1666 ,
1382 1642 1448 1662 cura
1459 1652 1467 1665 ‚
1487 1632 1604 1662 elabora
1618 1653 1625 1664 ,
1646 1631 1754 1671 perfice
1770 1651 1778 1665 ,
1803 1641 1834 1661 ut
1849 1633 1967 1661 Flavius
1981 1631 2013 1661 ὅ(
2025 1630 2079 1660 tibi
2091 1651 2099 1664 ‚
2121 1631 2155 1659 δε

1168 1692 1169 1706 ι
1194 1677 1272 1705 mihi
1289 1674 1379 1714 quam
1398 1676 1547 1704 maximas
1560 1676 1664 1714 gratias
1679 1683 1750 1714 agar.
1775 1675 1833 1703 hoc
1843 1682 2001 1714 teitarogo
2017 1692 2025 1706 ,
2047 1682 2080 1702 ut
2091 1681 2156 1701 ma-

1189 1719 1253 1757 jore
1266 1716 1364 1746 studio
1376 1726 1476 1756 rogare
1487 1726 1550 1744 non
1562 1714 1678 1755 poffirn.
1696 1715 1785 1756 Qod
1799 1715 1833 1745 ad
1844 1724 1891 1744 me
1902 1716 1936 1745 de
1948 1717 2074 1744 Hermia
2085 1712 2156 1744 scri—
2173 1726 2198 1755 4.

1192 1760 1256 1792 bis,
1277 1759 1355 1787 mihi
1375 1757 1545 1786 mehercule
1563 1756 1646 1786 valde
1666 1756 1828 1787 molestum
1854 1755 1922 1786 fuit.
1946 1759 2071 1786 Litteras
2083 1756 2118 1786 ad
2129 1764 2157 1785 te

1192 1809 1297 1840 parum
1317 1798 1444 1828 fraterne
1468 1799 1655 1838 scripseram:
1679 1808 1751 1839 quas
1774 1800 1911 1828 oratione
1921 1798 2053 1828 Diodoti
2066 1818 2074 1831 ‚
2095 1800 2158 1828 Lur-

1170 1876 1171 1883 ἵ
1193 1842 1266 1872 culli
1288 1840 1410 1874 liberti,
1433 1847 1629 1873 commotus,
1649 1840 1685 1869 de
1697 1839 1838 1880 pa<ffione
1853 1839 1951 1870 statim
1964 1838 2046 1881 quod
2055 1839 2161 1871 audie-

1170 1914 1172 1925 ‚
1194 1893 1274 1917 ram,
1299 1882 1472 1913 iracundius
1496 1882 1683 1922 scripseram,
1705 1882 1737 1912 δε
1753 1892 1889 1912 revocare
1899 1882 2066 1922 cupiebam.
2091 1882 2163 1912 huic

1195 1935 1227 1956 tu
1246 1924 1379 1965 epistolae
1392 1934 1455 1954 non
1467 1923 1596 1954 fraterne
1606 1924 1715 1962 scriprae
1727 1945 1737 1957 ,
1760 1923 1889 1954 fraterne
1899 1924 1989 1954 debes
2001 1923 2162 1965 ignoscere.

1195 1971 1245 1997 De
1254 1967 1445 2000 Censorino,
1471 1968 1628 2000 Antonio,
1647 1965 1761 2000 Caffio,
1781 1967 1929 2000 Scaevola‚
1953 1966 2068 1996 teabiis
2077 1965 2163 2005 diligi

1195 2010 1241 2049 (ut
1260 2009 1373 2050 scribis)
1392 2009 1586 2039 vehementer
1601 2009 1724 2049 gaudeo.
1748 2018 1843 2039 cetera
1860 2008 1983 2038 fuerunt
2001 2010 2034 2038 in
2058 2006 2172 2037 eadem..

1172 2083 1173 2086 ,
1195 2060 1319 2100 epistola
1328 2060 1461 2100 graviora
1472 2079 1480 2092 ‚
1492 2058 1583 2100 quam
1598 2059 1710 2088 vellem
1732 2051 1822 2096 ὂρθοίν
1836 2050 1892 2084 πὶν
1906 2052 1993 2084 νοιῦν.
2017 2051 2052 2085 &
2063 2045 2163 2098 im}

1197 2102 1297 2142 92⁹⁶st
1323 2111 1436 2149 majora
1451 2109 1503 2140 ista
1513 2118 1608 2139 erunt.
1624 2111 1702 2139 Meae
1712 2106 2066 2150 objurgationesfuerunt
2076 2114 2168 2136 arno·

1174 2183 1175 2188 ,
1195 2154 1235 2182 ris
1245 2150 1423 2191 pleniffimae
1434 2171 1442 2186 ,
1467 2161 1532 2192 quae
1546 2152 1612 2181 sunt
1626 2151 1784 2181 nonnullae
1795 2171 1803 2184 ‚
1814 2150 1863 2181 sed
1872 2159 1972 2180 tamen
1983 2147 2162 2181 mediocre&

1198 2194 1231 2224 δε
1249 2203 1344 2233 parvae
1362 2196 1472 2233 potius.
1497 2196 1561 2234 Ego
1581 2202 1608 2223 te
1631 2202 1799 2233 numquam
1812 2192 1915 2223 ullain
1926 2201 1955 2221 re
1965 2191 2091 2231 dignum
2104 2191 2165 2219 rni-

1198 2237 1282 2265 nima
1299 2233 1527 2276 reprehensione
1545 2233 1689 2276 putassem
1707 2256 1715 2268 ,
1738 2233 1809 2264 cum
1830 2243 1856 2264 te
1880 2231 2059 2264 sanffiffime
2080 2241 2165 2272 gere-

1198 2287 1261 2311 res,
1282 2276 1337 2307 nisi
1355 2278 1480 2307 inimicos
1500 2278 1614 2307 multos
1624 2277 1811 2307 haberemus.
1837 2279 1911 2314 Qae
1921 2274 1956 2305 ad
1970 2283 1996 2304 te
2005 2274 2103 2314 aliqua
2112 2272 2165 2303 ad—

1201 2321 1375 2350 monitione
1387 2340 1395 2353 ,
1415 2329 1464 2350 aut
1482 2319 1690 2359 objurgatione
1711 2317 1824 2358 scripsi,
1849 2314 1945 2357 scripfi
1963 2324 2084 2356 propter
2094 2314 2165 2344 dili—

1199 2363 1331 2403 gentiam
1345 2362 1495 2391 cautionis
1510 2372 1584 2392 meae
1598 2381 1605 2394 ,
1629 2363 1660 2390 in
1671 2370 1727 2401 qua
1738 2359 1769 2390 δε
1780 2369 1905 2392 manee,
1923 2358 1954 2388 &
1967 2357 2098 2388 manebo
2110 2376 2118 2390 ,
2131 2356 2165 2391 ὃς

1200 2404 1283 2434 idem
1303 2413 1335 2433 ut
1351 2402 1459 2436 facias,
1480 2413 1542 2432 non
1563 2402 1698 2433 desistam
1721 2411 1832 2442 rogare.
1856 2400 1971 2430 Attalus
1982 2401 2167 2439 Iphemenus

1203 2455 1325 2475 mecum
1347 2446 1428 2485 egit,
1449 2455 1479 2474 ut
1500 2445 1526 2474 se
1546 2455 1584 2474 ne
1610 2443 1792 2484 impedires,
1811 2453 1873 2484 quo
1889 2441 2014 2476 minus,
2039 2439 2119 2482 quod
2131 2438 2173 2482 ad

1202 2486 1216 2507 ⁶
1226 2486 1430 2526 QPubliceni
1444 2485 1567 2516 statuam
1579 2486 1730 2516 decretum
1743 2484 1800 2518 est,
1823 2493 1994 2526 erogaretur
2007 2482 2100 2523 :quod
2111 2489 2166 2521 ego

1203 2539 1231 2560 te
1251 2529 1284 2558 ὅ(
1300 2538 1374 2570 rogo
1386 2547 1393 2561 ,
1416 2527 1448 2557 &
1461 2528 1612 2558 admoneo
1623 2548 1632 2561 ,
1654 2537 1692 2557 ne
1708 2528 1773 2557 talis
1783 2528 1838 2557 viri
1851 2548 1859 2561 ‚
1881 2536 1999 2566 tamque
2009 2523 2102 2555 nostri
2113 2532 2169 2552 ne-

1180 2580 1183 2618 3
1203 2570 1315 2602 ceffarii
1329 2590 1337 2604 ‚
1357 2571 1506 2600 honorem
1526 2572 1625 2599 minui
1638 2580 1688 2609 per
1699 2579 1746 2602 te,
1770 2579 1818 2599 aut
1829 2569 1970 2608 impediri
1982 2567 2066 2596 velis.
2089 2567 2170 2594 Prae-

1181 2647 1182 2652 ¹
1203 2623 1280 2644 terea
1301 2613 1405 2652 AEsopi
1423 2612 1563 2654 tragoedi,
1585 2611 1678 2641 nostri
1698 2610 1873 2644 familiaris,
1896 2607 2032 2640 Licinius
2055 2606 2175 2638 servus>

1181 2660 1184 2695 l,
1203 2656 1258 2686 tibi
1270 2664 1359 2684 notus
1371 2674 1378 2688 ‚
1400 2653 1527 2695 aufugit.
1552 2657 1579 2684 Is
1591 2654 1717 2683 Athenis
1729 2653 1805 2693 apud
1817 2656 1973 2683 Patronem
1983 2650 2167 2689 Epicureum

1205 2708 1258 2738 pro
1279 2697 1375 2726 libero
1398 2697 1465 2726 fuit.
1491 2697 1560 2726 inde
1572 2698 1604 2726 in
1616 2695 1715 2726 Asiam
1726 2698 1819 2725 venit.
1843 2692 2036 2725 PosteaPlato
2046 2689 2176 2729 quidam¹

1205 2739 1364 2770 Sardianus
1375 2759 1393 2771 ‚.
1409 2741 1572 2778 Epicureus
1583 2759 1591 2771 ‚
1612 2740 1665 2778 qui
1677 2739 1803 2767 Athenis
1814 2736 1887 2766 solet
1898 2733 2028 2763 multum
2041 2751 2049 2764 2
2074 2730 2170 2771 &qui

1216 2791 1282 2812 tum
1293 2782 1420 2812 Athenis
1437 2779 1548 2815 fuerat,
1567 2779 1637 2810 cum
1649 2780 1787 2810 Licinius
1804 2777 1841 2808 eb
1849 2773 1975 2807 venifl'et
1986 2794 1995 2807 ‚
2015 2782 2084 2803 cum
2099 2781 2170 2802 eum

2091 2812 2171 2855 fugi-

202 2870 2145 2892 Μ

239 2925 262 2942 r.
283 2919 364 2942 Cetera
373 2917 444 2942 valde
453 2916 516 2942 illim
526 2916 631 2942 adventu
651 2922 694 2940 tua
713 2912 892 2948 requirentur]
914 2910 1035 2938 Absurde
1055 2911 1086 2938 P.
1098 2911 1158 2937 Ma·

201 2952 290 2979 mitius
301 2953 327 2977 &
343 2952 496 2985 Lambinus,
507 2960 555 2978 ruo.
575 2953 603 2977 ὅ(
614 2958 706 2978 contra
717 2949 773 2976 mss.
784 2950 902 2985 olimque
917 2947 1014 2974 editos.

237 2997 264 3014 ι.
283 2990 397 3023 QQ‘minm
407 2995 428 3012 tc
438 2990 574 3014 exorabilem
580 2987 725 3021 praebuilii]
741 2985 864 3012 ⁴Malebat
874 2983 941 3011 istud
951 2984 1102 3015 Manutius,
1114 2992 1157 3009 re-

200 3024 322 3060 cepitque
332 3023 495 3055 Laiiibiiit155
517 3034 600 3060 neque
610 3024 688 3051 aliter
700 3022 757 3050 Pal.
780 3021 830 3049 sec.
851 3020 934 3048 ceteri
945 3029 1034 3049 tamen
1044 3024 1157 3047 inexora-

198 3062 280 3092 bilem,
291 3066 320 3086 ut
331 3059 402 3095 prius
415 3059 477 3085 cusi.
568 3059 571 3064 '
1075 3055 1081 3067 ¹
1104 3063 1107 3067 '

236 3105 264 3132 3.
281 3095 482 3128 Sedtempo›·eipfi›
492 3096 517 3120 dt·
526 3097 646 3130 epistolis]
670 3094 749 3122 Haud
761 3094 840 3122 aliter
850 3094 907 3121 Pal.
917 3103 958 3130 pr.
970 3094 997 3120 &
1010 3099 1098 3129 quart.
1109 3091 1156 3119 alii

197 3132 288 3160 duo&
299 3141 364 3160 unus
375 3131 644 3159 Wowerioexcussus
657 3150 665 3165 ‚
677 3131 878 3167 Jkdtemporeipfii
890 3132 962 3166 furor
971 3130 1056 3157 dabat.
1074 3131 1119 3157 hac
1129 3127 1156 3154 de

1181 2916 1182 2930 l
1198 2909 1305 2942 epistolia
1325 2917 1382 2944 qtiae
1393 2915 1481 2934 tamen
1492 2905 1625 2932 habuerim
1637 2912 1685 2939 pro
1695 2900 1785 2928 adsuto
1796 2900 1908 2926 librarii.

1236 2953 1264 2978 4.
1283 2943 1502 2978 Apollonidienfts.]
1523 2942 1565 2968 Its
1576 2939 1731 2967 Lambinus.
1743 2946 1803 2963 nain
1815 2936 1882 2963 l'all.
1899 2935 2093 2970 Apollonidenses.
2109 2934 2174 2971 vul-

1180 3000 1182 3019 ,¹
1199 2989 1272 3018 gata,
1282 2979 1460 3014 Apollo-aienses.

1239 3027 1264 3051 5.
1284 3016 1388 3044 Inimicis
1400 3013 1541 3040 incommoda
1551 3010 1687 3045 laturum]
1710 3010 1753 3036 Sic
1764 3017 1817 3036 tres
1833 3009 1888 3035 l'al.
1901 3015 1929 3036 at
1938 3015 2026 3044 quart.
2048 3010 2172 3034 [mommo-

1200 3055 1323 3080 daturum.
1343 3049 1448 3087 quidam
1461 3044 1571 3074 mallent
1581 3047 1723 3073 incommoda
1734 3049 1876 3077 allaturum,
1887 3054 1969 3081 quare
1981 3046 1992 3071 ?

1238 3090 1265 3115 6,
1286 3088 1453 3121 ‘QPubliceni
1465 3084 1599 3117 stainam]
1624 3082 1679 3109 Pal.
1694 3088 1742 3109 rec.
1754 3084 1876 3116 publicam
1888 3084 2007 3117 statuam.
2018 3078 2170 3112 tert-publii·

1202 3126 1377 3160 canissatuam.
1388 3127 1474 3158 quart.
1481 3120 1574 3154 public&
1582 3121 1652 3153 insta
1659 3126 1737 3147 mam.
2103 3150 2124 3176 Τ

2070 3158 2094 3179 L·
2125 3155 2174 3177 vm*
