2297 3389
441 148 702 197 Oai-rm
739 159 806 194 iu
843 145 1328 195 L.CA’1·1L1NAM
1365 147 1684 200 Saevuffna.

433 299 527 361 M.
612 297 1016 364 TULLII

121 501 247 615 L.
463 488 575 610 C

729 635 1079 692 SECU

1970 161 2067 216 399

1113 281 1727 363 C1CERoNrs

652 401 2038 613 ATIINLINAM

1128 635 1427 698 NDA‚

540 731 716 792 AD
861 729 1600 813 QUIRITES.

475 865 950 939 ORATpio

285 988 301 1002 m
366 976 494 1005 ANDEM
522 973 684 1015 aliquando
693 993 703 1007 ‚
732 974 867 1012 Quirites
877 993 887 1008 ‚
908 975 945 1005 L.
959 974 1063 1004 Catili-
1082 976 1085 999 1

332 1028 343 1033 ⁴
366 1026 437 1047 nam
451 1036 461 1050 ,
478 1015 632 1046 furentem
648 1015 767 1046 audacia
779 1036 788 1049 ‚
813 1016 908 1046 scelus
919 1017 1062 1046 anhelan-

315 1075 324 1096 g
366 1067 427 1089 tem
440 1078 449 1091 ,
473 1057 588 1098 pestem
607 1059 706 1098 patriae
723 1057 836 1088 nefarie
859 1058 1041 1088 molientem
1053 1078 1062 1092 ,

338 1106 341 1109 “
369 1100 460 1130 vobis
469 1119 478 1134 ,
507 1103 517 1119 ¹
529 1108 615 1140 atque
633 1101 704 1130 huic
723 1099 791 1130 urbi
808 1098 923 1130 ferrum
943 1120 952 1134 ‚
972 1099 1062 1130 flam-—

246 1177 254 1186 x
373 1151 518 1183 mamque
530 1143 723 1172 minitantem
737 1161 746 1175 ‚
758 1152 796 1172 ex
814 1141 886 1172 urbe
905 1142 954 1173 vel
971 1144 1062 1180 ejeci-

278 1208 289 1215 „
326 1186 338 1202 ‘⁴
368 1194 437 1214 mus
448 1204 457 1218 ,
472 1184 521 1214 vel
531 1182 686 1214 emisimus
696 1203 705 1217 ‚
718 1184 765 1213 vel
775 1184 872 1224 ipsum
881 1187 895 1204 2
905 1184 1061 1225 egredien-

369 1235 432 1257 tem
449 1224 537 1255 verbis
553 1226 692 1267 prosecuti
709 1226 820 1265 sumus.
842 1226 947 1260 Abiit,
960 1227 1061 1257 exces-

98 1269 153 1305 fit,
173 1268 264 1300 evasit
273 1288 282 1303 ,
303 1270 409 1308 erupit.
431 1268 517 1298 nulla
522 1268 585 1307 jam
595 1269 743 1308 pernicies
752 1267 768 1298 a
778 1267 916 1298 monstro
926 1269 982 1298 1110
993 1289 1001 1302 ,
1016 1277 1059 1299 at-

99 1323 160 1354 que
168 1311 308 1353 prodigio
327 1310 483 1340 moenibus
502 1308 571 1350 ipsis
588 1312 666 1340 intra
690 1311 805 1340 moenia
824 1310 1058 1350 comparabitur.

100 1360 199 1396 Atque
210 1354 290 1383 hunc
297 1352 424 1393 quidem
447 1361 545 1382 unum
567 1351 656 1391 hujus
675 1350 749 1381 belli
771 1351 931 1382 domestici
949 1351 1058 1383 ducem

92 1396 154 1438 fine
164 1394 349 1435 controversia
365 1394 508 1423 vicimus.
527 1403 594 1423 non
607 1394 691 1422 enim
699 1394 764 1433 jam
776 1394 853 1424 inter
861 1394 950 1424 latera
958 1393 1059 1424 nostra

98 1437 155 1469 sica
163 1438 214 1468 illa
225 1437 406 1467 versabitur:
425 1444 491 1466 non
507 1436 540 1465 in
551 1444 658 1475 campo
671 1455 680 1467 ,
702 1444 767 1465 non
783 1437 816 1464 in
835 1435 903 1466 foro
915 1457 924 1470 ‚
944 1446 1009 1466 non
1025 1437 1058 1466 in

97 1481 200 1514 curia,
219 1488 285 1509 non
294 1477 427 1518 denique
435 1478 513 1507 intra
530 1475 714 1507 domesticos
723 1478 848 1517 parietes
865 1478 1058 1518 pertimesce—

98 1531 179 1553 mus.
203 1520 275 1551 loco
287 1520 340 1550 ille
351 1526 453 1549 motus
462 1517 522 1552 est,
543 1517 617 1549 cum
635 1517 680 1549 est
699 1528 738 1549 ex
751 1519 823 1549 urbe
836 1519 985 1560 depulsus.
1007 1530 1059 1560 pa-

97 1564 159 1595 lam
164 1564 229 1604 jam
243 1572 314 1592 cum
325 1560 410 1592 hoste
420 1581 429 1595 ,
449 1561 537 1591 nullo
547 1560 733 1600 impediente
743 1580 752 1595 ,
772 1559 873 1591 bellum
878 1560 989 1601 justum
1006 1572 1059 1604 ge-

96 1615 210 1637 remus.
233 1606 304 1635 Sine
319 1603 414 1634 dubio
433 1602 622 1644 perdidimus
636 1603 798 1633 hominem
810 1623 819 1637 ‚
840 1603 1059 1646 magnificeque

96 1649 229 1679 vicimus
239 1666 247 1681 ‚
265 1644 338 1677 cum
351 1645 442 1675 inum
451 1655 490 1675 ex
500 1644 628 1675 occultis
636 1643 752 1675 insidiis
771 1646 805 1675 in
815 1654 950 1686 apertum
969 1647 1059 1677 latro-

96 1691 215 1721 cinium
226 1688 424 1729 conjecimus.
434 1685 527 1726 Quod
536 1685 610 1717 verb
619 1696 685 1717 non
694 1696 853 1718 cruentum
865 1697 1058 1722 mucronem,

98 1739 134 1766 ut
143 1731 243 1762 voluit
252 1750 262 1764 ‚
285 1730 395 1760 exrulit
403 1748 412 1763 ,
431 1727 515 1770 quod
524 1729 606 1759 vivis
615 1728 705 1759 nobis
716 1727 843 1771 egreffus
857 1729 900 1761 est
909 1750 918 1764 ‚
938 1729 1021 1771 quod
1032 1732 1061 1761 ei

97 1772 212 1805 ferrum
226 1771 263 1802 de
274 1771 415 1802 manibus
425 1769 605 1802 extorsimus
615 1790 625 1804 ‚
645 1769 727 1812 quod
745 1771 931 1802 incolumeis
947 1774 1059 1807 civeis,

98 1813 184 1857 quod
198 1813 323 1844 stantem
334 1813 441 1843 urbem
451 1813 592 1854 reliquit:
612 1821 725 1854 quanto
738 1813 860 1844 tandem
881 1814 970 1845 illum
981 1824 1062 1845 mce-

98 1867 165 1888 rore
176 1854 326 1886 affiffiium
336 1853 393 1885 effe
407 1874 417 1888 »
441 1854 475 1885 &
483 1853 674 1897 profligatum
684 1857 794 1895 putatis
806 1857 907 1897 ?Jacet
916 1856 969 1887 ille
979 1867 1062 1887 nunc

100 1897 263 1940 prostratus
273 1917 282 1930 ‚
293 1898 426 1935 Quirites
436 1916 445 1930 ,
455 1897 489 1927 &
497 1897 525 1927 se
535 1897 705 1937 perculsum
722 1917 730 1931 ‚
742 1905 829 1938 atque
840 1897 991 1937 abjeb’mm
1003 1897 1062 1929 esse

100 1941 207 1975 sentit,
226 1939 419 1979 &retorquet
427 1938 533 1968 oculos
544 1937 683 1978 profeEFO
694 1939 768 1980 saepe
781 1939 817 1970 ad
839 1941 915 1970 hanc
934 1940 1041 1970 urbem
1055 1951 1061 1970 :

100 1992 193 2025 quarn
205 1978 437 2021 exsuufaucibus
446 1987 569 2022 ereptam
578 1978 635 2009 effe
645 1980 736 2020 luget.
755 1991 820 2021 quae
833 1981 959 2022 quidem
970 1982 1063 2012 laetari

103 2025 182 2055 mihi
192 2023 312 2054 videtur
322 2042 330 2056 ,
352 2020 436 2062 quod
450 2030 563 2052 tantam
584 2020 698 2061 pestem
717 2024 907 2056 evomuerit,
927 2022 1062 2064 forasque

65 2086 87 2111 2
103 2067 274 2108 projecerit.
298 2067 337 2094 At
345 2062 365 2094 fi
375 2065 443 2104 quis
453 2062 496 2093 est
504 2063 571 2093 talis
585 2083 594 2097 ,
609 2063 723 2103 qualeis
732 2062 789 2093 efl'e
800 2066 922 2094 omneis
939 2074 1062 2105 oporte-

103 2109 170 2142 bat,
190 2109 286 2149 quiin
300 2106 358 2136 hoc
367 2105 431 2145 ipso
442 2125 451 2139 ‚
471 2107 505 2135 in
514 2114 576 2146 quo
585 2104 713 2135 exsultat
722 2125 731 2139 ‚
744 2105 777 2136 δε
787 2106 953 2146 triumphat
967 2108 1063 2137 oratio

102 2160 189 2184 mea,
210 2159 260 2179 me
279 2149 476 2179 vehementer
492 2146 627 2181 accuset,
651 2146 736 2188 quod
753 2156 814 2178 tam
832 2149 990 2188 capitalem
1005 2150 1063 2179 ho-

99 2192 177 2224 stem
197 2202 247 2221 non
257 2188 504 2231 comprehenderim
519 2188 623 2230 potius
633 2208 641 2223 ,
653 2188 743 2229 quam
755 2189 907 2220 emiserim
921 2201 926 2219 :
947 2200 1011 2221 non
1021 2190 1064 2221 est

99 2233 155 2265 isla
165 2243 233 2264 mea
241 2232 327 2272 culpa
338 2252 348 2265 ,
360 2231 493 2269 Quirites
505 2251 515 2263 ,
535 2230 585 2261 sed
595 2240 781 2271 temporum.
795 2233 992 2263 interemtum
1004 2231 1063 2262 effe

99 2278 136 2308 L.
150 2275 311 2306 Catilinam
321 2293 330 2307 ,
350 2273 383 2303 &
392 2270 562 2315 gravissimo
573 2272 718 2312 supplicio
727 2271 869 2304 affeEium
878 2274 1062 2313 jampridem

99 2317 256 2359 oportebat
270 2327 275 2345 :
288 2315 378 2356 idque
387 2315 403 2344 a
414 2324 465 2344 me
476 2314 509 2344 δε
518 2323 586 2344 11105
600 2315 751 2354 majorum
762 2335 771 2348 ‚
790 2315 824 2345 &
835 2316 924 2355 hujus
942 2318 1063 2356 imperii

99 2361 237 2391 severitas
249 2379 259 2392 ,
278 2358 311 2388 &
322 2356 485 2397 respublica
491 2355 668 2397 postulabat.
678 2356 734 2386 Sed
746 2356 838 2397 quam
850 2358 964 2387 multos
973 2357 988 2387 f
990 2356 1063 2387 uifi'e

97 2403 225 2443 putatis,
247 2401 320 2441 qui,
338 2408 404 2440 quae
423 2408 480 2439 ego
499 2396 667 2431 deferrem,
689 2408 754 2428 non
772 2399 951 2429 crederent?
971 2399 1061 2441 quam

97 2443 213 2475 multos
225 2463 234 2477 ,
248 2443 300 2483 qui
315 2450 436 2482 propter
449 2439 608 2471 stultitiam
621 2449 687 2471 non
697 2442 854 2481 putarent?
879 2441 971 2484 quam
983 2442 1064 2472 mul·

101 2576 125 2595 1.

145 2568 230 2654 A
241 2597 322 2625 censis
332 2605 362 2623 ac
371 2596 475 2624 Uverd.
484 2597 552 2631 ferro
558 2599 712 2630 flammaque.
734 2606 786 2622 non
797 2596 928 2632 displicet.

278 2643 308 2660 2.
328 2633 486 2666 Egredientem
502 2633 584 2658 verbis
601 2633 714 2665 prosecuti
726 2633 836 2666 summi]
860 2633 926 2658 Haec
935 2631 971 2658 est
983 2631 1065 2658 leetio

101 2673 223 2702 omnium
234 2678 355 2697 veterum
365 2668 558 2701 librorum,nec
568 2678 619 2694 non
631 2667 780 2694 editionum
792 2669 988 2704 primariarum.
1003 2667 1064 2694 sub-

103 2711 241 2746 sequentes
253 2705 351 2742 frigide
362 2705 440 2732 nimis
453 2724 462 2737 ,
470 2705 618 2738 egr-edituum
627 2705 914 2738 urbe,profi·tutifiamus.
933 2705 1065 2741 intelligit

103 2747 192 2774 omina
203 2745 250 2771 illa
260 2751 374 2779 quorum
386 2741 508 2768 meminit
519 2739 564 2767 sub
574 2740 654 2766 finem
665 2740 793 2767 orationis
805 2740 988 2777 praecedentis.

162 2803 168 2809 .
188 2785 240 2808 Non
249 2779 310 2805 mod>
319 2778 413 2804 invidia
423 2786 568 2810 »ταμεν-14η]
578 2780 649 2802 enam
658 2778 1022 2813 -vt'taeperitula,&c.]App:u·et
1033 2776 1065 2803 de

104 2790 232 2847 industria
241 2814 358 2852 opposita
369 2834 377 2846 ,
395 2813 542 2851 periculum
555 2814 615 2839 vitae
625 2822 655 2839 ac
666 2813 783 2839 invidiae.
804 2815 831 2840 8<
861 2813 904 2839 nid
918 2821 989 2839 vetat
1001 2814 1065 2840 bene

104 2854 176 2885 dici3
198 2862 256 2880 cum
268 2850 392 2888 praetlare
402 2849 505 2876 dicatur
517 2869 525 2882 ‚
545 2849 642 2875 invidit?
653 2848 703 2883 [κά
713 2851 806 2883 facere.
832 2824 893 2876 iiico
904 2849 1063 2876 Lambiuum

104 2898 198 2918 contra
206 2898 298 2916 omnes
308 2886 391 2913 libros
404 2887 457 2912 hacc
467 2886 654 2912 immutantem
665 2895 716 2912 non
729 2884 834 2921 sequor.
853 2885 1028 2913 Gulielmius.

141 2935 169 2959 4.
189 2930 339 2959 lnpraerexta
353 2923 500 2957 calumnia]
521 2922 579 2948 Pal.
599 2922 687 2948 sextus
701 2922 851 2955 salumpnia.
870 2922 961 2948 Locus
971 2921 1065 2948 obscu-

107 2971 162 2992 rus.
181 2962 229 2988 nisi
244 2961 355 2987 velimus
367 2969 382 2985 a
393 2960 478 2995 prima
486 2958 573 2985 statim
583 2957 759 2984 adolescentia
771 2967 830 2984 cuni
842 2959 867 2984 in
879 2957 969 2984 sorum
980 2957 1065 2984 dedu-

106 3005 213 3025 teretur
224 3017 233 3029 ‚
251 3004 390 3033 operatum
410 2995 546 3022 calumniae
559 3014 567 3026 ‚
586 2994 700 3030 ideoque
712 2994 742 3020 ab
753 3003 782 3020 ea
793 3002 922 3021 amatum.
951 2994 983 3021 ad
995 2994 1066 3030 quod

106 3034 261 3070 exemplum
270 3032 384 3059 dicimur.
397 3052 405 3065 ,
416 3032 489 3066 Musa
497 3033 560 3057 illum
569 3038 665 3063 amant,
675 3031 743 3057 fimes
754 3040 787 3056 me
798 3038 876 3057 amnt.
896 3031 949 3057 haee
959 3031 1066 3058 Guliel-

109 3080 189 3097 rmus.

936 2559 1064 2588 Gembla·

238 2564 300 2597 Tque
317 2562 371 2586 huie
387 2561 442 2586 urbi
455 2561 548 2594 ferrum
556 2562 726 2595 flammamque
736 2560 912 2595 minitantem]

148 3116 174 3140 5.
194 3106 290 3131 Nullum
301 3107 358 3137 reip.
368 3103 478 3138 motum]
499 3102 748 3139 Antealegebanxus
759 3112 842 3129 menrm
856 3123 862 3135 ,
873 3102 916 3129 sed
927 3109 1022 3139 praeter
1032 3102 1069 3129 li-

107 3144 170 3172 bros
181 3139 239 3173 mff.
251 3141 305 3166 imo
315 3140 394 3166 etiam
405 3139 551 3166 editionem
563 3141 691 3165 Venetam
701 3140 762 3165 anni
775 3149 931 3166 recemum(
939 3149 944 3165 1
952 3149 986 3165 11.

145 3179 174 3206 6.
192 3178 287 3211 Qamo
295 3184 336 3203 ιη
346 3176 447 3210 alieno]
466 3175 612 3203 Lambinus
624 3175 701 3203 addit
713 3194 721 3208 ‚
739 3177 861 3210 vbstrtc'lue
872 3195 880 3209 ‚
900 3175 971 3211 quod
983 3183 1067 3211 neque

1064 864 1681 915 VICESIMA.

1102 981 1149 1004 tos
1165 994 1174 1008 ‚
1193 974 1246 1014 qui
1266 974 1357 1004 etiam
1375 972 1591 1004 defenderent?
1608 970 1700 1013 quam
1721 970 1855 1005 multos,
1874 972 1926 1012 qui
1943 981 2063 1012 propter

1102 1016 1330 1056 improbitatem
1340 1015 1495 1045 faverent?
1508 1018 1551 1045 Ac
1565 1013 1597 1048 fi,
1612 1014 1729 1044 sublato
1740 1014 1794 1043 illo
1805 1033 1813 1047 ‚
1827 1014 1937 1054 depelli
1948 1016 1963 1043 a
1974 1015 2063 1044 vobis

1103 1068 1197 1088 omne
1206 1057 1548 1098 periculumjudicarem
1561 1067 1566 1085 :
1586 1057 1647 1095 jam
1656 1055 1772 1096 pridem
1785 1065 1840 1096 ego
1851 1057 1886 1085 L.
1899 1055 2061 1086 Catilinam

1101 1103 1181 1130 3n0n
1192 1098 1288 1129 modo
1299 1100 1423 1129 invidia:
1433 1098 1630 1133 meae‚verum
1641 1099 1731 1128 etiam
1741 1099 1811 1128 vitae
1821 1098 1954 1136 periculo
1964 1096 2064 1127 sustu-

1100 1140 1209 1172 lifl'em.
1233 1141 1282 1172 sed
1292 1141 1364 1171 cum
1382 1142 1518 1172 viderem
1532 1161 1541 1175 ‚
1559 1150 1597 1171 ne
1617 1140 1703 1170 vobis
1719 1139 1845 1180 quidem
1864 1138 2012 1169 omnibus
2029 1149 2064 1170 re

1100 1185 1191 1214 etiam
1202 1192 1267 1214 tum
1277 1183 1398 1224 probata
1409 1203 1417 1217 ,
1441 1182 1462 1213 fi
1472 1184 1561 1213 illum
1572 1203 1580 1217 ,
1599 1191 1632 1213 ut
1642 1191 1701 1212 erat
1710 1183 1836 1211 meritus
1847 1201 1856 1214 ‚
1870 1191 1967 1211 morte
1979 1181 2062 1211 mul-

1098 1224 1203 1257 tassem
1215 1244 1224 1259 ‚
1243 1225 1308 1256 fore
1319 1245 1328 1260 ‚
1349 1235 1382 1256 ut
1397 1226 1461 1265 ejus
1465 1226 1553 1266 [ὁρέω
1562 1224 1678 1254 invidia
1690 1222 1841 1263 oppressus
1849 1223 1983 1263 persequi
1995 1233 2062 1254 non

1098 1266 1214 1308 pofl'em
1226 1278 1230 1297 :
1246 1278 1311 1297 rem
1323 1269 1381 1298 huc
1391 1267 1504 1298 deduxi
1517 1287 1525 1301 ,
1546 1276 1580 1297 ut
1592 1276 1658 1297 tum
1676 1269 1774 1306 palam
1783 1275 1914 1306 pugnare
1924 1263 2060 1305 poffetis,

1097 1309 1170 1340 cum
1180 1308 1300 1340 hostem
1312 1310 1409 1350 aperte
1419 1309 1569 1340 videretis.
1592 1312 1691 1349 Qem
1701 1308 1826 1353 quidem
1848 1317 1904 1348 ego
1925 1306 2059 1340 hostem,

1097 1353 1249 1390 Quirites,
1268 1352 1360 1392 quam
1370 1353 1567 1382 vehementer
1583 1350 1655 1380 foris
1676 1348 1732 1380 efle
1744 1348 1916 1380 timendum
1932 1357 2036 1389 putem
2048 1368 2058 1382 ‚

1096 1393 1166 1423 licet
1175 1394 1248 1423 hinc
1254 1394 1441 1435 intelligatis,
1454 1393 1536 1434 quod
1547 1392 1624 1423 illud
1635 1394 1725 1422 etiarn
1736 1390 1865 1422 moleste
1875 1390 1953 1423 fero,
1976 1390 2058 1431 quod

1097 1445 1135 1465 ex
1146 1435 1217 1465 urbe
1221 1444 1328 1477 parum
1338 1437 1490 1465 comitarm
1499 1434 1750 1465 exierit.Utinam
1761 1434 1814 1463 ille
1824 1434 1944 1463 omneis
1956 1433 2058 1463 secum

1097 1477 1160 1507 suas
1169 1480 1269 1517 copias
1279 1477 1438 1508 eduxisset.
1461 1477 1644 1519 Tongilium
1662 1477 1741 1506 mihi
1753 1475 1859 1505 eduxit
1879 1487 1889 1509 3
1907 1483 2000 1515 quem
2024 1484 2059 1505 a-

1097 1528 1179 1549 mare
1187 1521 1244 1549 4in
1253 1527 1395 1559 praetexta
1403 1519 1556 1550 calumnia
1564 1527 1692 1559 coeperat
1702 1528 1707 1547 :
1719 1517 1892 1548 Publicium
1902 1516 1936 1547 &
1945 1518 2059 1546 Muna-

1097 1563 1174 1591 tium
1185 1573 1193 1595 5
1204 1571 1335 1602 quorum
1347 1572 1386 1592 aes
1395 1562 1530 1592 alienum
1540 1559 1729 1592 comraEfflm
1740 1561 1772 1589 in
1782 1561 1893 1599 popina
1913 1561 1927 1586 5
1936 1558 2060 1589 nullum

1098 1605 1171 1643 reip.
1184 1611 1307 1633 motum
1318 1602 1423 1634 afferre
1435 1612 1564 1644 poterat:
1585 1603 1705 1644 reliquit
1717 1611 1794 1642 quos
1811 1610 1892 1631 viros
1907 1604 1918 1630 ἓ
1937 1598 1953 1620 ⁶
1962 1610 2061 1641 quan-

1098 1653 1130 1676 to
1140 1645 1241 1676 alieno
1252 1649 1328 1676 aere?
1345 1646 1438 1687 quam
1448 1646 1613 1676 valenteis?
1626 1645 1719 1686 quam
1730 1643 1861 1673 nobileis
1872 1645 1883 1672 ?
1902 1651 1959 1673 vos
1968 1641 2056 1673 vide·

1096 1689 1144 1718 tis.
1167 1689 1270 1728 Itaque
1281 1697 1336 1728 ego
1349 1689 1440 1718 illum
1450 1689 1617 1718 exercitum
1630 1707 1640 1720 ‚
1662 1691 1677 1715 7
1688 1686 1722 1715 δε
1740 1685 1903 1715 Gallicanis
1925 1685 2058 1726 legioni·

1097 1729 1172 1764 bus,
1194 1729 1228 1760 δε
1246 1731 1306 1760 hoc
1324 1729 1443 1760 delee'tu
1455 1751 1464 1762 ,
1481 1739 1572 1770 quem
1588 1731 1622 1759 in
1641 1738 1712 1771 agro
1731 1729 1843 1758 Piceno
1855 1747 1863 1761 ‚
1885 1727 1918 1756 &
1938 1726 2061 1757 Gallico.

1095 1775 1133 1811 Q.
1146 1771 1289 1802 Metellus
1306 1772 1427 1802 habuit.
1452 1766 1467 1791 3
1480 1772 1512 1801 δε
1522 1772 1569 1801 1115
1581 1772 1677 1811 copiis
1688 1790 1697 1803 ‚
1716 1779 1782 1811 quae
1795 1769 1810 1799 a
1821 1768 1910 1798 nobis
1920 1768 2060 1809 quotidie

1097 1823 1307 1854 comparantur
1326 1834 1334 1847 ,
1354 1813 1537 1855 magnopere
1551 1822 1719 1843 contemno
1730 1823 1740 1846 5
1758 1809 1900 1840 collec‘tum
1920 1820 1955 1839 ex
1978 1810 2060 1840 seni-

1097 1856 1153 1887 bus
1166 1856 1325 1896 desperatis
1336 1875 1345 1889 ‚
1366 1866 1405 1886 ex
1415 1855 1518 1898 agresti
1526 1856 1644 1885 luxuria
1654 1875 1663 1889 ‚
1686 1858 1702 1881 9
1712 1863 1750 1883 ex
1759 1852 1876 1883 rusticis
1886 1851 2059 1883 decetion-

1097 1898 1169 1928 bus:
1187 1907 1226 1928 ex
1237 1899 1274 1927 iis
1283 1918 1292 1931 ‚
1311 1899 1365 1939 qui
1375 1897 1553 1928 vadimonia
1573 1897 1705 1927 deserere
1715 1915 1723 1929 ‚
1748 1896 1840 1936 quam
1860 1895 1950 1924 illum
1969 1903 2058 1924 exer-

1096 1941 1192 1971 citum
1203 1959 1212 1973 ‚
1233 1939 1422 1970 maluerunt:
1442 1940 1575 1981 quibuse
1595 1948 1690 1968 onon
1710 1936 1806 1967 modo
1824 1935 1845 1965 si
1858 1938 1954 1967 aciem
1969 1945 2058 1966 exer-

1094 1983 1171 2012 citus
1188 1980 1303 2015 nostri,
1325 1980 1434 2012 verum
1455 1984 1544 2011 etiam
1577 1991 1586 2010 1
1603 1979 1726 2009 ediciam
1741 1986 1859 2019 praetom
1876 1976 2060 2012 ostendero,

1098 2023 1272 2054 concident.
1295 2025 1380 2056 Hos,
1401 2033 1476 2063 quos
1487 2022 1578 2052 video
1588 2023 1712 2051 volitare
1730 2023 1762 2049 in
1781 2019 1868 2053 foro,
1891 2029 1968 2060 quos
1984 2018 2060 2049 stare

1100 2064 1135 2096 ad
1146 2066 1257 2095 curiam
1269 2084 1278 2098 ‚
1300 2074 1376 2105 quos
1386 2067 1477 2094 etiam
1488 2066 1520 2094 111
1531 2064 1668 2094 senatum
1677 2064 1798 2092 venire:
1818 2063 1870 2102 qui
1890 2063 1988 2091 nitent
1998 2070 2056 2091 un—

1101 2108 1219 2148 guentis
1233 2127 1242 2140 ,
1261 2108 1314 2147 qui
1322 2105 1440 2147 fulgent
1446 2115 1577 2146 purpura
1588 2125 1597 2139 ,
1617 2105 1743 2134 mallem
1751 2104 1852 2134 secum
1864 2103 1932 2133 suos
1943 2102 2059 2134 milites

1099 2146 1246 2179 eduxisset
1257 2159 1261 2177 :
1273 2150 1326 2188 qui
1337 2146 1416 2179 fihic
1425 2157 1614 2187 permanent,
1627 2153 1815 2176 mementote
1826 2155 1890 2175 non
1901 2154 1961 2175 tarn
1972 2154 2060 2174 exer-

1100 2193 1197 2221 citum
1210 2190 1300 2220 illum
1312 2188 1370 2219 effe
1379 2191 1470 2220 nobis
1481 2209 1489 2223 ,
1500 2189 1591 2230 quam
1603 2189 1657 2218 1105
1668 2208 1676 2222 ,
1687 2190 1739 2229 qui
1747 2188 1914 2218 exercitum
1923 2186 2063 2217 deserue-

1100 2241 1170 2262 runt
1180 2251 1190 2266 ,
1210 2232 1476 2272 pertimescendos.
1500 2235 1596 2272 Atque
1607 2232 1666 2260 hoc
1675 2233 1765 2261 etiam
1778 2230 1844 2260 sunt
1855 2228 1985 2259 timendi
1995 2238 2062 2259 ma·-

1102 2276 1165 2316 gis,
1186 2272 1290 2315 quod,
1309 2273 1382 2315 quid
1394 2275 1548 2314 cogitent,
1567 2283 1611 2302 me
1621 2273 1709 2312 ftire,
1728 2272 1878 2302 sentiunt:
1901 2280 1999 2311 neque
2019 2279 2062 2302 ta-

1105 2326 1178 2346 men
1196 2324 1422 2355 permoventur.
1430 2315 1529 2346 Video
1540 2335 1549 2349 ‚
1561 2317 1610 2346 cui
1620 2315 1728 2354 Apulia
1736 2312 1770 2343 fit
1782 2312 1920 2344 attributa
1928 2314 1994 2353 ,qui
2005 2314 2060 2343 ha-

1102 2358 1169 2388 beat
1178 2360 1505 2398 Etruriam,quiagrum
1517 2358 1675 2390 Picenum,
1689 2358 1741 2397 qui
1752 2355 1906 2386 Gallicum
1918 2375 1926 2388 ‚
1940 2356 1994 2395 qui
2004 2353 2060 2386 fibi

1103 2401 1154 2430 has
1164 2400 1288 2430 urbanas
1299 2398 1419 2430 insidias
1427 2399 1518 2430 caedis
1528 2419 1536 2433 ‚
1557 2407 1642 2440 atquc
1651 2397 1864 2428 incendiorum
1876 2396 2060 2437 depoposce-

1100 2444 1150 2472 rit.
1173 2444 1279 2473 omnia
1288 2442 1447 2483 superioris
1457 2439 1540 2471 noch
1549 2440 1661 2482 consilia
1670 2440 1705 2471 ad
1723 2449 1773 2470 me
1791 2439 1901 2480 perlata
1916 2437 1974 2468 effe
1991 2438 2061 2468 sen-

1971 2487 2063 2512 nunt:

1102 2560 1284 2593 necessarium,
1295 2570 1381 2595 neque
1392 2560 1417 2586 in
1430 2558 1591 2586 uostris'inss.
1606 2557 1712 2594 usquam
1723 2563 1839 2588 erat,aut
1849 2555 1914 2583 adeo
1923 2555 1989 2582 olim
2001 2554 2060 2582 cdi-

1100 2600 1133 2624 tis
1147 2608 1153 2624 z
1175 2598 1202 2623 ὃ(
1214 2596 1246 2623 de
1257 2597 1388 2633 elegantia
1398 2603 1559 2623 commatum
1573 2614 1582 2628 ,
1600 2593 1660 2622 sunt
1670 2593 1741 2621 enim
1753 2592 1808 2619 fere
1816 2592 1891 2628 paria
1903 2611 1912 2625 ,
1930 2590 1999 2619 haud
2013 2601 2061 2628 pa-

1102 2633 1354 2704 ωῗ.ἀὲξιὲἓῖιίξὲαηὶῑ
1368 2666 1519 2702 legionibm]
1539 2664 1685 2692 Lambinus
1696 2664 1768 2691 aliud
1778 2664 1836 2691 heic
1845 2663 1978 2691 substituit
1989 2682 1998 2696 ‚
2016 2661 2060 2689 sed

1099 2715 1151 2733 non
1163 2705 1362 2733 acceduntlibri
1374 2704 1454 2731 nostri
1467 2722 1475 2735 ‚
1494 2703 1541 2739 qui
1553 2701 1685 2737 vulgatam
1701 2708 1820 2728 tuentur.
1842 2708 1910 2728 vett.
1928 2700 2060 2732 adiiciunt

1100 2752 1139 2774 ex,
1151 2741 1222 2778 qnod
1233 2743 1259 2768 S<
1271 2743 1298 2768 in
1309 2741 1429 2767 omnium
1440 2746 1547 2767 aetatum
1558 2736 1730 2764 editionibus.
1760 2737 1895 2764 Palatinus
1911 2736 1961 2763 sec.
1972 2737 2059 2763 iuter-

1099 2778 1256 2814 pretationis
1268 2778 1327 2803 loco
1337 2776 1459 2813 adpinxit
1471 2795 1480 2807 ,
1500 2773 1617 2811 reipe&u
1628 2773 1826 2801 Gallicanarum
1837 2774 1985 2810 legionum.

1137 2814 1162 2841 8.
1184 2817 1217 2840 Et
1238 2815 1273 2840 lais
1291 2815 1378 2846 copiiae,
1397 2813 1464 2846 ἀνα]
1492 2812 1559 2838 Esta
1571 2809 1727 2842 conieftura
1736 2810 1838 2837 Mureti
1850 2829 1859 2842 ‚
1878 2818 1957 2846 quam
1976 2808 2058 2836 secuti

1100 2850 1250 2877 Manutiani
1263 2859 1271 2880 ;
1292 2850 1319 2876 δε
1339 2849 1447 2886 praefert
1467 2847 1551 2874 palat.
1572 2856 1668 2873 nonus.
1690 2856 1750 2874 narn
1761 2846 1829 2873 sext.
1841 2846 1906 2872 hanc
1915 2844 2059 2872 clausulam

1099 2887 1198 2913 omisit.
1217 2885 1380 2913 Gulielmius
1390 2885 1422 2911 ad
1433 2884 1527 2910 horum
1540 2883 1788 2919 interpretationem
1802 2902 1810 2915 ,
1828 2881 1956 2917 aliegarat
1967 2881 2058 2908 locum

1100 2933 1148 2959 pro
1167 2924 1281 2949 Murena
1290 2932 1346 2958 cap.
1358 2922 1402 2957 36.
1415 2930 1452 2946 m.
1471 2921 1506 2947 his
1516 2920 1725 2952 haedinispemculii
1731 2926 1838 2952 prinum
1847 2919 1948 2950 defleam
1957 2920 1992 2944 eff
2002 2937 2011 2949 ,
2029 2917 2058 2943 id

1101 2959 1136 2986 est
1149 2979 1157 2991 ,
1171 2966 1280 2995 propter
1291 2960 1335 2984 has
1346 2956 1493 2995 pelliculas.
1515 2956 1578 2983 mihi
1589 2963 1676 2982 tamen
1688 2965 1740 2982 non
1751 2955 1834 2991 potest
1845 2954 1955 2981 omnino
1964 2953 2058 2990 displi-

1101 3005 1160 3022 cere
1173 3015 1181 3026 ‚
1203 3002 1344 3021 contemnere
1360 2995 1461 3027 aliquem
1470 3002 1500 3018 ex
1518 3002 1542 3017 re
1560 2994 1611 3018 alia
1624 3011 1632 3024 ‚
1652 2991 1781 3028 praecipue
1792 3000 1852 3018 cum
1863 2990 1987 3018 meliores
1999 2992 2058 3018 rere

1102 3031 1259 3058 membrana:
1271 3031 1412 3057 leffionem
1423 3038 1479 3054 eam
1490 3028 1633 3056 ostentent.
1938 3056 1943 3059 Δ

1137 3076 1166 3102 9.
1187 3071 1227 3093 Ex
1236 3067 1324 3100 rusticis
1334 3065 1512 3099 decennibus]
1534 3064 1622 3100 Vulgo
1633 3063 1795 3099 interjicitur
1806 3062 1858 3096 sex
1868 3063 1958 3095 ›ustie-25
1968 3061 2060 3087 mendi-

1104 3105 1160 3129 culis
1173 3103 1201 3134 c}
1210 3103 1375 3134 decofforihm,
1387 3110 1478 3127 verum
1490 3101 1524 3127 fic
1533 3100 1790 3137 nullus=scriptorum
1802 3100 1916 3130 Mureti,
1927 3099 1960 3125 sic
1970 3097 2060 3124 nullus

1105 3140 1264 3167 nostrorum.
1293 3139 1380 3175 prima
1400 3136 1483 3166 editio
1502 3136 1611 3175 praefert
1637 3147 1667 3165 cx
1684 3139 1776 3172 rusticis
1793 3138 1880 3163 metalli
1896 3135 2060 3162 decennibus,

1100 3174 1199 3209 jocose.

1943 3214 1955 3232 1
1962 3224 1969 3232 ,
1987 3201 2063 3237 filisa-⁶
