2316 3395
198 1545 242 1579 16

249 163 315 208 72
677 146 1166 194 M.Tut,1,11

252 225 331 260 gravi
341 223 450 265 dignus
460 226 587 255 nomine
597 244 605 258 ‚
617 226 669 265 qui
681 244 689 257 .
701 230 895 264 quaecumque
906 229 949 249 rea
959 217 1100 248 inciderit
1109 237 1118 251 ,
1139 226 1205 261 quae

251 258 288 295 Tit
298 264 430 296 difirione
439 266 611 306 explicanda
621 286 628 300 ,
640 265 800 306 prudenter
809 283 817 296 ‚
829 263 862 291 &
871 258 1036 300 composite
1047 260 1080 289 &
1090 262 1203 292 ornate,

256 307 290 336 δε
301 310 475 339 memoriter
484 309 561 338 dieat
569 328 577 338 .
595 317 666 337 curn
676 305 802 347 quadam
813 305 903 333 etiam
913 302 1038 331 aetionis
1048 301 1203 341 dignitate.

254 351 309 379 Sin
318 351 448 388 cuipiam
459 351 552 379 nimis
562 348 718 378 infinitum
728 346 846 376 Videtur
855 365 862 377 »
875 343 956 384 quod
967 345 1005 372 ita
1014 343 1100 382 Posui
1110 362 1118 376 ³
1130 351 1204 383 qua-

256 391 414 431 cumquede
422 401 449 419 re
458 411 467 423 ‚
491 391 560 420 licet
578 391 649 419 hinc
659 409 667 422 ,
688 396 833 428 quantum
843 395 949 426 cuique
958 384 1110 414 videbitur
1119 403 1128 417 ,
1147 385 1206 414 cir-

256 430 406 462 cumcidat
414 453 421 466 ‚
434 442 520 472 atque
529 439 675 470 amputet:
698 438 798 459 tamen
808 427 881 457 illud
893 426 1001 457 tenebo
1011 445 1020 459 ‚
1032 424 1052 455 si
1063 446 1071 459 ‚
1082 435 1148 466 quae
1157 434 1205 454 ce-

255 481 324 503 teris
336 475 367 502 111
377 473 497 505 artibus,
510 482 557 502 aut
569 471 673 502 studiis
683 469 732 501 sita
742 470 819 502 sunt,
829 477 927 499 orator
936 469 1064 508 ignoret,
1074 475 1206 497 tantum-

254 524 311 554 que
322 524 354 543 ea
364 523 460 544 teneat
469 534 478 547 ‚
498 523 565 554 qua:
574 512 630 543 sint
639 515 672 542 in
681 509 944 551 disceptationibus
955 529 963 541 .
984 511 1076 539 autin
1086 508 1140 538 usu
1157 506 1207 537 fo-

255 555 331 586 rcnfi
345 566 349 583 ·.
368 565 467 584 tamen
477 556 523 584 liis
533 554 569 584 de
579 554 666 584 rebus
676 552 742 594 ipsis
753 551 773 582 si
784 551 816 582 sit
827 554 854 582 ei
864 550 1026 581 dicendum
1036 570 1048 583 .
1067 549 1139 580 cum
1153 559 1204 579 co-

256 599 392 638 gnoverit
403 596 439 626 ab
450 598 485 626 iis
498 617 506 629 ,
526 598 576 637 qui
587 605 690 626 tenent
699 615 707 628 ‚
728 604 794 636 quae
804 592 902 624 sintin
911 602 1025 633 quaque
1036 602 1085 625 reg,
1108 591 1207 620 multo

255 648 400 667 oratori-m
413 636 540 671 melius,
552 637 644 678 quam
655 637 732 678 ipsos
743 636 812 666 illos
822 656 830 669 ‚
843 644 973 676 quorum
983 644 1024 664 eae
1035 634 1102 663 sunt
1111 641 1184 662 artes
1197 652 1204 665 ‚

254 677 312 709 effe
322 679 484 710 distururn.
516 682 560 709 Ita
571 678 591 708 si
601 679 636 709 de
646 689 675 708 re
687 678 810 708 militati
820 675 984 706 dicendum
994 675 1065 705 huic
1078 676 1131 704 erit
1141 674 1208 704 Sul-

253 724 333 760 picio
342 741 352 754 ,
373 720 507 761 quaereta
518 723 549 751 C.
562 723 659 751 Mario
669 719 753 750 affini
763 718 864 749 nostro
876 738 884 751 ‚
898 717 930 747 &
942 737 950 750 ‚
962 715 1032 746 cum
1044 718 1187 759 acceperit
1198 735 1206 748 ‚

254 765 292 792 iti
303 762 508 802 pronuntiabit
517 783 524 796 ‚
539 772 570 792 ut
580 761 632 803 ipsi
642 765 674 792 C.
687 763 784 791 Mario
793 759 878 800 paene
889 760 938 789 hic
947 757 1057 788 melius
1070 777 1077 790 ‚
1095 760 1103 776 ¹
1115 767 1206 797 quarn

252 805 313 844 ipse
326 804 376 834 ille
387 804 457 834 scire
466 804 609 834 videatur.
632 806 686 834 Sin
703 803 740 832 de
755 804 820 841 jure
834 801 935 831 civili:
957 809 1056 830 tecum
1067 808 1208 828 commu-

255 846 369 876 nicabit
378 866 386 878 ,
398 855 485 887 teque
495 846 653 875 hominem
666 841 925 885 prudentiffimum
936 861 945 875 ‚
957 838 1208 880 &peritiffimum

255 889 288 917 in
301 890 335 917 iis
347 886 413 927 ipsis
423 887 510 917 rebus
520 908 527 920 ‚
540 897 611 927 quas
621 887 671 917 abs
683 896 709 916 te
720 885 872 918 didicerit,
894 883 1015 912 dicendi
1025 891 1084 912 arte
1094 881 1209 926 supera-

256 929 310 958 bit.
336 932 388 959 Sin
399 939 455 969 qua
466 939 508 958 res
519 928 674 961 inciderit,
687 930 720 957 in
729 937 785 968 qua
796 926 832 956 de
841 933 954 957 natura,
967 924 1002 953 de
1012 925 1094 953 vitiis
1105 923 1208 951 homi-

255 980 331 1001 nurn
344 990 352 1004 ,
364 970 400 1000 de
410 969 620 1010 cupiditatibus
631 991 639 1003 ‚
651 969 686 999 de
699 967 793 998 modo
806 988 813 1000 ‚
833 967 869 997 de
879 966 1065 995 continentia
1075 984 1084 996 ,
1107 963 1144 993 de
1155 963 1210 992 do-

256 1012 319 1042 lore
332 1033 340 1045 ‚
351 1012 388 1042 de
398 1021 493 1042 morte
503 1011 667 1042 dicendum
679 1010 713 1040 sit
723 1021 728 1039 :
740 1008 859 1039 forsitan
870 1028 878 1041 2
891 1006 911 1036 si
922 1008 950 1036 ei
960 1005 994 1036 fit
1003 1007 1101 1036 visum
1113 1025 1121 1038 ,
1133 1004 1179 1043 (δε
1189 1002 1210 1033 si

255 1055 319 1084 haec
327 1053 450 1094 quidem
460 1052 542 1083 nosse
553 1052 640 1083 debet
649 1052 758 1091 omtor)
768 1061 838 1081 curn
850 1053 916 1080 Sex.
928 1049 1073 1087 Pompejo
1082 1067 1090 1079 ‚
1109 1046 1209 1095 erudi-

255 1105 287 1126 to
297 1097 423 1125 homine
434 1097 466 1125 in
477 1095 664 1135 philosophia
673 1114 682 1127 ‚
703 1090 950 1123 communicabit.
984 1092 1052 1120 Hoc
1070 1087 1209 1129 profe&o

256 1136 384 1170 efficiet,
405 1146 438 1167 ut
454 1146 662 1177 quamcunque
672 1145 735 1165 rem
750 1135 766 1165 a
777 1143 896 1176 quoque
906 1133 1100 1173 cognoverit,
1123 1129 1160 1159 de
1178 1139 1211 1159 ea

256 1179 358 1208 multo
368 1178 444 1208 dicat
454 1180 583 1207 ornatius
597 1198 604 1210 ,
624 1176 715 1218 quam
726 1177 776 1205 ille
788 1176 848 1215 ipse
859 1195 868 1207 ‚
889 1174 968 1204 unde
978 1173 1123 1214 cognorit.
1152 1170 1210 1200 Sed

257 1218 277 1249 fi
288 1230 338 1249 me
347 1219 473 1250 audierit
482 1239 490 1252 ,
511 1221 653 1260 quoniam
663 1218 853 1258 philosophia
862 1218 894 1245 in
904 1216 972 1245 treis
982 1216 1087 1254 parteis
1098 1211 1139 1243 est
1149 1211 1210 1242 dis-

255 1261 364 1291 tributa
375 1281 383 1294 ‚
395 1263 426 1291 in
437 1270 544 1291 natura:
555 1260 763 1291 obscuritatem
774 1279 782 1293 ‚
793 1262 825 1288 in
835 1256 995 1288 disserendi
1004 1255 1209 1286 subtilitatem,

255 1305 288 1333 in
299 1305 391 1333 vitam
402 1311 487 1343 atque
497 1312 596 1333 mores
609 1312 614 1331 :
633 1301 694 1332 duo
704 1302 755 1331 illa
766 1301 968 1340 relinquamus
979 1317 987 1331 ‚
1008 1297 1097 1338 idque
1108 1295 1212 1342 largia-

255 1355 326 1374 mur
336 1346 449 1374 inertiae
459 1343 564 1374 nostra:
576 1354 581 1372 :
601 1345 723 1374 tertium
742 1340 815 1372 verb
823 1362 834 1376 ,
855 1340 936 1382 quod
955 1340 1071 1378 semper
1088 1346 1212 1367 oratoris

255 1385 315 1417 fuit
325 1406 333 1420 ,
345 1384 401 1415 nisi
410 1385 579 1416 tenebimus
590 1405 597 1418 2
610 1386 688 1416 nihil
698 1386 816 1417 oratori,
828 1386 860 1413 in
870 1392 930 1423 quo
942 1390 1065 1421 magnus
1076 1377 1133 1409 effe
1144 1378 1213 1418 pos-

257 1427 291 1457 sit
304 1449 312 1460 ,
323 1428 539 1468 relinquemus.
570 1430 666 1467 (ξι-1316
678 1427 727 1456 hic
736 1426 818 1455 locus
829 1425 864 1455 de
875 1426 934 1453 vita
944 1423 976 1452 &
987 1421 1123 1452 moribus
1134 1430 1212 1450 totus

256 1469 300 1500 est
310 1471 418 1500 oratori
426 1468 654 1508 perdiscendos:
671 1476 766 1498 cetera
776 1466 796 1496 si
807 1476 870 1496 non
881 1465 1034 1497 didicerit,
1046 1472 1148 1493 tamen
1159 1471 1214 1501 po-

258 1513 326 1542 terit
336 1531 344 1544 ,
357 1509 378 1540 fi
387 1510 506 1551 quando
516 1520 589 1550 opus
598 1512 664 1543 erit,
675 1519 779 1539 ornare
789 1507 928 1540 dicendo,
945 1505 965 1535 si
976 1504 1070 1535 modo
1082 1513 1168 1534 erunt
1177 1502 1213 1533 ad

258 1563 331 1583 eum
341 1552 434 1582 delata
443 1572 451 1586 ‚
465 1552 497 1582 &
506 1552 618 1582 tradita.
649 1553 771 1581 Etenim
783 1549 803 1579 si
814 1549 926 1579 constat
935 1549 1011 1577 inter
1020 1546 1125 1576 do&os
1137 1565 1145 1579 ,
1165 1546 1214 1573 lm-

257 1604 363 1624 mmem
372 1596 509 1634 ignarum
519 1593 693 1633 astrologiae‚
705 1590 907 1623 ornatiffimis‚
918 1599 945 1620 at
968 1599 1004 1618 ue
1013 1589 1137 1628 optimis
1147 1597 1214 1616 ver-

258 1635 335 1666 sibus
347 1638 471 1666 Aratum
483 1655 491 1669 ,
504 1635 540 1665 de
551 1635 639 1668 coelo,
651 1634 799 1674 stellisque
809 1630 931 1663 dixiffe:
962 1641 973 1660 1
983 1630 1018 1660 d'e
1029 1630 1116 1659 rebus
1126 1627 1213 1658 rusti-

257 1680 301 1708 cis
311 1678 471 1707 hominem
482 1677 518 1706 ab
527 1687 596 1716 agro
605 1674 780 1706 remotiffim
786 1685 849 1708 um,
861 1672 1049 1704 Nicandrum
1060 1671 1213 1709 Colopho-

259 1721 361 1752 nium,
373 1719 489 1759 po'e'tica
498 1717 623 1759 quadam
633 1717 779 1751 facultate,
791 1727 855 1746 non
865 1715 979 1748 rustica,
991 1711 1129 1753 scripsisse
1140 1722 1214 1757 pra:-

259 1761 336 1791 clare
349 1772 354 1789 :
375 1759 447 1801 quid
463 1759 505 1790 est
516 1780 524 1794 ,
544 1769 597 1789 cur
607 1769 670 1789 non
679 1769 777 1789 orator
786 1758 821 1788 de
831 1758 917 1788 rebus
927 1758 964 1786 iis
973 1753 1212 1796 eloquentissime

260 1803 340 1834 dicat
349 1822 357 1836 ,
378 1812 448 1842 quas
465 1801 500 1831 ad
514 1810 623 1832 certam
633 1802 747 1831 causam
759 1820 767 1834 ‚
788 1800 964 1840 tempusque
981 1798 1138 1838 cognorit?
1160 1794 1212 1825 Est

258 1846 344 1875 enim
366 1841 514 1873 finitimus
532 1845 639 1873 oratori
658 1844 746 1882 poeta
755 1862 764 1875 ,
784 1843 917 1871 numeris
929 1838 1094 1870 adstriCtior
1102 1838 1191 1878 paulo
1204 1857 1212 1870 ,

258 1886 422 1917 verborum
431 1893 530 1915 autem
542 1885 661 1914 licentia
671 1884 793 1914 liberior
804 1905 812 1917 ‚
828 1883 932 1913 multis
942 1880 1014 1911 vero
1025 1878 1152 1910 ornandi
1163 1889 1214 1920 ge-

257 1928 383 1958 neribus
395 1927 491 1957 socius
502 1946 510 1960 ‚
530 1936 563 1956 ac
572 1926 656 1966 paene
667 1936 734 1965 par:
753 1927 786 1955 in
804 1927 862 1955 hoc
880 1922 1005 1964 quidem
1022 1921 1101 1952 certe
1119 1919 1212 1960 prope

259 1969 343 1999 idem
355 1989 364 2002 ,
383 1968 475 1998 nullis
495 1977 526 1998 ut
544 1969 682 1998 terminis
701 1966 923 1997 circumscribat
931 1985 939 1999 ,
959 1973 1009 1994 aut
1026 1962 1148 1993 definiat
1163 1963 1212 2002 jus

260 2011 348 2041 suum
359 2030 367 2044 ‚
379 2019 439 2050 quo
451 2010 551 2038 minus
563 2011 589 2038 ei
601 2009 686 2038 liceat
694 2008 798 2038 eadem
809 2008 859 2039 illa
868 2007 1015 2039 facultate,
1029 2005 1061 2034 &
1071 2005 1156 2045 copia
1164 2014 1215 2034 va-

257 2054 320 2097 gari
331 2071 340 2085 ,
359 2051 417 2094 qua
425 2051 508 2081 velit.
537 2053 552 2069 ²
563 2052 704 2091 Namque
712 2050 789 2079 illud
799 2059 885 2090 quare
895 2048 1041 2082 Scaevola,
1065 2044 1175 2089 negasti
1186 2054 1214 2075 te

258 2092 347 2124 tuiffe
357 2094 486 2123 laturum
497 2112 506 2126 ‚
528 2090 583 2121 nisi
594 2093 626 2121 in
637 2102 708 2121 meo
716 2101 809 2132 regno
819 2089 891 2121 efl'es
900 2111 910 2124 ‚
930 2088 1013 2132 quod
1022 2091 1056 2118 in
1067 2089 1154 2117 omni
1162 2097 1213 2128 ge-

260 2145 331 2166 nere
348 2135 495 2165 sermonis
506 2154 515 2167 ‚
536 2135 569 2163 in
579 2135 665 2163 omni
674 2142 753 2172 parte
763 2133 955 2163 humanitatis
967 2131 1097 2160 dixerim
1116 2137 1214 2159 orato-

261 2187 325 2207 rem
334 2173 487 2217 perfet‘ffum
495 2173 552 2204 effe
563 2174 690 2204 debere?
708 2176 873 2214 Nunquam
885 2172 1054 2203 mehercule
1064 2172 1123 2200 hoc
1133 2171 1213 2200 dice-

261 2228 325 2248 rem
336 2237 344 2252 ,
357 2216 378 2247 fi
387 2227 457 2247 eum
470 2235 479 2250 ,
490 2226 580 2258 quem
594 2215 684 2257 fingo,
699 2217 848 2255 meipsum
859 2213 918 2244 efl'e
927 2213 1088 2244 arbitrarer.
1110 2212 1170 2245 sed,
1183 2220 1216 2241 ut

263 2259 375 2290 solebat
384 2261 416 2288 C.
426 2260 562 2289 Lucilius
573 2257 645 2297 saepe
652 2257 750 2287 dicere
762 2277 769 2290 ‚
786 2258 883 2287 homo
893 2255 948 2285 tibi
959 2255 1104 2285 subiratus
1116 2273 1124 2286 ,
1137 2254 1213 2283 mihi

262 2309 381 2342 propter
390 2310 455 2330 eam
466 2300 558 2339 ipsam
569 2300 683 2328 causam
695 2297 799 2329 minus
809 2318 817 2332 ,
837 2297 927 2338 quam
938 2295 1074 2329 volebat,
1086 2294 1215 2325 familia—

260 2345 301 2372 ris
312 2362 321 2375 ,
334 2342 382 2372 sed
392 2351 494 2371 tamen
504 2342 536 2371 δε
547 2340 665 2373 doctus,
677 2340 710 2369 δε
719 2340 917 2380 perui-banus:
936 2337 973 2369 sic
983 2338 1078 2367 sentio
1089 2355 1097 2370 2
1111 2346 1216 2366 NEMl-

263 2393 337 2413 rii-:M
349 2393 423 2413 Essa
433 2384 465 2412 in
475 2392 626 2413 oratorum
639 2391 766 2411 numero
778 2380 961 2414 habendum,
971 2381 1022 2421 qui
1032 2388 1095 2408 non
1105 2376 1141 2409 fit
1148 2388 1217 2408 om—

263 2425 352 2456 nibus
362 2427 399 2455 iis
409 2424 518 2454 artibus
528 2444 536 2457 ,
557 2433 622 2464 quae
634 2423 700 2454 sunt
709 2423 806 2453 libero
815 2422 912 2463 dignae
921 2442 930 2456 ,
949 2421 1113 2462 perpolitus
1125 2431 1130 2449 z
1150 2421 1218 2460 qui-

262 2468 319 2497 bus
330 2465 396 2506 ipsis
406 2486 415 2500 ,
427 2464 447 2495 fi
457 2467 490 2496 in
500 2465 629 2495 dicendo
640 2474 704 2494 non
714 2467 828 2495 utimur
838 2484 846 2498 ‚
867 2473 967 2494 tamen
976 2459 1094 2502 apparet
1104 2482 1112 2495 ‚
1131 2470 1217 2502 atque

262 2507 358 2538 exstat
368 2528 376 2542 ,
387 2517 488 2538 utrum
501 2506 590 2537 fimus
601 2516 702 2536 earum
713 2506 801 2536 rudes
812 2525 820 2539 ,
832 2506 870 2536 311
879 2505 1075 2536 didicerimus
1088 2511 1138 2532 :ut
1147 2523 1155 2537 ,
1166 2503 1219 2543 qui

258 2550 321 2590 pila
335 2549 447 2582 ludunt,
462 2559 525 2578 non
536 2557 658 2578 utuntur
668 2550 700 2577 in
711 2548 772 2587 ipsa
781 2546 893 2577 lusione
903 2544 1028 2577 artificio
1036 2547 1158 2585 proprio
1169 2554 1218 2584 pa-

263 2590 364 2620 laestra:
376 2611 384 2624 ,
396 2590 443 2620 sed
455 2590 565 2620 indicat
576 2591 635 2630 ipse
647 2598 747 2619 motus
759 2609 768 2622 ,
780 2589 978 2619 didicerintne
985 2586 1148 2628 palaestram
1160 2606 1168 2619 ,
1179 2596 1217 2616 an

263 2633 410 2662 nesciant:
423 2631 456 2661 &
465 2633 516 2672 qui
527 2631 638 2674 aliquid
651 2629 906 2672 fingunt,ets1tum
918 2628 1032 2670 pi&ui·a
1041 2629 1118 2658 nihil
1127 2637 1218 2658 utun-

264 2683 311 2704 tur
321 2694 329 2706 ,
343 2682 442 2703 tamen
453 2692 462 2706 ,
473 2672 574 2702 utrum
586 2674 603 2702 s
599 2675 676 2703 ciant
684 2675 815 2712 pingere,
828 2682 865 2702 an
874 2673 1024 2704 nesciant,
1037 2681 1101 2700 11011
1111 2670 1217 2700 obscu-

264 2725 334 2745 rum
344 2713 386 2744 est
398 2725 403 2743 ·.
425 2713 461 2743 sic
473 2715 504 2743 in
514 2714 697 2743 orationibus
708 2714 787 2744 hisce
797 2712 864 2753 ipsis
872 2713 1057 2753 judiciorum
1066 2732 1074 2747 ‚
1094 2713 1217 2741 concio—

264 2766 341 2786 num
352 2776 360 2789 ,
372 2757 488 2786 senatus
498 2775 506 2788 ‚
522 2757 611 2785 etiam
623 2754 642 2784 fi
653 2757 778 2795 propriae
787 2764 888 2785 ceterae
897 2764 962 2784 non
972 2753 1164 2783 adhibeantur
1172 2763 1217 2782 ar-

262 2806 305 2828 tes
317 2818 325 2832 ,
339 2807 438 2828 tamen
447 2796 534 2827 facile
545 2796 705 2827 declaratur
715 2816 723 2830 ,
741 2795 844 2827 utrum
854 2798 879 2826 is
891 2817 899 2829 ,
910 2797 962 2836 qui
972 2795 1049 2825 dicat
1059 2815 1067 2829 ,
1083 2803 1213 2825 tantum-

262 2940 280 2966 s
303 2912 326 2930 1.
345 2907 422 2938 Qam
432 2906 476 2939 Ipsi*
485 2906 585 2939 illescire
594 2905 733 2939 videntum]
755 2905 821 2931 Pau.
832 2906 859 2930 8(
871 2904 944 2931 Gall.
954 2906 1005 2930 illa.
1026 2903 1110 2930 nihilo
1119 2903 1192 2940 pejus
1203 2912 1212 2934 5

275 2949 343 2966 inou
355 2942 459 2967 melius.

297 2984 325 3002 2.
346 2979 453 3011 Namque
460 2976 520 3002 illud
527 2985 600 3010 quare
608 2976 732 3009 hanla]
749 2976 844 3003 ”rosini
855 2976 921 3003 liber
932 2978 946 3003 a
957 2975 1074 3003 Suffr'ido
1084 2974 1212 3002 excussus:

262 3014 325 3037 Nam
335 3012 456 3046 quodillud
466 3032 473 3043 ,
483 3014 531 3044 Q.
541 3015 640 3037 scevola
651 3031 658 3042 ‚
671 3011 755 3038 sorsin
767 3012 876 3039 sestius.

299 3055 325 3081 3.
345 3051 395 3073 Haec
405 3057 456 3073 cum
466 3044 587 3080 egopraetar
598 3067 606 3079 ,
624 3048 691 3081 ἀμ]
711 3049 832 3074 Memmii
843 3048 896 3074 duo
908 3046 965 3074 mss‘.
976 3047 1041 3074 item
1052 3046 1120 3074 Pall.
1131 3047 1159 3076 &
1170 3047 1216 3073 Pi-

262 3083 377 3109 thaeanus
390 3103 397 3115 ‚
407 3085 462 3115 94³
471 3093 522 3108 cum
530 3093 565 3116 ego
575 3103 582 3112 ,
592 3085 643 3114 ὰς.
655 3093 705 3110 uon
716 3083 848 3110 damnem.

296 3126 323 3150 4.
343 3120 449 3144 Srudmm
457 3119 515 3144 illud
521 3119 620 3152 distendi
629 3123 778 3150 acerrimum,
789 3118 857 3153 Cyn]
869 3118 912 3144 Sic
921 3119 1041 3155 plerique
1052 3121 1066 3145 ὲ
1078 3118 1216 3149 Palatinis,

260 3163 345 3191 neque
355 3154 424 3183 secus
435 3155 495 3183 libri
506 3163 572 3190 quos
583 3154 685 3183 evolvit
695 3154 825 3183 suffridus
836 3155 941 3188 nostem
961 3154 1097 3190 quomodo
1115 3153 1216 3182 dudum

1246 142 1772 193 thnnours

1253 218 1348 250 modo
1358 221 1391 250 in
1402 221 1460 251 hoc
1469 219 1680 252 declamatorio
1691 218 1725 251 sit
1733 230 1819 261 opere
1826 218 1951 262 jafiram
1960 241 1969 255 ,
1989 230 2026 252 an
2044 221 2080 253 :id
2097 221 2202 253 dicen·

1251 260 1325 291 dum
1335 263 1479 292 omnibus
1497 264 1635 302 ingenuis
1647 262 1757 292 artibus
1767 261 1927 292 instructus
1935 260 2091 293 access‘erit.
2113 267 2198 295 Tum
2216 273 2226 298 1
2239 266 2260 307 '7

1248 302 1348 334 ridens
1356 304 1498 337 Scaevola,
1510 306 1586 334 Non
1594 304 1739 337 luctabor,
1750 305 1860 345 inquit,
1869 312 1970 335 tecum
1981 324 1989 338 ‚
2003 303 2098 335 Cmffe
2108 325 2117 338 ,
2129 315 2196 335 am-

1247 343 1338 384 plius.
1362 344 1393 375 id
1404 348 1487 375 enim
1498 345 1607 384 ipsum,
1618 345 1700 386 quod
1709 353 1812 376 contra
1821 355 1870 375 me
1880 345 1998 376 locutus
2009 356 2039 376 es
2050 367 2060 380 ,
2073 345 2202 377 artificio

1249 385 1381 426 quodam
1392 397 1421 416 es
1431 387 1608 417 consecutus
1618 406 1626 419 ‚
1650 396 1682 416 ut
1693 387 1724 416 ὃς
1735 387 1830 420 mihi,
1853 397 1918 427 quae
1937 397 1992 429 ego
2011 388 2121 418 vellem
2134 397 2201 419 non
2214 419 2217 424 ,

1251 426 1309 457 esse
1318 429 1441 458 oratoris
1448 427 1627 458 concederes
1639 438 1645 457 t
1663 428 1696 457 &
1705 438 1738 458 ea
1748 428 1807 468 ipsa
1816 429 1917 457 nescio
1927 429 2086 469 quomodo
2097 429 2200 460 rursus
2214 455 2217 459 .

1249 468 1438 509 detorqueres
1449 489 1457 502 ‚
1489 478 1575 509 atque
1584 471 1694 498 oratori
1703 471 1821 509 propria
1829 469 1963 499 traderes.
1987 473 1999 497 3
2014 472 2103 504 Haec,
2123 468 2200 502 cum

1250 520 1305 551 ego
1316 519 1424 549 praetor
1434 510 1580 540 Rhodum
1588 508 1733 540 veniss'em
1745 530 1752 543 ,
1770 510 1803 540 ὃς
1812 520 1883 540 cum
1894 511 2015 540 summo
2026 512 2081 542 illo
2090 511 2214 542 deditos

1250 561 1279 581 re
1292 551 1375 581 istius
1384 551 1456 581 disci
1482 553 1550 582 lina:
1558 551 1726 591 Apollonio
1736 571 1744 584 ‚
1764 561 1798 581 ea
1810 572 1819 584 ,
1840 561 1906 592 qua:
1919 551 1935 581 a
1944 554 2074 582 Panaetio
2083 562 2204 592 accepe-

1250 603 1324 626 ram,
1336 593 1447 624 contul'
1476 591 1528 623 'em
1541 604 1546 622 z
1569 591 1655 622 irrisit
1664 593 1715 622 ille
1725 592 1849 633 quidem
1860 612 1868 625 ‚
1883 601 1916 622 ut
1924 593 2037 623 solebat
2046 614 2054 627 ,
2066 590 2218 634 philoth-l

1251 635 1353 674 phiam
1365 654 1373 668 ,
1385 643 1472 675 atque
1483 633 1641 668 contemsit
1652 654 1660 668 ,
1672 635 1825 674 multaque
1835 644 1900 664 non
1908 643 1969 664 tam
1975 637 2105 676 graviter
2112 635 2202 670 dixit.
2213 658 2217 662 .

1252 676 1343 717 quam
1363 676 1465 706 facete.
1487 686 1537 706 tua
1553 686 1653 706 autem
1672 674 1731 705 fuit
1743 677 1838 705 oratio
1849 675 1999 715 ejusmodi
2011 696 2019 710 ,
2038 687 2103 707 non
2114 678 2218 713 utul->

1252 718 1313 747 lam
1324 727 1429 751 artem,
1440 717 1648 748 doctrinamve
1658 726 1866 747 contemneres
1878 737 1886 749 ‚
1899 716 1947 747 sed
1958 727 1990 748 ut
1999 721 2118 749 omneis
2130 739 2138 752 ‚
2149 729 2204 749 co·-

1255 760 1343 788 mites
1353 770 1383 789 ac
1394 758 1544 789 ministras
1553 760 1677 789 oratoris
1687 756 1744 788 effe
1755 758 1866 788 diceres
1878 770 1883 787 ·.
1895 769 1967 799 quas
1976 769 2031 800 ego
2042 780 2049 793 ,
2062 758 2082 790 si
2092 762 2158 801 quis
2168 758 2204 791 sit

1255 810 1333 830 unus
1344 801 1521 840 complexus
1532 802 1664 833 omneis,
1675 799 1816 840 idemque
1827 798 1848 829 si
1857 799 1893 829 ad
1903 810 1949 830 eas
1956 799 2107 831 facultates
2118 801 2205 833 istam

1254 841 1444 871 ornatiffimae
1453 844 1595 872 orationis
1604 842 1648 881 adj
1655 844 1774 871 unxerit
1783 854 1792 875 5
1810 851 1874 871 non
1882 840 2002 881 polium
2015 842 2122 876 dicere,
2132 853 2206 874 eum

1254 893 1318 912 non
1328 886 1478 924 Qregium
1489 883 1639 923 quendam
1649 884 1812 912 hominem
1823 903 1832 916 ,
1843 892 1928 923 atque
1936 883 2146 914 admirandum
2157 884 2217 920 fo-‚

1255 935 1295 956 re.
1319 925 1368 954 sed
1388 927 1411 954 is
1423 945 1431 958 ,
1451 922 1472 953 fi
1484 927 1550 965 quis
1562 923 1632 954 ess'et
1641 945 1649 957 ‚
1670 933 1719 954 aut
1729 922 1749 953 fi
1758 926 1848 954 etiam
1859 934 2004 965 umquam
2013 923 2133 959 fuisset,
2151 935 2218 960 aut,

1255 964 1327 997 vero
1339 964 1359 995 si
1368 964 1506 1008 cffipoffer
1517 986 1524 999 ‚
1552 975 1585 996 tu
1594 964 1666 996 esses
1675 975 1752 995 unus
1763 964 1899 1005 profecto
1912 986 1920 999 ‚
1940 967 2038 1006 qui&
2045 967 2209 1007 meojudi-

1256 1010 1304 1038 cio
1316 1028 1324 1040 ‚
1337 1008 1369 1038 δε
1380 1010 1534 1039 omnium,
1547 1010 1601 1038 vix
1612 1007 1706 1037 ullam
1717 1009 1822 1037 ceteris
1831 1008 1996 1038 oratoribus
2006 1010 2085 1048 (pace
2094 1010 2217 1039 horum.

1255 1049 1398 1090 dixerim)
1417 1049 1536 1079 laudem
1556 1048 1712 1089 reliquisti.
1743 1048 1858 1078 Verum
1868 1047 1888 1079 si
1899 1049 1954 1079 tibi
1963 1048 2016 1089 ipsi
2025 1050 2103 1081 nihil
2113 1049 2206 1084 deest.

1257 1090 1339 1132 quod
1350 1093 1383 1121 111
1392 1089 1560 1121 forensibus
1570 1091 1667 1125 rebus,
1677 1090 1874 1131 civilibusque
1885 1091 2025 1125 versetur,
2037 1094 2113 1132 quin
2123 1091 2209 1126 seim,

1260 1143 1355 1172 neque
1367 1142 1432 1163 earn
1444 1141 1545 1162 tamen
1556 1132 1710 1162 scientiam
1721 1152 1729 1165 ‚
1741 1141 1831 1173 quam
1840 1131 1976 1173 adjungis
1986 1135 2106 1165 oratori,
2120 1143 2209 1163 com-

1256 1175 1362 1214 plexus
1374 1184 1403 1204 es
1416 1185 1419 1202 :
1440 1174 1595 1203 videamus
1605 1194 1613 1208 ,
1624 1184 1662 1203 ne
1672 1173 1739 1213 plus
1752 1174 1779 1202 ei
1791 1173 1900 1203 tribuas
1913 1194 1921 1207 ,
1931 1173 2022 1214 quam
2032 1184 2077 1204 res
2089 1175 2122 1204 &
2130 1176 2219 1215 veri-y

1258 1225 1297 1245 tas
1310 1216 1370 1255 ipsa
1378 1215 1531 1246 concedat.
1556 1217 1616 1245 Hic
1626 1213 1751 1248 Crassus,
1764 1217 1922 1244 Memento
1933 1234 1941 1248 ‚
1954 1217 2053 1256 inquit
2062 1236 2070 1250 ,
2082 1226 2132 1246 me
2141 1226 2215 1246 non,

1257 1256 1294 1286 de
1306 1267 1373 1286 mea
1384 1278 1391 1290 ,
1413 1256 1463 1286 sed
1475 1256 1510 1286 de
1521 1259 1646 1286 oratoris
1654 1255 1789 1286 facultate
1801 1254 1918 1285 dixisse.
1950 1257 2032 1298 Qid
2050 1260 2134 1288 enim
2150 1267 2212 1288 nos

1257 1306 1306 1328 aut
1321 1298 1484 1329 didicimus
1495 1318 1503 1332 ,
1525 1307 1574 1328 aut
1583 1297 1654 1328 scire
1663 1299 1838 1338 potuimus,
1862 1299 1915 1338 qui
1924 1303 1991 1328 ante
2001 1298 2037 1328 ad
2046 1299 2219 1339 agendum..

1257 1340 1348 1380 qulim
1358 1339 1393 1370 ad
1405 1339 1649 1381 cognoscendum
1659 1341 1800 1369 venimus
1812 1359 1820 1372 ‚
1839 1349 1915 1379 quos
1932 1341 1966 1370 in
1983 1338 2051 1370 foro
2060 1361 2071 1373 ,
2092 1350 2168 1382 quos
2176 1343 2218 1376 in,

1259 1382 1439 1414 ambitione,
1451 1391 1527 1422 quos
1537 1384 1569 1411 in
1579 1391 1640 1422 rep.
1652 1391 1727 1427 quos
1737 1383 1770 1411 in
1780 1382 1947 1416 amicorum
1954 1383 2085 1423 negotiis
2094 1393 2139 1412 res
2149 1383 2219 1422 ipsa,

1258 1423 1326 1454 ante
1336 1423 1467 1453 confecit
1475 1444 1484 1457 ,
1501 1423 1592 1464 quam
1602 1422 1753 1464 pollemus
1762 1422 1873 1463 aliquid
1884 1423 1920 1454 de
1929 1423 2015 1453 rebus
2026 1425 2114 1454 tantis
2119 1424 2212 1464 fhspi-

1258 1466 1325 1494 cari.
1358 1465 1449 1506 Qod
1467 1463 1489 1495 fi
1507 1465 1563 1495 tibi
1582 1473 1699 1495 tantum
1719 1467 1752 1495 in
1771 1465 1859 1494 nobis
1875 1463 2061 1495 videturesse
2071 1485 2080 1499 ‚
2100 1466 2214 1506 quibus

1258 1509 1349 1537 etiam
1360 1506 1380 1537 si
1390 1509 1548 1547 ingenium
1559 1527 1567 1541 ‚
1589 1516 1621 1537 ut
1632 1516 1663 1537 tu
1673 1516 1757 1547 putas
1767 1526 1775 1539 ‚
1796 1516 1861 1536 non
1872 1506 2007 1537 maxime
2018 1506 2115 1536 defuit
2124 1527 2134 1540 ,
2154 1507 2212 1537 do-

1261 1547 1354 1578 &rina
1363 1557 1453 1581 certe,
1467 1548 1498 1578 &
1508 1551 1606 1578 otium
1618 1569 1626 1582 ,
1639 1549 1671 1578 &
1681 1548 1801 1578 hercule
1810 1550 1900 1578 etiam
1909 1551 1926 1574 4
1934 1547 2067 1579 studium
2076 1547 2154 1578 illud
2165 1548 2214 1579 di-

1260 1590 1360 1620 scendi
1371 1592 1549 1621 acerrimum
1559 1589 1671 1620 defuit:
1693 1589 1766 1630 quid
1777 1590 1878 1620 censes
1887 1609 1896 1623 ,
1917 1588 1938 1618 si
1948 1589 1983 1619 ad
1993 1589 2117 1629 alicujus
2127 1592 2215 1632 inge-¹

1260 1633 1347 1662 nium
1357 1632 1406 1662 vel
1415 1632 1510 1672 majus
1520 1632 1583 1666 illa,
1592 1642 1658 1672 quae
1668 1641 1723 1673 ego
1735 1641 1798 1661 non
1808 1632 1889 1671 attigi
1901 1651 1909 1663 ,
1929 1629 2099 1662 accesserint
2108 1633 2119 1660 ἓ
2140 1641 2214 1673 qua-

1260 1673 1321 1703 lem
1332 1674 1419 1703 illum
1431 1693 1439 1706 ,
1461 1674 1494 1704 δε
1504 1682 1649 1714 quantum
1659 1682 1807 1703 oratorem
1818 1672 1954 1702 futurum
1966 1675 1977 1701 ?
2020 1675 2104 1703 Tum
2115 1674 2217 1707 Anto-,

1262 1716 1342 1748 nius,
1354 1715 1461 1745 Probas
1471 1717 1560 1748 1111111,
1572 1717 1680 1756 inquit,
1692 1714 1744 1745 ista
1754 1712 1861 1748 Crasse,
1873 1724 1938 1755 quae
1947 1713 2022 1744 dicis
2034 1724 2040 1743 :
2058 1725 2115 1744 nec
2123 1713 2213 1747 dubi-

1262 1766 1292 1786 to
1303 1776 1311 1790 ‚
1331 1759 1407 1797 quin
1425 1758 1523 1787 multo
1542 1757 1720 1797 locupletior
1738 1758 1772 1786 in
1787 1755 1915 1786 dicendo
1925 1754 2040 1785 futurus
2049 1754 2083 1785 sit
2093 1776 2102 1789 ‚
2121 1754 2214 1798 siquis

1260 1801 1403 1828 omnium
1413 1808 1524 1832 rerum,
1534 1807 1619 1838 atque
1629 1799 1738 1828 artium
1748 1799 1907 1831 rationem,
1921 1806 2115 1839 naturamque
2123 1807 2214 1829 com-

1259 1839 1460 1880 prehenderit.
1489 1840 1545 1870 Sed
1556 1843 1690 1880 primum
1702 1839 1732 1869 id
1743 1837 1867 1869 difficile
1877 1837 1919 1868 est
1928 1837 2008 1868 fafitu
2019 1859 2028 1873 ‚
2045 1839 2218 1879 praesertim.

1260 1893 1293 1912 in
1302 1883 1356 1912 hac
1365 1880 1453 1917 nostra
1460 1882 1526 1911 vita
1537 1901 1546 1915 ‚
1560 1880 1724 1921 nostrisque
1733 1880 1978 1920 occupationibus
1990 1890 1995 1909 ι
2017 1880 2125 1911 deinde
2135 1879 2214 1911 illud

1259 1926 1349 1954 etiam
1359 1923 1526 1953 verendum
1537 1922 1579 1953 est
1592 1944 1600 1956 ‚
1621 1933 1660 1952 ne
1669 1921 1869 1952 abstrahamur
1878 1921 1914 1952 ab
1925 1923 1978 1951 hac
1987 1924 2214 1956 exercitatione,

1262 1966 1294 1995 δε
1303 1964 1519 1995 consuetudine
1528 1963 1649 1995 dicendi
1658 1964 1795 2004 populari
1803 1983 1812 1997 ‚
1832 1963 1865 1993 &
1873 1961 1992 1992 forensi.
2024 1963 2117 1993 Aliud
2127 1965 2213 1994 e‘nim

1260 2008 1338 2036 mihi
1357 2006 1511 2047 quoddam
1528 2016 1622 2046 genus
1639 2006 1783 2035 orationis
1801 2003 1859 2034 este
1868 2004 1986 2034 videtur
1993 2013 2100 2034 eorum
2109 2006 2221 2046 horni-v

1259 2059 1346 2081 num,
1358 2050 1394 2078 de
1403 2047 1511 2088 quibus
1520 2046 1622 2088 paullo
1630 2045 1697 2077 ante
1709 2045 1823 2080 dixisti,
1835 2047 1972 2087 quamvis
1982 2046 2029 2075 illi
2039 2045 2141 2076 ornate
2153 2065 2162 2079 ‚
2177 2046 2212 2076 δε

1260 2092 1385 2132 graviter
1393 2098 1442 2119 aut
1452 2089 1489 2121 de
1499 2098 1602 2120 natura
1610 2099 1720 2121 rerum,
1731 2097 1781 2117 aut
1790 2088 1826 2117 de
1836 2089 1975 2117 humanis
1985 2087 2073 2116 rebus
2085 2087 2214 2128 loquan-

1261 2141 1317 2163 tur,
1342 2131 1485 2162 Nitidum
1494 2130 1645 2176 quoddam
1655 2138 1748 2171 genus
1757 2128 1800 2158 est
1807 2128 2016 2162 verborum,&
2026 2129 2130 2159 laetum
2142 2140 2147 2158 :
2159 2127 2212 2159 sed

1260 2172 1398 2213 palaestrae
1407 2174 1501 2214 magis
1513 2192 1521 2206 ,
1534 2172 1567 2201 δε
1577 2172 1657 2205 olei,
1669 2170 1760 2211 quam
1771 2171 1860 2210 hujus
1869 2170 1969 2200 civilis
1977 2171 2068 2214 turbat
2081 2190 2089 2204 ‚
2101 2181 2133 2200 ac
2143 2169 2213 2200 fori.

1262 2218 1401 2255 Namque
1411 2222 1540 2255 egomet,
1551 2214 1604 2254 qui
1616 2211 1690 2245 sero,
1704 2222 1735 2241 ac
1745 2212 1849 2242 leviter
1859 2214 1971 2242 Graecas
1982 2213 2092 2242 litteras
2103 2211 2221 2253 attigiss'

1261 2257 1334 2289 sem,
1346 2264 1447 2285 tamen
1455 2253 1527 2285 cum
1537 2264 1591 2295 pro
1600 2254 1765 2287 consulein
1775 2254 1912 2283 Ciliciam
1922 2251 2112 2294 proficiscens
2121 2254 2215 2283 Athe-

1261 2307 1313 2328 nas
1322 2295 1468 2327 veniss'em
1481 2316 1489 2329 ‚
1511 2296 1693 2336 complui-eis
1703 2303 1768 2324 tum
1778 2294 1822 2324 ibi
1831 2294 1893 2324 dies
1903 2295 1970 2329 sum
1980 2298 1993 2322 5
1999 2304 2119 2339 propter
2127 2291 2219 2325 navi-⁴

1261 2338 1351 2380 gandi
1370 2336 1578 2368 difficultatem
1592 2345 1796 2367 commoratus
1808 2347 1814 2365 :
1833 2335 1882 2366 sed
1894 2356 1901 2369 ‚
1921 2335 1994 2366 cum
2003 2336 2138 2377 quotidie
2149 2346 2218 2373 me-¹

1261 2390 1331 2410 cum
1342 2379 1482 2409 haberem
1492 2381 1632 2411 homines
1642 2376 1827 2408 doffiffimos
1838 2397 1847 2412 ,
1858 2388 1908 2407 eos
1917 2377 1979 2408 fere
1990 2378 2068 2418 ipsos
2078 2398 2086 2412 ‚
2099 2379 2152 2418 qui
2162 2377 2215 2407 abs

1261 2431 1288 2452 te
1309 2419 1404 2453 modo
1424 2421 1491 2451 sunt
1509 2421 1677 2453 nominati,
1699 2429 1828 2459 cumque
1837 2420 1896 2449 hoc
1905 2440 1913 2453 ,
1934 2419 2036 2449 nescio
2044 2418 2214 2460 quomodo,

1260 2462 1336 2503 apud
1348 2472 1399 2493 eos
1409 2460 1608 2496 increbuisset,
1619 2471 1668 2491 me
1678 2463 1711 2491 in
1722 2460 1811 2491 causis
1822 2461 1984 2501 majoribus
1994 2481 2002 2495 ‚
2014 2459 2097 2491 ficuti
2107 2469 2134 2491 te
2145 2481 2154 2495 ‚
2166 2460 2217 2491 so-

1263 2505 1322 2534 lere
1332 2504 1450 2537 versari,
1462 2503 1478 2524 ⁶
1487 2514 1541 2544 pro
1552 2505 1579 2534 se
1591 2504 1714 2544 quisque
1725 2512 1757 2533 ut
1767 2512 1890 2543 poterat,
1898 2502 1934 2532 de
1944 2501 2047 2533 officio
2058 2503 2091 2532 δε
2101 2503 2218 2532 ratione

1264 2548 1387 2576 oratoris
1398 2545 1572 2586 disputabat.
1592 2548 1712 2575 Horum
1723 2545 1784 2579 alii,
1797 2544 1868 2575 sicut
1878 2543 1931 2574 iste
1941 2545 2001 2584 ipse
2011 2544 2215 2579 Mnesarchus,

1264 2589 1319 2618 hos
1330 2607 1338 2621 ,
1359 2597 1433 2628 quos
1444 2598 1499 2617 nos
1510 2596 1637 2617 oratores
1648 2596 1822 2617 vocaremus
1833 2606 1841 2620 ,
1862 2586 1941 2616 nihil
1951 2584 2008 2615 effe
2018 2586 2133 2616 dicebat
2141 2605 2150 2620 ‚
2161 2583 2218 2615 nifi

1263 2629 1407 2671 quosdam
1426 2631 1558 2669 operarios
1575 2629 1676 2670 lingua
1692 2629 1798 2662 celeri,
1821 2628 1854 2658 &
1873 2628 2045 2658 exercitata:
2068 2636 2218 2661 oratorem

1262 2680 1362 2701 autem
1374 2690 1382 2704 ,
1396 2670 1451 2700 nisi
1460 2673 1512 2712 qui
1524 2671 1636 2710 sapiens
1647 2668 1719 2700 esset
1730 2690 1738 2704 ‚
1761 2668 1820 2700 effe
1829 2671 1987 2699 neminem
1999 2679 2004 2698 :
2023 2678 2109 2709 atque
2120 2669 2215 2709 ipsam

1263 2711 1564 2752 eloquentiam,quod
1574 2722 1612 2741 ex
1622 2712 1697 2741 bene
1708 2711 1829 2745 dicendi
1838 2711 1957 2740 scientia
1965 2709 2217 2744 constaret,unam

1261 2753 1410 2794 quandam
1423 2752 1479 2785 ess'e
1489 2756 1632 2783 virtutem
1645 2763 1650 2781 ;
1674 2753 1707 2781 &
1717 2773 1726 2787 ,
1767 2754 1798 2782 ui
1817 2762 1909 2782 unam
1925 2753 2068 2781 virtutem
2088 2751 2222 2786 haberer,

1262 2796 1382 2825 omneis
1393 2795 1508 2829 habere,
1521 2795 1625 2837 easque
1636 2795 1709 2834 ipsis
1720 2805 1734 2824 e
1763 2804 1778 2824 e
1788 2795 1866 2824 inter
1875 2794 1903 2824 se
1913 2794 2061 2834 aequaleis‚
2074 2793 2107 2823 ὃς
2115 2794 2223 2836 11111015.μ

1871 2851 1875 2857 ’
2169 2842 2220 2866 lta,

1259 2903 1409 2937 conjecerat
1421 2904 1602 2929 Hotomanus.

1298 2948 1323 2972 5.
1344 2942 1443 2971 'Propter
1452 2939 1584 2971 navigandi
1593 2935 1774 2970 difficultatem]
1787 2935 1882 2962 Tosani
1893 2934 1971 2966 liber,
1976 2932 2131 2968 facultatem.
2151 2929 2231 2968 quod·

1258 2975 1430 3001 temerarium
1446 2973 1526 2999 videri
1538 2982 1590 2999 uon
1601 2972 1689 2998 debet.

1296 3011 1324 3036 6.
1343 3011 1420 3043 Profi·
1429 3011 1523 3043 qmfipte
1535 3028 1542 3040 ‚
1553 3015 1678 3041 utpoterat
1690 3026 1697 3037 ,
1718 3007 1744 3031 de
1753 3006 1845 3040 officim]
1868 3004 1959 3031 Editio
1979 3004 2106 3031 vetustior
2117 3021 2126 3034 ,
2141 3010 2183 3035 pro
2197 3002 2224 3036 J?

1258 3056 1307 3081 qua
1316 3046 1410 3079 quisque
1417 3051 1510 3079 potergn
1522 3063 1529 3075 ,
1539 3053 1623 3079 neque
1634 3043 1712 3069 aliter
1724 3042 1790 3068 l’all.
1801 3042 1913 3077 priores.
1924 3049 1982 3067 uam
1995 3047 2058 3066 tert.
2069 3040 2095 3065 δὲ
2108 3039 2224 3064 Memmi

1256 3082 1329 3116 prose
1339 3082 1433 3115 qmfiyue
1441 3086 1548 3113 polum,-
1561 3079 1612 3105 sine
1623 3085 1659 3103 ut.
1680 3089 1688 3103 ι
1699 3085 1767 3104 uart.
1778 3078 1866 3112 quint.
1877 3077 1930 3102 &c.
1948 3076 2019 3108 prosc
2030 3076 2124 3109 quisque
2134 3083 2223 3105 eorum,

1258 3124 1374 3152 quantum
1381 3117 1587 3155 quiffiuepotesat.
1608 3088 1770 3140 Gulielmius
1780 3112 1888 3150 putabat
1899 3111 2028 3145 sufficere,
2034 3112 2107 3146 profi
2116 3110 2224 3147 quifiguq

1259 3154 1287 3180 de
1295 3155 1362 3188 ffcici
1373 3171 1381 3186 ‚
1393 3153 1445 3185 &c.
1464 3150 1562 3180 ominis
1572 3149 1752 3179 intermediis.
2139 3183 2161 3208 L
2175 3188 2187 3207 f

2102 3190 2128 3211 1.·
2165 3189 2229 3215 1,,671-

2233 1681 2274 1718 18
