2360 3400
155 1294 178 1319 2

144 1902 190 1938 28
211 1913 254 1932 no.

553 107 898 157 Tvscvr„
967 108 1544 175 Qonsrionvu
1610 116 1761 165 Lis.
1809 117 1847 165 1.
2054 134 2179 187 1059

221 194 345 231 verbis,
363 189 562 232 uberibusque
575 191 741 222 sententiis.
763 189 1078 222 Painosoi’nmverb
1089 210 1098 225 ‚
1111 200 1181 221 om-
1203 192 1206 232 ,l
1225 203 1288 225 non
1298 192 1456 235 possumus
1468 205 1549 227 :turn
1559 196 1776 230 viciffitudines
1785 198 1916 235 dierum,
1927 200 2173 243 atquenoffluim

225 241 314 270 nium
324 234 547 268 materartium,
557 233 630 274 quid
640 232 683 264 est
691 232 772 264 aliud
785 253 794 267 ³
815 231 869 263 nifi
880 253 889 268 ›
908 233 1032 264 utPlato
1045 234 1086 263 ait
1097 252 1106 266 2
1123 232 1181 263 d0-
1201 237 1204 274 j*
1223 239 1537 280 commutationesque
1549 248 1723 280 temporum
1734 241 1958 282 quadripartitas
1969 263 1978 277 ,
2001 243 2037 274 ad
2047 245 2175 274 maturi-

224 288 324 313 num,
343 285 377 308 ut
393 285 466 317 ego,
489 276 651 306 inventum
662 275 812 305 deorum?
833 284 912 305 amc
926 283 984 304 Nos
995 274 1131 314 primum
1142 273 1177 304 ad
1201 283 1202 286 ’
1222 286 1313 308 tatem
1322 278 1445 320 frugum
1460 300 1469 315 ,
1489 280 1523 311 δε
1533 280 1568 312 ad
1581 284 1830 322 temperationem
1841 294 2003 324 corporum
2014 293 2105 326 aptas,
2120 295 2176 316 eo-

221 319 347 352 illorum
367 318 484 348 cultum
493 336 502 351 ‚
523 317 634 348 deinde
641 317 677 347 ad
688 318 737 357 jus
745 317 909 348 hominum
922 335 931 350 ‚
942 317 1024 357 quod
1036 313 1124 346 fitum
1135 314 1177 345 est
1220 328 1346 361 rumque
1363 331 1506 353 omnium
1518 323 1738 355 moderatorem
1750 325 1783 356 &
1793 325 1900 356 ducem
1911 326 2006 357 solem
2018 346 2027 361 ‚
2047 327 2175 358 lunam·

219 362 256 392 in
273 360 392 401 generis
400 360 527 390 humani
540 359 697 393 societate,
717 368 782 399 tum
792 359 828 389 ad
839 357 1017 388 modestiam
1028 377 1038 391 ι
1059 358 1178 398 magni·
1218 369 1277 401 que
1294 365 1460 394 accretione
1471 384 1479 398 ,
1497 364 1530 396 δε
1551 364 1757 397 diminutione
1768 368 1914 403 luminis,
1939 367 2019 410 quasi
2027 367 2175 400 fastorum

219 402 420 442 tudinemque
431 401 527 431 animi
538 401 666 432 erudivit
678 400 856 441 :eademque
867 401 903 430 ab
913 400 1177 439 anim02tanquam
1219 411 1376 434 notantem
1387 424 1396 439 ,
1415 405 1448 435 &
1466 404 1684 446 significantem
1702 408 1766 439 dies
1775 429 1784 443 ,
1808 418 1873 440 tum
1893 412 1926 440 in
1935 410 2045 441 eodem
2055 410 2128 441 orbe
2137 412 2174 442 in

220 444 259 476 ab
277 444 395 477 oculis,
413 443 574 482 caliginem
595 442 734 482 dispulit,
755 451 787 473 ut
797 444 903 472 omnia
921 441 1176 486 superarinterat

220 487 339 528 prima,
361 486 489 519 ultima,
507 484 796 516 mediavideremus.
816 483 924 524 prorsus
935 482 1176 512 baaecdivmamiln

220 528 338 559 videtur
354 527 400 557 vis
411 546 419 560 ‚
443 537 502 567 qua
521 534 563 556 tot
580 537 620 556 res
636 526 759 565 efficiat„
778 526 929 558 ‘la-tantas.
952 523 1026 566 quid
1036 523 1173 555 estenim

219 571 371 602 memoria
381 578 494 602 rerum,
505 568 537 599 &
548 568 712 599 verborum
725 570 735 597 ?
756 567 830 609 quid
840 566 932 607 porro
943 568 1094 596 inventio?
1102 575 1174 606 pro·

217 610 302 645 ἱθᾶὸ
323 611 353 642 id
361 630 371 644 ‚
398 621 456 652 qua
473 611 571 641 necin
580 610 639 641 deo
648 609 814 651 quidquam
825 610 921 649 majus
932 608 1060 649 intelligi
1068 606 1174 648 potest.

218 663 286 685 non
304 654 388 685 enim
411 650 558 683 ambrofia
576 652 667 685 deos,
687 661 737 682 aut
755 650 874 683 nectare
887 670 897 684 ‚
922 654 931 670 ¹
959 651 1175 697 autJuventate

217 695 327 736 pocula
334 693 522 725 ministrante
531 713 541 728 ‚
554 694 644 725 laetari
655 693 782 724 arbitror
797 704 802 722 :
825 703 879 724 nec
889 694 1062 723 Homerum
1070 690 1174 724 audio,

218 740 274 779 qui
290 736 503 777 Ganymedem
523 737 538 766 a
555 735 614 766 diis
623 744 740 776 raptum
751 736 791 765 ait
800 743 920 775 propter
934 734 1066 764 formam
1077 753 1086 768 ‚
1115 736 1130 752 ²
1145 741 1177 780 ut

217 781 290 822 Jovi
308 779 410 810 bibere
418 777 610 808 ministraret.
631 787 697 807 non
707 775 781 816 justa
790 777 891 811 causa,
912 785 965 806 cur
974 774 1178 806 Laomedonti

217 830 301 853 tanta
323 819 405 851 fieret
414 820 532 859 injuria.
555 817 751 860 fingebathaec
761 820 935 852 Homerus,
955 815 1176 848 &humanaad

218 863 294 895 deos
313 860 518 894 transferebat.
548 860 651 890 divina
673 860 798 889 mallem
820 859 856 889 ad
890 869 958 889 nos.
992 868 1058 899 quae
1075 867 1177 889 autem

217 905 347 939 divina?
365 905 466 944 vigere
476 922 485 935 ‚
498 902 595 941 sapere
608 920 618 935 ‚
629 902 766 931 invenire
775 920 783 934 ‚
795 898 979 931 meminisse.
1001 903 1081 941 Ergo
1090 908 1153 929 Asi
1162 916 1175 921 -

219 956 291 979 Mus
301 965 310 979 ,
334 946 404 985 qui,
425 952 458 974 ut
469 952 525 984 ego
534 942 603 972 dico
614 962 625 976 ,
646 941 769 973 divinus
780 951 837 972 sssr
847 962 857 976 ‚
878 951 910 972 ut
919 942 1078 981 Euripides
1087 942 1175 982 audet

217 987 318 1019 dicere
331 1006 339 1020 2
350 985 437 1017 deus:
463 983 497 1014 δε
509 983 633 1025 quidem
644 982 666 1013 si
678 983 751 1014 deus
761 1003 770 1018 ,
781 985 958 1018 amanium,
970 992 1020 1014 aut
1032 985 1110 1024 ignis
1120 982 1172 1017 est,

215 1029 300 1060 idem
319 1027 362 1058 est
383 1027 504 1057 animus
524 1027 674 1056 hominis.
696 1036 767 1056 nam
789 1026 883 1056 utilla
892 1024 1175 1056 naturacoelestis&

216 1079 295 1102 retra
304 1078 386 1100 vacat
396 1089 405 1103 ‚
425 1068 458 1099 ὃς
468 1069 599 1098 humore
610 1078 616 1097 2
627 1067 664 1098 fic
674 1068 826 1108 utriusque
836 1069 942 1098 harum
952 1076 1053 1098 rerum
1066 1069 1176 1098 huma-

215 1121 275 1142 nus
286 1112 407 1143 animus
417 1109 460 1140 est
470 1119 587 1150 expers.
599 1108 642 1140 sin
652 1118 753 1140 autem
763 1108 806 1139 est
814 1111 919 1150 quinta
927 1109 1063 1150 quaedam
1074 1118 1177 1141 natura

212 1153 251 1185 ab
261 1152 421 1184 Aristotele
431 1151 554 1182 indufita
567 1150 717 1192 :primum
728 1152 790 1181 haec
799 1151 832 1181 &
842 1151 971 1181 deorum
981 1150 1024 1181 est
1037 1171 1046 1185 ‚
1067 1151 1100 1182 δε
1110 1153 1177 1182 ani-

215 1205 350 1227 morum.
376 1197 464 1225 Hanc
482 1203 541 1223 nos
562 1194 741 1224 sententiam
759 1193 870 1227 secuti,
887 1194 935 1223 his
952 1191 1020 1233 ipfis
1030 1193 1128 1224 verbis
1139 1194 1173 1223 in

212 1237 422 1270 consolatione
432 1237 495 1266 haec
504 1234 698 1275 expressimus
710 1245 716 1264 t

258 1279 439 1308 Animorum
457 1277 534 1307 nulla
549 1277 579 1306 in
589 1277 670 1307 terris
678 1278 753 1318 origo
763 1276 792 1306 in
797 1277 887 1307 veniri
892 1276 986 1320 potes?
996 1288 1007 1305 :
1019 1276 1091 1306 nihil
1099 1277 1173 1307 enim

216 1319 260 1352 eff
278 1322 309 1350 in
325 1320 430 1350 animis
446 1321 574 1348 mixtum
584 1338 592 1353 ‚
614 1327 703 1360 atque
723 1328 895 1354 concretum,
912 1327 967 1349 aut
975 1319 1050 1361 quod
1057 1329 1091 1348 ex
1100 1327 1175 1348 terra

215 1371 337 1396 natum,
354 1369 443 1402 atque
451 1359 557 1397 fistum
577 1360 626 1398 ff
643 1361 793 1390 videatur.-
812 1361 886 1390 nihil
902 1372 934 1391 ne
950 1369 1004 1391 aut
1026 1361 1173 1390 humidum

215 1403 348 1447 quidem,
367 1409 423 1431 aut
433 1401 555 1439 flabile,
572 1409 627 1434 aut
643 1402 765 1442 igneum.
789 1403 831 1431 his
857 1404 969 1432 enimin
978 1404 1088 1433 naturis
1097 1402 1172 1432 nihil

213 1443 292 1477 inest
301 1464 311 1478 ‚
329 1444 406 1484 quod
416 1443 479 1472 vim
486 1443 620 1472 memoria
629 1463 637 1477 ‚
651 1445 752 1472 mentis
761 1462 770 1477 ‚
783 1444 963 1484 cogitationis
972 1442 1085 1478 habeat,
1098 1444 1175 1485 quod

215 1488 253 1522 ὸ·
265 1486 406 1527 praterita
413 1491 506 1514 teneat
517 1503 526 1517 ‚
549 1483 584 1516 ὼ
594 1484 702 1523 futura
710 1485 875 1525 provideat,
897 1486 931 1518 ὼε
942 1484 1084 1527 complesti
1091 1485 1172 1526 poffit

210 1527 356 1569 prasentia
373 1538 386 1553 -·
403 1536 463 1567 qua
473 1525 537 1564 sola
554 1525 657 1556 divina
669 1527 748 1567 fiam.
780 1536 826 1556 nec
843 1527 1004 1556 invenietur
1020 1536 1169 1568 umquam,

212 1568 331 1602 audead
339 1569 476 1597 hominem
485 1567 689 1608 venirepoffint,
702 1562 780 1608 mstir.
791 1568 847 1597 deo.
864 1568 1018 1609 fingut'aris
1026 1567 1070 1598 ef?
1078 1570 1172 1608 igitur

211 1610 338 1652 quadam
354 1617 460 1639 natura
483 1617 572 1650 atque
587 1619 633 1638 vis
659 1610 751 1639 animi
773 1608 902 1650 sejund‘ba
929 1609 965 1638 ab
984 1610 1027 1639 his
1044 1609 1169 1651 ufitatis,

210 1652 342 1693 notisque
363 1651 484 1681 naturis.
507 1653 559 1680 Ita
573 1651 718 1693 quidquid
732 1650 862 1688 elliuud,
882 1652 957 1693 quod
967 1651 1075 1692 sentit,
1096 1652 1173 1693 quod

207 1694 309 1734 Jkpi't,
328 1697 340 1721 3
364 1692 443 1734 quod
454 1693 539 1726 vult,
559 1694 737 1734 quodwget,
758 1693 860 1730 coeleste
870 1693 1117 1728 &divinumefh
1136 1692 1168 1723 ob

211 1745 332 1777 eamque
350 1745 407 1764 rem
429 1742 558 1765 eternum
570 1734 613 1775 fit
629 1735 724 1773 neceffe
740 1734 784 1771 est.
807 1737 868 1765 Nec
885 1734 948 1765 verb
956 1735 1020 1765 dem
1031 1736 1167 1777 ipse‚qui

208 1778 383 1817 intelligitur
391 1772 410 1807 ὰ
420 1775 497 1806 nobis
505 1796 513 1809 ‚
532 1778 589 1807 alio
598 1777 678 1806 modo
690 1778 812 1817 intelligi
817 1776 903 1817 potest
912 1797 921 1811 ‚
932 1776 986 1810 nili
989 1787 1063 1806 mens
1068 1777 1167 1817 soluta

208 1819 338 1861 quadam
350 1838 359 1852 ‚
381 1819 416 1851 ίῳ
433 1817 540 1852 libera,
555 1820 703 1858 segregata
722 1817 758 1847 ab
774 1820 850 1848 omni
864 1820 1030 1849 concretione
1037 1818 1164 1853 mortali,

209 1862 306 1891 omnia
309 1860 430 1901 sentiens
440 1879 449 1894 ,
475 1860 510 1892 (γ’
518 1870 562 1889 mo
568 1870 631 1892 vens
642 1879 653 1894 ,
675 1861 791 1902 ipsaque
797 1861 915 1902 predita
928 1868 1008 1890 motu
1020 1861 1168 1902 sempiter-
1181 1878 1184 1888 .

297 1904 400 1932 --Hoc
417 1902 435 1932 ὲ
455 1911 562 1943 genere
573 1923 582 1937 ‚
599 1911 684 1943 atque
704 1903 808 1932 eadem
828 1902 846 1932 ὲ
860 1912 964 1933 natura
981 1902 1025 1934 est
1036 1903 1167 1933 humana

210 1954 311 1976 mens.
335 1944 398 1974 Ubi
409 1946 499 1985 igitur
512 1963 521 1977 ,
541 1953 591 1975 aut
599 1944 698 1984 qualis
709 1943 815 1975 estista
824 1953 913 1976 mens
923 1948 935 1971 ἒ
956 1944 1018 1975 Ubi
1029 1952 1077 1974 tua
1087 1963 1097 1978 ‚
1116 1953 1166 1975 aut

207 1987 305 2028 qualis
325 1988 336 2015 ?
353 1986 476 2026 poresne
496 1986 615 2017 dicere?
631 1995 690 2019 an,
710 1985 731 2016 fi
750 1987 856 2017 omnia
876 1986 912 2016 ad
931 1985 1165 2027 intelligendum

208 2038 275 2060 non
289 2028 395 2062 habeo,
406 2037 472 2069 quae
483 2028 591 2058 habere
600 2028 724 2062 vellem,
735 2029 822 2059 neiis
830 2027 967 2068 quidem,
977 2038 1044 2069 quae
1055 2028 1162 2061 habeo,

212 2071 293 2100 mihi
313 2079 364 2110 per
383 2079 410 2100 te
420 2072 464 2099 nti
478 2069 600 2100 licebit?
615 2079 681 2102 non
692 2070 894 2101 valettantum
905 2072 1026 2101 animus
1040 2090 1048 2104 ‚
1066 2074 1125 2100 4ut
1136 2071 1163 2101 se

206 2112 307 2153 ipsum
318 2112 378 2151 ipse
390 2111 539 2145 videat-at,
545 2121 577 2142 ut
586 2109 742 2145 oculus‚s1c
751 2114 870 2143 animus
880 2111 908 2141 se
917 2121 982 2143 non
992 2111 1168 2146 videns,zilia

207 2156 316 2185 cernit.
337 2164 389 2183 non
401 2154 478 2182 videt
488 2161 586 2182 autem
596 2173 604 2186 ,
615 2153 691 2195 quod
698 2154 852 2184 minimum
865 2152 909 2183 ess?
917 2154 1059 2193 ‚formam
1065 2155 1164 2194 suam.

209 2192 329 2228 fortasse
351 2206 355 2224 :
375 2205 558 2236 quamquam
577 2195 609 2225 id
631 2205 770 2237 quoque:
787 2195 837 2226 sed
856 2196 1080 2237 relinquamus:
1099 2195 1175 2228 vim'

207 2239 300 2271 certe,
312 2238 507 2278 sagacitatem,
520 2241 703 2269 memoriam
713 2257 723 2272 ‚
734 2247 869 2272 motum,
877 2238 1060 2269 celeritatem
1071 2238 1164 2269 videt.

208 2288 290 2311 neec
302 2289 349 2309 rna
372 2289 428 2312 na,
451 2278 644 2313 haecdivina‚
665 2280 730 2311 haec
739 2279 919 2320 sempiterna
929 2280 1006 2311 sunt.
1023 2279 1164 2321 quafacie

207 2321 333 2362 quidem
363 2330 403 2355 it,
427 2329 478 2350 aut
496 2320 548 2351 ubi
559 2321 692 2355 habitet,
716 2331 754 2351 ne
767 2321 962 2362 quaerendum
973 2322 1098 2363 quidem
1110 2321 1162 2352 est.

208 2371 260 2396 ut,
283 2363 354 2394 cum
373 2362 514 2392 videmus
530 2362 658 2402 speciem
668 2362 805 2403 primum
816 2382 826 2397 ‚
847 2363 1069 2404 candoremque
1082 2365 1163 2394 coeii.

1197 458 1198 461 =
1217 453 1255 473 XI
1264 454 1286 473 1.
1299 448 1407 484 parteis
1417 446 1576 478 distributo
1585 468 1593 482 ‚
1613 451 1747 490 quinque
1756 449 1853 482 stellas
1861 449 1931 482 ferri
1945 472 1953 486 ,
1973 451 2095 482 eosdem
2104 462 2175 484 cur·

1196 515 1198 528 ‚
1218 485 1265 515 sus
1275 486 1509 519 constantissime
1520 489 1678 522 servanteis
1690 511 1699 525 ,
1722 491 1887 532 disparibus
1897 495 1975 524 inter
1987 494 2005 524 s
2001 504 2016 524 c
2027 494 2174 528 motibus,

1217 526 1457 569 noeturnamque
1474 531 1545 560 coeli
1561 530 1694 562 sormam
1720 534 1853 575 undique
1872 532 2014 565 sideribus
2025 543 2173 567 ornatam:

1216 576 1283 598 tum
1303 570 1431 610 globum
1455 580 1537 602 terrae
1556 575 1743 604 eminentem
1762 575 1778 605 'e=
1791 577 1883 610 mari,
1916 574 2013 606 fixum
2024 578 2057 606 in
2069 576 2173 608 medio

1218 612 1327 641 mundi
1339 611 1467 642 universi
1479 614 1545 643 loco
1555 634 1562 648 ,
1576 614 1689 646 duabus
1704 619 1765 647 oris
1774 616 1952 649 distantibus
1962 617 2170 652 habitabilem,

1215 651 1248 682 δε
1260 653 1377 683 cultum
1393 664 1538 694 :quarum
1550 656 1638 686 altera
1652 677 1661 691 ‚
1675 668 1766 698 quam
1777 669 1833 690 nos
1848 659 2014 690 incolimus
2028 679 2036 694 ,
2048 660 2101 691 sub
2113 669 2170 692 axe

1215 692 1309 734 posita
1321 695 1356 724 ad
1369 694 1467 726 stellas
1477 696 1587 735 septem
1599 718 1607 731 ‚
1627 700 1708 729 unde

1307 737 1435 776 Horrtfer
1455 739 1612 778 ..Aquilonis
1623 738 1726 775 stridor
1737 743 1845 783 gelidas·
1863 742 1981 774 molitur
2001 743 2108 774 niveis-⁸

1213 777 1303 808 altera
1310 777 1464 812 Australis,
1471 782 1571 820 ignota
1579 781 1697 814 nobisst
1706 793 1794 824 quam
1806 795 1912 816 vocant
1922 787 2020 817 Graeci
2029 785 2172 818 ἐντίκθῡνκ-

1215 828 1323 850 ceteras
1333 823 1439 860 parteis
1454 822 1580 852 incultas
1591 843 1599 856 ‚
1611 821 1693 864 quod
1703 834 1751 855 aut
1766 825 1877 867 frigore
1888 829 2010 869 rigeant,
2022 835 2072 858 aut
2081 837 2171 858 uran-

1217 870 1264 891 tur
1275 862 1374 892 calore
1385 873 1390 891 ;
1401 862 1450 893 hic
1459 872 1561 894 autem
1573 884 1582 897 ‚
1605 865 1657 895 ubi
1668 866 1849 901 habitamus,
1859 878 1923 899 noii
1933 870 2107 901 intermittit
2118 869 2177 900 suo

1215 912 1350 944 tempore

1308 944 1325 966 ⁶
1336 945 1441 975 Coelum
1461 946 1600 986 mitescere
1612 967 1622 983 ‚
1637 947 1745 979 arbores
1753 949 1919 991 fiondefhere
1928 972 1938 988 ,

1311 990 1411 1017 7V1tes
1429 989 1571 1028 [astisterffi
1589 992 1730 1032 pampinis
1745 991 1907 1033 pubescere,

1310 1032 1397 1060 Rami
1417 1029 1566 1060 baccarum
1583 1031 1708 1062 ubertate
1728 1032 1931 1075 incurviscere,

1310 1072 1422 1112 Segetes
1442 1071 1543 1113 largiri
1558 1072 1671 1115 fruges,
1685 1074 1787 1112 florere
1808 1078 1902 1107 omnia
1914 1096 1924 1112 ,

1310 1116 1407 1143 Fontes
1419 1114 1542 1154 statere,
1562 1116 1651 1145 herbis
1664 1123 1750 1158 prata
1767 1118 1960 1155 convestirier:

1215 1161 1282 1185 tum
1292 1156 1523 1187 multitudinem
1533 1158 1682 1197 pecudum
1695 1180 1703 1192 ,
1722 1163 1830 1199 partim
1840 1161 1874 1191 ad
1885 1160 2066 1192 vescendum
2078 1181 2086 1195 ‚
2105 1170 2171 1202 paro

1216 1197 1272 1226 tim
1292 1197 1328 1227 ad
1348 1198 1446 1228 cultus
1455 1208 1595 1240 agrorum
1606 1219 1615 1233 ,
1633 1203 1742 1240 partim
1752 1201 1785 1232 ad
1797 1202 1971 1233 vehendum
1984 1223 1992 1238 ,
2015 1206 2123 1244 partim
2134 1204 2170 1235 ad

1213 1247 1337 1279 corpora
1355 1238 1524 1271 vestienda:
1540 1242 1761 1283 hominemque
1779 1244 1876 1284 ipsum
1891 1243 1971 1286 quasi
1979 1247 2172 1285 contempla-

1214 1289 1310 1311 torem
1327 1281 1397 1312 coeli
1413 1291 1446 1312 ac
1465 1281 1592 1313 deorum
1603 1303 1613 1318 ‚
1633 1284 1828 1325 ipsorumque
1837 1287 2002 1317 cultorem:
2016 1296 2101 1328 atque
2113 1290 2170 1317 ho-

1214 1323 1310 1352 minis
1336 1323 1459 1354 utilitati
1478 1334 1561 1366 agios
1580 1328 1701 1356 omneis
1723 1326 1755 1357 &
1775 1330 1868 1359 maria
1885 1330 2028 1368 parentia.
2069 1324 2083 1348 Β
2095 1331 2168 1360 Haec

1212 1366 1305 1404 igitur
1315 1384 1324 1398 ‚
1338 1364 1371 1396 &
1380 1365 1437 1396 alia
1452 1367 1686 1400 innumerabilia
1696 1367 1769 1399 cum
1779 1371 1895 1400 cernim
1901 1379 1935 1400 us
1945 1390 1954 1404 ‚
1973 1368 2169 1411 possumusne

1191 1413 1193 1418 ·
1212 1405 1365 1441 dubitare,
1387 1409 1463 1448 quin
1481 1409 1527 1438 his
1544 1408 1639 1449 praesit
1659 1410 1696 1441 ali
1720 1412 1766 1440 uis
1776 1409 1976 1447 veleflcfiior,
1994 1411 2016 1442 si
2029 1413 2091 1443 haec
2102 1420 2170 1444 nate

1212 1447 1292 1481 sunt,
1306 1458 1338 1479 ut
1348 1449 1466 1482 Platoni
1476 1450 1594 1481 videtur
1605 1461 1611 1480 z
1622 1452 1669 1484 vel
1679 1470 1689 1486 ‚
1700 1420 1723 1482 (si
1733 1453 1849 1493 semper
1856 1452 1987 1488 fuerint,
2009 1462 2043 1484 ut
2052 1452 2169 1485 Aristo-

1210 1489 1264 1519 teli
1274 1489 1369 1530 placet
1381 1510 1390 1524 ‚
1402 1491 1573 1522 moderator
1582 1495 1656 1523 tanti
1666 1496 1765 1533 operis
1776 1512 1786 1530 ,
1797 1494 1831 1524 δε
1840 1497 1996 1532 muneris?
2015 1502 2069 1526 sic
2080 1504 2168 1526 men-

1189 1525 1195 1540 w
1211 1539 1273 1561 tem
1284 1532 1422 1562 hominis
1431 1552 1440 1565 ‚
1463 1535 1603 1573 quamvis
1613 1544 1678 1564 eam
1690 1544 1754 1565 non
1765 1536 1867 1566 videas
1879 1556 1889 1569 .
1900 1545 1933 1566 ut
1941 1536 2032 1573 deum
2044 1546 2110 1567 non
2121 1538 2170 1567 vi-

1207 1571 1261 1602 des
1273 1580 1391 1603 :tamen
1403 1582 1433 1604 ut
1446 1573 1538 1604 deum
1548 1575 1684 1615 agnoscis
1693 1585 1731 1606 ex
1741 1576 1882 1616 operibus
1892 1577 1957 1616 ejus
1970 1596 1979 1610 ‚
2003 1576 2042 1607 fic
2052 1587 2092 1608 ex
2103 1587 2171 1608 me⁴

1209 1615 1307 1644 moria
1316 1624 1416 1644 rerum
1429 1633 1438 1648 ‚
1460 1615 1684 1647 &inventione
1693 1636 1703 1651 ‚
1726 1617 1759 1647 δε
1770 1618 1920 1649 celeritate
1929 1628 2034 1649 motus
2045 1638 2054 1653 ‚
2065 1619 2171 1650 omni*¹

1208 1665 1268 1696 que
1289 1655 1514 1696 pulchritudine
1525 1658 1644 1688 virtutis
1654 1659 1719 1688 vim
1733 1659 1870 1691 divinam
1882 1661 1996 1691 mentis
2005 1660 2170 1702 agnoscito,

1211 1699 1248 1727 In
1267 1707 1330 1739 quo
1341 1698 1507 1739 igitutioco
1521 1698 1585 1731 est?
1606 1699 1696 1730 credo
1707 1701 1848 1742 equidem
1861 1703 1999 1744 int—capite
2018 1713 2025 1732 ε
2043 1702 2097 1737 &,
2114 1712 2167 1734 cut

1208 1739 1327 1770 credam
1344 1758 1353 1773 ,
1373 1737 1475 1770 afferre
1487 1739 1608 1781 poss'um
1621 1752 1627 1770 2
1648 1745 1663 1768 9
1673 1742 1723 1773 sed
1734 1741 1820 1773 alifis:
1831 1753 1913 1774 nunc
1921 1744 1976 1774 ubi
1986 1741 2020 1775 fit
2028 1745 2163 1779 animus,

1203 1780 1283 1811 certe
1301 1780 1426 1821 quidem
1436 1784 1469 1813 in
1482 1791 1508 1813 te
1519 1782 1571 1815 est.
1593 1785 1668 1825 Qae
1678 1783 1721 1815 est
1729 1786 1757 1814 ei
1767 1793 1868 1822 natura
1879 1788 1890 1814 ?
1903 1787 2022 1826 Propria
2031 1794 2115 1826 puto,
2129 1786 2164 1821 ὃς

1203 1823 1265 1852 sua.
1290 1825 1319 1841 ¹0
1329 1821 1379 1853 sed
1392 1822 1438 1853 fac
1446 1825 1576 1864 igneam,
1589 1824 1634 1856 fac
1649 1825 1820 1866 spirabilem
1832 1836 1839 1855 ι
1850 1827 1928 1857 nihil
1941 1827 1976 1858 ad
1987 1827 2018 1858 id
2029 1847 2038 1862 ,
2051 1827 2088 1859 de
2104 1838 2166 1869 quo

1205 1866 1332 1903 agimus.
1347 1874 1452 1894 iLLnn
1466 1865 1560 1897 modo
1571 1866 1673 1897 videto
1685 1886 1694 1901 ‚
1715 1876 1746 1898 ut
1756 1867 1846 1898 deum
1858 1870 1959 1904 noris,
1983 1867 2033 1900 etfi
2044 1871 2165 1910 ignores

1207 1905 1241 1936 δε
1259 1905 1362 1936 locum
1379 1925 1387 1939 ‚
1406 1905 1440 1936 &
1457 1906 1565 1938 faciem
1578 1927 1588 1941 ‚
1607 1906 1646 1938 sic
1662 1910 1801 1939 animum
1820 1908 1875 1939 tibi
1886 1918 1975 1940 tuum
1985 1920 2096 1941 notum
2106 1911 2166 1942 esse

1206 1955 1362 1987 oportere,
1385 1949 1476 1978 etiam
1502 1948 1522 1978 fi
1533 1950 1598 1989 ejus
1607 1951 1728 1990 ignores
1742 1950 1885 1982 &locum
1896 1971 1905 1986 ,
1926 1951 2109 1984 &formam-
2131 1955 2164 1986 in

1203 1990 1300 2019 animi
1308 1998 1409 2019 autem
1418 1991 1595 2031 cognitione
1604 1991 1737 2022 dubitare
1747 2002 1812 2023 non
1821 1991 1977 2033 poffumus
1989 2014 1998 2028 .
2009 1993 2063 2024 nifi
2074 1995 2163 2035 plane

1206 2031 1238 2060 in
1250 2028 1377 2070 physicis
1385 2031 1523 2071 plumbei
1532 2033 1650 2067 sumus,
1659 2035 1734 2074 quin
1743 2033 1973 2075 nihilsi‘tunimis
1981 2036 2158 2070 admixtum,

1202 2072 1277 2101 nihil
1286 2080 1442 2103 concretum
1450 2093 1460 2108 ,
1475 2073 1549 2103 nihil
1555 2075 1716 2115 copulatum
1729 2094 1738 2110 ,
1749 2077 1821 2105 nilnl
1829 2085 2056 2118 coagmentatum
2067 2084 2077 2112 ‚'
2087 2079 2162 2108 nihil

1203 2114 1315 2155 duplex.
1337 2115 1420 2156 quod
1442 2114 1515 2146 cum
1535 2116 1576 2147 ita
1594 2114 1628 2147 fit
1637 2136 1646 2151 ,
1665 2117 1744 2148 certe
1764 2127 1820 2148 nec
1832 2119 1962 2154 secerni,
1985 2130 2040 2150 nec
2052 2120 2162 2151 dividi.

1204 2165 1261 2187 nec
1280 2157 1425 2197 discerpi,
1445 2167 1502 2188 nec
1521 2156 1642 2189 distrahi
1660 2158 1757 2198 potest
1769 2170 1775 2189 :
1795 2170 1850 2191 nec
1862 2162 1984 2191 interire
1993 2163 2094 2203 igitur.
2117 2163 2160 2192 est

1203 2199 1288 2229 enim
1308 2200 1447 2230 interitus
1465 2198 1543 2241 quafi
1557 2199 1695 2231 discessus
1708 2220 1716 2235 ,
1737 2204 1763 2221 ¹¹
1775 2201 1810 2232 &
1823 2202 1945 2233 secretio
1957 2223 1966 2237 ‚
1986 2213 2019 2234 ac
2028 2203 2161 2244 direptus

1204 2249 1306 2271 earum
1329 2245 1458 2281 partium
1473 2262 1482 2275 ‚
1502 2251 1569 2282 quae
1587 2251 1655 2273 ante
1673 2244 1829 2274 interitum
1837 2244 1998 2284 junfflone
2007 2246 2105 2287 aliqua
2116 2254 2161 2276 te-

1204 2282 1358 2314 nebantur.
1384 2286 1411 2303 ¹²
1423 2284 1470 2314 his
1479 2303 1489 2317 ,
1511 2284 1544 2314 &
1562 2284 1670 2314 talibus
1678 2285 1844 2316 rationibus
1855 2285 2001 2317 adduaus
2012 2290 2158 2322 Socrates,

1203 2333 1260 2354 nec
1278 2334 1440 2365 patronum
1450 2323 1584 2366 quaesivit
1592 2326 1786 2365 adjudicium
1797 2329 1901 2367 capitis
1912 2348 1920 2361 ‚
1942 2338 1995 2359 nec
2007 2328 2158 2365 indicibus

1203 2365 1327 2406 supplex
1336 2366 1411 2397 suit:
1422 2365 1611 2409 adhibuitque
1620 2367 1736 2397 liberam
1747 2370 1962 2403 contumaciam,
1976 2373 2003 2397 ¹3
2014 2367 2031 2399 >z
2044 2371 2158 2411 magni—

206 2403 317 2435 deinde
327 2402 531 2436 conversionis
539 2405 721 2436 celei-itatem
732 2414 845 2437 tantam
856 2424 866 2440 ‚
884 2413 1026 2446 quantam
1037 2407 1165 2447 cogitare

1200 2408 1298 2439 tudine
1315 2409 1407 2439 animi
1422 2408 1555 2444 dui‘basn,
1576 2420 1628 2441 non
1638 2408 1656 2440 ii
1678 2409 1812 2451 uperbia:
1833 2411 2014 2452 &supremo
2027 2415 2096 2443 vitae
2105 2412 2156 2484 thie

2136 2464 2160 2487 e.

207 2503 209 2505 ’
246 2519 256 2536 1
264 2530 270 2536 .
289 2497 422 2544 Juvematc
427 2511 511 2543 pocula
520 2510 694 2545 ministrante]
716 2510 759 2537 Sic
768 2510 854 2538 edidit
863 2511 1000 2539 Viam-ius
1014 2531 1022 2545 ,
1032 2521 1110 2548 quem
1122 2512 1162 2539 se—
1202 2516 1316 2551 te1·polat
1327 2516 1452 2552 legendo,
1463 2517 1491 2542 &
1502 2516 1605 2544 edendo
1616 2527 1622 2544 :
1644 2517 1706 2543 Vites
1715 2518 1819 2551 letificat
1825 2518 1933 2550 pampini
1936 2518 2069 2551 piahcftere.
2087 2502 2154 2546 Dixi

204 2553 280 2573 cutus
292 2556 321 2572 cu
327 2555 350 2571 m
363 2546 494 2573 Lambino
503 2545 590 2572 Aldus
600 2546 704 2583 Nepos.
714 2547 742 2573 Sc
752 2547 786 2574 fic
794 2547 867 2575 estin
878 2548 987 2575 Gembl.
997 2548 1078 2576 Fabr.
1088 2548 1161 2576 Pith.
1178 2558 1180 2562 ⁴
1198 2552 1232 2578 de
1243 2553 1281 2579 his
1292 2552 1392 2588 aliquid
1402 2553 1429 2580 in
1441 2552 1613 2588 Crepundiis.
2156 2553 2159 2556 ’

205 2582 289 2617 vulgi>
301 2586 445 2615 Jtivcmute.

1235 2587 1262 2614 8.
1281 2592 1332 2614 Hier
1339 2592 1413 2622 igitur
1423 2590 1454 2620 ῥ’
1462 2591 1513 2615 alia
1528 2588 1739 2622 innumerabilia]
1761 2587 1924 2615 Gulielmius
1943 2597 1976 2615 ex
1987 2588 2156 2623 conjeEturd,

242 2626 271 2644 2.
291 2622 319 2643 Ut
329 2621 387 2651 Jowi
395 2620 471 2644 bibere
479 2618 649 2653 ministraren]
671 2619 732 2645 Hoc
741 2617 856 2646 asserunt
865 2620 983 2656 quinque
993 2620 1062 2647 Pall.
1073 2621 1160 2648 vatic.
1197 2626 1230 2649 Et
1238 2626 1311 2651 ralia.
1330 2625 1391 2661 quia
1399 2625 1489 2660 paullo
1497 2626 1552 2661 post
1565 2644 1572 2656 ,
1591 2626 1634 2651 llis
1642 2626 1672 2656 (If
1689 2625 1779 2650 talibus
1788 2624 1905 2650 adduam
1913 2628 2029 2652 Socrates.
2049 2625 2078 2651 &
2089 2625 2153 2662 quia

203 2662 320 2690 quatuor
330 2654 505 2681 u'ulielmiani
518 2673 526 2685 ,
545 2653 645 2681 causam
656 2653 762 2682 uberius
772 2655 830 2682 dixi
849 2656 877 2684 in
888 2656 1059 2693 Crepundiis.
1079 2657 1161 2693 vulgo
1196 2659 1342 2687 ducebatur
1356 2661 1468 2696 vestigiis
1479 2660 1537 2688 cod.
1550 2660 1614 2687 Faib.

201 2700 239 2722 ex
249 2689 349 2725 glossa,
358 2697 384 2715 ut
393 2693 452 2724 Jovi
454 2692 539 2723 pocula
549 2692 650 2723 ministr.

1231 2704 1263 2730 9.
1282 2697 1406 2722 stiialiat.
1424 2706 1487 2722 nunc
1504 2698 1545 2722 uhi
1554 2697 1613 2731 fit]
1633 2695 1748 2723 Vislorii
1766 2696 1831 2723 hanc
1850 2695 1993 2724 leffioncm
2014 2696 2154 2725 confirmat

242 2735 269 2762 3.
288 2727 419 2759 Qodvult
429 2746 437 2759 ,
453 2727 515 2760 quod
524 2727 614 2767 Ἤρᾳ]
634 2727 763 2763 Qinque
774 2727 842 2755 Pan.
861 2735 890 2754 ut
900 2729 929 2755 Sc
942 2728 1021 2756 Fabr-
1039 2729 1159 2766 itemque
1196 2733 1283 2767 quint.
1296 2733 1321 2758 in
1334 2742 1373 2768 pr.
1385 2739 1448 2759 tert,
1459 2740 1547 2767 quai-t.
1557 2734 1728 2759 sedaliasuoi.
1741 2733 1821 2768 vulgo
1834 2733 1980 2763 ;5ed.{e1‚oc
1990 2732 2066 2766 aliis,
2077 2742 2150 2761 nunc.

204 2762 278 2790 Pith.
290 2762 351 2797 qnod
358 2764 423 2794 vult,
433 2765 510 2789 vivit.
530 2763 615 2789 Vatic.
625 2764 686 2797 qnod
693 2767 772 2795 vivit,
781 2765 843 2798 quod
849 2767 922 2798 viget.

1234 2777 1276 2794 10.
1297 2771 1344 2794 Fac
1353 2770 1502 2802 lgneumffizc
1515 2769 1678 2803 spirabilem]
1700 2770 1776 2796 Tert.
1787 2769 1815 2795 &
1826 2776 1915 2805 quart.
1926 2769 2012 2796 Vatic.
2023 2777 2053 2797 ut
2061 2768 2151 2806 supra,

240 2806 270 2832 4.
291 2802 322 2824 lJt
331 2799 432 2832 seipficm
441 2799 485 2832 ipse
502 2799 611 2833 videon]
634 2800 676 2826 Est
688 2799 770 2826 leSlio
781 2800 895 2827 Vic‘torii
907 2820 915 2833 ,
927 2801 941 2828 fi
953 2802 1005 2837 q-ufi
1014 2800 1082 2829 stant
1092 2811 1156 2837 qua-
1191 2806 1360 2838 spiritabat-m.

206 2840 268 2861 tuor
279 2835 435 2870 posteriores
447 2834 513 2860 Pall.
526 2835 762 2870 vulg6‚1atJ2fiipft
772 2837 865 2863 videat.

245 2879 271 2903 5.
289 2872 366 2903 Qum
375 2873 448 2898 Graeci
462 2878 551 2897 vocant
567 2872 723 2906 ἁντΐχθονοοζ]
743 2874 784 2899 ita
795 2872 948 2908 legendum.
961 2873 1089 2901 accedunt
1100 2873 1156 2900 fere

203 2914 297 2933 omnes
308 2907 368 2934 Mis.
381 2907 448 2934 Pau.
460 2915 523 2934 tert.
542 2908 631 2943 quint.
650 2917 711 2934 cum
722 2909 794 2936 l'ith.
809 2912 931 2936 antioona.
951 2909 1014 2937 Fab.
1024 2913 1156 2937 mercorina.

209 2941 245 2967 Et
255 2942 305 2968 tile
315 2943 416 2978 aliquid
428 2943 539 2970 molitur·
550 2945 656 2971 tertius.

244 2978 270 3004 6.
292 2981 376 3005 Coelum
393 2980 533 3014 mitescere]
553 2980 660 3015 ltajuffi
673 2980 807 3008 emendari
825 2981 851 3008 in
863 2981 1025 3017 Crepundiis
1043 2991 1076 3009 ex
1088 2982 1159 3017 Pau„

199 3012 363 3047 acceditjarh
375 3024 442 3043 tinus
452 3024 486 3045 ex
495 3016 625 3043 Gulielm.
637 3017 688 3043 five
698 3017 720 3043 is
732 3017 856 3044 Pimsivc
866 3017 930 3045 fab.
940 3017 981 3051 iit,
992 3028 1044 3045 non
1054 3018 1155 3055 possum

205 3057 315 3084 propter
326 3049 437 3077 rasuram
446 3050 606 3080 discernere.
627 3053 708 3088 vulgi>
718 3054 837 3087 meestere.

1234 2849 1242 2866 1
1253 2849 1274 2866 ι.
1285 2841 1418 2873 Etficretio
1427 2849 1455 2866 ac
1463 2840 1569 2874 diri—prm
1578 2850 1660 2867 carum
1668 2843 1774 2874 partium
1779 2841 1869 2877 .]Non
1880 2840 1959 2869 libuit
1969 2841 2040 2878 sequi
2051 2840 2148 2869 Lamb.

1194 2876 1221 2902 &
1234 2877 1383 2904 manutium
1398 2896 1406 2907 ‚
1417 2884 1586 2913 reponentem
1597 2880 1716 2903 Dircmtm
1726 2896 1735 2909 ‚
1749 2877 1813 2904 licet
1823 2877 1876 2906 illis
1885 2877 1964 2907 etiam
1976 2877 2082 2905 faveant
2095 2877 2149 2904 duo

1195 2912 1349 2947 posteriores
1362 2912 1429 2939 Pau.
1440 2920 1467 2939 at
1477 2912 1558 2948 Vulg.
1578 2913 1690 2940 nostram
1701 2912 1850 2941 defendunt
1860 2912 1956 2947 juncto
1967 2913 2081 2941 umbone
2092 2921 2147 2941 tres

1194 2958 1294 2984 priores
1309 2948 1526 2984 1²:111.0nmesque
1537 2948 1710 2976 Gtilielmiani
1723 2969 1730 2982 ‚
1740 2959 1770 2976 ac
1787 2949 1902 2984 denique
1909 2948 1962 2986 ipse
1973 2949 2121 2981 ViStorius.

1233 2993 1275 3012 12.
1294 2985 1337 3011 Hie
1352 2986 1381 3016 ὸ·
1397 2986 1488 3010 talibus
1498 2987 1630 3011 rationibus
1647 2984 1774 3012 adduam.
1784 2986 1798 3020 J
1828 2984 1997 3013 Inter-uerunt
2016 2987 2147 3012 rationibus

1194 3021 1279 3047 Mart.
1289 3020 1398 3048 Gembl.
1410 3021 1481 3047 i‘ith.
1492 3021 1576 3047 Vatic.
1596 3021 1713 3056 quinque
1724 3021 1791 3048 Pali.
1802 3019 1873 3049 Vist.
1893 3021 1935 3048 ed.
1956 3031 2068 3058 quorum
2079 3031 2145 3048 con-

1187 3056 1304 3090 juratam
1316 3056 1489 3092 pertinaciam
1498 3055 1615 3084 fastidii-e
1623 3056 1800 3093 periculosum
1809 3056 1887 3088 duxi.
1907 3058 1989 3094 vulgo
1996 3077 2004 3091 ,
2012 3059 2053 3085 His
2062 3058 2091 3089 ὀι-
2105 3065 2146 3083 ra·

243 3092 270 3118 7.
291 3089 353 3111 Vites
361 3087 492 3120 miseere]
513 3088 609 3117 Itidem
621 3089 664 3115 hic
674 3091 729 3116 sum
741 3089 842 3116 secutus
854 3089 910 3117 Pal.
939 3099 961 3116 r.
973 3090 998 3117 in
1009 3091 1090 3117 tertio
1101 3090 1154 3118 tale
1192 3093 1254 3118 [ihm
1264 3093 1390 3118 adduam.

201 3119 332 3155 quiddam
344 3120 419 3148 fuine
438 3121 541 3156 subjicit
560 3124 663 3155 rasura:
684 3126 712 3152 &
731 3127 842 3155 omnino
853 3136 914 3152 accc
936 3127 957 3152 it
975 3134 1085 3162 quartus
1099 3146 1107 3158 ,
1127 3128 1152 3154 in

1233 3136 1276 3163 ¹3·
1294 3132 1319 3156 A
1327 3130 1487 3162 magnitudine
1496 3132 1570 3156 animi
1579 3127 1699 3164 demam]
1719 3129 1856 3157 Viam-ius
1868 3140 1873 3156 :
1885 3134 2010 3165 tAmagn.
2019 3132 2096 3157 animi
2103 3132 2144 3155 in·

205 3165 260 3193 ‘2¹¹0
270 3156 312 3193 huj
318 3167 347 3185 ¹¹⁵
359 3157 431 3186 verbi
439 3157 523 3194 gloss'a
530 3160 660 3195 Q'fifare·
679 3162 786 3193 Mansit,
804 3163 884 3193 nimis
894 3163 1035 3193 licentiose
1045 3163 1098 3192 hoec
1108 3163 1151 3194 in-
1193 3164 1299 3194 hertam.
1318 3163 1390 3202 quod
1399 3165 1427 3196 in
1437 3165 1513 3195 nullo
1523 3165 1570 3193 ms.
1580 3165 1667 3201 postea
1678 3166 1766 3195 videre
1776 3163 1902 3204 contigit.

1561 3202 1725 3231 Ssssssz
2080 3201 2148 3238 rufi-‘t
