2295 3400
139 1281 178 1315 33

191 118 286 168 208
620 109 1115 162 ΜΤσιιιι

192 211 267 233 num
277 201 357 232 fecit.
380 198 495 230 Multos
504 196 593 228 caesos
604 206 668 227 non
678 195 712 226 ad
722 194 955 225 Thrasimenum
966 193 1064 223 lacum
1078 213 1086 236 3
1099 190 1147 222 sed

193 246 204 263 ¹
217 244 252 274 ad
271 242 432 274 Servilium
449 240 591 270 vidimus.
624 240 699 279 Qis
710 237 750 266 ibi
763 246 826 265 non
836 235 879 266 est
888 236 1059 265 vulneratus
1069 235 1147 263 terro

192 287 340 326 Pmygio?
358 294 420 313 non
430 280 541 312 necesse
550 279 592 310 est
603 280 722 309 omneis
733 287 972 307 commemorare
982 297 990 310 ‚
1015 277 1147 308 curtios,

192 329 306 356 Marios
319 347 326 359 ‚
341 330 352 345 ²
362 326 492 364 denique
504 325 670 352 Mamercos
681 339 689 353 ,
707 329 782 359 quos
791 321 850 357 jam
861 327 928 349 aetas
937 319 952 348 Ξι
962 318 1071 358 praeliis
1079 326 1151 347 avo-

191 368 276 398 cabat
288 379 292 396 t
304 365 457 407 posti-emb
468 366 621 395 Priamum
633 359 1030 402 ipsum‚senem‚Antistium
1043 368 1150 400 :quem

194 419 259 440 non
273 407 366 439 modo
377 415 439 436 atas
450 426 458 439 ,
475 405 522 446 scd
537 405 626 433 etiam
640 404 710 443 leges
723 410 846 444 pugnare
859 400 1047 443 prohibebant.
1070 402 1149 442 Jam,

194 461 270 492 quos
281 460 373 480 nemo
383 448 517 489 propteri'
542 445 730 476 nobilitatem
740 446 882 474 nominat
892 464 900 477 ,
921 444 1053 473 sexcenti
1073 443 1150 475 sunt,

217 494 247 522 ui
265 494 343 522 inter
360 490 474 521 sicarios
485 509 493 521 ‚
568 487 604 517 de
614 484 956 516 veneficiisaccusabant.
979 487 1032 526 qui
1042 493 1151 514 omncs

207 533 288 574 quod
299 533 332 563 ad
344 543 393 562 me
401 530 516 569 attinet)
525 529 637 559 vellem
645 529 790 557 viverent.
821 528 909 557 Nihil
919 528 1003 557 enim
1016 526 1088 556 mali
1098 524 1151 559 est,

196 578 306 605 CANizs
328 584 376 604 1131
395 572 486 614 quam
496 573 645 611 plurimos
656 568 713 599 ess'e
722 589 730 602 ‚
750 569 802 598 ubi
811 569 953 609 permulti
964 567 1153 600 observandi,

197 616 350 656 multaque
360 613 498 645 servanda
510 613 586 642 sunt.
611 609 736 644 Verum,
750 619 781 640 ut
792 609 834 643 fit,
848 611 943 640 multa
954 610 1036 650 saepe,
1047 610 1154 651 impru-

194 656 323 686 denttbus
333 653 544 697 imperatoribus
553 656 599 684 vis
608 653 691 686 belli,
703 662 734 683 ac
745 651 827 682 turba
837 652 972 681 molitur.
1002 652 1076 681 dum
1088 654 1112 680 is
1123 653 1154 680 in

195 700 262 730 aliis
271 699 357 729 rebus
367 706 426 728 erat
435 704 595 736 occupatus
603 715 611 729 ‚
631 696 683 736 qui
696 694 847 724 summam
858 703 958 723 rerum
968 691 1155 722 administra-

198 741 263 771 bat:
285 749 367 770 erant
379 742 488 769 interea
494 741 546 779 qui
558 738 615 768 suis
625 735 800 766 vulneribus
811 734 1001 765 mederentur
1013 745 1017 763 :
1029 736 1081 774 qui
1092 742 1155 763 tan-

197 792 289 824 quam
299 781 319 811 si
330 779 423 812 offusa
433 778 585 822 reipublic-z
591 778 759 818 sbmpiterna
769 787 823 806 nox
833 775 905 806 esset
914 796 922 810 ,
936 778 974 806 ita
985 778 1110 805 ruebant
1124 776 1156 804 in

198 824 330 854 tenebris
341 844 349 857 ‚
370 823 532 863 omniaque
543 816 716 850 miscebant.
741 819 755 848 ἐι
765 818 872 859 quibus
883 820 995 851 miror,
1018 827 1057 846 ne
1074 816 1156 856 quod

199 865 384 901 iudiciorum
394 858 465 894 effet
473 862 643 904 vestigium,
651 870 713 890 non
724 859 861 889 subsellia
871 869 992 899 quoque
1002 857 1060 888 effe
1072 867 1157 887 corn-

198 906 292 938 busta.
306 916 376 936 nam
388 906 421 936 &
431 901 776 941 accusatores,&judices
786 899 975 930 sustulerunt.
994 903 1062 929 Hoc
1072 909 1158 929 com-

199 948 286 979 modi
297 947 339 978 est
350 968 358 981 ‚
369 946 451 988 quod
462 949 499 976 ita
508 947 659 976 vixerunt,
676 952 708 972 ut
718 941 816 972 testeis
827 944 959 974 omneis,
972 940 992 970 si
1002 949 1154 981 cuperent,

200 989 367 1027 interficere
386 998 450 1019 non
465 986 591 1028 poss'ent.
614 995 683 1015 nam
698 1004 706 1017 ‚
728 983 802 1013 dum
814 984 977 1013 hominum
987 993 1080 1024 genus
1091 985 1156 1015 erit,

199 1034 253 1073 qui
262 1031 374 1062 accuset
384 1039 435 1060 eos
445 1049 453 1063 ‚
466 1039 528 1059 non
538 1027 648 1058 deerit:
670 1026 745 1056 dum
754 1027 858 1055 civitas
868 1027 922 1054 erit
933 1045 941 1058 ‚
950 1025 1063 1064 judicia
1074 1022 1156 1053 fient.

201 1072 317 1103 Verum
328 1092 335 1106 ,
348 1081 380 1102 ut
389 1073 466 1111 coepi
476 1070 571 1101 dicere
582 1088 590 1102 ,
603 1068 634 1097 ὃς
646 1069 780 1100 Erucius,
792 1068 854 1096 haec
865 1065 884 1096 si
894 1066 1012 1096 haberet
1023 1068 1055 1095 in
1065 1065 1156 1098 causa,

201 1124 269 1156 quae
278 1113 519 1144 commemoravi
531 1132 539 1145 ,
556 1108 652 1150 poss'et
663 1119 695 1139 ea
705 1110 842 1149 quamvis
851 1108 904 1138 diu
914 1108 1011 1137 dicere
1023 1118 1028 1136 :
1049 1108 1081 1137 δε
1092 1117 1158 1148 ego,

198 1156 317 1196 judices
329 1175 337 1189 ‚
358 1153 475 1195 pofl'um
488 1164 493 1182 :
514 1152 562 1183 sed
574 1154 606 1182 in
616 1154 720 1182 animo
731 1149 774 1180 est
784 1170 793 1183 ‚
812 1149 1083 1190 (quemadmodum
1092 1148 1159 1178 ante

201 1197 280 1237 dixi)
300 1197 405 1226 leviter
424 1193 539 1226 transire
550 1214 558 1228 ‚
582 1204 615 1223 ac
626 1190 837 1222 tantummodo
848 1190 972 1231 perstrin
995 1201 1040 1220 ere
1051 1200 1161 1220 unam-

202 1249 353 1280 quamque
363 1247 442 1267 rem:
464 1246 497 1267 ut
506 1245 613 1266 omnes
624 1234 792 1274 intelligant
803 1253 811 1267 ,
833 1243 883 1262 nie
894 1242 958 1262 non
996 1232 1068 1262 udio
1077 1242 1162 1262 accu-

204 1282 262 1311 sare
275 1300 284 1313 ,
304 1280 352 1310 scd
364 1278 468 1309 officio
478 1276 647 1308 defendere.
691 1275 788 1305 Video
800 1276 905 1316 igitur,
924 1274 1021 1305 causas
1030 1272 1087 1304 esse
1097 1283 1163 1313 per-

205 1322 393 1362 multas,quae
407 1319 496 1350 istum
511 1319 710 1359 impellerent.
744 1317 907 1346 Videamus
917 1326 1008 1349 nunc,
1019 1325 1111 1356 ecqua
1120 1314 1164 1344 fa-

202 1364 298 1394 cultas
310 1362 487 1402 suscipiendi
499 1358 639 1391 maleficii
648 1358 747 1388 fuerit.
772 1358 834 1388 Ubi
845 1358 959 1388 occisus
969 1356 1011 1387 cst
1020 1360 1086 1387 Sex.
1097 1359 1162 1386 Ro-

203 1406 301 1438 scius?
311 1406 429 1435 Romae.
453 1403 534 1445 Qid
544 1409 553 1434 ἓ
564 1411 606 1435 tu,
618 1401 719 1433 Rosci,
732 1399 782 1429 ubi
792 1409 864 1430 tunc
874 1409 935 1429 eras
946 1405 955 1431 ?
966 1401 1084 1429 Rornae.
1104 1401 1165 1427 Ve-

202 1445 274 1478 rum
285 1446 358 1487 quid
368 1446 402 1475 ad
413 1455 476 1475 rem
490 1451 499 1476 ἓ
518 1444 550 1474 &
560 1444 612 1474 alii
623 1442 724 1472 multi.
751 1440 837 1481 Qasi
847 1451 928 1471 nunc
937 1440 967 1470 id
978 1449 1087 1482 agatur,
1098 1441 1165 1480 quis

203 1497 243 1519 ex
255 1497 333 1518 tanta
343 1486 539 1517 multitudine
549 1484 710 1516 occiderit,
721 1493 753 1512 ac
763 1492 827 1512 non
837 1483 895 1512 hoc
904 1492 1049 1523 quazratur
1059 1502 1067 1515 ‚
1079 1491 1163 1514 eum,

226 1531 258 1560 ui
266 1532 376 1560 Romae
385 1527 420 1558 sit
429 1529 542 1558 occisus
553 1547 561 1561 ,
573 1525 675 1556 utrum
688 1523 912 1565 vertfimiliusfit
922 1524 957 1553 ab
967 1534 1003 1553 eo
1014 1522 1073 1553 ess'e
1083 1525 1164 1553 occi-

203 1575 271 1602 ium
285 1591 292 1604 ‚
306 1572 359 1612 qui
369 1568 494 1600 assiduus
503 1579 540 1599 eo
555 1577 689 1607 tempore
700 1568 810 1596 Romae
818 1564 924 1595 fuerit:
943 1575 982 1595 an
991 1565 1026 1595 ab
1036 1575 1072 1594 eo
1082 1584 1091 1598 ,
1112 1565 1163 1606 qui

205 1613 313 1643 multis
325 1614 410 1642 annis
420 1614 554 1641 Romam
565 1607 696 1640 omnino
711 1618 775 1637 non
793 1606 949 1638 accefferit.
981 1610 1042 1648 Age
1053 1627 1061 1640 ,
1082 1616 1163 1636 nunc

203 1663 322 1685 caeteras
332 1653 484 1684 facultates
493 1662 613 1693 quoque
622 1648 852 1681 consideremus.
885 1651 953 1679 Erat
973 1657 1038 1678 tum
1057 1648 1163 1693 multi,—

204 1696 280 1727 tudo
290 1693 471 1728 sicariorum,
483 1695 512 1724 id
521 1693 602 1734 quod
612 1693 863 1723 commemoravit
873 1692 996 1721 Erucius
1008 1700 1012 1719 :
1032 1690 1065 1719 δε
1074 1690 1164 1719 homi-

204 1748 251 1768 nes
260 1737 372 1780 impune'
382 1735 581 1766 occidebantur.
604 1734 685 1776 Qid
698 1739 707 1765 ἒ
717 1742 749 1762 ea
758 1732 922 1762 multitudo
932 1742 997 1772 quae
1008 1737 1086 1763 erat?
1098 1733 1163 1771 opi-

205 1789 283 1820 nog,
302 1787 351 1808 aut
366 1787 472 1808 eorum
483 1797 491 1811 ‚
512 1778 607 1818 quiin
618 1776 706 1805 bonis
716 1783 797 1805 erant
808 1776 958 1814 occupati:
980 1782 1029 1803 aut
1045 1783 1162 1805 eorum,

205 1823 259 1864 qui
277 1820 314 1851 ab
332 1821 370 1850 iis
388 1819 648 1850 conducebantur,
672 1825 704 1846 ut
723 1816 854 1856 aliquem
867 1815 1049 1845 occiderent.
1073 1816 1102 1845 Si
1113 1824 1164 1844 eos
1183 1833 1184 1836 =

205 1871 302 1903 putas,
313 1863 365 1903 qui
375 1862 507 1891 alienum
518 1859 709 1900 appetebant:
721 1866 751 1887 tu
762 1867 791 1887 es
801 1859 834 1886 in
844 1867 880 1886 eo
894 1866 1035 1890 numero,
1047 1858 1097 1897 qui
1109 1866 1165 1886 no-

208 1903 265 1935 stra
274 1904 399 1944 pecunia
409 1902 493 1932 dives
503 1912 545 1932 es.
570 1900 614 1931 sin
623 1909 685 1933 eos,
696 1909 782 1942 quos,
794 1900 846 1939 qui
856 1899 968 1928 leviore
979 1908 1106 1927 nomine
1116 1907 1167 1937 ap-

206 1946 338 1988 pellant,
355 1943 516 1985 percuffires
530 1950 656 1974 vocant:
676 1951 774 1983 quaere
785 1960 793 1973 ,
812 1942 845 1970 in
863 1941 946 1980 cujus
965 1938 1021 1969 fide
1037 1938 1110 1972 sint,
1133 1939 1165 1969 ὃς

207 1987 349 2018 clientela
361 1997 366 2015 z
378 1987 455 2015 mihi
466 1985 563 2018 crede,
575 1985 706 2027 aliquem
716 1983 752 2012 de
763 1983 899 2012 societate
907 1990 955 2011 tua
964 1983 1107 2021 reperies:
1120 1981 1164 2015 &‚

207 2027 358 2070 quidquid
376 2036 408 2058 tu
415 2026 518 2056 contra
528 2026 640 2056 dixeris
650 2045 659 2058 ‚
679 2024 710 2054 id
720 2034 790 2054 cum
802 2022 974 2053 defensione
984 2022 1081 2052 nostra
1089 2032 1166 2053 con-
1185 2033 1186 2036 ¹

209 2070 337 2101 tendito.
356 2071 395 2099 ita
404 2068 550 2098 facillime
562 2068 646 2098 causa
654 2069 724 2096 Sex.
736 2066 838 2095 Roscii
848 2075 917 2095 cum
930 2074 978 2094 tua
986 2064 1164 2094 conferetur.

208 2113 302 2142 Dices
312 2131 320 2143 ,
342 2109 422 2150 Qid
441 2109 541 2150 postea
551 2130 559 2143 ,
579 2108 601 2138 fi
610 2111 718 2139 Romae
729 2106 857 2137 assiduus
867 2106 911 2136 fui
922 2110 931 2135 ?
951 2106 1164 2145 Respondebo,

209 2156 250 2184 At
259 2162 314 2195 ego
324 2154 454 2181 omnino
464 2161 528 2181 non
537 2150 592 2181 fui.
615 2152 719 2180 Fateor
729 2168 736 2181 ‚
749 2158 797 2177 me
809 2147 955 2177 se&orem
967 2146 1040 2176 esse:
1057 2146 1165 2176 verum
1184 2167 1186 2173 .

210 2195 245 2224 &
265 2196 315 2224 alii
335 2193 433 2222 multi.
464 2195 503 2222 At
513 2203 568 2234 ego
579 2191 623 2231 (ut
632 2199 692 2221 tute
704 2190 812 2231 arguis)
824 2188 948 2229 agricola
958 2208 966 2221 ,
989 2188 1021 2217 δε
1031 2187 1164 2218 rusticus.

210 2239 287 2266 Non
297 2233 443 2264 continuo
452 2254 460 2267 ‚
482 2233 501 2263 fi
513 2244 562 2263 me
572 2235 602 2263 in
616 2241 736 2274 gregem
755 2229 923 2259 sicariorum
942 2230 1057 2259 contuli
1069 2249 1077 2262 ,
1101 2230 1165 2258 sum

212 2276 337 2307 sicarius.
369 2278 408 2305 At
416 2285 472 2315 ego
483 2274 618 2315 profecto
631 2294 639 2308 ,
658 2274 757 2314 quine
768 2273 841 2300 novi
851 2271 972 2311 quidem
983 2280 1165 2311 quemquam

211 2317 451 2361 sicarium‚longe
461 2317 565 2346 absum
575 2316 611 2345 ab
620 2313 770 2355 ejusmodi
781 2314 917 2342 crimine.
929 2312 1077 2342 Permulta
1086 2312 1164 2344 sunt,

210 2370 277 2401 quae
288 2359 346 2389 dici
356 2357 478 2398 poflunt
489 2378 496 2391 ‚
508 2367 594 2398 quare
605 2356 801 2397 intelligatur,
814 2354 963 2383 summam
975 2353 1166 2391 tibifaculta-

209 2409 268 2431 tem
279 2400 365 2440 suiffe
373 2397 696 2440 maleficiificsczpiendi:
718 2406 784 2437 quae
793 2405 856 2425 non
867 2394 961 2424 modo
972 2393 1084 2425 idcirco
1094 2404 1166 2434 prae-

213 2453 294 2474 tereo
305 2462 314 2475 ‚
332 2440 414 2486 quod
423 2444 459 2471 tei
485 2442 548 2471 sum
558 2450 621 2470 non
634 2439 760 2469 libenter
768 2437 870 2467 accuso
882 2447 887 2464 z
905 2435 1012 2466 verum
1024 2434 1060 2465 εὸ
1072 2437 1166 2475 magis

212 2486 303 2514 etiam
316 2503 323 2516 ,
336 2482 417 2524 quod
430 2502 438 2516 ,
449 2451 480 2512 sip
1143 2520 1147 2524 .

214 2534 281 2556 tum
290 2524 375 2555 faaae
386 2523 513 2554 suntista
523 2523 625 2553 eadem
635 2523 747 2552 ratione
756 2541 766 2554 ‚
789 2530 846 2561 qua
862 2522 930 2549 Sex.
941 2519 1069 2549 Roscius
1087 2528 1166 2549 occi-

215 2568 263 2597 sus
271 2566 323 2599 est,
336 2576 453 2599 vereor,
468 2576 506 2595 ne
515 2565 549 2594 ad
558 2565 669 2606 plureis
679 2564 775 2593 oratio
788 2571 854 2591 mea
865 2562 1012 2601 pertinere
1021 2559 1164 2589 videatur.

149 2616 196 2648 34
215 2608 380 2638 Videamus
399 2617 479 2637 nunc
499 2606 625 2636 stridiim
637 2627 645 2639 ,
669 2604 860 2636 sicutcetera,
883 2612 948 2644 quae
959 2600 1024 2641 post
1035 2610 1166 2630 mortem

216 2654 286 2680 Sex.
299 2649 399 2679 Roscii
409 2648 459 2678 abs
471 2657 496 2678 tc
510 2669 518 2682 ‚
541 2651 580 2678 T.
592 2647 682 2678 Rosci
692 2666 701 2680 2
714 2645 789 2675 fasta
806 2645 888 2674 sunt:
907 2645 1020 2684 quaeita
1028 2652 1122 2683 aperta
1133 2643 1166 2672 ὃς

216 2689 373 2722 manifesta
383 2691 450 2720 sunt
460 2710 468 2722 ,
481 2699 512 2719 ut
522 2689 640 2719 medius
650 2688 749 2720 fidius,
760 2685 881 2724 judices,
893 2686 1005 2715 invitus
1014 2694 1047 2713 ea
1057 2683 1163 2714 dicam.

214 2743 319 2763 vereor
328 2734 410 2761 enim
421 2751 429 2764 ,
444 2735 455 2758 3
465 2730 648 2760 cuicuimodi
658 2740 687 2760 cs
699 2750 707 2763 ‚
718 2732 757 2759 T.
770 2728 872 2760 Rosci,
884 2737 920 2756 ne
929 2728 969 2756 ita
978 2727 1058 2755 hunc
1067 2725 1168 2755 videar

214 2772 342 2805 voluisse
353 2773 474 2806 servare,
489 2781 520 2802 ut
530 2772 585 2803 tibi
596 2770 726 2802 omnino
736 2780 799 2800 non
808 2770 1001 2810 pepercerim.
1021 2765 1101 2797 Cum
1109 2767 1168 2810 hog
1185 2768 1188 2802 ζ

255 2929 280 2945 t.
300 2909 488 2948 cAIScmfflium
497 2917 599 2951 lacum]
620 2916 745 2953 Explicat
756 2914 948 2952 Hadr.Junius
958 2912 1005 2940 lib.
1020 2922 1060 2939 ii.
1072 2911 1168 2939 Anim-

215 2956 396 2982 adver-tionum
408 2963 463 2988 cap.
474 2962 500 2987 7.

252 3001 280 3017 2.
299 2994 401 3024 Demque
410 2989 568 3021 Mamertus]
582 2990 620 3014 Ita
632 2988 738 3023 reperiri
750 2989 776 3014 in
787 2986 841 3013 solo
853 2987 895 3012 Pal
903 2986 965 3013 ‚ogi-
975 2985 1019 3012 alii
1032 2988 1170 3015 Mammeos,

215 3025 351 3063 quomodo
361 3025 425 3052 editi
437 3025 593 3059 antiquitus.
614 3024 716 3059 reponit
727 3027 848 3050 Memmios
859 3023 980 3048 Ursinus.

255 3071 280 3102 3.
301 3061 443 3087 Cuicuimodi
453 3070 475 3085 es
485 3062 510 3085 T.
521 3060 582 3092 Rqsci
594 3079 601 3090 ,
612 3069 640 3085 ne
648 3063 685 3085 ila
693 3062 754 3084 hunc
762 3060 849 3084 videar
857 3057 1084 3091 voluffsefinarn]
1100 3055 1143 3082 Est
1155 3055 1170 3081 'a

217 3097 350 3124 Prisciano
360 3097 404 3132 qui
417 3095 614 3123 vide-itui·.1ib1·o
626 3104 657 3121 xi
668 3104 675 3121 ι
685 3104 706 3120 ι.
717 3094 758 3120 sed
768 3095 835 3120 abest
849 3113 856 3125 ‚
867 3094 980 3127 voltcaeffk5
992 3092 1098 3129 vulgata
1110 3110 1118 3126 ,
1129 3100 1171 3118 eu—

208 3134 311 3173 jusmodi
320 3143 342 3161 es
353 3133 415 3168 Rosci
424 3151 432 3165 ,
444 3133 494 3164 dvc.
513 3130 627 3159 Vistorii
640 3141 645 3159 2
659 3132 764 3165 cujusque
773 3130 832 3158 mode
841 3139 863 3157 cs
874 3129 946 3164 Rosci.

479 2482 515 2512 de
526 2482 586 2515 illis
595 2480 725 2512 caedibus
736 2479 830 2509 velim
838 2487 1087 2510 commemorare,
1101 2487 1166 2517 quae
1186 2492 1187 2499 κ

1193 106 1722 156 thznonis

1193 200 1297 222 vereor
1307 211 1315 225 ,
1327 190 1360 222 &
1368 192 1458 231 cupio
1467 191 1523 222 tibi
1533 192 1630 233 aliqua
1638 202 1676 222 ex
1683 199 1763 232 parte
1772 189 1864 232 (quod
1876 191 1952 223 salva
1963 190 2021 223 fide
2028 190 2162 240 possint)

1192 243 1317 274 parcere,
1329 234 1425 263 rursus
1437 235 1570 263 immuto
1582 234 1768 263 voluntatem
1780 243 1890 263 meam.
1901 235 1986 264 venit
1995 235 2079 264 enim
2089 244 2153 264 mi-

1191 277 1224 305 hi
1235 277 1267 304 in
1278 285 1413 305 mentem
1425 285 1474 304 oru
1483 275 1536 303 rui,
1569 273 1655 305 Tene
1667 293 1675 308 ,
1692 273 1764 304 cum
1774 283 1862 304 ceteri
1871 274 1941 305 socii
1953 275 2152 315 tuifugerent.

1191 327 1222 347 ac
1241 317 1269 346 se
1287 317 1485 350 occultarent,
1515 325 1547 346 ut
1558 318 1613 346 hoc
1623 316 1773 355 judicium
1784 325 1848 346 non
1858 317 1893 347 de
1906 317 2029 347 illoium
2040 316 2149 356 praeda,

1192 358 1240 389 sed
1249 358 1285 388 de
1297 359 1385 398 hujus
1395 357 1545 387 maleficio
1555 356 1619 387 fieri
1630 357 1780 387 videretur
1790 378 1798 391 ,
1820 357 2009 397 potiss'imum
2021 358 2076 388 tibi
2087 368 2153 398 par-

1191 409 1245 430 teis
1256 399 1323 430 istas
1333 397 1534 440 depoposciffe
1544 419 1553 433 ,
1571 408 1604 429 ut
1624 401 1658 428 in
1676 399 1791 435 iudicio
1809 400 1953 430 versarere
1962 420 1970 433 ,
1995 400 2026 430 &
2038 399 2154 430 sederes

1191 451 1262 471 cum
1280 441 1441 472 accusatore
1453 447 1463 472 ?
1483 450 1540 481 qua
1548 442 1581 470 in
1591 450 1621 470 re
1632 441 1709 470 nihil
1719 440 1800 470 aliud
1809 439 1967 482 assequeris
1978 461 1986 474 ‚
2007 439 2062 470 nisi
2073 449 2106 471 ut
2114 440 2152 471 ab

1193 483 1337 512 omnibus
1347 482 1524 512 mortalibus
1534 482 1656 511 audacia
1664 491 1713 512 tua
1720 483 1958 523 cognoscatur,&
1968 482 2153 524 impudentia.

1194 525 1297 554 Occiso
1308 527 1376 555 Sex.
1390 523 1512 556 Roscio,
1525 526 1575 564 qui
1587 526 1702 564 primus
1714 526 1866 553 Ameriam
1878 526 2015 556 nuntiat?
2028 524 2156 554 Mallius

1193 567 1317 596 Glaucia
1326 585 1334 600 ‚
1345 566 1506 606 quemjam
1517 573 1601 595 antea
1612 567 1788 598 nominavi,
1800 573 1868 595 tuus
1877 566 1972 596 cliens
1981 585 1990 599 ‚
2011 565 2043 595 &
2061 565 2154 596 fami-

1194 609 1282 638 liaris.
1313 607 1395 649 Qid
1416 609 1536 637 attinuit
1552 617 1623 637 eum
1634 605 1768 646 potiffim
1774 605 1826 636 utn
1835 608 1992 639 nuntiare?
2011 605 2093 647 quod
2102 627 2111 641 ,
2131 605 2155 638 fi

1195 649 1315 679 nullum
1323 650 1387 688 jam
1397 647 1466 678 ante
1475 647 1635 678 consilium
1647 648 1682 679 de
1691 657 1800 681 morte.
1814 658 1845 678 ac
1855 648 1892 678 de
1901 648 1991 678 bonis
2001 651 2065 688 ejus
2075 650 2158 678 inie-

1194 701 1237 720 ras
1250 710 1259 723 .
1279 691 1454 731 nullamque
1474 690 1646 720 societatem
1664 699 1760 730 neque
1776 689 1892 720 sceleris
1903 708 1911 723 ,
1930 700 2026 730 neque
2035 691 2157 730 praemii

1194 742 1265 762 cum
1277 733 1402 762 homine
1414 731 1477 761 ullo
1486 734 1598 761 coieras
1611 751 1620 765 ‚
1644 732 1679 761 ad
1690 740 1717 761 te
1729 730 1862 761 minime
1873 733 2014 761 omnium
2024 733 2159 771 pertine-

1196 774 1255 804 bat.
1279 777 1335 804 Sua
1345 774 1448 813 sponte
1459 774 1582 803 Mallius
1591 775 1717 804 nuntiat.
1736 776 1754 799 4
1765 772 1857 813 Qd,
1868 773 1979 813 quaeso,
1990 773 2055 812 ejus
2064 775 2158 804 inter·-

1197 824 1254 845 erat
1269 817 1278 843 ?
1288 825 1335 848 an,
1347 814 1417 845 cum
1430 816 1583 844 Ameriam
1595 825 1659 844 non
1668 815 1790 854 hujusce
1799 816 1841 844 rei
1853 815 1935 844 causa
1943 813 2078 849 venisset,
2089 815 2158 846 casu

1198 856 1304 886 accidit
1315 877 1323 890 ,
1347 865 1380 886 ut
1391 856 1420 886 id
1433 876 1441 890 ‚
1461 856 1543 897 quod
1561 858 1671 886 Romae
1688 856 1838 889 audierat,
1854 858 1970 895 primus
1986 858 2158 887 nuntiaret?

1199 898 1283 937 cujus
1294 899 1335 928 rei
1349 898 1431 928 causa
1441 907 1561 928 venerat
1569 900 1723 928 Ameriam
1736 901 1746 927 ?
1762 900 1836 928 Non
1846 896 1975 937 possum,
1987 899 2097 939 inquit,
2107 898 2158 928 di-

1197 942 1308 969 vinare.
1334 938 1380 970 Εὸ
1401 949 1465 969 rem
1484 940 1544 978 jam
1563 939 1706 970 adducam
1719 959 1728 973 ,
1751 949 1784 970 ut
1794 940 1871 969 nihil
1882 939 2069 969 divinatione
2079 949 2158 980 opus

1198 980 1238 1010 sit,
1271 983 1337 1022 Qa
1347 982 1459 1011 ratione
1471 981 1583 1011 Roscio
1594 983 1732 1021 Capitoni
1741 983 1819 1021 prim
1825 981 1878 1010 um
1889 983 2058 1012 nuntiavit?
2075 980 2158 1011 Cum

1199 1025 1327 1052 Ameriae
1338 1025 1407 1052 Sex.
1419 1023 1524 1053 Roscii
1533 1022 1644 1053 domus
1655 1042 1664 1056 ,
1685 1033 1763 1052 uxor
1773 1042 1781 1055 ,
1798 1022 1943 1063 liberique
1952 1021 2046 1053 essent
2059 1033 2064 1051 z
2083 1021 2160 1053 cum

1200 1073 1244 1094 t0t
1253 1065 1424 1107 propinqui,
1437 1066 1612 1104 cognatique
1623 1064 1739 1104 optime
1749 1066 1965 1094 convenientes
1978 1074 1983 1092 t
1998 1074 2056 1104 qua
2066 1065 2159 1094 ratio-

1200 1116 1238 1135 ne
1247 1105 1360 1135 iactum
1372 1104 1460 1138 est‚ut
1472 1105 1524 1135 iste
1535 1114 1601 1136 tuus
1611 1106 1834 1139 cliens,sceleris
1847 1107 1888 1134 tui
1899 1107 2034 1139 nuntius,
2047 1107 2158 1136 T.Ro-

1200 1147 1261 1177 scio
1272 1149 1408 1187 Capitoni
1416 1145 1605 1186 potiffimum
1616 1149 1784 1178 nuntiaret?
1805 1147 1925 1176 Occisus
1943 1146 1986 1176 est
2004 1146 2020 1176 ὲ
2030 1157 2101 1177 cena
2111 1156 2161 1177 re-

1201 1188 1296 1218 diens.
1319 1188 1458 1218 nondum
1470 1188 1594 1221 lucebat,
1606 1188 1678 1218 cum
1690 1190 1819 1217 Ameriae
1828 1188 1934 1218 scitum
1945 1187 1996 1218 est.
2016 1188 2097 1230 Qid
2106 1188 2159 1220 hie

1202 1229 1365 1259 incredibilis
1374 1229 1468 1269 cursus
1477 1240 1488 1255 .·
1507 1229 1579 1270 quid
1590 1231 1652 1259 haec
1661 1238 1740 1259 tanta
1749 1230 1891 1263 celeritas,
1901 1228 2110 1270 festinatioque
2119 1228 2158 1260 fi-

1201 1270 1333 1313 gnificat?
1344 1281 1407 1301 non
1418 1281 1517 1311 quaero
1526 1273 1593 1311 quis
1602 1270 1779 1312 percuss'erit.
1798 1271 1876 1300 nihii
1886 1270 1928 1301 est
1938 1270 2157 1313 Giaucia,qubd

1202 1322 1327 1343 metuas.
1351 1323 1415 1342 non
1433 1314 1555 1343 excutio
1576 1321 1603 1343 te
1613 1333 1623 1346 ‚
1641 1311 1831 1354 fiquid‘forte
1845 1311 1915 1343 ferri
1924 1312 2053 1343 habuisti
2065 1324 2070 1342 ε
2090 1323 2158 1345 non

1204 1355 1316 1384 scrutor
1327 1365 1332 1383 1
1346 1354 1423 1384 nihil
1433 1354 1468 1384 ad
1479 1364 1527 1384 me
1538 1354 1661 1385 arbitror
1670 1356 1826 1394 pertinere.
1838 1356 1995 1395 quoniam,
2006 1355 2084 1394 cujus
2093 1365 2160 1384 con-

1197 1396 1259 1436 filio
1271 1395 1427 1437 occis'usfit‚
1442 1397 1568 1426 invenio
1584 1407 1590 1425 :
1601 1397 1647 1436 cuj
1653 1406 1686 1426 us
1696 1406 1787 1426 manu
1798 1394 1832 1426 sit
1840 1395 1988 1436 percussus
1997 1406 2062 1426 non
2073 1397 2158 1427 labo-

1205 1448 1249 1467 ro.
1273 1440 1379 1468 Unum
1398 1439 1455 1467 hoc
1471 1438 1558 1468 sumo
1570 1457 1578 1471 ,
1597 1437 1679 1478 quod
1698 1439 1776 1467 mihi
1792 1447 1927 1478 apertum
1945 1446 2032 1468 tuum
2049 1437 2168 1472 scelus.·

1203 1479 1304 1519 resque
1315 1478 1472 1509 manifesta
1481 1479 1540 1509 dat.
1573 1480 1654 1513 Ubi,
1676 1488 1726 1509 aut
1736 1479 1816 1509 unde
1825 1479 1939 1509 audivit
1948 1479 2089 1510 Glaucia?
2105 1477 2162 1520 qui⁴

1205 1529 1265 1550 tam
1276 1519 1336 1550 cito
1346 1521 1450 1551 scivit?
1466 1523 1522 1551 Fac
1531 1518 1642 1551 audiffe
1653 1520 1760 1551 statim.
1781 1523 1855 1560 Qae
1865 1530 1909 1550 res
1919 1530 1990 1550 eum
1999 1520 2089 1551 noae
2100 1530 2161 1552 una
2193 1539 2201 1546 -

1203 1571 1319 1592 tantum
1327 1563 1444 1592 itineris
1453 1562 1634 1592 contendere
1641 1563 1742 1602 co'e'git
1752 1566 1762 1592 ?
1778 1572 1845 1603 quae
1855 1560 2003 1592 neceffitas
2014 1572 2086 1592 eum
2095 1571 2161 1593 tan-

1206 1612 1232 1634 ta
1241 1604 1404 1644 premebat,
1415 1612 1457 1638 ut,
1469 1602 1490 1633 si
1501 1604 1549 1634 sua
1558 1604 1662 1643 sponte
1671 1607 1728 1634 iter
1738 1606 1891 1634 Ameriam
1901 1602 2010 1633 faceret
2019 1624 2027 1637 ‚
2039 1604 2070 1634 id
2081 1613 2161 1634 tem-

1201 1647 1282 1686 poris
1300 1647 1402 1676 Roma
1417 1644 1647 1686 proficisceretur
1659 1666 1666 1678 .
1686 1645 1802 1675 nullam
1812 1654 1926 1685 pai-tem
1935 1644 2034 1675 nostis
2043 1647 2163 1686 requie·

1203 1688 1293 1717 sceret
1303 1690 1313 1715 ?
1325 1689 1463 1717 Etiamne
1474 1690 1506 1717 in
1516 1696 1576 1717 tarn
1585 1688 1746 1727 perspicuis
1755 1687 1844 1717 rebus
1852 1689 2069 1728 argumentatio
2079 1697 2160 1728 quae-
2176 1701 2190 1735 3
2198 1701 2224 1733 5

1204 1729 1294 1758 renda
1304 1748 1313 1763 ,
1324 1738 1374 1759 aut
1382 1729 1451 1768 conj
1456 1728 1555 1759 estura
1564 1729 1704 1768 capienda
1714 1727 1746 1758 sit
1758 1733 1768 1758 ?
1785 1738 1889 1758 nonne
1899 1728 1986 1758 vobis
1997 1729 2061 1759 haec
2071 1748 2079 1762 ‚
2091 1739 2159 1770 quae:

1204 1770 1326 1800 audistis
1337 1791 1345 1804 ,
1358 1780 1460 1799 cernere
1469 1770 1550 1800 oculis
1558 1771 1712 1800 videmini
1724 1768 1732 1804 ,'
1745 1769 1878 1809 judices?
1895 1780 1958 1799 non
1970 1770 2059 1800 illum
2068 1771 2163 1801 mise-

1205 1821 1284 1845 rum,
1295 1814 1433 1853 ignarum
1442 1812 1523 1842 casus
1532 1812 1551 1843 s
1547 1814 1587 1845 ui.
1598 1811 1772 1842 redeuntem
1783 1810 1799 1841 a
1807 1821 1880 1841 cena
1887 1811 1996 1841 videtis
2007 1817 2016 1843 ,>
2033 1821 2097 1842 non
2105 1821 2164 1852 po-

1206 1852 1270 1883 sitas
1279 1852 1396 1883 insidias
1407 1860 1417 1886 ?
1427 1863 1492 1883 non
1502 1855 1652 1893 impetum
1661 1854 1872 1892 repentinum?
1882 1862 1947 1882 non
1956 1853 2085 1883 versatur
2093 1863 2163 1885 ante

1206 1896 1310 1925 oculos
1328 1895 1416 1925 vobis
1434 1897 1466 1925 in
1485 1895 1565 1925 caede
1576 1895 1716 1926 Glaucia?
1738 1904 1803 1924 non
1811 1893 1891 1924 adest
1901 1893 1954 1924 iste
1964 1897 2003 1924 T.
2013 1895 2141 1925 Roscius
2151 1900 2166 1928 ξ

1207 1947 1271 1966 non
1282 1937 1339 1966 suis
1351 1937 1490 1966 manibus
1500 1939 1533 1966 in
1542 1947 1628 1967 curru
1641 1936 1769 1966 collocat
1782 1935 2042 1966 Automedontem
2059 1936 2164 1971 illum.

1208 1979 1252 2008 sui
1264 1979 1380 2009 sceleris
1390 1977 1577 2012 acerbissimi,
1591 1977 1769 2018 nefariaeque
1779 1976 1914 2013 vi&oriae
1925 1980 2068 2008 nuntium
2079 1983 2164 2010 ?non

1208 2029 1270 2050 orat
1281 2040 1289 2054 ,
1312 2029 1345 2050 ut
1355 2030 1421 2050 eam
1433 2019 1556 2050 no&em
1566 2019 1743 2061 pervigilet?
1762 2028 1792 2049 ut
1803 2020 1927 2049 honoris
1935 2019 1979 2049 sui
1987 2020 2070 2050 causa
2078 2019 2165 2050 labo-

1207 2072 1250 2092 ret
1261 2065 1271 2091 ?
1291 2071 1324 2092 ut
1333 2064 1471 2102 Capitoni
1480 2062 1572 2102 quam
1581 2061 1717 2101 primum
1728 2062 1871 2090 nunciet?
1890 2060 1970 2101 Qid
1981 2069 2042 2090 erat
2051 2081 2060 2094 ‚
2079 2060 2165 2101 qubd

1208 2106 1386 2143 Capitonem
1396 2106 1532 2143 primum
1543 2104 1616 2133 scire
1625 2103 1774 2132 voluerit?
1785 2101 1896 2131 Nescio
1908 2111 1913 2129 :
1924 2100 1980 2130 nisi
1990 2102 2049 2131 hoc
2058 2102 2163 2137 video.

1208 2147 1383 2184 Capitonem
1404 2147 1437 2174 in
1456 2145 1502 2173 his
1521 2144 1609 2174 bonis
1628 2142 1686 2173 ess'e
1706 2143 1831 2172 socium.
1853 2142 1890 2172 de
1908 2142 2002 2172 tribus
2014 2144 2046 2173 &
2056 2143 2164 2175 decem

1206 2186 1310 2216 fundis
1321 2188 1389 2215 treis
1400 2183 1600 2215 nobiliffimos
1610 2183 1720 2214 fundos
1731 2194 1801 2214 eum
1812 2183 1901 2213 video
1914 2183 2068 2223 poffidere.
2099 2187 2165 2217 Au-

1206 2227 1258 2257 dio
1266 2235 1413 2266 praeterea,
1426 2236 1489 2256 non
1500 2227 1575 2256 hanc
1585 2226 1785 2266 suspicionem
1796 2235 1875 2255 nunc
1884 2224 2021 2264 primum
2030 2228 2064 2256 in
2075 2228 2166 2267 capi-

1208 2277 1312 2298 tonem
1321 2267 1451 2298 conferri
1464 2279 1469 2297 :
1481 2270 1495 2294 5
1504 2268 1612 2297 multas
1622 2266 1678 2297 effe
1688 2266 1938 2308 infameupalmas:
1948 2268 2024 2297 hanc
2031 2269 2164 2308 primam.

1207 2308 1266 2339 effe
1283 2318 1382 2339 tamen
1402 2309 1606 2339 lemniscatam
1619 2329 1629 2343 ‚
1648 2319 1714 2349 quae
1731 2311 1840 2343 Roma:
1858 2307 2020 2344 deferatur:
2038 2309 2162 2340 nullum

1207 2351 1338 2384 modum
1352 2349 1408 2380 esse
1419 2352 1554 2380 hominis
1563 2350 1721 2381 occidendi
1732 2370 1740 2384 ,
1755 2360 1815 2391 quo
1826 2350 1877 2379 ille
1886 2360 1951 2380 non
1959 2351 2073 2391 aliquot
2080 2352 2165 2382 occi-

1207 2392 1283 2422 derit
1295 2402 1300 2421 :
1319 2393 1432 2422 multos
1440 2391 1518 2422 ferro
1529 2411 1537 2425 ‚
1558 2392 1669 2422 multos
1679 2401 1808 2422 veneno.
1833 2392 1938 2422 Habeo
1948 2393 2038 2422 etiam
2049 2391 2161 2426 dicere.

1205 2444 1296 2475 quem
1307 2443 1407 2464 contra
1417 2443 1534 2463 morem
1545 2433 1863 2473 majorum,min0rem
1873 2435 1959 2463 annis
1969 2443 2026 2463 Lx.
2036 2433 2073 2464 de
2082 2443 2162 2474 pon-

1207 2485 1234 2506 te
1246 2477 1279 2504 in
1289 2476 1427 2505 Tiberim
1439 2476 1587 2515 dejecerit.
1611 2485 1676 2516 quae
1687 2495 1696 2509 ,
1707 2474 1728 2504 fi
1737 2475 1883 2515 prodierit
1891 2494 1900 2508 ‚
1911 2484 1996 2515 atque
2005 2474 2078 2505 adeo
2087 2473 2161 2507 cum

1206 2517 1350 2557 prodierit
1359 2517 1431 2555 (scio
1443 2519 1525 2546 enim
1535 2516 1726 2556 proditurum
1738 2515 1807 2557 ess'e)
1816 2517 1923 2547 audiet.
1934 2518 2036 2546 veniat
2045 2515 2140 2547 modb
2149 2526 2160 2547 z

1205 2559 1333 2598 explicet
1352 2558 1438 2588 suum
1459 2559 1605 2588 volumen
1615 2558 1689 2588 iliud
1701 2578 1710 2592 ,
1729 2557 1811 2598 quod
1821 2559 1848 2587 ei
1858 2559 1982 2598 planum
1989 2557 2082 2588 facere
2090 2558 2165 2598 posv'

1208 2600 1273 2630 sum
1293 2602 1436 2630 Erucium
1448 2598 1662 2639 conscripsiss'e:
1684 2599 1766 2641 quod
1777 2600 1859 2639 ajunt
1867 2599 1957 2629 illum
1968 2602 2034 2629 Sex.
2045 2600 2161 2630 Roscio

1208 2639 1371 2671 intentasse:
1380 2639 1396 2662 ⁶
1408 2642 1440 2671 &
1451 2643 1625 2671 minitatum
1635 2639 1703 2674 effe,
1714 2641 1742 2671 se
1751 2642 1856 2670 omnia
1863 2641 1914 2670 illa
1921 2650 1974 2680 pro
1983 2640 2161 2671 testimonio

1207 2681 1262 2712 ess'c
1274 2682 1434 2712 dicturum.
1457 2685 1485 2712 O
1493 2683 1666 2722 praeclarum
1677 2681 1794 2715 testem,
1806 2683 1814 2719 i
1819 2682 1920 2713 udices
1933 2684 1938 2710 Ε
1959 2681 1978 2712 ὁ
1987 2684 2161 2724 gravitatem

1208 2725 1329 2764 dignam
1340 2723 1560 2764 exspeEiatione
1573 2726 1578 2753 !
1591 2724 1610 2754 ὂ
1622 2726 1714 2754 vitam
1726 2723 1893 2756 honestam,
1903 2732 1989 2763 atque
1998 2723 2160 2762 ejusmodi,

1208 2774 1240 2796 ut
1249 2765 1411 2796 libentibus
1420 2765 1530 2797 anirni's
1539 2765 1574 2796 ad
1584 2766 1646 2806 ejus
1657 2764 1877 2800 testimonium,
1888 2763 2160 2806 vestrumjusjuran-

1339 2831 1354 2840 0
2092 2807 2163 2836 dum

1243 2918 1273 2945 4.
1291 2912 1357 2945 Qid
1363 2912 1432 2946 quaefi
1449 2914 1499 2946 ejm·
1512 2911 1653 2945 intererat]
1673 2910 1793 2936 Avorum
1804 2919 1860 2936 aevo
1870 2909 1921 2935 cufi
1934 2928 1942 2941 ,
1953 2909 1980 2934 8<
1991 2908 2048 2935 mss'.
2060 2907 2140 2935 nostri
2150 2925 2162 2940 ,

1210 2949 1285 2981 quasi.
1295 2949 1339 2974 Pal
1346 2957 1416 2973 ‚vero
1427 2949 1526 2983 primus
1536 2947 1673 2982 distinguit
1684 2957 1690 2973 :
1702 2947 1785 2980 Qui?
1795 2946 1918 2981 quafiejus
1925 2947 2054 2972 intererat?
2063 2943 2096 2975 dg
2107 2952 2162 2981 quo

1211 2982 1358 3017 dijudicent
1366 2983 1513 3009 otioliores.
2162 2994 2172 3002 ι

1249 3027 1274 3052 5.
1295 3020 1389 3046 Multae
1400 3020 1441 3052 esti
1449 3019 1556 3052 infirmet}
1562 3018 1680 3053 palmam]
1691 3017 1766 3046 Olim
1777 3016 1829 3043 cusi
1841 3016 1870 3042 &¹
1879 3015 1936 3043 uiss‘.
1947 3015 2026 3043 nostri
2035 3016 2161 3050 lnfitm'ue·

1211 3054 1282 3081 foi-tc
1293 3056 1396 3088 infamas·
1405 3055 1455 3088 ‘jeu’
1463 3056 1566 3087 palmae.

1247 3091 1276 3116 6.
1294 3092 1327 3115 Ει
1336 3093 1471 3115 minitatum
1480 3091 1546 3123 effi]
1566 3088 1698 3119 Vetustius
1708 3088 1773 3120 editi
1785 3107 1794 3124 ,
1814 3089 1879 3121 item
1890 3087 1960 3118 Pali.
1969 3087 2050 3118 nostri
2059 3087 2161 3114 mediu-

1211 3133 1272 3155 tum.
1289 3127 1318 3155 S.
1327 3125 1443 3155 Vistorls
1452 3132 1592 3156 mentuunt·
2164 3133 2167 3136 “

2046 3166 2071 3187 ι.
2081 3159 2166 3193 17th

2219 2695 2246 2716 fl&
