2297 3389
70 589 113 622 16

50 1710 84 1746 .'1
95 1722 113 1755 7

666 137 938 183 ORATro
997 151 1117 182 PRo
1175 139 1229 184 A.
1265 138 1559 185 CAEcrnA.

131 221 217 252 serite
229 219 331 252 oculos
342 218 374 250 in
383 216 506 249 curiam,
522 214 707 255 introspicite
715 217 835 255 penitus
845 218 877 246 in
893 218 1014 247 omneis
1033 219 1090 247 rei-

130 264 215 303 publ.
227 263 343 303 parteis.
364 258 465 290 utrum
483 256 589 287 videtis
610 258 688 286 nihil
706 256 789 296 poffe
805 257 936 288 accidere
947 277 956 291 ‚
971 267 1005 287 ut
1018 258 1089 287 tales

129 306 188 335 viri
199 301 379 334 desiderandi
392 298 468 329 fint?
488 308 524 328 an
535 317 542 330 ‚
563 296 584 326 si
594 298 733 328 acciderit
742 308 848 328 eorum
860 299 1023 328 hominum
1034 309 1086 328 co-

126 348 178 385 pia
195 345 343 385 populum
360 344 398 372 R.
409 339 580 370 abundare?
604 342 677 381 Qae
694 338 714 369 si
732 340 892 380 diligenter
908 339 1064 369 attendetis
1075 359 1083 373 ,

129 386 277 426 Ρτοὶεέὶὸ,
285 383 400 424 judices
412 402 421 414 ‚
432 391 529 410 virum
538 379 572 410 ad
584 381 697 411 labores
708 381 780 411 belli
795 383 970 421 impigrum,
982 380 1016 410 ad
1033 390 1085 419 pe-

128 428 221 457 ricula
236 427 345 456 fortem
358 434 364 452 :
385 423 420 453 ad
431 423 527 455 usum,
538 432 570 452 ac
579 422 769 461 disciplinam
779 442 786 456 2
800 424 929 462 peritum
941 432 946 450 :
966 421 1001 451 ad
1011 432 1085 451 con-

129 459 201 501 silia,
213 466 389 507 prudentem
402 475 408 493 ε
428 464 462 493 ad
472 464 570 493 casum
582 484 589 497 ,
599 463 812 505 fortunamque
822 484 830 497 ,
845 463 966 493 felicem
977 483 985 496 ,
998 462 1084 492 domi

129 509 227 541 vobis,
240 518 272 538 ac
290 507 391 537 liberis
405 505 508 535 vestris
524 507 667 539 retinere,
688 508 777 545 quam
797 503 1014 535 inimicissimis
1031 514 1085 543 po-

127 550 192 590 puli
203 552 295 579 Rom.
308 547 480 577 nationibus
493 567 501 579 ‚
520 546 552 576 &
561 545 769 576 crudelissimis
787 546 898 577 tradere
908 566 916 580 ,
930 546 963 576 δε
972 546 1085 576 conde-

130 601 233 621 mnare
242 590 370 620 maletis,
395 592 434 618 At
445 587 561 618 infestis
569 588 663 628 prope
679 587 766 629 signis
780 587 950 618 inferuntur
959 587 1038 617 Galli
1052 589 1083 616 in

130 632 308 672 Fontejum:
329 631 362 660 δε
375 629 502 662 instant,
514 639 601 670 atque
618 640 724 669 urgent
741 630 861 660 summo
879 639 952 659 ‘cum
965 628 1063 658 studio
1074 648 1082 661 ,

129 674 247 705 summa
256 683 327 703 cum
336 672 463 702 audacia.
485 675 494 690 ¹
506 681 562 700 nos
574 670 656 704 vero,
667 671 792 710 judices,
804 681 867 701 non
879 671 911 700 ὃς
921 671 1037 702 multis,
1052 670 1084 700 &

128 713 226 746 firmis
242 712 394 754 praesidiis.
410 713 499 743 vobis
509 712 692 749 adjutoribus
702 733 709 745 ‚
730 711 775 742 isti
786 714 925 745 immani,
940 721 1026 752 atque
1037 713 1085 740 in—

128 755 290 788 tolerandae
310 755 447 785 barbariae
466 753 632 794 resistemus?
668 752 805 783 Primum
824 753 965 791 objicitur
984 761 1086 782 contra

127 797 256 828 istorum
266 799 396 836 impetus
406 796 592 827 Macedonia,
605 793 712 827 fidelis,
722 795 753 824 δε
762 796 858 825 amica
865 795 979 834 populo
990 797 1082 824 Rom.

127 841 301 880 provincia:
318 848 384 879 quae
395 836 466 866 cum
477 837 516 870 se,
527 847 558 866 ac
569 837 632 866 suas
649 836 748 865 urbeis
759 846 821 865 non
838 835 938 866 solum
947 834 1084 868 consilio,

128 881 181 912 sed
191 883 282 911 etiam
300 889 391 909 manu
403 879 521 908 Fonteii
538 876 806 911 conservatameffe
816 877 909 911 dicat,
922 887 954 907 ut
971 877 1021 907 illa
1034 887 1085 916 per

128 923 212 953 hunc
228 922 244 952 a
254 922 406 952 Thracum
420 919 549 949 adventu
560 939 568 952 ,
589 929 620 949 ac
639 919 872 958 depopulatione
881 919 1001 949 defensa
1009 918 1067 948 fuit
1080 928 1085 946 :

129 962 169 993 sic
178 964 214 994 ab
224 964 312 999 hujus
322 971 402 991 nunc
414 963 507 1001 capite
518 961 675 990 Gallorum
685 963 827 1000 impetus,
838 961 1020 1001 terroresque
1034 959 1086 989 de·

129 1005 229 1045 pellit.
253 1002 449 1034 constituitur
459 1012 497 1031 ex
514 1002 601 1032 altera
611 1011 690 1041 parte
708 1004 830 1032 ulterior
840 1003 982 1042 Hispania
992 1023 1000 1035 ,
1020 1011 1084 1042 quie

128 1044 268 1088 profesio
280 1055 342 1074 non
354 1042 448 1074 modo
461 1044 590 1083 religione
600 1044 649 1073 sua
657 1041 784 1073 resistere
794 1043 920 1073 istorum
931 1043 1087 1083 cupiditati

129 1086 229 1129 potest
238 1107 246 1121 ,
267 1086 316 1117 sed
326 1087 414 1116 etiam
426 1086 631 1115 sceleratorum
645 1086 805 1115 hominum
813 1086 938 1126 perjuria
948 1085 1085 1115 testimo—

134 1129 195 1159 niis
205 1139 236 1158 ac
247 1127 468 1158 laudationibus
479 1127 536 1157 suis
547 1126 680 1156 refutare.
693 1130 789 1167 Atque
799 1137 837 1157 ex
847 1127 907 1166 ipsa
916 1129 1006 1157 etiam
1016 1126 1087 1156 Gal-

128 1171 171 1201 lia
187 1168 363 1202 fideliffima,
378 1168 410 1198 &
424 1166 589 1210 gravissima
604 1168 715 1198 auxilia
734 1169 896 1198 sumantur.
914 1170 1004 1198 Venit
1018 1169 1087 1197 huic

130 1208 278 1244 subsidio,
293 1211 403 1240 misero
417 1230 425 1243 2
444 1219 529 1250 atque
549 1211 723 1243 innocenti,
738 1208 963 1240 Massiliensium
981 1209 1088 1239 cunila

131 1255 236 1284 civitas
248 1272 255 1285 ‚
274 1262 340 1292 quae
351 1261 415 1281 non
427 1250 524 1281 solum
534 1251 573 1280 ob
583 1261 647 1280 eam
660 1251 775 1281 causam
786 1251 914 1285 laborat,
929 1260 959 1281 ut
968 1253 1038 1281 huic
1049 1271 1056 1285 ‚
1072 1251 1088 1281 a
1106 1268 1108 1284 ι,

130 1305 193 1336 quo
205 1294 263 1334 ipsa
267 1295 385 1333 servata
394 1292 446 1326 est,
457 1303 556 1332 parem
567 1294 690 1333 gratiam
700 1291 807 1322 referre
817 1293 963 1323 videatur:
982 1292 1031 1322 sed
1044 1302 1088 1322 et-

130 1339 193 1367 iam
204 1356 212 1369 ‚
233 1335 314 1376 quod
325 1345 356 1365 ea
365 1334 541 1364 conditione
552 1355 560 1366 ,
572 1343 657 1374 atque
667 1334 776 1371 eofato
787 1334 814 1364 se
833 1337 866 1364 in
876 1335 922 1364 his
931 1336 1013 1364 tei-ris
1024 1334 1087 1364 col-

132 1379 259 1409 locaram
279 1374 336 1406 ess'e
355 1376 509 1406 arbitratur
527 1395 535 1408 ,
559 1386 595 1405 ne
612 1375 684 1415 quid
701 1374 808 1405 nostris
827 1376 1005 1405 hominibus
1026 1376 1087 1405 illae

131 1428 234 1461 gentes
248 1428 354 1448 nocere
362 1415 482 1457 poffint.
506 1419 618 1457 Pugnat
626 1418 733 1455 pariter
740 1426 794 1456 pro
809 1417 899 1447 salute
913 1419 956 1446 M.
969 1419 1087 1447 Fonteii

131 1457 335 1498 Narbonensis
354 1458 474 1488 colonia
485 1478 492 1491 ,
505 1468 571 1498 quae
588 1468 638 1497 per
650 1458 731 1487 hunc
750 1458 810 1498 ipsa
819 1469 916 1498 nuper
932 1457 1087 1489 obsidione

129 1501 264 1533 hostium
275 1500 392 1530 liberata
404 1520 412 1532 ,
424 1510 506 1529 nunc
515 1500 647 1539 ejusdem
659 1499 797 1532 miseriis,
810 1511 841 1530 ac
850 1501 989 1540 periculis
1001 1510 1083 1530 corn-

129 1551 279 1575 movetur.
302 1543 442 1582 Denique
453 1561 461 1574 ‚
473 1550 506 1571 ut
514 1549 632 1581 oportet
649 1540 729 1571 bello
745 1542 874 1575 Gallico,
889 1551 922 1572 ut
936 1542 1088 1581 majorum

127 1587 193 1627 jura
203 1604 211 1619 ‚
234 1583 389 1624 moresque
404 1583 615 1622 praescribunt,
627 1592 719 1612 nemo
729 1582 772 1613 est
779 1586 854 1614 civis
865 1586 957 1614 Rom.
973 1586 1025 1624 qui
1036 1582 1088 1613 sibi

130 1628 191 1657 ulla
202 1625 378 1664 excusatione
388 1624 522 1653 urendum
533 1633 624 1665 putet.
649 1634 757 1654 omnes
769 1626 851 1655 illius
859 1627 1021 1666 provinciae
1031 1635 1087 1665 pu-

130 1669 261 1703 blicani,
277 1666 411 1707 agricola:
423 1686 431 1700 ,
451 1668 581 1707 pecuarii
592 1687 600 1700 ,
610 1668 698 1697 ceteri
714 1669 912 1708 negotiatores
923 1688 931 1700 ,
943 1677 1005 1697 uno
1023 1669 1088 1697 ani-

134 1720 187 1740 mo
205 1711 249 1738 M.
261 1708 436 1747 Fonte-jum,
447 1717 533 1749 atque
543 1718 601 1739 una
612 1718 687 1738 voce
698 1707 874 1739 defendunt.
890 1708 982 1750 Qod
992 1707 1012 1738 fi
1022 1718 1086 1739 tan-

131 1761 173 1782 tas
189 1750 372 1781 auxiliorum
383 1748 555 1779 nostrorum
565 1752 664 1790 copias
673 1749 896 1781 Indutiomarus
912 1751 973 1791 ipse
986 1749 1089 1791 despe-

130 1795 210 1824 xerit
221 1812 229 1826 ,
249 1791 312 1822 dux
334 1791 532 1833 Allobrogum
544 1812 552 1825 ,
570 1801 736 1822 ceterorum
760 1802 796 1822 ue
814 1793 971 1823 Gallorum
982 1803 988 1821 :
1012 1802 1087 1822 num

130 1837 223 1865 etiam
233 1833 270 1863 de
280 1834 375 1861 matris
386 1833 468 1862 hunc
481 1834 654 1873 complexu,
666 1832 736 1862 leoli
761 1844 841 1868 imae,
853 1835 1088 1874 miserrimaeque

129 1875 266 1906 foeminae
279 1895 288 1908 ‚
308 1873 395 1904 vobis
417 1874 669 1913 inspeetantibus,
682 1875 808 1909 avellet,
829 1885 913 1916 atque
923 1875 1088 1906 abstrahet?

131 1917 293 1958 praesertim
303 1913 375 1947 cum
388 1916 468 1957 virgo
479 1914 587 1952 Vestalu
604 1926 642 1948 ex
651 1916 738 1947 altera
746 1925 826 1957 parte
842 1927 1019 1959 germanum
1029 1916 1088 1947 fra-

453 2015 1041 2083 NL'TULL11

1101 1901 1113 1944 l.

2002 151 2091 200 333

1131 226 1207 248 trem
1230 219 1392 259 complexa
1412 229 1510 250 teneat
1525 240 1534 254 ,
1555 218 1760 261 vestramque,
1778 216 1911 259 judices,
1934 228 1966 249 ac
1984 221 2088 259 populi

1131 262 1225 289 Rom.
1247 259 1339 290 fidem
1359 262 1517 301 imploret:
1540 272 1605 303 quae
1625 271 1678 301 pro
1692 261 1798 295 vobis,
1819 262 1975 302 liberisque
1985 260 2090 291 vestris

1131 310 1175 330 tot
1191 312 1285 331 annos
1300 303 1333 332 in
1353 303 1643 334 diisimmortalibus
1653 302 1802 342 placandis
1816 312 1956 343 occupata
1975 302 2034 336 est,
2056 312 2090 333 ut

1129 352 1173 374 ea,
1185 352 1265 371 nunc
1274 353 1328 382 pro
1339 344 1428 374 salute
1441 345 1488 374 sua
1500 365 1508 378 ,
1528 344 1681 385 fratrisque
1693 345 1736 374 sui
1749 364 1757 377 ,
1769 346 1888 374 animos
1898 343 2010 374 vestros
2023 345 2088 383 pla·

1128 392 1191 411 care
1202 382 1294 421 poffit.
1319 387 1367 414 cui
1380 387 1492 416 miserae
1502 386 1583 427 quod
1592 385 1759 426 praesidium
1772 405 1780 419 ,
1795 386 1876 426 quod
1888 387 2027 416 solatium
2040 396 2088 415 re—

1128 423 1246 463 liquum
1257 424 1300 453 est
1310 445 1318 457 ,
1331 427 1389 455 hoc
1398 427 1503 457 amisso
1515 435 1524 459 ?
1544 438 1614 457 nam
1633 437 1737 458 ceterae
1754 426 1886 458 faeminae
1895 429 2008 468 gignere
2026 427 2087 467 ipfie

1122 463 1179 504 fibi
1190 465 1326 504 praefidia,
1340 467 1372 495 ὃς
1383 467 1488 497 habere
1500 469 1585 498 domi
1604 468 1791 498 fortunarum
1807 472 1948 499 omnium
1962 468 2084 507 ficium,

1126 508 1359 546 participemque
1368 507 1488 546 possunt
1503 520 1507 537 2
1526 512 1595 539 huic
1605 510 1677 539 vero
1688 512 1809 551 virgini,
1821 511 1894 551 quid
1910 510 1952 540 est
1962 531 1970 543 ,
1983 519 2089 550 praetei·

1126 547 1258 579 fratrem,
1275 548 1356 587 quod
1368 558 1416 577 aut
1431 551 1600 588 jucundum
1613 571 1620 584 ,
1641 560 1690 580 aut
1706 562 1808 581 carum
1824 550 1881 581 esl'e
1891 551 1997 592 poilit?
2021 554 2090 581 No—

1127 589 1178 618 lite
1195 590 1273 627 pati‚
1289 589 1405 627 judices
1417 610 1425 622 ,
1449 600 1509 620 aras
1528 592 1654 621 deorum
1670 594 1890 623 immortalium
1903 614 1911 626 ,
1930 593 2087 633 Vestaeque

1127 630 1435 670 matris,*quotidianis
1445 633 1569 672 virginis
1589 633 1854 664 lamentationibus
1874 636 1910 664 de
1921 634 2017 665 vestro
2036 636 2088 673 ju—

1127 671 1210 701 dicio
1220 674 1420 701 commoveri.
1434 673 1604 711 Prospicite,
1617 684 1652 703 ne
1664 675 1714 703 illc
1726 677 1802 714 ignis
1812 686 1950 708 aeternus,
1964 675 2089 706 noStui‘-

1127 714 1175 742 nis
1186 714 1318 752 Fontejae
1329 713 1481 742 laboribus
1493 734 1501 746 ,
1520 715 1690 755 vigiliisque
1704 716 1830 746 servatus
1841 737 1849 750 ‚
1867 718 2023 748 sacerdotis
2034 728 2089 747 ve·-

1126 753 1190 783 strae
1202 754 1340 793 lacrymis
1353 753 1518 785 exstinEius
1533 755 1589 785 effe
1601 755 1720 785 dicatur.
1745 758 1858 788 Tendit
1875 759 1909 788 ad
1928 769 1982 789 vos
2000 762 2087 796 virgo

1126 794 1252 825 Vestalis
1263 806 1369 825 manus
1382 796 1536 836 supplices,
1548 796 1665 826 easdem
1678 819 1685 830 ‚
1701 807 1771 837 quas
1780 808 1834 837 pro
1843 800 1930 830 vobis
1946 800 2003 829 diis
2023 793 2083 829 im—

1127 837 1304 866 mortalibus
1315 837 1434 867 oendere
1444 839 1608 868 consuevit.
1631 848 1730 868 cavete
1740 859 1748 871 ,
1762 849 1798 869 ne
1809 842 2022 879 periculosum,
2031 843 2085 881 [ὴ-

1123 876 1290 919 perlmmque
1301 877 1342 911 sit,
1355 881 1418 915 eius
1427 890 1481 909 vos
1493 880 1729 910 obsecrationem
1741 881 1891 919 repudiare
1902 902 1908 913 ‚
1921 885 2004 921 cujus
2015 893 2081 922 pre-

1125 930 1173 950 ces
1187 918 1206 948 si
1220 920 1263 949 dii
1277 920 1510 959 aspernarentur,
1522 922 1583 951 haec
1595 922 1671 951 salva
1689 919 1746 950 esse
1766 932 1829 952 non
1838 922 1966 962 possent.
1991 924 2085 954 Vide-

1127 961 1202 991 tisne
1214 960 1311 990 subito
1324 981 1331 994 ,
1353 961 1466 997 judices
1477 983 1484 995 ,
1505 965 1606 992 virum
1616 961 1811 993 fortissimum
1824 984 1833 996 ,
1856 966 1898 993 M.
1912 967 2085 999 Fonteium,

1106 1029 1108 1037 ,
1126 1004 1254 1042 parentis
1264 1023 1271 1035 ‚
1283 1003 1315 1032 ὃς
1326 1003 1434 1032 sororis
1444 1006 1737 1034 commemoratione
1747 1005 1890 1044 lacrymas
1900 1005 2062 1044 profudisse
2075 1011 2088 1034 Ρ

1128 1045 1188 1085 Qi
1202 1054 1368 1084 numquam
1379 1046 1410 1074 iii
1421 1048 1483 1075 acie
1497 1047 1692 1085 pertimuerit,
1703 1047 1754 1086 qui
1773 1047 1801 1076 se
1820 1051 1948 1077 armatus
1967 1048 2039 1087 saepe
2053 1050 2085 1077 iii

1127 1084 1260 1115 hostium
1284 1096 1410 1115 manum
1433 1088 1724 1128 multitudinemque
1746 1089 1934 1122 immiserit,
1958 1088 2029 1119 cum
2052 1092 2088 1118 in.

1127 1126 1276 1166 ejusmodi
1287 1128 1425 1166 periculis
1436 1128 1540 1158 eadem
1552 1130 1578 1158 se
1586 1129 1691 1167 sbi'aria
1704 1129 1760 1168 fiW
1772 1130 1923 1170 relinquere
1933 1130 2087 1160 arbitrare-

1125 1178 1191 1201 tur,
1218 1178 1282 1208 quae
1293 1169 1362 1198 suus
1372 1178 1450 1208 pater
1463 1168 1516 1200 fibi
1535 1169 1808 1211 reliquiss'etsidem
1826 1182 1906 1202 nunc
1917 1172 2087 1212 perturbato

1127 1212 1230 1240 animo
1248 1211 1449 1249 pertimescit,
1474 1222 1511 1241 ne
1531 1221 1594 1241 non
1615 1211 1708 1241 modo
1727 1222 1906 1243 ornamento
1918 1234 1926 1246 ‚
1952 1213 1984 1243 &
2001 1213 2086 1252 adju*

1126 1260 1232 1281 mento
1241 1261 1305 1281 non
1319 1251 1353 1281 sit
1367 1252 1442 1285 suis,
1462 1253 1511 1283 sed
1530 1256 1618 1283 etiam
1638 1264 1709 1283 cum
1727 1253 1912 1285 acerbissimo
1930 1254 2013 1284 iustu
2033 1255 2088 1284 de-

1125 1293 1214 1322 decus
1231 1303 1375 1323 aeternum
1399 1295 1534 1328 miseris,
1551 1304 1637 1335 atque
1653 1296 1857 1335 ignominiam
1875 1297 2031 1337 relinquat.
2059 1299 2086 1326 O

1124 1334 1278 1364 fortunam
1298 1334 1387 1375 longe
1401 1335 1558 1375 disparem,
1573 1339 1615 1366 M.
1628 1338 1746 1370 Fontei,
1760 1334 1780 1366 fi
1791 1336 1919 1378 deligere
1928 1336 2086 1378 potuisses,

1126 1386 1158 1405 ut
1168 1375 1268 1415 potius
1282 1376 1339 1405 telis
1358 1376 1413 1406 tibi
1424 1378 1580 1408 Gallorum
1592 1399 1600 1411 ,
1618 1377 1710 1419 quam
1727 1379 1852 1418 perjuriis
1869 1379 2086 1409 intereundum

1125 1415 1205 1447 esset.
1229 1421 1294 1447 turri
1312 1420 1395 1448 enirn
1419 1421 1488 1449 vitae
1507 1420 1584 1450 socia
1602 1421 1696 1448 virtus
1714 1439 1722 1452 ‚
1747 1421 1854 1449 mortis
1871 1431 1973 1451 comes
1990 1421 2087 1461 gloria

1125 1457 1234 1488 fuisset.
1258 1469 1339 1489 nunc
1349 1459 1421 1489 vero
1432 1463 1485 1501 qui
1501 1461 1542 1491 est
1552 1461 1649 1495 dolor,
1659 1460 1795 1491 vi&oriae
1812 1470 1848 1495 te,
1865 1471 1950 1502 arque
1966 1464 2087 1502 imperii

1124 1510 1228 1540 peenas
1246 1500 1282 1530 ad
1303 1511 1408 1530 eorum
1427 1502 1582 1532 arbitrium
1604 1501 1740 1536 sufferre,
1764 1504 1817 1543 qui
1836 1512 1886 1533 aut
1903 1503 1977 1533 visti
1995 1506 2088 1534 armis

1126 1543 1202 1575 sunt,
1215 1551 1264 1571 aut
1277 1540 1449 1572 invitislimi
1467 1548 1648 1583 paruerunt?
1670 1548 1697 1574 A
1715 1554 1775 1584 quo
1793 1545 1929 1584 periculo
1948 1544 2088 1576 defendi-

1127 1592 1166 1616 te,
1183 1582 1305 1621 judices,
1317 1586 1417 1615 civem
1432 1584 1543 1615 fortem
1554 1606 1561 1619 ‚
1585 1588 1878 1626 atqueinnocentem
1892 1597 1897 1615 :
1918 1597 2034 1620 curate,
2052 1597 2087 1618 ut

1126 1623 1216 1660 nostru
1235 1624 1355 1654 tes‘zz‘bus
1370 1628 1437 1666 plus
1450 1648 1458 1660 ‚
1476 1627 1567 1668 quam
1582 1628 1759 1669 alienigenis
1777 1627 1931 1658 credidiffe
1939 1629 2089 1660 videami-
2120 1666 2122 1668 v

1127 1668 1177 1696 ni:
1206 1667 1274 1706 plus
1290 1667 1377 1698 saluti
1398 1670 1513 1698 civium
1535 1690 1543 1702 ,
1567 1679 1656 1709 quam
1679 1667 1812 1698 hostium
1834 1669 1957 1700 libidini
1976 1671 2089 1701 consu-

1127 1706 1212 1738 luisse
1224 1719 1229 1737 :
1245 1711 1413 1749 graviorem
1424 1709 1539 1740 duxisse
1552 1712 1617 1750 ejus
1629 1710 1864 1740 obsecrationem
1876 1731 1884 1744 ‚
1904 1722 1969 1752 quae
1979 1711 2085 1744 vestris

1127 1750 1213 1779 sacris
1228 1749 1341 1789 praefit,
1358 1751 1449 1792 quarn
1466 1762 1572 1782 eorum
1590 1752 1742 1783 audaciam
1753 1771 1762 1785 ‚
1785 1753 1838 1792 qui
1857 1762 1928 1782 cum
1941 1756 2086 1785 omnium

1127 1791 1213 1821 sacris
1226 1811 1234 1825 ,
1253 1790 1441 1834 delubrisque
1454 1793 1532 1823 bella
1549 1792 1710 1834 gesserunt.
1733 1793 1886 1833 postremo
1905 1796 2063 1835 prospicite
2076 1817 2086 1829 ,

1124 1832 1240 1872 judices
1251 1854 1259 1866 ‚
1279 1833 1310 1863 id
1333 1828 1416 1876 qusod
1431 1835 1466 1865 ad
1480 1835 1656 1876 dignitatern
1674 1835 1781 1875 populi
1799 1836 1933 1866 Romani
1949 1837 2086 1867 maxime

1124 1876 1264 1914 pei-tinet,
1280 1884 1313 1904 ut
1329 1877 1397 1916 plus
1412 1876 1494 1916 'apud
1512 1886 1567 1907 vos
1587 1884 1674 1917 preces
1691 1877 1815 1917 virginis
1831 1876 1976 1913 Vestam,
1993 1878 2086 1920 quam

1125 1916 1205 1946 mina
1215 1916 1374 1948 Gallorum
1384 1917 1506 1949 valuiffe
1517 1918 1685 1949 videantur.

1125 2016 1734 2085 CICERONIS

955 2143 1262 2198 PRO

368 2268 1093 2491 ORACTIOAED

263 2557 271 2564 '
288 2555 297 2564 ¹
307 2558 362 2589 l)
392 2555 405 2582 1
417 2572 425 2585 ‚
464 2560 515 2588 Qu
528 2560 549 2580 A
560 2560 581 2580 N
592 2561 611 2580 τ
621 2561 644 2580 u
657 2561 683 2580 M
707 2552 739 2580 in
752 2561 820 2592 agro
834 2551 964 2593 locisque
983 2552 1090 2592 desertis
1108 2558 1111 2587 l

303 2625 307 2634 ἱ
322 2583 368 2633 κζ
394 2593 512 2624 audacia
524 2592 621 2632 potest
632 2613 641 2625 ‚
660 2602 776 2622 tantum
792 2595 825 2622 in
843 2592 910 2623 foro
921 2614 929 2627 ,
954 2603 1041 2634 atque
1056 2597 1089 2624 in
1108 2590 1110 2601 ¹

246 2646 249 2648 >
287 2664 289 2668 ,
317 2628 366 2673 ᾗ
396 2635 516 2671 iudiciis
533 2633 722 2674 impudentia
741 2635 850 2664 valeret
869 2645 874 2663 :
903 2645 967 2665 non
984 2636 1088 2666 minsis

306 2687 375 2722 stua
393 2671 522 2706 nuncin
535 2676 617 2705 causa
635 2675 751 2705 cederet
769 2679 808 2705 A.
824 2678 939 2706 Caecina
951 2680 1020 2707 Sex.
1036 2681 1089 2707 AE—

353 2716 369 2748 3⁹
398 2718 473 2747 butii
491 2719 532 2746 im
558 2717 697 2750 udentiae‚
730 2717 799 2747 uam
810 2726 872 2746 turn
886 2720 918 2747 in
928 2720 960 2747 vi
976 2718 1089 2749 facien-

296 2751 311 2785 s
325 2745 373 2786 'xil
398 2759 434 2789 da
441 2757 520 2789 cessii:
536 2727 675 2788 {iudaciae
700 2727 816 2788 v»clerum
826 2759 943 2789 &illud
954 2759 1087 2790 conside-

397 2803 451 2831 rati
469 2801 605 2830 hominis
617 2799 675 2830 esl'e
691 2802 825 2839 putavit,
851 2803 910 2841 Q
922 2811 944 2831 A
966 2812 987 2831 D
998 2811 1017 2831 ε
1038 2812 1091 2832 RE

129 2842 196 2882 jure
213 2843 354 2874 decertari
375 2851 539 2882 oporteret,
559 2843 649 2871 armis
672 2851 737 2871 non
757 2843 954 2872 contendere:
979 2844 1011 2873 δε
1032 2845 1090 2874 hoc

131 2883 273 2920 constantis
282 2905 290 2918 ‚
302 2886 433 2925 quicum
444 2885 475 2913 vi
487 2904 494 2917 ‚
508 2883 540 2913 &
553 2885 643 2913 armis
652 2891 758 2912 certare
768 2883 920 2917 noluisset,
935 2885 1089 2923 eum-iure,

130 2926 304 2967 :iudicioque
321 2927 463 2965 superare.
487 2928 532 2955 Ac
551 2926 629 2954 mihi
646 2925 770 2965 quidem
790 2923 863 2955 cum
876 2925 970 2957 audax
988 2928 1092 2966 praec'i-

171 3049 194 3065 x.
214 3044 270 3075 ‘Kys
286 3050 341 3065 vero
352 3059 360 3071 ‚
374 3039 468 3074 juditts
480 3058 488 3070 ,
507 3040 905 3073 mnm11lris&firmispraefidiis.]
927 3040 968 3065 Sic
980 3039 1087 3075 quidem
1109 3048 1111 3052 ³

132 3075 218 3104 editio
227 3075 340 3101 vietor-ii
354 3095 362 3107 ,
374 3084 432 3101 nam
443 3074 628 3110 antiqvisliinae
637 3074 816 3102 destituuntur
828 3083 960 3110 negatum..
973 3075 1029 3101 Pal.
1042 3085 1089 3101 no-
1109 3057 1112 3109 i

170 3147 195 3166 ι·
212 3139 318 3173 Sifac‘ia
336 3140 376 3166 ‘³236
395 3139 445 3174 effet
464 3138 594 3174 moribus-[l
614 3139 750 3174 Negativa
766 3139 880 3173 vulgatae
890 3137 1014 3166 editionis
1026 3144 1144 3165 uouerat
1156 3136 1434 3166 iiiPaliuiiiisiiostns.
1456 3136 1567 3165 adt-atur
1579 3138 1761 3166 Hotoiiiaiius.=

1146 2264 2077 2395 CiNA‚

1132 2436 1844 2492 UODECIMA.

1129 2554 1188 2594 pue
1202 2552 1287 2583 fuisse
1301 2552 1418 2583 videtur
1428 2552 1568 2581 AEbutius
1583 2553 1616 2581 in
1630 2552 1831 2582 convocandis
1845 2552 2021 2583 hominibus
2031 2573 2039 2587 ,
2053 2553 2087 2583 &

1130 2595 1297 2625 armandis:
1318 2604 1383 2624 tuin
1399 2593 1560 2632 impudens
1575 2593 1750 2632 injudicio:
1767 2604 1829 2624 non
1843 2594 1942 2624 solum
1956 2594 2037 2635 quod
2051 2597 2086 2625 in

1128 2637 1278 2676 judicium
1291 2637 1394 2665 venire
1408 2636 1493 2664 ausus
1513 2633 1554 2663 est
1573 2635 1660 2672 (nam
1675 2635 1703 2664 id
1716 2635 1840 2674 quidem
1859 2656 1868 2670 ,
1892 2635 2007 2666 tametsi
2024 2639 2086 2666 im.—

1132 2678 1224 2719 probe
1240 2676 1272 2707 fit
1285 2680 1317 2706 in
1332 2685 1426 2716 aperta
1440 2685 1469 2704 re
1481 2696 1491 2708 ,
1505 2685 1606 2705 tamen
1619 2675 1736 2705 malitia
1749 2675 1855 2715 estjam
1867 2677 2024 2717 usitatum)
2036 2677 2087 2708 sed

1132 2719 1214 2761 quod
1236 2729 1301 2748 non
1323 2718 1469 2747 dubitavit
1491 2717 1521 2745 id
1535 2717 1651 2756 ipsum,
1669 2717 1750 2757 quod
1774 2720 1920 2760 arguitur,
1937 2719 2087 2750 confiteri.

1133 2760 1188 2791 nisi
1202 2759 1280 2790 forte
1296 2761 1353 2789 hoc
1367 2760 1488 2789 rationis
1498 2758 1601 2788 habuit
1611 2778 1618 2791 ,
1629 2761 1787 2798 quoniam,
1805 2765 1814 2780 ¹
1829 2759 1849 2790 fi
1863 2760 1938 2791 {adia
1953 2763 1999 2790 vis
2015 2759 2089 2791 esset

1134 2802 1418 2840 moribus,superioi·
1430 2802 1462 2829 in
1472 2797 1648 2839 possessione
1659 2801 1814 2832 retinenda
1826 2812 1890 2832 non
1900 2801 2009 2832 fuisset:
2019 2804 2090 2843 quia

1134 2853 1236 2874 contra
1251 2844 1306 2879 ius,
1324 2851 1500 2881 moremque
1513 2839 1591 2870 faeta
1609 2840 1661 2875 sit,
1684 2846 1722 2871 A.
1742 2845 1890 2873 Caecinam
1903 2854 1972 2874 cum
1986 2846 2091 2874 amicis

1135 2893 1212 2914 metu
1233 2880 1414 2926 perterritum
1432 2881 1608 2923 profugisse:
1629 2893 1709 2914 nunc
1727 2893 1848 2926 quoque
1861 2887 1893 2915 in
1913 2886 2049 2925 judicio,
2069 2883 2090 2914 fi

1133 2927 1217 2957 caiisa
1232 2936 1335 2958 inore,
1354 2924 1552 2965 institutoque
1571 2926 1712 2955 omnium
1730 2925 1923 2960 defendatur,
1943 2937 1998 2957 nos
2011 2926 2090 2957 infe-

1995 2977 2091 2999 riores

1128 3040 1179 3065 ster
1191 3058 1198 3070 ,
1221 3038 1303 3064 sulum
1323 3038 1399 3063 habt-t
1410 3046 1418 3067 3
1440 3037 1554 3063 audacia.
1583 3039 1648 3065 Video
1659 3039 1752 3073 judit&
1767 3059 1776 3071 ‚
1797 3041 1826 3070 &¹
1845 3041 1922 3066 multis
1941 3040 1970 3070 (37-
1988 3040 2089 3074 infirmis·

1126 3075 1246 3108 pransis.

1569 3174 1613 3200 'l't
1638 3182 1649 3208 3
2009 3173 2082 3198 ,infin
