2297 3389
643 155 958 201 ORAr-io

173 246 248 268 men
256 236 324 278 quis
335 236 390 268 tibi
400 256 409 271 ,
422 234 496 266 Laeli
507 254 516 269 ‚
534 233 571 266 de
582 206 716 275 ebistolis
726 233 790 265 istis
800 235 944 267 indicavit
954 238 967 265 ἓ
985 236 1127 267 mulieres

175 282 186 299 ¹
197 288 304 319 negant
320 279 349 309 se
362 279 433 309 scire
445 279 497 317 qui
508 275 553 306 sis.
575 277 637 316 ipse
650 279 740 318 igitur
752 277 805 307 ille
818 278 873 308 tibi
884 298 893 311 ,
908 279 936 308 se
949 276 985 307 ad
999 288 1127 308 matrem

173 321 208 351 δε
227 322 358 351 sororem
377 317 515 358 scripsisse
528 339 536 352 ‚
556 322 707 349 narravit?
734 322 796 349 ²an
816 322 906 350 etiam
920 317 1030 358 scripfit
1044 328 1128 349 oratu

173 365 249 392 tuo?
272 363 310 390 At
326 359 397 391 vero
412 362 458 389 M.
469 360 629 390 AEbutium
641 380 649 394 ‚
671 361 704 390 &
715 359 986 396 constantiffunum
997 380 1005 394 ‚
1028 360 1061 391 ὃς
1071 370 1129 400 pu·

171 401 375 434 dentiflimum
395 402 555 432 hominem
568 422 576 436 ,
597 402 719 433 Falcidii
736 402 860 434 affinem
876 424 885 437 ‚
901 403 979 432 nihil
999 404 1129 432 interro—

169 447 242 485 gas?
262 444 341 473 nihil
357 444 423 483 ejus
439 454 585 484 generum
597 464 605 478 2
625 446 687 485 pari
708 443 767 475 fide
783 445 940 485 praeditum
951 463 960 478 ‚
981 447 1013 474 C.
1025 445 1128 474 Mani-

168 487 246 515 lium
257 487 269 513 ἓ
279 487 331 525 qui
340 484 477 525 profesto
487 486 523 515 de
533 494 612 516 tanta
621 489 750 526 pecunia
759 507 767 520 ‚
780 485 800 516 fi
809 485 879 516 efl'et
888 486 953 522 data
963 507 972 520 ,
985 487 1063 516 nihil
1074 496 1128 516 au-

169 525 242 556 disse
256 536 319 556 non
333 525 438 567 poffet.
462 529 519 557 His
532 530 580 558 tui
605 530 663 558 itur
672 527 807 568 epistolis
819 549 828 562 ,
850 531 984 559 Deciane
993 548 1002 562 ,
1023 530 1128 558 recita-

169 569 206 598 tis
217 587 226 601 ,
245 568 292 598 his
303 568 470 598 mulierculis
480 570 594 609 produ&
609 573 633 600 is
643 590 651 604 ,
665 572 720 600 illo
731 571 850 601 absente
861 570 982 601 audiere
996 569 1125 603 laudato,

167 617 285 640 mntum
306 619 332 640 te
349 612 467 641 crimen
484 612 681 652 probaturum
700 611 824 653 putasti:
843 613 1006 651 praesertim
1019 631 1027 644 »
1052 610 1124 652 cum

167 651 230 691 ipse
248 661 314 682 non
332 652 509 684 deducendo
523 654 690 684 Falcidium
705 675 713 688 ,
730 655 884 694 judicium
903 652 1008 682 feceris
1024 672 1032 686 ‚
1056 653 1124 692 plus

168 693 272 723 falsam
284 694 440 734 epistolam
450 696 616 726 habituram
626 697 768 736 ponderis
778 715 787 729 ‚
798 694 888 734 quam
899 692 987 733 ipsius
996 694 1125 734 praesen-

167 736 205 765 tis
218 733 318 765 fletam
330 746 451 771 vocem,
464 738 497 767 &
507 736 676 767 fimulatum
688 737 826 767 dolorem
840 740 850 765 ἓ
873 735 928 766 Sed
939 736 1010 776 quid
1022 746 1077 776 ego
1089 736 1125 765 de

166 776 303 816 epistolis
314 778 438 809 Falcidii
448 799 456 813 ‚
470 788 520 809 aut
529 779 565 809 de
575 779 718 809 Androne
728 778 857 808 SeXtilio
869 797 877 810 ‚
889 786 939 807 aut
948 778 984 807 de
996 780 1124 808 Deciani

164 819 256 849 censu
272 820 386 850 tamdiu
405 824 417 847 3
429 821 546 860 disputo
558 841 567 854 ‚
587 819 731 860 postulo?
751 819 788 849 de
802 819 893 849 salute
907 821 1050 849 omnium
1066 830 1125 849 no-

165 858 260 890 strum
273 881 282 894 ,
301 861 337 892 de
350 861 481 892 fortunis
493 864 621 892 civitatis
633 881 641 895 ‚
660 862 692 890 de
696 862 812 901 flamma
824 862 890 902 reip.
905 870 986 891 taceo
998 865 1010 890 ?
1029 872 1120 902 quam

162 911 220 932 vos
231 904 398 934 universam
410 904 441 933 in
451 904 509 933 hoc
519 903 631 938 iudicio
639 903 744 933 vestris
755 904 890 933 humeris
899 923 908 937 ‚
927 902 1033 933 vestris
1044 924 1052 937 ,
1074 905 1124 933 in-

163 953 255 984 quam
265 964 274 978 ‚
289 946 424 975 humeris
435 944 588 984 ‚judices‚
604 944 765 976 sustinetis.
789 945 900 975 videtis
911 965 919 979 ,
934 946 967 974 in
979 955 1040 986 quo
1052 955 1121 975 mo-

163 994 196 1015 tu
209 995 378 1025 temporum
390 1005 399 1020 ‚
419 995 529 1028 quanta
538 989 572 1016 in
582 986 775 1018 conversione
785 997 884 1017 rerum
896 1007 905 1020 ‚
928 996 960 1017 ac
970 988 1122 1027 perturba-

126 1037 141 1070 8
161 1028 248 1057 tione
260 1028 421 1058 versemur.
446 1027 526 1059 Cum
538 1029 595 1060 alia
608 1029 703 1059 multa
716 1030 789 1059 certi
802 1029 946 1059 homines
957 1050 965 1063 ,
986 1038 1051 1059 tum
1062 1030 1120 1060 hoc

163 1069 212 1099 vel
223 1069 358 1099 maxime
370 1071 542 1101 moliuntur
551 1091 560 1105 ,
580 1079 614 1102 ut
622 1070 724 1102 vestrae
733 1081 855 1112 quoque
870 1079 988 1101 mentes
997 1091 1006 1105 ,
1026 1071 1121 1101 vestra

156 1110 290 1151 judicia,
310 1111 413 1142 vestrae
432 1113 588 1143 sententiae
606 1133 615 1147 ,
644 1115 764 1153 optimo
782 1115 890 1154 cuique
909 1112 1118 1147 inststiffimae,

158 1160 247 1194 atque
256 1152 473 1184 inimiciffimae
482 1157 674 1195 reperiantur.
698 1156 796 1196 gravia
800 1155 811 1194 j
816 1156 914 1184 udicia
923 1165 977 1194 pro
989 1155 1117 1195 reipubl.

158 1193 302 1235 dignitate
314 1215 322 1228 ,
338 1196 432 1226 multa
442 1196 478 1226 de
487 1198 713 1236 conjuratorum
725 1197 831 1227 scelere
840 1195 962 1227 fecistis.
986 1207 1050 1227 non
1061 1207 1118 1237 pu-

157 1244 221 1267 tant
230 1237 298 1267 satis
308 1239 482 1268 conversam
493 1238 704 1278 rempublni'si
713 1242 745 1269 in
759 1238 887 1268 eandem
897 1239 1047 1277 impiorum
1056 1247 1117 1281 ρα-

156 1288 225 1308 nam
238 1278 340 1319 optim&
352 1280 464 1309 meritos
475 1282 568 1310 civeis
577 1281 763 1311 detruserint.
787 1279 944 1320 Oppressus
955 1280 997 1311 est
1007 1283 1041 1311 C.
1051 1286 1117 1312 An-

157 1322 274 1351 tonius.
298 1321 361 1352 esto
374 1332 379 1351 :
395 1322 655 1363 habuitquandam
665 1322 716 1352 ille
727 1321 886 1352 infamiam
896 1322 979 1352 suam
991 1333 996 1352 :
1016 1333 1114 1363 neque

156 1368 260 1392 tamen
272 1364 326 1393 ille
338 1364 400 1403 ipse
411 1384 419 1396 ‚
439 1373 494 1403 pro
514 1374 586 1394 meo
601 1365 668 1404 jure
686 1364 756 1394 dico
768 1385 776 1397 ,
798 1363 1051 1403 vobisjudicibus
1064 1365 1116 1395 da-

157 1412 277 1435 mnatus
291 1403 376 1435 ess'et:
396 1406 481 1445 cujus
500 1405 694 1436 damnatione
708 1406 899 1446 sepulchrum
915 1407 951 1435 L.
965 1407 1114 1441 Catilinae,

154 1444 282 1476 floribus
294 1455 433 1477 ornatum
445 1466 454 1481 ‚
474 1449 640 1478 hominum
657 1446 919 1478 audaciffimorum
932 1467 940 1482 ‚
958 1458 991 1478 ac
1004 1448 1113 1478 dome-

152 1485 300 1519 sticorum
311 1488 445 1519 hostium
457 1499 622 1524 conventu,
634 1490 786 1531 epulisque
795 1489 978 1520 celebratum
990 1489 1049 1520 est:
1064 1492 1072 1530 j
1078 1501 1114 1520 u-

151 1528 194 1560 sta
204 1530 341 1561 Catilinae
358 1530 435 1562 faEta
454 1532 531 1562 sunt.
555 1535 647 1563 Nunc
665 1532 794 1562 aFlacco
804 1532 929 1562 Lentuli
947 1542 1046 1572 poenae
1061 1543 1114 1573 per

149 1579 208 1601 vos
227 1582 417 1613 expetuntur.
441 1576 540 1615 Qm
560 1573 686 1615 potestis
704 1577 737 1605 P.
749 1574 883 1604 Lentulo
897 1593 907 1608 ,
930 1576 982 1615 qui
1000 1585 1055 1605 vos
1077 1577 1111 1606 in

147 1615 312 1654 complexu
323 1615 491 1646 liberorum
504 1636 512 1649 ,
527 1617 754 1658 conjugumque
763 1615 926 1647 vestrarum
937 1617 1108 1653 trucidatos,

151 1655 298 1687 incendio
307 1659 406 1697 patriae
419 1658 540 1698 sepelire
549 1668 673 1689 conatus
683 1658 868 1692 est,ma6tare
876 1657 1036 1689 viffimam
1047 1670 1113 1702 gra-

148 1697 258 1728 tiorem
269 1718 279 1732 ,
299 1709 389 1740 quam
403 1698 423 1729 fi
436 1702 471 1730 L.
485 1700 581 1730 Flacci
596 1701 739 1742 sanguine
753 1701 836 1730 illius
850 1700 1000 1731 nefarium
1009 1702 1043 1731 in
1054 1712 1110 1732 nos

147 1743 269 1770 omneis
277 1742 383 1771 odium
394 1742 591 1772 saturaveritis
604 1746 616 1772 ?
638 1745 778 1773 Litemus
787 1744 878 1784 igitur
888 1743 1023 1773 Lentulo
1033 1763 1042 1777 ‚
1057 1753 1110 1784 pa-

146 1790 300 1812 rentemus
310 1784 455 1825 Cethego,
469 1794 647 1815 revocemus
658 1784 770 1825 ejeslms
782 1796 787 1814 :
801 1786 907 1815 nimiae
917 1786 1036 1824 pietatis
1048 1805 1056 1820 ‚
1073 1787 1106 1817 &

147 1822 261 1853 summi
270 1826 382 1855 amoris
391 1827 424 1857 in
431 1827 559 1868 patriam
570 1825 699 1857 viciffim
709 1837 765 1857 nos
773 1836 877 1867 poenas
887 1847 896 1860 ‚
915 1825 936 1856 fi
948 1828 987 1857 ita
994 1828 1105 1867 placet,

146 1863 335 1896 sufferamus.
360 1877 418 1898 nos
424 1869 487 1907 jam
498 1868 534 1898 ab
544 1868 697 1899 indicibus
707 1871 922 1899 nominamur:
939 1871 972 1899 in
982 1879 1041 1900 nos
1048 1872 1106 1901 cri-

144 1907 231 1937 mina
244 1905 414 1949 finguntur:
437 1910 528 1939 nobis
543 1911 674 1950 pericula
690 1919 918 1950 comparantur:
940 1921 1006 1951 quae
1021 1910 1042 1941 fi
1055 1921 1107 1952 per

143 1948 219 1977 alios
229 1958 348 1989 agerent
361 1961 367 1979 :
387 1949 408 1980 fi
422 1950 552 1991 denique
562 1961 614 1991 per
627 1952 734 1993 populi
743 1962 860 1982 nomen
871 1972 880 1986 ‚
898 1952 1010 1982 ciwum
1019 1954 1107 1994 impe-

142 1990 265 2019 ntorum
277 1991 508 2022 multitudinem
523 1992 733 2024 concitassent:
755 1995 886 2035 aequiore
905 1996 1010 2024 animo
1027 1995 1105 2025 ferre

142 2030 304 2071 poffemus.
328 2034 403 2064 illud
415 2032 487 2064 vero
495 2033 566 2065 ferri
579 2045 643 2065 non
654 2034 751 2076 potest
763 2054 777 2069 ‚,
791 2035 872 2076 quod
881 2045 935 2075 per
944 2036 1104 2071 senatores,

143 2071 179 2102 δε
188 2083 240 2113 per
249 2076 362 2115 equites
371 2078 503 2107 Roman.
519 2079 571 2118 qui
583 2078 646 2108 haec
658 2079 764 2108 omnia
778 2087 834 2118 pro
844 2077 935 2107 salute
946 2079 1100 2113 omnium,

139 2118 304 2147 communi
322 2116 468 2153 confluo,
488 2129 547 2150 una
564 2128 683 2155 mente,
710 2129 797 2161 atque
815 2120 925 2150 virtute
943 2118 1102 2161 gesserunt,

139 2157 248 2188 harum
258 2169 359 2189 rerum
370 2159 505 2191 auetores
515 2181 524 2195 ‚
538 2161 628 2192 duces
640 2183 649 2196 ‚
663 2164 815 2203 principes
827 2162 946 2202 spoliari
958 2162 1104 2193 omnibus

140 2196 271 2230 fortunis
280 2220 288 2234 ‚
304 2210 390 2242 atque
400 2204 517 2233 civitate
528 2204 641 2243 expelli
651 2203 733 2244 poss'e
742 2204 929 2235 arbitrantur.
952 2207 969 2231 4
978 2206 1101 2235 Etenim

138 2241 246 2280 populi
256 2244 392 2274 Romani
405 2245 587 2284 perspiciunt
599 2256 665 2276 eam
679 2254 816 2276 mentem
828 2265 836 2280 ‚
858 2246 1101 2277 &voluntatemz

138 2283 285 2314 omnibus
299 2284 406 2320 rebus,
430 2287 539 2327 quibus
554 2287 652 2327 potest
663 2307 671 2322 ‚
694 2288 825 2328 populus
835 2290 930 2318 Rom.
945 2286 1099 2328 fignificat,

138 2324 214 2364 quid
224 2325 346 2357 sentiat:
365 2328 449 2358 nulla
467 2331 592 2359 varietas
612 2329 656 2360 est
672 2331 751 2360 inter
768 2330 912 2359 homines
930 2332 1100 2369 opinionis,

138 2366 225 2397 nulla
236 2369 401 2400 voluntatis
410 2389 420 2404 ,
440 2371 524 2402 nulla
534 2372 693 2402 sermonis.
718 2374 815 2414 Qare
826 2390 835 2406 ,
857 2370 878 2400 si
889 2373 957 2412 quis
967 2372 1040 2403 illuc
1050 2383 1101 2403 me

135 2416 242 2443 vocat,
261 2413 355 2441 venio
375 2422 380 2441 :
403 2413 553 2452 populum
571 2415 667 2444 Rom.
688 2413 902 2456 disceptatorem
918 2423 984 2444 non
1002 2414 1099 2445 modo

137 2459 202 2480 non
212 2452 315 2483 recuso
323 2474 335 2488 ,
357 2453 407 2484 sed
417 2457 506 2485 etiam
517 2455 659 2496 deposco.
683 2459 739 2486 Vis
750 2454 839 2486 absit:
859 2455 972 2486 ferrum
984 2475 993 2490 ,
1014 2467 1046 2488 ac
1056 2457 1102 2487 la-

133 2491 220 2532 pides
230 2504 444 2526 removeantur
454 2508 460 2526 :
471 2507 570 2537 operae
579 2497 733 2531 facefl'ant:
748 2498 865 2528 servitia
874 2496 987 2529 sileant.
1001 2509 1100 2529 onemo

135 2535 192 2564 erit
202 2543 262 2565 tam
273 2536 402 2576 injustus
413 2558 421 2572 ‚
432 2541 484 2580 qui
495 2549 545 2570 me
555 2540 683 2570 audierit
691 2559 700 2574 ‚
713 2538 746 2570 fit
756 2539 852 2571 modo
864 2539 951 2574 liber,
965 2541 997 2571 δε
1005 2542 1094 2576 civis,

133 2577 210 2616 quin
220 2577 322 2618 potius
333 2579 369 2609 de
379 2582 514 2620 praemiis
522 2584 600 2612 meis
611 2602 620 2616 ‚
641 2581 733 2623 quam
748 2581 786 2611 de
798 2591 887 2621 poena
899 2583 1097 2623 cogitandum

65 2620 114 2667 '39
133 2626 228 2659 putet.
259 2623 285 2650 O
305 2620 349 2651 dii
368 2623 573 2653 immortales!
594 2624 667 2665 quid
685 2625 744 2654 hoc
765 2624 927 2653 miserius?
946 2634 1004 2654 nos
1017 2645 1026 2659 ‚
1045 2627 1100 2666 qui

133 2665 168 2692 P.
179 2662 312 2693 Lentulo
322 2662 435 2694 ferrum
447 2684 456 2698 ‚
472 2664 505 2694 δε
516 2665 672 2696 flammam
682 2686 692 2700 ,
706 2665 743 2696 de
752 2665 894 2695 manibus
905 2664 1096 2701 extorfimus,

131 2705 280 2743 imperitae
289 2705 480 2735 multitudinis
483 2707 594 2746 judicio
603 2706 802 2738 confidimus:
815 2706 1044 2739 leffiffimorum
1053 2711 1097 2739 ci-

131 2748 219 2777 vium
235 2766 244 2780 ,
265 2747 298 2776 &
317 2746 572 2788 ampliffimorum
590 2750 752 2781 sententias
769 2750 1023 2790 pertimescimus.
1047 2754 1092 2781 M.

128 2789 292 2830 Aquilium
308 2798 404 2830 patres
419 2789 515 2822 nostri
528 2792 634 2822 multis
647 2792 775 2823 avaritia:
787 2790 967 2822 criminibus
980 2811 990 2827 ‚
1010 2792 1092 2823 testi-

1029 171 1166 202 1³Ro
1235 156 1296 204 L.·
1339 158 1664 211 FL-Accoj

2034 184 2137 237 433

1172 237 1346 285 moniisque
1355 241 1534 290 convi&um
1547 264 1555 279 a
1573 248 1644 287 quia
1653 257 1725 279 cum
1737 248 1880 291 fugitivis
1893 249 2013 283 fortiter
2022 250 2139 284 bellum

1172 276 1292 328 gesserat
1307 299 1316 313 ,
1331 281 1451 332 judicio
1470 284 1683 320 liberaverunt.
1709 293 1821 323 Consul
1835 303 1891 335 ego
1905 304 2001 334 nuper
2015 295 2138 327 defendi

1174 322 1205 347 C
1214 320 1355 352 Pisonem
1368 333 1373 352 1
1386 334 1439 365 qui
1450 329 1519 367 quia
1526 331 1633 361 consul
1641 331 1729 363 fortis
1737 353 1745 367 ,
1756 334 1954 376 constansque
1963 335 2059 367 fuerat
2068 357 2076 370 2
2090 339 2139 368 in-

1172 359 1304 391 columis
1318 363 1361 394 est
1380 368 1507 406 reipubl.
1525 372 1726 405 conservatus.
1749 375 1873 407 defendi
1886 380 1960 408 item
1977 379 2083 409 consul
2095 382 2132 410 L.
2150 384 2156 395 ¹

1174 401 1341 451 Muraenam
1358 425 1370 449 ‚-
1390 410 1549 454 consulem
1568 413 1762 456 defignatum.
1794 429 1888 449 nemo
1907 420 2031 451 illorum
2047 421 2135 461 judi*

1175 451 1257 488 cum,
1268 444 1433 497 clarissimis
1443 452 1515 481 viris
1526 457 1731 489 accusantibus
1741 480 1749 492 ‚
1761 460 1947 491 audiendum
1958 460 2011 492 sibi
2022 462 2058 493 de
2070 473 2137 494 am-

1173 482 1236 513 bitu
1246 493 1361 524 putavit
1372 508 1381 521 ,
1400 499 1470 521 cum
1484 512 1491 524 .
1516 494 1701 537 bellumjam
1711 511 1830 541 gerente
1841 504 1969 534 Catilina
1980 524 1989 538 ‚
2010 514 2133 539 omnes,

1175 534 1223 554 me
1241 525 1361 557 ausim-e
1384 549 1392 563 ‚
1424 531 1499 562 duos
1517 539 1654 569 consules
1675 543 1820 574 Kalendis
1835 546 1926 586 Janu.
1948 546 2056 577 scirent
2071 545 2134 577 effe

1172 576 1331 618 oportere:
1343 572 1495 603 Innocens
1506 595 1514 608 ‚
1536 577 1568 607 Sc
1582 579 1678 611 bonus
1693 585 1739 613 vir
1749 605 1757 618 ,
1779 585 1812 616 &
1825 587 1970 617 omnibus
1983 588 2070 618 rebus
2081 598 2132 619 or-

1173 617 1258 639 natus
1272 630 1280 642 ‚
1303 610 1350 641 bis
1367 613 1426 643 hoc
1442 624 1524 646 anno
1539 638 1548 651 ‚
1571 629 1620 650 me
1639 622 1838 661 defendente,
1859 629 2011 660 absolutus
2031 629 2074 661 est
2092 634 2128 661 A.

1173 651 1340 700 Thermus.
1360 656 1477 694 Qanta
1487 677 1496 691 ‚
1506 661 1578 700 reip.
1592 664 1675 693 causa
1686 685 1693 697 ‚
1705 666 1808 698 laetitia
1816 671 1921 710 populi
1931 673 2024 701 Rom.
2035 682 2129 713 quan—

1172 698 1199 721 ta
1209 695 1364 741 gratulatio
1375 698 1532 730 consecuta
1545 701 1610 731 est?
1633 707 1755 746 Semper
1772 719 1901 741 GRAvns
1916 733 1924 744 ,
1941 722 1980 742 131-
1994 723 2130 744 sAptnN-

1171 735 1352 783 resjudices
1362 739 1394 767 in
1405 739 1671 780 rebusjudicandis
1682 766 1689 780 ,
1701 749 1772 788 quid
1783 754 1895 782 utilitas
1904 756 2043 789 civitatis,
2054 757 2128 796 quid

1172 785 1354 826 communis·
1363 780 1438 810 salus
1450 801 1459 816 ‚
1479 784 1551 830 guid
1560 788 1632 826 reip.
1646 796 1779 829 tempora
1788 794 1941 831 poscerent
1952 816 1960 829 ,
1980 807 2132 835 ςοςζιωνεΨ

1170 826 1252 864 runt.
1276 821 1355 849 Cum
1373 822 1480 854 tabella
1497 826 1585 856 vobis
1599 829 1715 860 dabitur
1727 851 1735 864 ‚
1752 832 1866 872 judices
1878 855 1886 868 ,
1908 847 1970 867 non
1989 831 2130 868 de'Ftacco

1170 858 1289 890 dabitur
1297 861 1397 909 solum
1411 874 1416 892 :
1434 865 1551 897 dabitur
1561 868 1597 898 de
1607 870 1734 902 ducibus
1744 893 1753 907 ‚
1771 874 2000 909 au-ftoribusoue
2009 882 2132 911 conser-

1169 901 1273 932 vandae
1286 907 1433 954 civitatis}
1452 907 1569 940 dabitur
1579 911 1615 942 de
1629 914 1774 946 omnibus
1787 916 1875 947 bonis
1890 908 2005 950 civibus
2021 933 2025 950 ;
2043 922 2131 952 dabis

1168 951 1215 972 tur
1224 944 1261 991 de
1273 945 1491 989 vobismetipsis
1504 961 1509 979 :
1526 951 1645 985 dabitur
1654 955 1690 986 de
1701 957 1804 988 liberis
1814 958 1916 989 vestris
1928 981 1935 993 ‚
1952 961 1988 991 de
1997 965 2056 994 vita
2068 984 2075 997 ,
2090 964 2129 996 de

1165 993 1277 1033 patria,
1298 986 1440 1037 dehsalute
1453 997 1627 1025 communi.
1650 1008 1715 1028 non
1726 1000 1868 1039 judicatis
1881 1004 1915 1031 in
1930 1003 1980 1033 hac
1994 1006 2077 1034 causa
2089 1008 2129 1037 de

1169 1032 1462 1075 exteris—nationibus
1473 1053 1482 1067 ,
1501 1045 1565 1066 non
1575 1037 1610 1067 de
1620 1038 1708 1070 sociis
1720 1051 1724 1069 z
1744 1042 1780 1072 de
1791 1043 1882 1073 vobis
1892 1063 1900 1077 ,
1920 1053 1951 1075 ac
1961 1046 2054 1076 vestra
2064 1058 2126 1085 rep.

1164 1069 1315 1108 judicatis.
1347 1073 1439 1112 Qod
1457 1075 1477 1105 si
1493 1081 1719 1116 provinciarum
1735 1094 1788 1114 vos
1803 1086 1877 1115 ratio
1896 1089 1991 1127 magis
2010 1098 2123 1123 movet,

1164 1120 1254 1151 quam
1271 1112 1382 1144 vestra:
1403 1126 1460 1157 ego
1475 1118 1546 1149 vero
1559 1131 1623 1152 non
1637 1125 1731 1155 modo
1746 1136 1813 1157 non
1825 1128 1928 1158 recuso
1941 1149 1949 1161 ‚
1970 1129 2018 1159 sed
2034 1133 2125 1163 etiam

1161 1152 1283 1200 postulo
1300 1174 1309 1188 ‚
1339 1165 1372 1186 ut
1392 1162 1619 1197 provinciarum
1640 1166 1815 1199 auetoritate
1839 1173 2038 1201 moveamini.
2069 1176 2126 1204 Et<-

1161 1205 1246 1225 enim
1265 1206 1460 1242 *opponemus
1472 1202 1546 1234 Asiae
1562 1209 1727 1245 provinciae
1745 1213 1880 1250 primum
1897 1221 2038 1254 magnam
2057 1224 2125 1254 par<a

1163 1244 1225 1267 tem
1243 1239 1380 1278 ejusdem
1397 1247 1560 1290 provinciae
1572 1267 1580 1280 ,
1600 1258 1666 1289 quae
1680 1260 1735 1290 pro
1746 1253 1836 1292 hujus
1845 1254 2122 1297 periculislegatos„

1161 1278 1383 1329 laudatoresque
1393 1284 1473 1316 misit
1485 1298 1491 1316 z
1510 1288 1619 1320 deinde
1628 1295 1818 1331 provinciam
1829 1296 1959 1326 Galliam
1970 1317 1978 1329 ‚
1992 1301 2124 1337 provin-

1157 1330 1236 1350 ciam
1247 1322 1388 1371 Cilimam
1400 1345 1408 1359 ,
1425 1331 1615 1367 provinciam
1629 1335 1805 1375 Hispaniam
1817 1357 1825 1370 ‚
1846 1340 2035 1378 provinciam
2049 1343 2122 1371 Cre·-

1159 1370 1232 1392 tam.
1256 1366 1366 1413 Graecis
1376 1377 1477 1400 autem
1489 1392 1497 1404 ,
1518 1373 1611 1413 Lydis
1622 1395 1630 1409 ‚
1651 1376 1857 1420 &Phrygibus
1866 1399 1875 1413 ,
1893 1380 1925 1410 δε
1937 1380 2027 1414 Mvsis
2039 1382 2116 1413 obsi—

1159 1403 1237 1435 stent
1251 1406 1467 1456 Massilienses,
1487 1414 1621 1451 Rhodii,
1641 1419 1884 1456 Lacedaemonfi,
1905 1416 2118 1458 Athenienses„

1156 1446 1264 1494 cun-&a
1280 1450 1416 1500 Achaia.
1429 1454 1579 1488 Thessalia
1590 1478 1598 1492 ‚
1620 1461 1745 1492 Boeotia.
1768 1465 1917 1503 Septimio
1928 1484 1936 1497 2
1962 1465 1995 1495 δε
2012 1467 2123 1500 Caelio..

1155 1487 1291 1538 testibus,
1304 1494 1480 1526 Pseu-vilius
1492 1518 1500 1531 ‚
1527 1502 1540 1525 5
1551 1500 1583 1530 &
1595 1504 1778 1534 A-Metellus
1788 1525 1796 1539 ‚
1810 1506 1900 1546 huJus
1909 1506 2052 1546 pudoris',
2070 1510 2120 1539 in-

1156 1533 1353 1581 tegritatisque
1368 1535 1454 1583 testes
1467 1543 1687 1583 repugnabunt.
1711 1545 1842 1577 Asiatica:
1851 1548 2058 1587 jurisdietioni
2070 1560 2119 1580 ur*

1154 1571 1230 1604 bana
1238 1575 1412 1621 junsdnffio
1423 1580 1627 1620 respondebit.
1650 1588 1740 1616 ammi
1756 1590 1879 1630 temporis
1892 1590 2118 1621 criminationem

1156 1624 1260 1646 omnls
1270 1626 1337 1648 aetas
1347 1620 1484 1671 L-Flapci
1494 1643 1502 1657 ‚
1516 1625 1549 1656 &
1557 1636 1698 1668 perpetua
1706 1631 1768 1660 vita
1777 1630 1928 1662 defendet.
1947 1635 1986 1663 Et
1996 1653 2005 1666 ‚
2017 1631 2037 1663 si
2046 1644 2120 1674 pro-=

1153 1656 1232 1687 deffe
1242 1660 1279 1689 L.
1291 1660 1395 1710 lflacco
1407 1683 1416 1697 ,
1435 1665 1554 1702 judices
1565 1688 1574 1703 ‚
1596 1670 1685 1700 debet
1695 1691 1702 1704 ‚
1722 1672 1806 1713 quod
1820 1673 1848 1703 se
1862 1674 2019 1705 tribunum
2033 1676 2120 1706 mili-

1153 1707 1218 1747 ῑμῐὶὶ
1229 1720 1238 1734 ²
1249 1701 1342 1749 'quod
1353 1705 1530 1753 quaestorem
1544 1730 1553 1744 ,
1575 1711 1658 1752 quod
1673 1713 1802 1754 legatum
1813 1717 2045 1755 imperatoribus
2055 1717 2117 1748 cla·-

1151 1740 1272 1789 tiffimis
1281 1763 1290 1777 ‚
1312 1748 1496 1795 exercitibus
1506 1752 1703 1785 ornatissimis
1714 1776 1723 1789 ,
1742 1757 1911 1796 provinciis
1919 1757 2111 1799 gravissimis,

1149 1783 1278 1833 dignum
1292 1787 1350 1825 [ΞΜ
1363 1790 1521 1836 ‘majoribus
1539 1795 1689 1835 praestitit:
1710 1796 1819 1837 prosit,
1839 1798 1921 1840 quod
1934 1801 2004 1834 hic,
2024 1801 2116 1832 vobis

1148 1827 1338 1875 videntibus,
1359 1841 1393 1861 in
1412 1835 1554 1872 periculis
1567 1840 1787 1870 communibus
1802 1844 1946 1872 omnium
1964 1842 2111 1878 vestrum,

1149 1869 1197 1899 sua
1212 1871 1433 1920 pericula-cum
1453 1879 1531 1908 meis
1550 1881 1734 1920 conjunxit:
1754 1882 1868 1922 profint
1886 1883 2116 1915 honestissimo-

1148 1920 1217 1958 rum
1237 1921 1496 1954 municipiorum,
1518 1921 1768 1964 coloniarumque
1787 1925 1973 1956 laudationes
1994 1937 2000 1955 τ
2022 1925 2115 1967 profit.

1147 1961 1239 2001 etiam
1257 1954 1391 2004 senatus,
1411 1961 1575 2002 populique
1585 1965 1717 1994 Roman.
1732 1967 1868 2006 praeclrtra
1879 1986 1887 2000 ‚
1909 1968 1942 1997 &
1958 1978 2029 1999 vera
2048 1970 2114 1998 lau-

1149 1995 1241 2043 datio.
1265 1998 1292 2025 O
1302 2006 1366 2044 nox
1375 2000 1428 2029 illa
1438 2020 1446 2034 ,
1461 2011 1526 2041 qua:
1536 2005 1622 2043 paene
1632 2014 1754 2036 aeternas
1763 2008 1834 2038 huic
1844 2008 1911 2038 urbi
1924 2009 2057 2040 tenebras
2067 2019 2113 2040 at-

1149 2036 1243 2084 tulisti
1253 2056 1262 2070 ,
1282 2047 1355 2068 cum
1372 2042 1452 2071 Galli
1462 2044 1498 2073 ad
1509 2044 1626 2076 bellurn
1636 2067 1645 2082 ‚
1665 2048 1794 2079 Catilina
1805 2049 1841 2079 ad
1855 2049 1961 2080 urbem
1972 2071 1981 2084 ,
2002 2052 2113 2092 conju-

1147 2087 1202 2109 rati
1211 2078 1247 2109 ad
1256 2078 1370 2111 ferrum
1381 2101 1391 2116 ‚
1403 2083 1437 2113 ὃς
1448 2083 1605 2123 flammam
1615 2090 1812 2120 vocabantur:
1825 2091 1898 2121 cum
1909 2102 1963 2134 ego
1975 2101 2013 2126 te,
2025 2093 2111 2124 Flac-

1145 2130 1178 2151 ce
1188 2141 1198 2155 ‚
1217 2121 1324 2169 caelum
1335 2143 1345 2157 ,
1362 2124 1547 2169 noaemque
1558 2130 1727 2162 contestans
1738 2152 1747 2166 ‚
1757 2131 1834 2163 flens
1845 2132 1970 2164 flentem
1981 2134 2109 2166 obtesta-

1145 2163 1214 2211 bar:
1229 2173 1301 2212 cum
1312 2173 1369 2196 tuae
1381 2165 1451 2199 fidei
1462 2171 1586 2210 optimae
1597 2192 1606 2206 ‚
1622 2173 1655 2203 &
1664 2173 1876 2213 spefilatiffimae
1889 2196 1898 2209 ‚
1921 2176 2045 2206 salutem
2056 2187 2110 2207 ui·-

1145 2204 1192 2235 bis
1201 2225 1210 2239 ‚
1226 2205 1260 2236 &
1269 2217 1385 2238 civium
1394 2213 1657 2244 commendabam.
1680 2213 1695 2235 ⁶
1705 2219 1755 2246 Tu
1766 2237 1774 2250 ‚
1794 2225 1860 2247 tum
1874 2237 1883 2250 ‚
1896 2218 1998 2248 Flacce
2009 2238 2017 2251 ‚
2029 2228 2105 2258 ΡΜ».-

1145 2256 1211 2295 tor,
1233 2253 1410 2296 communis
1420 2255 1508 2284 exitii
1518 2258 1644 2286 nuntios
1657 2256 1779 2297 cepisti:
1803 2259 2035 2290 tuinclusamin
2054 2261 2109 2291 lit-

1145 2298 1216 2319 teris
1234 2291 1347 2338 reipub.
1366 2292 1465 2333 pestem
1479 2295 1671 2337 depretietzdsti
1683 2310 1695 2327 .·
1718 2308 1749 2330 tu
1763 2301 1968 2340 periculorum
1982 2302 2104 2336 indicia,

1146 2339 1178 2361 tu
1188 2331 1289 2380 salutis
1299 2337 1411 2366 auxilia
1419 2356 1427 2370 ,
1441 2337 1477 2368 ad
1487 2349 1538 2369 me
1549 2359 1557 2373 ‚
1570 2340 1645 2370 &ad
1657 2341 1791 2372 senatum
1802 2342 1935 2374 attulisti.
1960 2346 2035 2386 Qae
2048 2344 2107 2375 tibi

1144 2381 1210 2403 tum
1219 2383 1318 2421 gratiae
1328 2376 1395 2408 sunt
1413 2377 1430 2409 a
1445 2390 1496 2411 me
1513 2381 1584 2412 aerae
1598 2385 1609 2411 ?
1625 2393 1690 2424 quae
1708 2383 1744 2414 ab
1764 2385 1887 2415 senatu?
1910 2396 1976 2426 quae
1987 2389 2002 2416 a
2014 2386 2105 2416 bonis

1145 2416 1315 2447 omnibus?
1332 2421 1400 2460 quis
1421 2421 1496 2456 tibi,
1520 2425 1587 2465 quis
1606 2427 1638 2455 C.
1650 2428 1807 2457 Pomtinio
1818 2447 1826 2461 ,
1845 2426 2006 2458 fortiffimo
2023 2429 2103 2462 viro.

1143 2468 1328 2499 quemquam
1341 2463 1458 2494 bonurn
1469 2474 1583 2505 putaret
1593 2477 1738 2508 umquam
1748 2479 1812 2499 non
1826 2469 1950 2499 salutem
1965 2490 1974 2503 ‚
1994 2468 2105 2501 verum

1143 2500 1268 2530 honorem
1285 2502 1384 2534 ullum
1403 2505 1618 2548 denegaturum
1639 2513 1651 2538 ἓ
1674 2512 1700 2540 O
1717 2520 1806 2541 nona:
1822 2511 1881 2540 ill-‚e
1896 2511 2102 2544 Decembres,

1142 2552 1209 2589 quae
1221 2562 1230 2577 >
1250 2553 1302 2574 me
1314 2546 1436 2577 consule
1446 2568 1455 2581 ,
1474 2549 1573 2579 fuistis
1587 2561 1593 2580 :
1616 2561 1708 2592 quern
1723 2562 1778 2592 ego
1792 2552 1873 2582 diem
1890 2552 1960 2583 vere
1975 2553 2101 2582 natalem

1142 2585 1232 2625 hujus
1242 2586 1342 2621 urbis,
1364 2597 1413 2618 aut
1424 2591 1501 2621 certe
1516 2592 1673 2622 salutarem
1687 2594 1832 2633 appellare
1845 2593 1975 2634 possum.
1998 2598 2099 2627 Onox

1140 2626 1192 2656 illa
1203 2646 1212 2660 ,
1224 2638 1315 2669 quarn
1325 2628 1379 2659 iste
1387 2629 1430 2661 est
1439 2631 1502 2663 dies
1513 2634 1690 2664 consecutus
1701 2655 1709 2668 ,
1725 2634 1817 2666 fausta
1826 2637 1896 2667 huic
1907 2637 1974 2667 urbi
1986 2648 1991 2666 :
2007 2639 2102 2669 mise-

1140 2677 1210 2698 rum
1230 2680 1280 2700 me
1292 2690 1301 2704 ,
1320 2680 1424 2702 metuo
1440 2684 1478 2704 ne
1496 2674 1611 2706 funesta
1630 2677 1732 2706 nobis.
1756 2679 1816 2719 Qii
1836 2686 1901 2708 tum
1920 2681 2043 2710 animus
2056 2682 2095 2711 L.

1142 2711 1260 2742 Flacci?
1281 2712 1371 2751 (nihil
1388 2713 1487 2746 dicam
1506 2719 1590 2747 enim
1609 2717 1645 2748 de
1664 2719 1726 2760 me)
1746 2730 1798 2760 qui
1811 2729 1897 2751 amor
1911 2722 1943 2751 in
1957 2724 2097 2762 patriam?

1140 2757 1153 2779 7
1163 2762 1229 2792 quae
1239 2756 1333 2784 virtus
1345 2759 1358 2785 ?
1376 2766 1440 2796 quae
1450 2761 1575 2800 gravitas
1586 2759 1722 2790 exstitit?
1742 2761 1798 2792 Sed
1816 2761 1890 2802 quid
1908 2773 1941 2793 ea
1956 2774 2099 2794 comme-

1139 2803 1228 2825 moro
1238 2815 1246 2830 ,
1258 2806 1322 2837 quae
1335 2806 1399 2828 tum
1409 2819 1419 2834 ,
1434 2801 1506 2831 cum
1518 2802 1695 2842 agebantur,
1711 2812 1773 2833 uno
1783 2804 1930 2835 consensu
1940 2808 2098 2839 omnium,

2034 2859 2093 2880 una

126 2883 1832 2906 Ἣ

169 2917 193 2934 1.
244 2916 310 2942 egam
321 2910 348 2943 sc
359 2911 421 2944 skire
430 2911 519 2945 quisi-t.
529 2912 574 2945 ipse
584 2915 656 2945 igitur
664 2913 699 2938 ille
709 2914 806 2948 ribi,ft,
818 2915 887 2950 ὼε]
910 2917 1020 2942 Secutus
1031 2914 1087 2942 sum

131 2943 190 2969 mss.
209 2945 310 2971 nostros
323 2965 331 2976 ,
349 2945 405 2973 imo
423 2956 487 2972 vero
507 2947 596 2974 literas
616 2948 740 2976 leffionis
760 2958 881 2986 receptat.
901 2952 1089 2979 tantummodo

130 2986 191 3004 cum
202 2980 439 3014 Gulielmio‚illud
451 2983 525 3015 fiii-e.
545 2985 596 3019 quis
607 2989 618 3011 ,ἵ
635 2986 655 3011 is
663 2986 709 3018 ipse
720 2989 828 3019 ?igirur‚
848 2987 900 3018 dyc.
921 2988 1020 3015 nullius
1032 2987 1090 3015 stii-

132 3012 186 3046 sus,
196 3016 269 3050 coegi
281 3017 307 3043 in
317 3017 381 3045 alias
393 3028 481 3045 voceS.
501 3018 633 3047 sententia
650 3029 741 3058 aperta
750 3022 797 3049 est.

133 3054 136 3059 '
168 3059 197 3090 ²:
216 3055 356 3092 eAn—etiam
367 3055 460 3088 scripsit
477 3062 548 3082 oratu
565 3065 603 3082 tuo
614 3057 647 3091 ?]
674 3059 795 3085 Firmant
814 3059 843 3085 &
863 3059 929 3087 lianc
946 3059 1090 3087 leffionem

132 3086 294 3148 msssnostrh
313 3089 359 3116 nisi
373 3090 445 3126 quod
458 3091 519 3118 Pal.
530 3101 571 3128 pr.
584 3093 612 3119 δε
623 3092 673 3123 see.
693 3096 800 3122 hortatu.
817 3096 889 3130 quod
909 3105 981 3133 aeque
992 3097 1091 3124 bonum

132 3130 179 3148 cen
195 3131 288 3148 uerim.

169 3167 195 3193 3.
215 3160 311 3198 Df'sputo
322 3162 471 3202 ,'p‹>stulo.2]
493 3164 534 3189 lta
552 3164 580 3190 Sc
599 3166 668 3195 Pau.
686 3166 768 3197 nostri
786 3167 933 3198 Lambinus
951 3168 1037 3198 edidit
1056 3179 1089 3197 ex

130 3194 307 3236 vMemnnano,
317 3195 406 3232 dtspnto
413 3198 444 3230 ὠ·
452 3201 561 3233 expostulo
571 3204 582 3228 ‚2
805 3230 809 3232 ,

1111 2926 1114 2965 Ι
1170 2925 1198 2950 4.
1218 2921 1311 2944 Etenim
1319 2922 1399 2952 populi
1407 2922 1625 2953 Romupcvspicinnt
1638 2931 1688 2947 eam
1699 2924 1883 2958 memcm.]xlta
1899 2926 1990 2952 nostri.
2012 2927 2096 2952 Lam-

1134 2953 1211 2980 binus
1222 2963 1273 2979 cam
1283 2954 1365 2981 delet.
1386 2955 1548 2982 Gulielmius
1569 2964 1655 2984 mutat
1673 2958 1699 2985 in
1712 2960 1816 2986 candem.
1839 2961 1950 2987 Gruteri
1970 2961 2096 2990 libet-ha-

1136 2988 1193 3022 bet,
1212 2992 1479 3024 Etenimfipeaespitium
1489 3001 1540 3018 eam
1550 3001 1655 3019 mentem.

1173 3034 1198 3059 5.
1220 3030 1251 3051 Et
1262 3025 1276 3051 ἃ
1288 3027 1405 3060 Metello]
1426 3027 1540 3063 Vulgata
1549 3031 1585 3060 52.
1594 3032 1693 3056 Metelli.
1713 3030 1778 3058 olim
1788 3031 1840 3059 cufi
1851 3036 1891 3059 M.
1900 3035 2001 3060 Metelli.
2023 3035 2095 3070 quod

1136 3062 1250 3088 exhibeo
1260 3063 1295 3089 cst
1306 3064 1320 3088 ii
1334 3063 1401 3088 Pali.
1412 3063 1439 3088 Sc
1451 3065 1478 3090 S.
1491 3064 1562 3090 Vi&
1574 3066 1731 3102 exemplari.

1172 3098 1200 3123 6.
1220 3099 1253 3124 Tu
1261 3105 1310 3123 tum
1320 3101 1403 3124 Flacco
1413 3100 1521 3135 prmum]
1544 3101 1621 3127 Prius
1632 3111 1688 3129 erat
1698 3110 1735 3129 tu.
1756 3103 1798 3130 sed
1809 3104 1891 3135 adieci
1903 3105 2009 3132 literam
2024 3105 2097 3133 suasa

1136 3134 1256 3160 omnium
1268 3133 1325 3160 mss.
1336 3135 1485 3163 nostrorum
1497 3145 1506 3167 ;
1528 3137 1574 3163 nisi
1585 3137 1656 3173 quod
1667 3140 1749 3166 Grut.
1759 3160 1762 3163 .
1774 3150 1849 3167 anien.

1171 3178 1199 3203 7.
1219 3171 1386 3202 Qaetvirrur?
1404 3181 1453 3205 [με
1465 3175 1579 3205 gra-vitas
1596 3175 1662 3210 casn]
1683 3176 1740 3203 Pal.
1759 3186 1801 3214 pt.
1813 3184 1878 3205 tert.
1900 3176 1967 3204 sext.
1979 3176 2034 3204 ost.
2054 3178 2096 3211 q‘ti

1133 3207 1235 3233 vimine
1245 3210 1256 3234 ἓ
1269 3215 1318 3235 nec
1326 3206 1405 3236 aliter
1415 3209 1442 3236 S.
1453 3208 1582 3238 ViCtoi-is.

1548 3245 1606 3275 lii
2007 3250 2095 3285 μί’-’,0

2146 1110 2190 1141 40
