2360 3400
157 1327 207 1361 26

577 137 828 185 Eius-r.
883 152 970 184 An
1028 138 1186 183 ΑΤΤ

222 231 275 256 >an
286 221 348 264 vipfi
365 218 522 253 ferendum
533 217 568 250 fit
575 230 585 254 ;
603 218 640 249 de
649 226 771 261 totaque
781 229 812 251 re
823 240 831 255 ‚
857 220 1117 262 quemadmodum
1128 239 1136 253 2
1157 220 1190 250 &

235 264 355 307 quando
362 264 472 304 placeat
480 282 489 296 ‚
508 262 602 292 velim
611 258 787 292 confideres.
811 262 959 293 Publilius
968 262 1101 293 iturusne
1112 260 1146 291 fit
1157 263 1189 291 jn

235 306 369 338 Africam
381 325 390 339 ,
403 302 564 345 &quando
575 322 585 337 ,
598 307 608 323 ¹
621 312 659 332 ex
670 303 779 334 Aledio
788 304 859 335 scire
869 306 982 344 poteris
997 312 1125 344 :quaeras
1137 323 1146 336 ‚
1159 302 1191 332 &

234 348 272 379 ad
283 356 333 377 me
342 346 449 377 scribas
458 366 467 380 ‚
479 345 583 375 velim.
608 347 646 376 Et
660 366 668 379 ‚
680 355 712 375 ut
721 345 756 375 ad
767 355 848 376 meas
857 347 984 386 ineptias
999 345 1128 378 redeam,
1139 354 1192 374 ve-

233 389 291 419 lim
303 398 353 418 me
361 389 521 418 certiorem
532 386 620 418 facias
629 407 638 421 ‚
655 386 810 418 [ncraffus
822 407 830 421 ,
850 390 865 407 ²
878 387 1034 426 Venulejae
1045 385 1136 419 filius,
1145 386 1193 415 vi-

233 428 316 461 vone
325 432 356 460 P.
366 428 465 460 Crafi'o
475 428 641 463 consulari,
653 438 731 470 patre
740 429 803 463 suo,
815 438 953 460 mortuus
962 426 1005 461 fit,
1018 437 1051 458 ut
1062 437 1116 468 ego
1125 436 1192 475 ine-¹

233 470 357 503 minisse
365 471 472 501 videor
480 491 489 505 ‚
508 481 546 501 an
564 470 642 510 post.
659 474 734 502 item
752 481 853 512 quaero
871 470 908 501 de
919 469 1046 511 Regillo
1055 488 1064 502 ,
1083 468 1193 515 Leprdr

235 512 302 544 filio
312 533 322 547 ‚
335 512 415 543 τεὲὶὲ
426 523 464 542 ne
474 515 682 547 meminerim,
692 521 770 553 patre
779 515 853 543 vivo
864 520 1031 542 mortuum.
1054 513 1067 537 3
1077 510 1191 559 Cispia-

237 565 275 585 na
289 555 452 594 explicabis
466 574 474 589 ‚
495 555 631 596 itemque
641 556 797 587 Praeciana.
820 556 869 585 De
878 555 988 587 Attica,
1001 555 1019 579 4
1029 560 1144 593 optime
1157 560 1189 582 it.

234 598 264 627 ei
274 597 399 628 salutem
408 596 499 630 dices,
512 597 544 627 &
555 598 648 628 Piliae.

168 648 215 681 25
451 641 642 670 CICERO
680 640 899 671 ATTICO,
930 640 961 668 S.

294 683 340 711 CR
348 690 437 711 rrsn·
446 679 480 711 ad
492 690 541 710 me
550 681 710 721 diligenter
718 681 782 710 Sica
792 679 828 710 de
837 680 923 713 Silio,
935 679 1024 719 seque
1035 676 1070 708 ad
1084 686 1112 709 te
1123 685 1187 707 rem

234 678 443 756 Sdetulifl'e:
464 722 546 763 quod
555 730 587 752 tu
599 722 681 752 idem
690 722 805 752 scribis.
826 721 947 751 mihi&
957 730 1002 750 res
1014 739 1022 753 ‚
1039 720 1071 749 &
1080 718 1188 766 condi-

232 766 277 793 tio
288 765 384 804 placet
396 783 405 798 ,
417 763 526 797 sedita,
542 772 575 794 ut
583 772 739 794 numerato
750 763 868 796 malim,
879 772 970 802 quam
980 760 1185 792 aestimatione.

231 806 412 846 voluptarias
438 807 523 835 enim
548 803 738 845 poffeffiones
757 804 843 834 nolet
857 804 960 834 Silius.
992 801 1188 848 vectigalibus

231 855 333 877 autern
345 856 378 877 ut
387 848 433 876 his
442 845 561 886 poffum
575 844 634 875 esse
643 854 816 877 contentus,
825 855 890 885 quae
900 844 1005 877 habeo,
1016 842 1054 874 fic
1063 852 1114 872 vix
1126 852 1186 872 mi·-

231 889 368 919 noribus.
392 888 472 918 unde
489 897 558 927 ergo
577 889 757 916 numerato?
773 895 827 915 rr-s
838 895 890 915 nc.
901 888 1051 924 exprimes
1060 884 1096 914 ab
1109 886 1183 913 Her-

229 939 361 972 mogene
373 950 382 964 ‚
403 928 475 959 cum
494 928 656 968 praesertim
667 926 783 957 necess'e
791 929 847 957 erit
860 938 865 956 ;
889 927 922 957 &
934 927 1018 956 domi
1028 925 1118 956 video
1128 924 1184 955 esse

231 981 286 1002 3-3
295 982 348 1001 nc.
358 971 479 1010 reliqua:
489 971 624 1009 pecunia:
634 969 682 999 vel
691 969 809 998 usuram
820 968 896 999 Silio
905 968 1075 1008 pendemus
1088 986 1096 1000 ‚
1109 966 1182 997 dum

229 1013 246 1044 a
259 1013 397 1046 Faberio,
406 1013 457 1041 vel
466 1011 503 1040 ab
513 1011 614 1052 aliquo
627 1030 635 1045 ‚
647 1012 699 1051 qui
714 1010 837 1040 Faberio
850 1010 948 1044 debet,
963 1009 1184 1049 repraesentabi-

229 1063 309 1084 mus.
332 1055 388 1084 erit
398 1055 489 1083 etiam
502 1052 614 1093 aliquid
626 1052 775 1082 alicunde.
800 1052 848 1082 sed
859 1061 951 1082 totam
962 1061 1026 1081 rem
1037 1059 1067 1081 tu
1076 1050 1184 1092 guber-

225 1095 322 1125 nabis.
344 1098 358 1123 5
368 1093 523 1125 Drufianis
541 1093 613 1124 verb
623 1095 678 1124 hos
687 1095 782 1124 hortis
796 1094 894 1124 multo
903 1102 1056 1133 antepono
1069 1102 1183 1133 :neque

224 1137 295 1167 sunt
310 1146 454 1177 umquam
464 1137 636 1176 comparati.
659 1135 831 1166 mihicrede
841 1145 901 1166 una
910 1145 960 1165 me
971 1145 1023 1165 cau
1029 1135 1056 1165 sa
1068 1143 1183 1167 movet,

223 1185 257 1216 in
273 1195 331 1226 qua
342 1185 356 1205 ⁶
368 1186 428 1216 scio
439 1196 490 1216 me
503 1178 685 1221 ’τεπφῶοἶῖζ-
710 1184 759 1214 sed
770 1204 779 1217 ‚
790 1195 821 1215 ut
832 1184 901 1215 facis
912 1205 926 1218 7
936 1184 1097 1224 obsequere
1112 1184 1182 1214 huic

222 1237 316 1265 errori
338 1245 418 1266 meo.
440 1241 456 1264 7
484 1238 565 1266 Nam
579 1233 661 1275 quod
676 1233 778 1264 scribis
787 1227 962 1274 {syneyrkoe‘
975 1241 985 1266 5
1007 1232 1110 1264 astum
1117 1233 1181 1274 jam

223 1276 260 1307 de
271 1276 328 1308 isto
336 1277 395 1308 est:
409 1278 465 1308 alia
476 1279 568 1319 magis
578 1286 689 1317 quaero.

469 1320 664 1350 CICERO
690 1320 900 1352 ATTICO,
922 1317 952 1349 S.

224 1355 240 1380 Β
309 1363 370 1392 ΙσΑ
381 1381 389 1395 ,
409 1370 441 1391 ut
450 1361 559 1394 scribit,
571 1361 660 1390 etiam
672 1358 692 1388 fi
702 1361 779 1389 nihil
789 1359 953 1390 confecerit
963 1369 1033 1391 cum
1044 1362 1080 1390 A.
1091 1359 1177 1393 Silio,

310 1413 411 1433 tamen
430 1404 458 1433 se
477 1402 578 1433 scribit
586 1411 618 1432 x.
632 1401 699 1431 Kal.
711 1399 769 1431 effe
778 1411 952 1432 venturum.
967 1405 990 1428 ‘9
1000 1404 1076 1432 Tuis
1087 1398 1177 1433 occu*-
1198 1421 1199 1427 η

219 1444 554 1485 Ριῑίοῃίὸυεὰἕηοῖεος
573 1452 674 1482 eaeque
689 1443 941 1479 mihisuntnotae.
964 1445 1012 1473 De
1021 1445 1176 1474 voluntate

219 1495 269 1516 tua
279 1505 287 1519 ,
299 1495 332 1519 ut
347 1484 435 1516 fimui
445 1484 536 1515 fimus
545 1506 553 1519 ‚
566 1485 615 1514 vel
625 1483 724 1513 studio
738 1483 840 1523 potius
851 1503 859 1518 ‚
874 1484 907 1514 &
918 1485 1078 1525 cupiditate
1091 1507 1100 1520 ‚
1112 1494 1175 1516 non
1196 1514 1198 1516 ,

170 1537 180 1541 ²
218 1527 336 1558 dubito.
359 1527 396 1557 de
411 1526 596 1568 Niciaquod
606 1525 719 1559 scribis,
732 1525 802 1556 siita
827 1536 875 1556 me
887 1527 1046 1561 haberem,
1064 1538 1097 1559 ut
1111 1529 1176 1567 ejus

215 1570 404 1599 humanitate
422 1568 482 1599 frui
501 1567 617 1608 poffem
630 1588 638 1600 ,
661 1569 693 1597 in
704 1570 810 1608 primis
823 1569 934 1598 vellem
944 1569 1034 1598 illum
1048 1579 1172 1600 mecum

215 1610 332 1641 habere.
350 1610 398 1641 sed
409 1610 614 1651 mihi'solitudo
626 1629 634 1643 ,
651 1608 816 1640 &recessus
831 1629 839 1644 ,
851 1611 1005 1650 provincia
1015 1610 1065 1641 est.
1088 1611 1171 1653 quod

215 1653 285 1693 quia
294 1652 382 1683 facile
395 1652 508 1682 ferebat
519 1656 584 1683 Sica
593 1672 601 1686 ,
622 1661 658 1682 eo
669 1653 763 1692 magis
773 1652 861 1682 illum
873 1651 1014 1683 defidero.
1035 1663 1174 1693 praeterea

213 1693 295 1724 nosti
305 1697 337 1725 N
339 1696 403 1725 iciae
412 1693 506 1724 nostri
517 1693 756 1725 imbecillitatem
768 1713 777 1728 ‚
789 1694 966 1728 mollitiam,
978 1696 1172 1726 consuetudi-

217 1745 291 1766 nem
311 1735 418 1766 vifi’tus.
440 1745 493 1767 cur
511 1746 567 1776 ego
590 1736 636 1766 illi
650 1734 794 1766 molestus
816 1736 909 1766 velim
922 1756 930 1771 ,
948 1735 1020 1767 cum
1030 1737 1173 1768 mihiille

211 1777 365 1817 jucundus
385 1776 443 1808 effe
460 1786 526 1807 non
535 1776 621 1817 possit
633 1781 644 1807 ?
670 1777 809 1807 voluntas
820 1786 921 1807 tamen
931 1779 993 1817 ejus
1004 1780 1081 1809 mihi
1091 1789 1173 1820 grata

213 1817 266 1849 est.
291 1822 390 1849 Vnam
409 1829 473 1849 rem
496 1818 532 1850 ad
542 1829 592 1849 me
601 1816 755 1858 scripfisti‚
774 1818 811 1849 de
825 1829 882 1859 qua
896 1819 1015 1849 decrevi
1026 1820 1104 1850 nihil
1115 1821 1172 1851 tibi

212 1859 382 1890 rescribere.
404 1860 488 1901 spero
508 1862 592 1890 enim
603 1871 652 1891 me
665 1860 681 1890 a
692 1869 719 1890 te
729 1859 918 1900 impetrasse,
940 1862 1110 1901 utprivares
1118 1871 1170 1892 me

213 1899 269 1932 ista
281 1901 427 1933 molestia.
450 1903 545 1936 Piliae,
557 1902 590 1932 &
602 1901 705 1933 Atticae
717 1901 849 1931 salutem.

146 1959 192 1994 27
228 1983 243 2059 Ι
269 1984 331 2057 >E
339 1946 1009 2027 ὃίῙίεηοεηξὲἒξίὶεξζ,ἳῑὲιξέὶιῃὲιῖἐίὶὸίὲῃοω
1016 1986 1164 2021 conditio,

305 2037 406 2058 tamen
427 2027 517 2058 hodie
535 2037 585 2058 me
594 2038 632 2058 ex
642 2030 707 2059 Sica
716 2027 842 2057 arbitror
850 2030 954 2057 omnia
961 2030 1165 2068 cogniturum.

210 2072 241 2089 ¹⁶
251 2068 448 2110 Cottaequod
466 2079 554 2111 negas
572 2078 600 2099 te
618 2068 719 2104 nosse,
738 2069 815 2100 ultra
835 2070 977 2100 Silianam
1001 2070 1103 2100 villam
1123 2070 1166 2102 est

206 2109 322 2151 (quam
329 2120 403 2151 puto
413 2111 468 2141 tibi
479 2120 583 2142 notam
594 2110 673 2151 effe)
692 2111 797 2141 villula
808 2111 926 2142 sordida
939 2130 947 2145 ‚
967 2111 1000 2142 &
1013 2111 1097 2141 valde
1107 2122 1165 2152 pu-

207 2150 271 2182 filia
281 2165 290 2186 3
302 2153 380 2182 nihil
390 2155 449 2193 agri
463 2165 469 2187 ;
490 2157 513 2173 ¹¹
527 2153 561 2183 ad
568 2153 685 2193 suillam
700 2163 757 2182 rem
767 2153 827 2184 loci
838 2153 905 2183 satis
915 2173 926 2187 ‚
949 2154 1027 2183 nihil
1036 2153 1071 2184 ad
1083 2164 1159 2188 eam,

207 2203 298 2235 quam
309 2204 419 2235 quaero.
440 2195 468 2225 se
493 2205 547 2225 tior
556 2194 754 2224 celebritatem.
775 2195 823 2225 sed
837 2193 1035 2235 ,ii-perficitur
1044 2196 1080 2226 de
1088 2197 1162 2226 hor·

206 2238 245 2266 tis
254 2237 331 2269 Silii,
342 2237 400 2266 hoc
409 2235 461 2270 est,
470 2205 492 2266 ii
501 2235 636 2277 perficis3
662 2250 669 2272 i
679 2236 722 2268 est
730 2238 814 2267 enim
825 2245 923 2267 totum
938 2236 1068 2277 positum
1078 2247 1110 2268 in
1120 2238 1162 2279 te)

205 2278 284 2307 nihil
298 2277 340 2307 est
351 2277 461 2308 scilicet
471 2297 479 2312 ,
505 2278 585 2319 quod
598 2279 731 2309 deCOtta
741 2280 919 2320 cogitemus.
942 2281 989 2309 De
1001 2281 1158 2315 Cicerone,

206 2328 240 2350 ut
251 2319 364 2354 scribis,
375 2322 414 2351 ita
420 2319 528 2351 Faciam
543 2331 548 2349 :
559 2319 610 2361 ipsi
619 2323 791 2362 permittam
802 2320 839 2351 de
850 2329 984 2361 tempore
996 2331 1001 2350 ε
1013 2330 1160 2353 nummo—

1211 151 1442 196 10UM,
1501 141 1660 189 L113.
1709 142 1830 191 ΧΠ.
2101 145 2194 212 889

1234 230 1302 251 rum
1324 231 1470 263 quantum
1489 233 1566 264 opus
1581 225 1639 256 erit
1659 244 1668 258 ‚
1689 235 1722 256 ut
1743 233 1928 266 permutetur
1945 234 1977 258 tu
1993 225 2120 258 videbis.
2143 231 2192 260 Ex

1235 263 1345 293 Aledio
1361 284 1369 297 ,
1381 265 1462 305 quod
1474 265 1590 300 scribis,
1602 265 1622 296 si
1635 268 1707 308 quid
1719 270 1880 303 inveneris,
1892 269 2011 300 scribes.
2035 272 2072 301 Et
2087 280 2142 311 ego
2157 281 2196 304 ex

1237 306 1295 334 tuis
1306 307 1513 337 animadverto
1525 308 1632 338 litteris
1646 328 1655 342 ‚
1668 308 1700 339 δε
1710 309 1847 349 profecte>
1859 320 1890 341 tu
1902 321 1940 341 ex
1952 313 2040 344 meis,
2051 312 2129 343 nihil
2143 314 2196 344 ha·

1238 344 1304 376 bere
1316 356 1389 382 nOS,
1401 348 1482 388 quod
1497 349 1659 381 scribamus
1671 361 1676 379 z
1689 352 1793 382 eadem
1806 353 1953 393 quotidie,
1965 363 2030 394 quae
2043 354 2106 393 jam
2114 356 2196 393 jam·

1237 395 1294 426 que
1312 388 1372 426 ipsa
1398 391 1525 420 contrita
1543 391 1628 421 sunt:
1645 401 1748 423 tamen
1769 393 1863 425 facere
1889 404 1952 425 non
1961 394 2078 434 possum
2091 415 2099 429 ‚
2118 397 2196 436 quin

1256 430 1370 458 uotidie
1378 430 1413 460 ad
1423 439 1449 460 te
1460 433 1578 462 mittam
1590 452 1599 466 ,
1624 442 1655 463 ut
1667 442 1728 465 tuas
1741 437 1897 475 accipiam.
1921 438 1968 466 De
1979 438 2070 467 Bruto
2080 446 2194 471 tamen,

1247 478 1256 498 i
1266 470 1340 510 quid
1350 471 1482 502 habebis.
1496 474 1568 503 scire
1578 476 1661 504 enim
1670 475 1733 515 jam
1743 477 1888 516 puto.ubi
1898 478 2019 508 Pansam
2029 478 2194 518 exspeeiet.

1237 509 1256 539 si
1269 531 1277 544 ,
1293 513 1518 544 utconsuetudo
1531 514 1582 548 est,
1593 517 1625 545 in
1634 519 1735 556 prima
1742 520 1909 557 provincia,
1919 521 2038 550 circiter
2049 522 2133 550 KAL.
2148 519 2196 551 af-

1218 550 1351 582 -futurus
1370 554 1499 584 videtur.
1524 557 1637 587 vellem
1656 559 1780 589 tardius.
1798 560 1883 590 valde
1904 563 1986 590 enim
2011 560 2194 602 terlacmfugw

1234 594 1342 624 multas
1353 594 1394 624 ob
1405 597 1514 626 causas.
1534 599 1629 638 itaque
1641 599 1776 640 idipsum
1787 601 1906 635 dubito,
1918 612 1956 632 an
1966 603 2192 634 excusationem

1231 635 1362 676 aliquam
1383 636 1419 666 ad
1437 638 1526 668 illum
1545 648 1663 678 parem:
1683 642 1765 682 quod
1785 643 1909 683 quidem
1919 643 2008 674 video
2018 643 2106 674 facile
2121 643 2187 675 effe.

1231 676 1280 707 sed
1299 677 1444 708 habemus
1457 679 1522 710 satis
1539 684 1684 721 temporis
1701 683 1736 713 ad
1749 685 1952 724 cogitandum.
1964 685 2047 717 Piliae
2058 705 2066 720 ,
2079 687 2185 717 Attica:

1230 718 1366 749 salutem.

1235 800 1434 876 DESilio
1444 805 1543 835 nihilo
1552 805 1635 845 plura
1642 810 1772 847 cognovi
1783 818 1820 838 ex
1829 811 1970 849 praesente
1979 812 2051 845 Sica,
2062 811 2186 853 ”quam

1205 865 1206 871 ,
1325 854 1363 875 ex
1381 845 1488 875 litteris
1505 847 1580 886 ejus.
1600 848 1750 888 scripserat
1768 852 1853 880 enim
1873 851 2040 892 diligenter.
2065 852 2085 883 fi
2097 856 2187 895 igitur

1203 877 1207 927 Ξ
1230 893 1261 916 tu
1274 885 1364 916 illum
1377 896 1556 918 conveneris
1566 908 1575 921 ,
1592 889 1703 920 *scribes
1713 891 1746 920 ad
1758 900 1808 920 me
1818 912 1826 924 ,
1840 890 1859 921 fi
1870 895 1941 932 quid
1952 894 2112 925 videbitur.
2135 898 2184 926 De

1203 929 1206 981 Ι
1227 937 1290 967 quo
1298 936 1382 967 putas
1391 928 1426 959 ad
1440 939 1489 958 me
1499 929 1623 960 miffum
1635 929 1693 961 effe
1705 944 1714 966 3
1733 931 1897 963 firmissum
1909 954 1918 967 ,
1940 944 2034 965 necne
2045 956 2054 969 ,
2071 937 2185 971 nescim

1204 985 1206 990 ν
1224 968 1341 999 dietum
1351 970 1475 1010 quidem
1486 972 1565 1002 mihi
1575 972 1655 1003 certe
1663 974 1742 1003 nihil
1757 973 1808 1004 est.
1819 983 1849 1004 tu
1861 977 1959 1016 igitur,
1971 986 2003 1007 ut
2012 978 2120 1017 cepisti:
2135 979 2178 1012 St,

1202 1009 1205 1035 l
1228 1008 1248 1040 fi
1258 1011 1331 1051 quid
1342 1015 1380 1042 ita
1388 1011 1542 1047 conficies,
1556 1013 1650 1055 (quod
1658 1016 1798 1056 equidem
1809 1026 1872 1047 non
1882 1017 2007 1048 arbitror
2016 1017 2078 1048 fieri
2088 1019 2185 1060 posse)

1202 1053 1205 1121 ἵ
1228 1061 1260 1083 ut
1269 1053 1475 1093 illiprobetur‚
1486 1055 1678 1090 Ciceronem,
1690 1055 1708 1086 fi
1720 1057 1773 1088 tibi
1782 1058 1921 1098 placebit,
1933 1059 2098 1090 adhibebis.
2117 1063 2181 1101 ejus

1201 1127 1203 1167 1
1228 1095 1341 1166 alihqiiid
1360 1095 1500 1167 irgemst,
1519 1096 1614 1127 videri
1632 1099 1715 1128 illius
1725 1101 1808 1130 causa
1819 1099 1966 1131 voluiffe:
1985 1102 2180 1142 meaquidem

1227 1146 1259 1166 ni
1284 1147 1293 1165 1
1316 1157 1325 1170 ,
1344 1146 1376 1167 ni

1461 764 1652 794 CICERO
1686 768 1906 802 ATTICO.
1929 771 1957 800 S.

1421 1137 1452 1168 id
1468 1158 1477 1172 ,
1496 1138 1578 1179 quod
1598 1148 1630 1170 tu
1640 1140 1711 1171 scis:
1733 1144 1759 1168 ¹3
1776 1141 1860 1182 quod
1877 1152 1932 1183 ego
1941 1145 2043 1183 magni
2053 1143 2178 1174 aestimo,

1201 1180 1203 1186 ’
1227 1178 1318 1218 Qod
1336 1189 1386 1209 me
1409 1179 1445 1210 ad
1454 1180 1704 1212 consuetudinem
1716 1192 1832 1213 revocas
1845 1195 1853 1216 r.
1872 1183 1930 1214 fuit
1941 1194 2044 1215 meum
2055 1185 2182 1226 quidem

1199 1197 1203 1252 Ι
1221 1220 1283 1259 J'am
1292 1220 1414 1260 pridem·
1423 1224 1452 1248 ¹4
1462 1224 1572 1262 Remp.
1587 1223 1686 1265 lugere
1691 1236 1700 1259 3
1709 1225 1818 1265 ¹5qu0d
1828 1224 1985 1259 faciebam,
1999 1227 2048 1257 sed
2062 1226 2176 1257 mitius.

1199 1254 1202 1290 i
1226 1270 1286 1292 erat
1298 1264 1381 1293 enirn
1395 1282 1403 1297 ,
1424 1263 1476 1293 ubi
1484 1265 1710 1305 acquiescerem.
1729 1276 1812 1297 nunc
1818 1267 1907 1306 plane
1918 1278 1972 1299 nec
1983 1268 2179 1309 eg0›vi&um‚

1198 1307 1202 1318 ⁶
1225 1312 1283 1334 nec
1291 1306 1384 1334 vitam
1396 1305 1482 1335 illam
1491 1307 1591 1336 colere
1601 1305 1719 1347 possum
1732 1318 1738 1337 :
1759 1318 1814 1338 nec
1824 1311 1856 1339 in
1864 1318 1897 1339 ea
1905 1319 1935 1340 re
1946 1330 1955 1344 ‚
1975 1310 2048 1350 quid
2058 1311 2124 1341 aliis
2132 1314 2181 1340 vi-

1198 1330 1202 1376 i
1223 1344 1335 1380 dentur,
1347 1347 1424 1376 mihi
1435 1356 1507 1387 puto
1515 1348 1690 1379 curandum.
1704 1358 1778 1380 MEA
1790 1359 1879 1380 Mun
1890 1352 2073 1384 conscientia
2081 1354 2177 1392 plui-is

1198 1395 1200 1402 ’
1222 1386 1263 1417 est
1274 1407 1282 1421 ‚
1303 1387 1394 1428 quam
1405 1391 1548 1419 omnium
1559 1390 1668 1421 sermo.
1692 1392 1782 1433 Qod
1793 1402 1843 1422 me
1855 1393 1914 1431 ipse
1924 1393 2093 1433 perlitteras
2102 1404 2180 1425 con-

1197 1429 1200 1462 1
1223 1429 1332 1459 solatus
1345 1430 1430 1465 sum3
1443 1440 1508 1463 non
1520 1434 1648 1471 poenitet
1657 1443 1708 1463 me
1718 1453 1726 1467 ,
1737 1442 1883 1474 quantum
1894 1434 2085 1474 profecerim.
2109 1446 2181 1465 moe-

1198 1468 1199 1474 ¹
1222 1480 1306 1499 rorem
1317 1473 1416 1502 minui
1431 1483 1437 1501 :
1449 1472 1586 1503 dolorem
1598 1483 1653 1504 nec
1659 1477 1745 1515 potui
1756 1495 1764 1508 ‚
1781 1486 1837 1506 nec
1851 1496 1860 1509 ,
1878 1475 1898 1505 si
1908 1475 2022 1516 poss'em
2033 1496 2042 1510 ,
2052 1477 2175 1507 vellem-

1196 1525 1198 1539 :
1223 1513 1270 1541 De
1281 1514 1399 1543 Triario
1411 1534 1420 1547 ,
1432 1514 1508 1544 bene
1519 1516 1717 1555 interpretaris
1727 1517 1913 1548 voluntatem
1924 1527 2036 1548 ineam.
2059 1527 2090 1548 tu
2105 1528 2177 1549 vero

1195 1560 1197 1582 2
1220 1555 1318 1588 nihil,
1338 1553 1393 1584 nifi
1412 1556 1497 1586 utilli
1507 1557 1623 1586 volent.
1646 1558 1817 1587 amoillum
1829 1569 2002 1589 mortuum:
2021 1568 2101 1589 tutor
2110 1558 2178 1591 sum

1224 1595 1344 1626 liberis:
1364 1604 1457 1627 totam
1469 1597 1599 1628 domum
1610 1597 1716 1639 diligo.
1741 1602 1787 1629 De
1798 1599 1983 1631 Castriciano
1990 1603 2112 1641 negotio
2127 1621 2136 1634 ‚
2156 1601 2178 1631 fi

1219 1636 1374 1668 Castricius
1382 1643 1435 1679 pto
1448 1641 1608 1680 mancipiis
1618 1642 1778 1680 pecuniam
1786 1644 1917 1682 accipere
1927 1642 2009 1673 volet
2021 1640 2180 1684 ¹⁶eamque

1220 1680 1248 1708 ei
1260 1679 1354 1714 solvi,
1363 1690 1400 1711 ut
1408 1691 1491 1712 nunc
1500 1681 1626 1712 solvitur
1640 1694 1650 1716 3
1670 1682 1749 1713 certe
1758 1683 1838 1714 nihil
1847 1683 1890 1714 est
1900 1684 2110 1715 commodius.
2133 1683 2178 1716 sm

1217 1729 1318 1752 autem
1330 1722 1369 1752 ita
1377 1721 1478 1754 affiium
1491 1722 1537 1754 est
1546 1743 1555 1757 ‚
1567 1732 1600 1754 ut
1609 1724 1670 1764 ipsa
1678 1727 1829 1765 mancipia
1837 1725 1995 1756 abduceret
2003 1745 2012 1759 ‚
2025 1735 2088 1756 non
2098 1728 2179 1757 mihi

1216 1762 1337 1794 videtur
1344 1763 1402 1794 ess'e
1416 1774 1546 1806 aequum.
1565 1775 1649 1807 rogas
1658 1768 1742 1797 enim
1754 1777 1803 1796 me
1812 1786 1821 1801 ‚
1831 1775 1866 1797 ut
1875 1767 1929 1797 tibi
1944 1766 2068 1797 scribam
2082 1787 2090 1800 ‚
2102 1768 2177 1809 quid

1218 1805 1298 1834 mihi
1309 1805 1455 1836 videatur.
1475 1807 1551 1837 nolo
1561 1809 1647 1837 enirn
1656 1810 1772 1850 negotii
1784 1810 1934 1846 Quintum
1947 1807 2069 1839 fratrem
2085 1810 2176 1850 quid-

1214 1855 1306 1885 quam
1324 1846 1449 1877 habere:
1471 1848 1553 1888 quod
1570 1867 1580 1882 ,
1600 1848 1792 1879 videormihi
1804 1847 2005 1884 intellexiste,
2023 1850 2173 1882 tibridem

1215 1886 1322 1916 videri.
1361 1888 1512 1919 Publilius
1522 1909 1531 1923 ,
1551 1888 1572 1918 fi
1591 1890 1810 1930 aequinoffiurn
1827 1901 1842 1921 e
1868 1890 1977 1931 spestat
1987 1911 1995 1925 ,
2016 1900 2050 1922 ut
2068 1892 2176 1924 scribis

1215 1930 1243 1956 ¹7
1253 1928 1397 1959 Aledium
1414 1929 1522 1964 dicere,
1535 1933 1728 1972 navigaturus
1740 1901 1869 1963 videffiic.
1889 1934 1968 1963 mihi
1977 1942 2078 1963 autem
2087 1933 2175 1964 dixe-

1213 1977 1256 1999 rat
1264 1971 1469 2009 persiciliam.
1491 1981 1592 2002 utrum
1603 1992 1612 2006 ,
1629 1972 1790 2013 &quando
1800 1993 1809 2007 ,
1820 1975 1914 2004 velim
1922 1975 2006 2005 scire.
2031 1977 2068 2006 Et
2077 1976 2173 2006 velim

1211 2011 1384 2050 aliquando,
1394 2012 1467 2043 cum
1477 2015 1533 2044 erit
1543 2022 1628 2044 tuum
1641 2015 1854 2050 commodum,
1866 2017 2031 2047 Lentulum
2043 2026 2181 2056 puerum,—

1211 2053 1303 2086 visas,
1322 2055 1409 2094 eique
1431 2054 1468 2085 de
1477 2058 1655 2096 mancipiis,
1676 2066 1742 2098 ,quae
1751 2056 1807 2088 tibi
1817 2057 1994 2093 videbitur,
2017 2058 2168 2090 attribuas·

1208 2094 1304 2130 Piliae,
1314 2097 1435 2130 Atticae,
1446 2097 1580 2128 salntem.

1437 2157 1630 2187 CICERO
1653 2158 1884 2194 ATTICO,
1906 2161 1934 2190 S.

1268 2205 1362 2236 Imus
1371 2224 1380 2240 ,
1402 2214 1437 2237 ut
1460 2206 1561 2238 scribis
1571 2227 1581 2242 ,
1603 2207 1705 2238 hodie.
1723 2218 1784 2239 cras
1802 2211 1893 2250 igitur
1902 2228 1910 2243 ,
1927 2209 1976 2239 vel
1985 2209 2085 2250 potius
2093 2216 2165 2240 enm

1267 2249 1390 2287 poteris,
1401 2248 1520 2282 scribes,
1532 2247 1553 2278 si
1561 2249 1634 2289 quid
1650 2252 1715 2283 erit,
1726 2249 1799 2280 cum
1808 2251 1929 2281 videris.
1953 2253 2019 2281 Nec
2028 2261 2043 2281 e
2064 2261 2083 2281 o
2094 2253 2170 2282 Bru-

1210 2295 1275 2318 tum
1286 2290 1363 2323 vito,
1372 2299 1430 2321 nec
1444 2299 1543 2320 tamen
1553 2291 1589 2321 ab
1599 2301 1634 2320 eo
1649 2292 1831 2322 levationem
1842 2293 1936 2323 ullam
1947 2292 2036 2333 exspe
2069 2303 2088 2323 o
2099 2304 2104 2322 :
2115 2293 2167 2324 sed

1209 2338 1294 2361 erant
1305 2331 1396 2363 causae
1406 2351 1417 2368 ,
1427 2342 1479 2365 cur
1490 2333 1547 2364 boc
1557 2341 1692 2374 tempore
1702 2332 1767 2365 istic
1777 2332 1836 2365 esse
1847 2334 1965 2365 nollem
1977 2345 1982 2364 :
1993 2344 2059 2375 quae
2069 2333 2090 2406 bi
2100 2344 2177 2365 ma·-

2028 2386 2067 2406 ΠΕ
2091 2385 2159 2410 ulls.

243 2447 266 2464 ι.
287 2444 325 2466 Ex
336 2441 456 2475 elladio]
477 2443 598 2478 Vulg.ex
608 2444 699 2470 Ater-'io-

240 2483 268 2500 2.
289 2479 495 2514 Venukrssefifim]
517 2479 598 2516 Vulg.
609 2482 717 2506 Vmuleie
727 2483 754 2506 F.

237 2518 266 2545 3.
285 2514 398 2546 Cispiana
407 2516 558 2549 explicabis]
580 2515 803 2551 Vulg.Cuspiana.

229 2558 271 2594 .4·.
285 2553 425 2587 opnmein]
445 2553 514 2581 Boiii
526 2562 629 2583 veteres
641 2555 698 2583 mis.
709 2557 788 2590 optime
797 2556 826 2583 id
833 2574 842 2588 ,
853 2556 924 2584 unde
933 2556 1088 2586 emendavit
1099 2560 1159 2594 opta·-

201 2595 236 2613 me
262 2595 290 2614 tl.

240 2640 265 2664 5.
284 2633 406 2665 Druſsanis
416 2634 471 2658 verb
480 2634 519 2660 hor
531 2635 628 2668 hortis]
652 2635 695 2661 Sic
705 2634 782 2663 habet
792 2636 967 2669 Decurtatus,
979 2637 1007 2664 8<
1019 2637 1056 2666 ita
1067 2638 1160 2675 legen-

201 2667 278 2698 d-uui,
287 2668 315 2694 in
330 2669 456 2703 vulgatis,
465 2675 505 2701 τὸ,
516 2672 567 2702 hos,
577 2671 680 2697 deerat.

236 2711 265 2737 6.
283 2715 332 2737 scio
350 2722 384 2737 me
402 2714 563 2748 niweton}
582 2715 624 2740 Ita
643 2713 786 2750 legendum
804 2714 893 2743 asserit
904 2715 1049 2744 Lambinus
1068 2718 1159 2754 potius

202 2755 282 2782 quam
293 2749 447 2782 τεΊυελώιθμ
460 2769 467 2780 ,
487 2758 516 2775 ut
527 2749 633 2786 quidam
646 2750 748 2777 volunt.

236 2799 264 2824 7.
285 2795 348 2817 Nam
364 2794 424 2827 quod
433 2794 519 2827 scribis
536 2794 685 2830 ἑΓγξρκμκ]
704 2796 744 2820 lta
763 2793 859 2822 habent
877 2802 978 2823 veteres
998 2795 1100 2824 codices
1111 2797 1158 2824 Vi-

201 2825 290 2853 Ctotio
301 2828 375 2860 teste,
386 2829 431 2864 qui
443 2830 479 2856 ita
489 2830 630 2866 legendum
641 2830 731 2858 asserit
743 2841 749 2857 ε
766 2831 839 2867 prius
852 2830 988 2866 legebatur
998 2835 1159 2868 ἐπίγραμμα,

197 2862 274 2897 quod
285 2863 311 2889 &
323 2864 349 2890 in
362 2864 419 2891 inss'.
431 2865 488 2892 Pal.

202 2905 350 2969 edgioiigffi
359 2910 498 2945 utfiribir]
520 2910 585 2937 Haec
595 2909 704 2947 epistola
713 2908 839 2946 superiori
849 2919 951 2938 annexa
965 2910 1001 2938 est
1011 2911 1039 2938 in
1051 2911 1158 2948 vulgata

238 2989 268 3015 9.
288 2983 341 3007 ritis
357 2975 570 3018 {craparionihmss
591 2987 632 3013 Ut
642 2985 668 3012 in
679 2984 798 3013 Tornaes.
819 2985 913 3012 Lamb.
934 2987 998 3014 teste
1012 3006 1021 3019 ,
1040 2986 1112 3014 fic&
1131 2987 1158 3014 in

196 3016 288 3043 Saldis
308 3017 405 3053 legitur
431 3020 459 3045 δε
477 3021 514 3047 ita
531 3021 616 3048 edidit
635 3021 736 3048 Bosius.
765 3021 901 3048 victorius
921 3023 1032 3049 testatur
1051 3023 1159 3059 amiqua

201 3053 365 3089 exemplaria
374 3053 478 3087 habere,
490 3057 556 3090 cujus·
565 3059 763 3092 occupationibus,
773 3058 844 3094 quod
858 3058 903 3094 ipsi
913 3058 1051 3094 probatur.

243 3101 284 3118 ιο.
303 3095 372 3119 Cotta
387 3095 448 3128 quod
463 3105 530 3127 negas
548 3103 570 3121 te
589 3096 672 3130 ruffa]
693 3095 766 3124 Vist.
785 3096 870 3123 edidit
880 3100 948 3125 Cotta
956 3099 1127 3133 quidemnegat
1136 3107 1158 3126 re

1195 2451 1253 2483 ποθὶ
1269 2452 1336 2477 ultra
1343 2453 1461 2479 Silianam
1478 2453 1562 2479 villam
1571 2455 1607 2479 el?
1617 2455 1698 2488 (quam
1712 2461 1768 2487 puro
1787 2454 1831 2479 :ibi
1839 2462 1917 2480 natam
1925 2453 1966 2487 effe
1977 2473 1985 2485 ,
2003 2455 2091 2479 villula
2100 2455 2160 2488 fir-

1200 2486 1269 2514 dida.

1233 2531 1250 2548 ‘1
1261 2531 1283 2549 r.
1295 2522 1357 2552 ’ωδ
1369 2523 1465 2558 fiamam
1475 2523 1550 2558 rem]
1571 2524 1654 2551 Liber
1664 2524 1784 2551 Tornoes.
1807 2526 1918 2551 adullam
1928 2534 1991 2550 rem:
2011 2525 2093 2552 Scidae
2106 2545 2114 2558 ,
2131 2533 2163 2553 cc

1192 2558 1295 2593 fiullam
1305 2568 1352 2585 rem
1363 2570 1370 2584 .·
1388 2558 1458 2586 unde
1468 2560 1533 2596 legit
1548 2560 1637 2587 Bofius
1648 2560 1682 2586 ad
1695 2561 1792 2594 fitillam
1802 2570 1858 2586 rem.
1879 2562 1942 2586 Non
1953 2560 2058 2588 dubitat
2070 2569 2160 2589 autem

1201 2595 1307 2622 Manut.
1327 2595 1391 2630 quin
1402 2595 1452 2622 hoe
1462 2596 1555 2623 ordine
1566 2596 1707 2631 legendum
1719 2596 1750 2622 fit
1761 2607 1767 2624 ς
1793 2596 1906 2622 adafiam
1917 2606 1963 2622 rem
1971 2598 2014 2622 loci
2022 2598 2085 2623 nihi!
2093 2617 2101 2629 ,
2113 2599 2162 2632 fii-

1201 2630 1232 2657 ris
1250 2631 1283 2656 ad
1299 2639 1351 2657 eam
1359 2640 1431 2665 quam
1449 2641 1533 2666 quero.
1555 2633 1627 2667 vulg,
1639 2632 1673 2658 ad
1682 2633 1756 2657 aliam
1775 2641 1821 2657 rem
1840 2634 1880 2657 loci
1892 2633 1955 2665 satis
1966 2652 1974 2664 ,
1991 2635 2057 2659 nihil
2069 2634 2103 2660 ad
2110 2642 2163 2661 eam

1199 2675 1273 2701 quam
1281 2676 1372 2701 quam,-
1391 2665 1433 2693 sed
1444 2667 1472 2693 id
1483 2669 1622 2694 Ciceronis
1632 2667 1768 2694 sententiae
1779 2674 1923 2704 repugnare
1933 2669 1972 2694 ait
1982 2669 2131 2697 Manutius.

1241 2710 1284 2729 12.
1295 2703 1373 2736 Qum
1383 2712 1411 2729 ex
1421 2704 1507 2730 litteris
1516 2706 1575 2737 ejus.
1604 2704 1644 2730 Ut
1654 2703 1728 2739 supi-a
1739 2703 1812 2739 epist.
1824 2704 1871 2729 26.
1883 2704 1958 2738 hujus
1969 2704 2031 2731 libri
2042 2704 2161 2733 auetori-

1201 2737 1247 2766 bus
1259 2737 1334 2764 libris
1345 2738 1460 2773 antiquis
1472 2738 1514 2765 ed.
1526 2741 1564 2765 Bo
1580 2760 1585 2765 ,
1598 2740 1645 2764 tuis
1656 2749 1703 2774 pro
1714 2742 1762 2774 ejus
1773 2759 1782 2770 ,
1793 2739 1826 2766 sic
1836 2747 1929 2766 contra
1938 2740 2056 2767 hocloco
2066 2750 2101 2768 ex
2111 2751 2160 2769 eo-

1200 2773 1375 2800 rundem·fide
1385 2783 1433 2810 pro
1442 2776 1501 2806 tuis,
1513 2774 1640 2810 reposuit,
1651 2778 1712 2808 ψη,
1725 2775 1753 2800 8<
1763 2775 2113 2811 pro‚scripsem‚scripserat.

1238 2817 1279 2845 13.
1300 2809 1372 2844 Qud
1386 2819 1420 2843 ego
1430 2814 1507 2844 magni
1516 2811 1619 2844 aestimo]
1644 2812 1703 2837 Vox
1717 2830 1724 2841 ,
1749 2815 1827 2844 magni
1839 2830 1846 2841 ,
1866 2812 1892 2837 in
1905 2811 2021 2848 vulgatis
2032 2812 2162 2841 editioni·

1198 2844 1246 2872 bus
1256 2845 1417 2872 deflderatur
1428 2855 1437 2878 5
1458 2854 1651 2883 proptereaque
1662 2847 1688 2874 in
1700 2846 1787 2874 mendi
1799 2846 1968 2883 suspicionem
1980 2848 2160 2878 adducebatur

1199 2881 1304 2908 Manut.

1237 2927 1279 2954 14.
1290 2924 1370 2953 Remp.
1382 2921 1482 2955 Iugera]
1495 2920 1584 2948 Bonus
1597 2920 1750 2948 emendavit
1760 2931 1794 2949 ex
1806 2921 1990 2950 omnibus‘suis
2004 2924 2062 2952 rn'ff.
2072 2927 2159 2959 Inger-e.

1238 2965 1248 2983 ι
1257 2956 1526 2991 5.Qolfae1'ebamftd
1534 2960 1625 2983 mitim.
1637 2965 1691 2983 erat
1701 2961 1761 2984 enim
1771 2960 1811 2984 ubi
1820 2960 2059 2995 acquiescerem.]8ic
2068 2969 2160 2988 enien-

1197 2992 1272 3018 davit
1283 2992 1372 3018 nonus
1382 3001 1415 3018 ex
1427 2993 1583 3019 Decurtato.
1595 2993 1690 3019 Lamb.
1702 3003 1736 3020 ex
1747 2994 1864 3021 Tornaes.
1876 2995 1942 3031 legit
1953 2999 2048 3027 ‚simus
2056 3007 2104 3034 pro
2114 3001 2161 3022 mi-

1197 3030 1259 3060 tius,
1270 3027 1379 3063 fallique
1388 3027 1455 3054 dicit
1465 3027 1614 3055 Vitiarium
1627 3029 1671 3065 qui
1683 3030 1798 3066 reponit,
1808 3033 1902 3057 invitm
1914 3043 1920 3056 .-
1937 3032 2062 3060 Lambin.
2073 3033 2161 3068 sequi-

1201 3064 1349 3099 tui-Junius
1365 3074 1370 3090 :
1396 3063 1468 3099 vulg.
1484 3065 1544 3099 quod
1547 3066 1682 3097 faciebam.-
1693 3066 1836 3099 sedinterea
1846 3069 1948 3093 eratubi
1957 3070 2134 3103 acquiesceretr.

1238 3099 1281 3126 16.
1300 3102 1407 3134 Eamque
1414 3101 1527 3134 eisdem]
1540 3100 1599 3127 Mss'.
1611 3100 1664 3128 side
1672 3101 1711 3130 itu
1720 3101 1788 3139 legit
1798 3102 1947 3139 Vffitorius,
1958 3112 2006 3141 pro
2017 3106 2161 3141 eamquefin'i

201 3129 269 3160 ποθὶ.
283 3129 326 3161 sed
341 3131 408 3155 ultra
415 3132 533 3156 salianum
543 3134 625 3158 villam
634 3134 669 3158 ef?
679 3151 687 3163 ,
705 3133 755 3163 &a
774 3133 865 3160 Bosius
877 3135 939 3160 vero
952 3144 1003 3161 non
1022 3144 1055 3160 ex
1065 3136 1156 3170 conje-
1193 3136 1266 3171 filiii,
1277 3134 1348 3172 quod
1360 3143 1436 3162 antea
1446 3135 1592 3171 legebatur.

195 3163 279 3191 itura
296 3163 339 3206 scd
350 3174 383 3193 ex
392 3164 445 3194 fide
455 3167 566 3196 Decurz.
586 3167 703 3196 Tornaes.
720 3169 748 3196 ὅ(
760 3167 877 3198 Crusell.
895 3172 963 3200 Cottae
980 3171 1041 3207 quod
1055 3180 1125 3206 negas
1134 3179 1156 3198 te

1239 3179 1281 3207 ¹7.
1306 3172 1443 3208 Medum]
1464 3171 1677 3210 Vulg.A!edium.

1620 3210 1750 3239 Vvvvv
2090 3211 2163 3238 rme.

2187 2157 2232 2191 29
