2295 3400
148 147 247 197 472.
556 131 1057 182 M.Tut.1.11

153 227 218 249 rem
231 220 268 249 ita
280 218 384 259 raptim
397 239 405 252 ‚
419 216 632 248 &turbulente
645 236 653 249 ‚
665 224 697 246 ut
709 224 804 256 neque
816 223 915 247 mens,
928 223 1025 254 neque
1037 222 1109 246 vox,

89 271 136 302 55
159 269 256 301 neque
264 261 363 301 lingua
372 258 697 289 consisteretDelatum
707 267 772 288 turn
782 256 824 286 est
834 256 868 286 ad
879 266 932 286 vos
941 253 1112 295 pontifices,

159 302 193 332 δε
204 301 269 342 post
277 303 418 331 omnium
430 301 567 330 sermone
575 299 755 330 celebratum
767 318 775 331 ‚
787 296 1048 339 quemadmodum
1057 295 1111 325 iste

159 342 342 383 praeposteris
354 343 451 372 verbis
464 361 472 374 ,
487 342 643 371 ominibus
652 341 811 373 obscoenis,
825 339 1003 369 idemtidem
1014 338 1112 377 seipse

159 384 328 414 revocando
338 404 346 417 ‚
365 383 503 413 dubitans
515 404 523 416 ,
543 385 654 413 timens
664 403 672 416 ,
685 380 818 412 haesitans
829 401 837 414 ,
851 383 956 411 omnia
964 380 1049 409 aliter
1058 400 1067 412 ‚
1079 389 1110 409 ac

159 434 214 454 vos
233 427 265 454 in
287 426 497 454 monumentis
515 425 629 455 habetis
641 444 649 457 ‚
671 424 702 454 &
717 425 934 463 pronuntiarit,
958 421 1112 452 &fecerit.

161 466 251 507 Qod
262 467 385 507 quidem
397 467 529 497 minime
542 468 654 496 mirum
665 465 707 495 est
719 485 726 498 ‚
746 467 866 495 intanto
878 464 999 497 scelere,
1019 471 1112 493 tanta-

159 517 218 548 que
228 508 391 542 dementia,
406 519 443 538 ne
453 508 574 537 audaciae
583 507 707 548 quidem
717 507 820 536 locum
831 505 866 536 ad
877 508 1016 535 timorem
1027 514 1114 534 com-

155 550 355 620 {timendum
367 549 463 580 fuisse.
487 552 608 580 Etenim
621 569 629 582 ,
648 548 668 578 fi
683 558 775 579 nemo
788 557 932 589 umquam
943 547 1042 587 praedo
1052 555 1111 576 tam

182 590 320 624 arbarus,
342 601 428 632 atque
449 593 592 621 immanis
610 590 690 622 fuit,
711 592 763 631 qui
781 589 853 619 cum
871 588 940 619 fana
958 586 1113 628 spoliasset,

160 631 272 662 deinde
291 643 370 663 aram
390 635 522 674 aliquam
536 635 568 662 in
583 633 668 662 litore
679 632 813 664 deserto,
828 631 928 671 fomnu
936 629 1113 666 stimulatus,

159 683 212 704 aut
231 675 377 716 religione
395 676 492 716 aliqua
511 695 519 708 ,
547 674 746 707 consecraret,
767 683 832 703 non
850 675 981 702 horreret
999 674 1114 704 animo,

159 714 233 745 cum
246 715 388 746 divinum
407 727 522 746 numen
540 717 645 746 scelere
662 716 806 745 violatum
820 735 828 748 ‚
849 716 961 754 placare
982 712 1117 752 precibus

159 766 336 797 cogeretur:
362 768 420 799 qua
438 758 558 788 tandem
578 757 668 787 istum
689 757 907 797 perturbatione
928 756 1038 784 mentis
1052 773 1059 786 ,
1084 763 1119 782 o-

160 800 284 828 mnium
295 801 496 839 templorum,
516 809 602 840 atque
614 797 761 829 te6²torum
774 818 782 831 ,
798 797 946 837 totiusque
956 796 1036 825 urbis
1046 804 1120 834 prae-

163 839 279 870 donem
291 861 298 875 ‚
314 840 401 871 fuiss'e
411 842 538 872 censetis
550 861 557 874 ‚
574 840 644 871 cum
654 850 709 880 pro
719 838 910 869 detestatione
922 846 965 867 tot
976 837 1117 867 scelerum

162 891 255 912 unam
273 893 354 913 aram
373 882 488 913 nefarie
505 883 708 913 consecraret?
732 884 741 900 ¹
754 883 828 911 Non
839 882 937 920 potuit
948 878 1011 907 ullo
1026 877 1120 907 modo

162 922 358 966 (quamquam
374 925 577 955 &insolentia
587 924 760 954 dominatus
771 922 917 951 extulerat
926 922 1044 950 animos
1055 939 1064 953 ,
1087 918 1119 948 &

164 966 408 997 eratincredibili
417 976 543 997 armatus
556 965 686 1005 audacia)
701 973 763 994 non
780 965 813 993 in
830 962 946 1003 agendo
966 971 1068 995 ruere,
1088 970 1120 992 ac

161 1007 239 1047 saepe
253 1017 373 1048 peccare
385 1029 394 1042 ‚
413 1009 573 1048 praescrtim
588 1007 642 1036 illo
655 1004 798 1045 pontifice
810 1024 818 1037 ‚
840 1006 873 1035 &
887 1003 1027 1044 magistro
1041 1023 1050 1035 ,
1069 1004 1121 1043 qui

162 1058 316 1090 cogeretur
326 1050 432 1080 docere
442 1070 449 1082 ,
460 1048 619 1088 antequam
631 1048 690 1087 ipse
700 1045 855 1076 didicisset.
879 1048 912 1075 M
923 1055 944 1074 A
955 1055 975 1074 o
985 1055 1005 1074 N
1015 1054 1038 1073 A
1055 1055 1075 1073 v
1088 1054 1098 1073 1
1109 1054 1121 1073 s

164 1089 210 1121 est
228 1090 299 1121 cum
319 1093 351 1121 in
368 1091 493 1121 deorum
513 1089 735 1119 immortalium
754 1089 880 1118 numine
893 1107 900 1121 ‚
924 1097 992 1117 tum
1003 1085 1075 1116 vero
1087 1088 1120 1115 in

164 1133 227 1174 ipsa
236 1143 295 1172 rep.
308 1134 360 1162 Dii
372 1131 558 1161 immortales
568 1131 689 1161 suorum
702 1131 886 1170 templorum
897 1128 1051 1158 custodem
1063 1147 1071 1160 ‚
1090 1136 1122 1157 ac

162 1173 317 1214 praesidem
338 1172 557 1203 sceleratiss'ime
577 1172 697 1212 pulsum
716 1171 790 1202 cum
807 1171 944 1201 viderent
967 1189 975 1203 ,
1004 1179 1042 1199 ex
1064 1169 1122 1198 suis

164 1217 289 1255 templis
299 1217 331 1244 in
342 1216 405 1255 ejus
415 1215 503 1245 aedeis
512 1216 683 1256 immigrare
693 1213 845 1243 nolebant.
869 1215 965 1252 itaque
975 1210 1059 1240 istius
1070 1220 1121 1240 ve-

161 1255 329 1287 cordiss'imi
348 1266 482 1286 mentem
501 1267 570 1287 cura
587 1276 594 1290 ,
624 1265 766 1296 metuque
785 1254 939 1284 terrebant.
969 1254 1031 1282 Res
1050 1250 1121 1281 vero

161 1299 282 1338 publica
292 1318 300 1331 ,
321 1308 503 1339 quamquam
513 1307 571 1328 erat
581 1299 777 1327 exterminata
787 1306 907 1326 mecum
919 1315 927 1328 ,
949 1302 1050 1324 tamen
1061 1293 1122 1323 ob-

162 1341 329 1370 versabatur
339 1349 406 1370 ante
416 1340 522 1370 oculos
542 1343 556 1359 ²
568 1338 758 1369 exstin&oris
768 1338 811 1368 sui
825 1357 834 1371 ,
857 1338 889 1367 δε
899 1337 934 1367 ab
944 1336 1029 1366 istius
1049 1337 1120 1364 31η-

163 1381 322 1412 flammato
333 1401 340 1415 ,
357 1384 462 1423 atquei
486 1383 550 1411 niro
561 1381 659 1411 furore
668 1382 731 1420 jam
743 1389 809 1409 tum
822 1389 871 1408 me
881 1399 889 1413 ,
911 1379 998 1419 seque
1007 1385 1122 1417 repete-

159 1424 222 1454 bat.
247 1426 343 1465 Qare
353 1423 426 1464 quid
436 1425 464 1453 ei
490 1425 602 1453 mirum
614 1443 622 1456 ‚
636 1421 656 1451 si
668 1421 720 1452 iste
733 1430 831 1451 metus
840 1420 940 1450 furore
949 1418 1121 1452 in‘stinzstus,

161 1466 268 1497 scelere
287 1475 413 1505 praeceps
433 1485 441 1498 ,
470 1475 567 1506 neque
589 1464 737 1494 institutas
758 1463 952 1493 caeremonias
973 1461 1119 1501 persequi,

89 1505 145 1548 '56
165 1518 262 1548 neque
280 1507 406 1537 verbum
425 1507 523 1536 ullum
541 1506 689 1536 sollemne
703 1507 802 1545 potuit
816 1502 922 1534 effari?
964 1506 1038 1544 Qae
1050 1512 1121 1531 cum

166 1552 208 1580 ita
223 1548 298 1583 sint,
319 1547 476 1588 pontifices
488 1569 496 1582 ,
517 1556 651 1578 revocate
664 1549 726 1587 jam
745 1548 865 1576 animos
883 1544 996 1575 vestros
1015 1544 1051 1573 ab
1069 1545 1123 1572 hac

164 1591 267 1622 subtili
284 1589 384 1620 nostra
402 1590 602 1630 disputatione
624 1589 660 1618 ad
683 1588 853 1618 universam
871 1586 1008 1626 rempub.
1028 1594 1118 1625 quam

164 1633 252 1664 antea
260 1643 330 1663 curn
343 1634 416 1662 viris
427 1631 555 1661 fortibus
566 1630 669 1660 multis
681 1649 689 1663 ‚
704 1631 739 1659 in
749 1630 803 1659 hac
813 1627 884 1659 verb
893 1628 976 1658 causa
986 1627 1056 1657 solis
1067 1636 1120 1656 ve-

164 1675 232 1706 stris
241 1673 406 1704 cervicibus
421 1672 582 1703 sustinetis.
605 1671 701 1701 Vobis
714 1669 841 1701 universi
854 1670 969 1700 senatus
985 1677 1123 1709 perpetua

162 1715 343 1748 auitoiitas,
363 1716 410 1744 cui
429 1712 602 1754 vosmetipsi
622 1710 855 1753 praestantiffimi
871 1712 984 1752 semper
1004 1713 1036 1740 in
1054 1720 1122 1740 mea

161 1758 248 1788 causa
262 1755 420 1797 praefuistis
434 1767 439 1785 :
459 1756 546 1786 vobis
559 1757 648 1785 Italiae
662 1752 974 1796 magnificentissimus
988 1753 1039 1782 ille
1054 1762 1123 1781 mo-

164 1807 214 1830 tus
225 1819 233 1833 ‚
250 1799 548 1838 municipiorumque
558 1797 720 1827 concursus
728 1817 736 1830 ,
757 1797 845 1826 vobis
855 1805 977 1834 campus
988 1814 996 1828 ,
1015 1803 1122 1824 centu-

166 1843 339 1880 riarumque
350 1849 408 1869 una
418 1849 479 1869 vox
488 1840 630 1868 omniurn
641 1858 649 1871 ‚
661 1848 785 1879 quarum
796 1848 849 1867 vos
857 1839 1004 1878 principes
1016 1856 1024 1869 ,
1035 1845 1122 1876 atque

165 1881 304 1913 au&ores
314 1880 411 1910 fuistis
422 1901 431 1914 ,
449 1880 538 1910 vobis
556 1889 663 1910 omnes
683 1881 833 1910 societates
845 1899 853 1912 ,
874 1888 981 1908 omnes
991 1877 1122 1909 ordines,

165 1933 278 1954 omnes
289 1943 297 1956 ‚
313 1924 364 1963 qui
373 1931 422 1952 aut
431 1932 461 1951 re
472 1942 481 1955 ‚
495 1930 544 1952 aut
554 1923 599 1961 spe
610 1922 740 1962 denique
750 1921 818 1951 sunt
828 1920 901 1950 boni
914 1941 922 1953 ‚
935 1929 1027 1950 omne
1037 1918 1125 1948 vobis

163 1975 234 2005 erga
253 1974 352 1994 meam
372 1964 548 2004 dignitatem
565 1962 698 1993 studium
711 1983 719 1996 ,
741 1961 938 2002 &judicium
955 1971 1019 1991 non
1030 1958 1125 1990 modo

163 2004 376 2038 commissum,
388 2006 496 2035 verum
506 2006 596 2034 etiam
608 2003 858 2035 commendatum
870 2002 928 2033 effe
939 2002 1127 2033 arbitrabun-

165 2058 226 2080 tur.
255 2047 385 2088 denique
396 2045 448 2087 ipsi
460 2047 502 2076 dii
514 2047 718 2079 immortales,
740 2047 790 2086 qui
805 2047 881 2075 hanc
895 2045 1000 2074 urbem
1012 2064 1020 2077 ,
1038 2053 1127 2087 atque

165 2091 227 2121 hoc
237 2091 400 2129 imperium
412 2097 550 2120 tuentur,
571 2087 683 2118 uteffet
693 2087 838 2117 omnibus
850 2086 1007 2128 gentibuS,
1028 2086 1126 2126 poste-

165 2133 305 2171 ritatique
315 2130 505 2170 perspicuum
517 2149 525 2163 ,
537 2129 645 2160 divino
654 2139 704 2159 me
715 2131 843 2158 numine
852 2127 911 2158 esse
921 2128 1048 2168 reipubl.
1060 2127 1127 2156 red-

169 2173 269 2203 ditum
282 2191 291 2205 ,
311 2171 422 2201 idcirco
439 2172 517 2200 milii
530 2171 671 2200 videntur
683 2170 816 2200 fruEtum
831 2170 930 2209 ipsum
941 2170 1069 2202 reditus,
1092 2168 1126 2198 δε

173 2213 379 2258 gratulationis
389 2223 464 2242 rneae
473 2233 481 2245 ‚
496 2212 531 2243 ad
541 2213 663 2242 suorum
675 2211 856 2241 sacerdotum
867 2210 1043 2251 potestatem
1055 2230 1064 2244 ,
1076 2211 1126 2249 ju-

171 2257 349 2296 diciumque
359 2253 516 2284 revocasse.
541 2255 601 2283 Hic
611 2252 653 2282 est
661 2254 742 2282 enim
756 2253 870 2285 reditus,
882 2251 1039 2292 pontifices
1048 2272 1056 2285 ,
1069 2253 1129 2281 haec

171 2296 321 2328 restitutio
335 2316 343 2328 ,
363 2297 395 2324 in
408 2295 502 2325 domo
513 2316 522 2328 ‚
546 2297 579 2325 iri
590 2294 708 2325 sedibus
720 2313 729 2326 ‚
750 2296 781 2323 in
793 2296 849 2323 aris
861 2314 868 2327 ,
880 2297 912 2323 in
922 2293 998 2323 focis
1010 2314 1018 2325 ,
1030 2295 1061 2322 in
1073 2293 1130 2322 diis

172 2338 330 2381 penatibus
346 2337 562 2377 recuperandis.
585 2345 714 2377 quorum
730 2333 749 2364 si
765 2334 817 2365 iste
832 2335 889 2364 suis
904 2332 1131 2364 sceleratissimis

175 2379 319 2411 manibus
329 2377 404 2409 wita
412 2398 420 2412 ‚
434 2378 571 2419 sedesque
580 2377 739 2408 convellit:
752 2375 934 2416 ducibusque
943 2374 1128 2407 consulibus,

173 2429 316 2463 tanquam
332 2419 405 2450 urbe
424 2429 504 2460 capta
516 2440 524 2452 ,
546 2420 620 2450 hanc
631 2428 722 2448 unam
734 2417 863 2447 domum
874 2437 883 2450 ‚
903 2414 980 2457 quasi
993 2416 1130 2445 acerrimi

171 2463 419 2504 propugnatoris,
436 2459 487 2491 sibi
497 2461 656 2491 delendam
666 2461 798 2500 putavit:
821 2457 976 2488 tamenilli
987 2457 1028 2487 dii
1040 2466 1130 2496 pena—

175 2513 219 2536 tes
231 2523 240 2538 ‚
261 2514 293 2534 ac
304 2503 465 2534 famniares
475 2505 556 2537 mei,
574 2512 627 2544 per
642 2511 697 2533 vos
712 2503 744 2532 in
756 2510 856 2532 meam
866 2499 996 2531 domum
1007 2508 1128 2529 mecum

215 2684 224 2701 i
233 2696 239 2701 .
259 2679 310 2701 Nm
325 2678 398 2707 peficit
418 2678 462 2701 ullo
471 2677 556 2709 modo]
585 2676 721 2704 Efficacius
740 2676 808 2704 istud
827 2676 946 2703 oninium
967 2675 1136 2712 scriptorum,

177 2719 256 2747 quani
268 2710 338 2746 quod
350 2712 374 2737 in
386 2711 464 2738 editis
473 2719 575 2745 poterat.

178 2782 185 2788 .
214 2756 242 2772 ι.
263 2749 415 2787 Essstinc‘loris
428 2749 497 2782 sim]
517 2750 591 2774 Vett.
603 2749 664 2774 edd.
676 2750 703 2774 &
717 2748 774 2776 mss.
789 2749 855 2775 Pall.
866 2748 1033 2783 aliorumque
1043 2757 1135 2774 ornnes

177 2782 246 2809 :stud
258 2782 387 2808 hauebant
426 2785 515 2819 itaque
527 2785 637 2811 mirarer
657 2794 702 2810 cur
713 2785 740 2811 id
758 2785 884 2821 posterius
896 2785 950 2810 nati
966 2784 1135 2810 marai-intio

175 2819 366 2857 exterminatoris
379 2838 386 2849 ,
408 2819 453 2845 nisi
464 2819 594 2855 putassent
605 2822 674 2847 Deos
685 2831 735 2848 nou
748 2821 890 2857 exstingui.
910 2828 937 2846 at
949 2829 996 2847 nec
1006 2821 1136 2846 extermi-

179 2861 288 2884 nantur,
303 2854 318 2879 s1
331 2854 388 2880 {unt
400 2856 458 2880 Dei.

217 2898 243 2924 3.
262 2892 409 2925 Inflammata
418 2891 447 2920 ,33-
456 2893 635 2927 guito-finon]
649 2892 732 2919 sidem
745 2893 804 2919 libri
815 2901 918 2923 omnes,
929 2894 998 2923 inito,
1009 2892 1054 2918 nisi
1065 2891 1135 2921 meod

181 2925 240 2951 Pal.
252 2934 334 2964 nonus
345 2928 414 2964 irrito.
425 2927 494 2952 «ruod
506 2929 600 2954 mutari
613 2936 691 2964 queat
703 2930 727 2955 in
739 2932 818 2965 miqiro
829 2948 838 2962 ‚
847 2929 874 2956 in
885 2932 962 2962 ιἠζςοῇ
976 2929 1032 2956 imo
1042 2924 1136 2956 iisum'-

179 2970 214 2988 ω.
233 2959 276 2987 sed
289 2960 403 2989 viderint
417 2951 472 2990 alii.
492 2972 542 2998 ego
554 2963 647 2992 festino
657 2965 747 2992 nimis.

1137 130 1683 178 Cre-Enours

1150 224 1236 246 erunt
1257 213 1394 246 restituti.
1425 216 1574 256 roirca
1591 223 1638 248 te,
1659 207 1852 254 capitoline',
1874 219 1966 254 quem
1983 215 2105 259 propter
2122 214 2170 259 57

1151 255 1296 288 beneficia
1313 256 1442 296 populus
1451 259 1581 286 Roman.
1593 257 1750 297 optimum,
1770 265 1888 296 propter
1905 257 1968 285 vim
1980 275 1989 288 ‚
2008 262 2106 284 maxi-

1152 309 1231 328 mum
1241 299 1412 329 nominavit
1424 317 1432 330 ,
1449 307 1535 338 teque
1546 318 1555 331 ,
1563 299 1646 338 Juno
1656 301 1757 339 regina
1769 318 1777 331 ,
1793 298 1826 328 δε
1836 307 1864 327 te
1875 316 1883 330 ‚
1901 296 1999 327 custos
2009 296 2106 330 urbis.

1154 343 1290 371 Minerva
1302 360 1309 374 ,
1328 349 1393 380 quae
1411 339 1527 378 semper
1539 340 1669 378 adjutrix
1677 338 1872 370 consiliorum
1885 347 2024 368 meorum
2036 357 2045 372 ,
2062 345 2108 367 te-

1155 382 1205 413 stis
1217 383 1351 412 laborum
1363 379 1520 414 exstitisti,
1530 390 1633 420 precor
1643 401 1652 415 ,
1662 391 1694 412 ac
1703 381 1819 422 quaeso:
1837 380 1948 421 vosque
1960 400 1968 413 ,
1980 382 2030 421 qui
2040 388 2108 409 ma-

1155 427 1238 454 xime
1256 434 1304 453 me
1322 422 1465 462 repetistis
1477 442 1486 456 ,
1505 431 1589 463 atque
1604 422 1762 453 revocastis
1773 442 1781 456 ‚
1800 431 1930 463 quorum
1942 421 1977 451 de
1988 420 2108 452 sedibus

1157 468 1220 495 haec
1232 466 1307 495 mihi
1319 462 1465 504 proposita
1474 462 1515 493 est
1526 467 1680 494 contentio
1690 484 1699 497 ,
1718 466 1804 504 patrii
1815 473 1933 504 penates
1942 483 1950 495 ‚
1975 462 2108 493 familia-

1156 508 1257 548 resque
1267 527 1275 541 ,
1297 508 1347 547 qui
1359 508 1429 535 huic
1440 505 1506 535 urbi
1517 525 1525 540 ,
1545 505 1577 536 &
1587 506 1713 546 reipubl.
1731 510 1748 531 4
1756 504 1913 544 praesidetis
1922 525 1934 538 ,
1954 514 2008 534 vos
2020 503 2108 534 obte-

1157 548 1217 579 stor
1228 569 1235 582 ‚
1257 558 1386 589 quorum
1397 557 1452 588 ego
1461 546 1477 576 a
1487 547 1607 586 templis
1619 566 1628 580 ‚
1646 557 1679 577 ac
1687 546 1820 576 delubris
1833 545 2000 585 pestiferam
2012 546 2110 579 illam,

1157 591 1189 620 Sc
1203 590 1343 620 nefariam
1358 588 1513 618 flammam
1527 589 1629 628 depuli
1642 600 1646 617 z
1669 598 1755 628 teque
1767 607 1776 621 ‚
1796 586 1883 617 Vesta
1893 596 1987 617 mater
1997 606 2005 620 ‚
2025 587 2112 626 cujus

1157 630 1329 662 castlfflmas
1347 631 1508 661 sacerdotes
1525 631 1561 660 ab
1579 631 1743 660 hominum
1763 631 1913 662 amentia,
1933 627 2055 661 furore,
2076 627 2112 658 δε

1161 674 1263 704 scelere
1275 672 1413 703 defendi:
1433 672 1575 712 cujusque
1593 673 1694 712 ignem
1711 671 1799 700 illum
1817 671 2032 710 sempiternum
2047 678 2113 700 non

1160 716 1225 745 sum
1240 714 1334 755 passus
1352 723 1400 744 aut
1412 714 1549 753 fizngui'ne
1565 715 1680 743 civium
1700 711 1859 754 restingui,
1878 720 1928 742 aut
1939 721 2008 742 cum
2020 713 2113 741 totius

1160 757 1241 787 urbis
1252 755 1609 786 incendio-commisceri:
1629 763 1676 788 ut,
1692 753 1712 783 si
1723 757 1755 783 in
1765 755 1820 783 illo
1831 754 1915 793 paene
1927 752 1987 783 fato
1997 752 2114 793 reipub.

1160 798 1257 837 objeci
1269 808 1372 827 meum
1382 806 1468 836 caput
1477 806 1531 836 pro
1542 795 1644 826 vestris
1653 797 1842 826 caeremoniis
1853 814 1862 829 ,
1882 803 1967 835 atque
1978 795 2112 835 templi5‚

1162 838 1427 879 perditissimorum
1440 840 1556 868 civium
1565 837 1658 867 furori
1671 859 1679 871 ,
1690 846 1775 878 atque
1787 836 1882 867 ferro:
1898 837 1931 866 δε
1941 856 1949 870 ,
1961 834 1981 865 si
1991 838 2114 870 iterum,

1161 880 1232 910 cum
1243 890 1281 910 ex
1291 891 1357 910 mea
1366 880 1563 910 contentione
1573 881 1709 910 interitus
1719 880 1871 909 bonorum
1881 879 2023 908 omnium
2033 887 2116 918 quae-

1162 932 1292 955 reretui·,
1313 932 1367 952 vos
1386 922 1451 951 sum
1472 920 1608 955 testatus,
1631 921 1719 951 vobis
1731 930 1779 950 me
1791 941 1799 954 ‚
1819 931 1850 951 ac
1861 929 1945 950 meos
1953 928 2117 950 commen-

1161 964 1228 994 davi
1240 984 1248 996 ‚
1261 972 1369 1004 meque
1380 982 1388 997 ,
1401 973 1434 994 ac
1445 972 1548 992 meum
1558 971 1644 1002 caput
1653 972 1685 992 ea
1696 962 1873 992 conditione
1882 962 2011 995 devovi,
2026 969 2076 994 ut,
2094 959 2117 990 fi

1165 1006 1197 1035 &
1212 1015 1248 1035 eo
1264 1006 1327 1045 ipso
1342 1013 1477 1044 tempore
1487 1024 1495 1038 ,
1515 1005 1548 1034 &
1559 1004 1626 1034 ante
1637 1024 1645 1038 ,
1667 1005 1700 1034 &
1711 1006 1743 1034 in
1753 1004 1908 1034 consulatu
1919 1013 2006 1036 meo,
2027 1011 2117 1033 com·

1166 1046 1267 1076 modis
1277 1049 1354 1076 meis
1365 1046 1509 1076 omnibus
1520 1066 1529 1080 ,
1543 1046 1760 1076 emolumentis
1769 1065 1778 1079 ,
1799 1047 1930 1085 praemiis
1940 1043 2117 1084 praetermis-

1165 1087 1200 1117 sis
1210 1108 1218 1122 ,
1232 1098 1300 1118 cura
1310 1108 1318 1121 ,
1333 1090 1514 1129 cogitatione
1526 1107 1534 1121 ,
1546 1088 1659 1128 vigiliis
1667 1087 1811 1117 omnibus
1822 1107 1830 1121 ,
1846 1087 1923 1117 nihil
1936 1107 1944 1119 ,
1961 1084 2015 1116 nisi
2025 1085 2062 1116 de
2073 1085 2118 1115 sa-

1166 1130 1226 1160 lute
1244 1139 1384 1160 meorum
1403 1131 1518 1159 civium
1537 1127 1729 1158 laborassem:
1748 1138 1813 1159 tum
1831 1130 1907 1158 mihi
1926 1127 2042 1167 republ.
2061 1127 2118 1157 ali-

1163 1171 1284 1211 quando
1295 1170 1426 1200 restituta
1435 1170 1535 1200 liceret
1543 1169 1602 1199 frui
1622 1180 1627 1198 :
1650 1168 1692 1199 sin
1701 1179 1800 1199 autern
1813 1168 2009 1199 meaconsilia
2019 1169 2120 1208 patriae

1163 1222 1226 1242 non
1245 1210 1424 1252 profuiss‘ent
1434 1231 1443 1244 ,
1464 1220 1496 1241 ut
1506 1220 1681 1250 perpetuum
1692 1210 1830 1240 dolorem
1843 1231 1851 1243 ,
1871 1211 1987 1240 avulsus
2000 1210 2016 1239 ὲ
2029 1211 2120 1244 meis.

1164 1253 1356 1284 sustinerem:
1377 1255 1452 1283 hanc
1466 1262 1521 1293 ego
1537 1252 1711 1282 devotionem
1727 1253 1822 1292 capitu
1839 1254 1920 1284 mei,
1939 1250 2010 1281 cum
2020 1260 2072 1280 ero
2083 1252 2118 1281 in

1164 1296 1246 1325 sedes
1270 1305 1350 1325 meas
1370 1294 1520 1324 restitutus
1534 1314 1542 1328 ,
1566 1303 1631 1324 tum
1650 1294 1781 1334 denique
1797 1293 1970 1324 conviEtam
1987 1291 2044 1322 effe
2056 1312 2065 1326 ,
2086 1293 2120 1323 &

1163 1335 1353 1367 commissam
1371 1337 1493 1376 putabo.
1517 1346 1588 1366 nam
1602 1345 1682 1365 nunc
1694 1335 1819 1377 quidem
1830 1356 1838 1369 ‚
1856 1333 2014 1375 pontifices
2026 1355 2034 1368 ,
2052 1343 2119 1364 non

1165 1379 1264 1409 solum
1276 1379 1370 1409 domo
1379 1398 1388 1412 ,
1408 1378 1443 1407 de
1460 1387 1518 1418 qua
1533 1378 1711 1418 cognoscitis
1721 1397 1730 1411 ,
1750 1377 1801 1407 sed
1811 1386 1870 1407 tota
1879 1376 1952 1406 urbe
1961 1386 2045 1406 careo
2056 1395 2065 1410 ,
2084 1377 2119 1406 in

1165 1431 1256 1461 quarn
1269 1421 1375 1450 videor
1388 1418 1445 1449 effe.
1462 1418 1625 1450 restitutus.
1648 1419 1739 1449 Urbis
1748 1421 1833 1449 enim
1842 1418 2042 1449 celeberrimae
2054 1437 2063 1451 ‚
2084 1417 2119 1448 δε

1166 1464 1308 1492 maxima:
1329 1471 1422 1501 partes
1440 1461 1596 1491 adversum
1614 1460 1690 1490 illud
1709 1470 1774 1490 non
1790 1469 2028 1490 monumentum
2041 1479 2049 1492 ,
2069 1457 2120 1490 sed

1164 1504 1275 1534 vulnus
1293 1505 1391 1543 patriae
1406 1512 1598 1533 contuentur.
1629 1512 1720 1543 quern
1738 1501 1809 1532 cum
1828 1503 1906 1531 mibi
1924 1500 2122 1541 conspeEtum

1166 1555 1262 1576 morte
1280 1547 1375 1586 magis
1393 1545 1548 1575 vitandum
1562 1564 1570 1579 ,
1590 1543 1828 1585 fugiendumque
1837 1541 1895 1573 esse
1905 1543 2044 1573 videatis:
2063 1551 2123 1572 no-

1166 1587 1218 1617 lite
1229 1607 1238 1620 ‚
1259 1588 1357 1627 quaeso
1368 1606 1377 1620 ‚
1397 1596 1468 1616 eum
1481 1606 1490 1619 ‚
1510 1595 1596 1626 cnjus
1615 1585 1711 1615 reditu
1727 1585 1890 1616 restitutam
1907 1584 2044 1624 rempub.
2054 1583 2121 1614 fore

1163 1628 1285 1669 putastis
1295 1649 1303 1662 ‚
1316 1638 1380 1658 non
1393 1627 1492 1658 solum
1503 1627 1656 1667 dignitatis
1666 1628 1863 1660 ornamentis,
1877 1626 1926 1656 sed
1936 1628 2027 1656 etiam
2038 1625 2122 1655 urbis

1164 1670 1294 1711 partibus
1308 1670 1386 1700 velle
1400 1668 1457 1699 effe
1467 1671 1627 1709 privatum.
1671 1671 1746 1698 Non
1758 1678 1807 1698 me
1816 1668 1968 1698 bonorum
1978 1667 2118 1707 direptio,
2136 1667 2181 1708 58

1165 1722 1228 1743 non
1243 1711 1390 1742 testorum
1406 1709 1516 1741 excisio
1526 1730 1534 1745 ,
1555 1720 1619 1740 non
1629 1709 1821 1750 depopulatio
1832 1709 2013 1749 praediorum
2025 1729 2033 1742 ,
2055 1718 2121 1738 non

1164 1753 1260 1795 praeda
1276 1753 1436 1783 consulum
1455 1763 1494 1782 ex
1511 1755 1588 1782 meis
1604 1751 1734 1782 fortunis
1748 1749 1946 1781 crudelissime
1959 1759 2039 1790 capta
2053 1759 2122 1789 per-

1166 1803 1286 1825 movet:
1298 1796 1401 1824 caduca
1411 1794 1574 1833 sempei·,&
1584 1793 1711 1823 mobilia
1721 1795 1784 1822 haec
1792 1791 1850 1822 esse
1859 1792 1943 1822 duxi:
1953 1801 2017 1821 non
2027 1799 2123 1821 virtu-

1166 1843 1216 1871 tiS,
1225 1846 1311 1877 atque
1321 1837 1435 1876 ingenii
1447 1846 1452 1864 ;
1463 1836 1512 1865 sed
1522 1834 1700 1867 fortunae‚&
1710 1843 1881 1874 temporum
1893 1842 2017 1863 munera
2028 1844 2034 1862 z
2044 1842 2124 1874 quo-

1167 1889 1234 1908 rum
1246 1888 1300 1918 ego
1310 1888 1374 1907 non
1386 1886 1446 1907 tam
1455 1876 1625 1907 facultatem
1638 1876 1833 1917 umquam,&
1843 1877 1973 1915 copiam,
1991 1878 2006 1902 5
2016 1883 2124 1905 exten-

1156 1920 1294 1950 -dendam
1305 1921 1426 1959 putavi,
1437 1921 1528 1959 quam
1540 1919 1614 1948 &in
1622 1919 1736 1948 utendo
1749 1917 1896 1950 rationem,
1909 1917 1984 1947 &in
1993 1915 2123 1947 carendo

1164 1962 1346 2004 patientiam.
1359 1963 1481 1991 Etenim
1491 1960 1526 1990 ad
1537 1959 1674 1990 nostrum
1683 1960 1768 1989 usum
1777 1957 1999 1999 propemodum
2008 1959 2070 1998 jam
2079 1956 2124 1987 est

1167 2002 1290 2033 definita
1304 2002 1470 2032 moderatio
1480 2004 1522 2032 rei
1533 2001 1700 2032 familiaris:
1716 2001 1818 2031 liberis
1827 2009 1926 2030 autem
1936 1998 2046 2030 nosti-is
2058 1999 2126 2029 satis

1168 2045 1305 2085 amplum
1318 2044 1527 2087 patrimonium
1543 2045 1656 2083 paterni
1667 2044 1805 2073 nominis
1816 2062 1824 2076 ‚
1845 2052 1878 2073 ac
1887 2041 1993 2072 nostrae
2003 2050 2127 2071 memo-

1167 2088 1218 2116 riae
1226 2087 1446 2126 relinquemus:
1466 2084 1560 2115 domo
1572 2094 1625 2124 per
1638 2086 1729 2116 scelus
1743 2093 1856 2124 erepta,
1868 2094 1920 2124 per
1929 2084 2123 2114 latrocinium

1168 2137 1308 2168 occupata
1317 2147 1326 2161 ,
1344 2137 1396 2167 per
1413 2127 1570 2168 religionis
1589 2128 1653 2157 vim
1671 2125 1837 2157 sceleratius
1860 2127 1949 2156 etiam
1970 2123 2123 2158 aedificata.

1191 2169 1259 2200 uam
1268 2170 1475 2202 eversa‚carere
1487 2167 1546 2198 sine
1557 2170 1689 2198 maxima
1698 2169 1868 2208 ignominia
1878 2167 1981 2206 reipub
1994 2175 2064 2195 meo
2072 2165 2127 2194 dc-

1167 2180 1320 2244 decoremc
1329 2211 1434 2240 dolore
1445 2220 1508 2240 non
1517 2209 1650 2250 possum.
1701 2207 1889 2249 uapropter‚fi
1898 2208 1956 2238 diis
1967 2210 2127 2237 immorta-

1169 2253 1260 2286 libus,
1271 2251 1291 2281 si
1302 2253 1424 2285 senatui,
1437 2250 1457 2281 si
1466 2252 1581 2291 populo
1591 2254 1683 2281 Rom.
1708 2249 1840 2280 icunffle
1851 2250 1943 2279 Italiae
1953 2268 1961 2282 ,
1971 2247 1992 2278 fi
2001 2249 2127 2288 provin-

1170 2292 1259 2327 ciis,si
1270 2296 1378 2323 exteris
1389 2291 1598 2325 nationibus‚s1
1610 2289 1839 2330 vobismetipsis,
1853 2292 1906 2330 qui
1917 2291 1949 2320 in
1960 2300 2026 2319 mea
2035 2289 2127 2319 salute

1170 2337 1338 2374 principem
1349 2335 1464 2372 semper
1472 2334 1575 2363 locum
1585 2352 1593 2366 ‚
1613 2332 1878 2372 auEkoritatemque
1888 2331 2023 2361 tenuistis
2035 2351 2044 2364 ‚
2063 2340 2126 2372 gra-

1173 2385 1238 2405 tum
1249 2375 1282 2404 &
1295 2374 1465 2414 jucundum
1475 2383 1578 2404 meum
1596 2373 1726 2404 reditum
1737 2374 1904 2414 intelligitis
1918 2371 1993 2402 ess'e:
2013 2372 2125 2413 quaeso,

1171 2415 1362 2456 obtestorque
1373 2425 1427 2445 vos
1437 2435 1445 2449 ,
1460 2414 1628 2454 pontifices,
1641 2424 1674 2444 ut
1684 2425 1746 2448 me,
1757 2425 1848 2455 quem
1859 2413 2032 2444 autitoritate
2044 2433 2052 2448 ,
2065 2413 2128 2443 stu-

1173 2457 1235 2490 dio,
1247 2458 1400 2487 sententiis
1410 2456 1577 2486 restituistis
1586 2476 1594 2491 ,
1608 2467 1690 2486 nunc
1701 2477 1709 2490 ,
1720 2458 1865 2497 quoniam
1876 2457 1990 2486 senatus
2000 2458 2040 2486 ita
2049 2455 2126 2490 vult,

1171 2497 1300 2529 manibm
1310 2508 1431 2540 quoque
1440 2497 1543 2530 vestris
1552 2501 1586 2529 in
1595 2498 1713 2530 sedibus
1722 2501 1800 2529 meis
1807 2499 1974 2530 collocetis.

1852 2562 1924 2609 M.
1959 2561 2128 2609 TUL-

1212 2683 1239 2709 4.
1259 2675 1412 2709 Pur-fidens]
1434 2674 1563 2701 Ediderat
1581 2673 1615 2700 sic
1624 2672 1769 2699 Lambinus
1783 2692 1791 2705 ‚
1809 2681 1860 2699 non
1871 2671 1962 2698 addito
1979 2673 2036 2698 :ine
2047 2670 2133 2697 libris.

1178 2712 1193 2737 s
1189 2712 1220 2738 ed
1233 2712 1264 2738 {ic
1276 2712 1373 2747 reperit
1383 2712 1408 2737 iii
1421 2710 1584 2737 Erfurdiano
1593 2708 1724 2736 Suffridus
1737 2729 1746 2742 ,
1756 2719 1806 2744 ego
1815 2716 1904 2735 autem
1913 2708 1940 2735 in
1954 2706 2076 2734 Palatino
2084 2715 2134 2733 no-

1178 2758 1224 2775 iio.
1251 2748 1480 2782 vulgata‚praefides
1490 2748 1548 2779 estis.

1217 2793 1242 2817 5.
1264 2783 1444 2809 &vendendam
1449 2783 1565 2818 paravi]
1587 2782 1678 2817 lrreps
1674 2788 1730 2807 erat
1740 2780 1900 2814 expetendam,
1910 2778 1953 2805 sed
1962 2778 2053 2805 invitis
2064 2776 2133 2803 Pau.

1158 2843 1159 2847 ,
1178 2819 1272 2846 nostris
1282 2819 1404 2845 omnibus
1415 2820 1442 2844 &
1458 2817 1708 2854 x·etustein1preffis.
1728 2815 1875 2849 hujusmodi
1887 2815 1960 2841 mille
1971 2813 2132 2840 mutationes

1157 2848 1159 2890 l
1180 2856 1342 2891 ei·uei‘et,qui
1353 2855 1417 2880 olim
1429 2853 1560 2888 cusos,qiii
1572 2853 1733 2879 membranas
1745 2851 1963 2878 bibliothecarum
1974 2859 2026 2876 nou
2038 2849 2134 2884 raptim

1157 2894 1158 2898 ¹
1178 2893 1205 2916 δε
1218 2892 1328 2927 carptim
1341 2891 1441 2926 legeret
1454 2909 1462 2921 ,
1483 2890 1525 2915 itd
1539 2889 1666 2915 verbatim
1685 2889 1740 2914 imo
1754 2887 1900 2922 syllabatim
1923 2886 2134 2921 persequeretur.

1157 2941 1162 2982 ί
1178 2927 1249 2962 quod
1260 2927 1317 2963 quis
1330 2927 1415 2953 faeci-c
1435 2925 1552 2961 capiatur
1564 2944 1573 2958 ‚
1591 2925 1641 2952 hoc
1650 2924 1743 2951 saeculo
1753 2923 1859 2955 nostro,
1880 2921 1954 2957 cujus
1970 2930 2067 2961 pompa
2077 2928 2135 2948 tota

1179 2963 1344 2991 consumitur
1355 2963 1383 2991 in
1393 2962 1534 2999 parergis?

1989 3105 2020 3128 1.
2037 3103 2138 3135 Magno.

2247 333 2269 462 ,zm-e.
2251 295 2253 297 ·
