2339 3379
532 144 795 189 ORArio
842 155 960 186 PRo
1005 140 1059 186 C.
1099 141 1378 192 RAmRro
1425 141 1737 190 Posi-vno.

159 225 236 256 rins.
261 232 326 266 quae
337 220 358 252 si
369 230 423 253 vos
431 221 509 261 cepit
519 220 636 250 oblivio
646 239 656 254 ,
671 228 722 250 aut
730 218 750 249 si
762 221 793 249 in
805 229 853 250 me
864 219 975 261 aliquid
986 219 1117 250 offendi-

161 267 214 298 stis
228 277 233 296 τ
252 277 308 297 cur.
321 275 385 295 non
402 263 432 294 id
445 273 502 292 meo
516 263 607 303 capite
619 262 722 302 potius
736 262 844 296 luitur,
864 262 954 303 quam
965 262 1093 291 Milonis
1107 264 1116 290 ?

159 307 296 349 praeclare
311 309 393 343 enim
407 307 511 335 vixero
522 324 531 336 ‚
551 303 571 333 si
581 304 654 344 quid
665 304 741 333 mihi
755 303 984 343 accideritprius
994 324 1002 337 ‚
1023 303 1112 342 quam

160 352 220 381 hoc
233 358 346 380 tantum
361 347 434 376 mali
446 346 561 375 videro.
587 348 678 375 Nunc
689 355 738 375 me
755 355 814 376 una
823 346 991 376 consolatio
1001 343 1116 374 susten—

161 401 217 425 tat,
230 390 311 432 quod
323 389 396 422 tibi,
409 389 534 417 T.Anni
545 407 553 420 ,
565 387 684 417 nullum
695 389 710 417 a
720 397 770 417 me
781 390 892 417 amoris
901 407 910 421 ,
921 386 1041 416 nullum
1053 384 1115 415 stu-

159 433 202 463 dii
215 453 224 467 ,
233 432 352 462 nullum
364 431 479 469 pietatis
489 427 627 458 officium
638 428 744 459 defuit.
769 432 833 470 Ego
845 428 1012 458 inimicitias
1019 434 1115 468 poten-

157 477 235 504 tium
244 483 297 514 pro
307 481 334 502 te
343 472 473 512 appetivi
486 481 491 499 ε
509 481 565 511 ego
576 480 679 500 meum
690 471 764 511 saepe
773 480 880 511 corpus
889 490 897 504 ,
914 470 947 500 &
956 471 1048 500 vitam
1060 468 1115 498 ob-

154 517 214 556 jeci
223 516 313 546 armis
323 515 520 543 inimicorum
533 522 664 542 tuorum:
674 522 729 554 ego
740 523 789 542 me
796 514 936 553 plurimis
943 518 996 551 pro
1007 520 1036 541 te
1046 511 1113 549 sup-

157 558 268 598 plicem
285 555 397 594 abjeci:
417 554 495 584 bona
507 574 515 587 ‚
534 553 667 584 fortunas
688 565 768 585 meas
781 575 789 588 ‚
809 565 840 584 ac
850 554 1016 584 liberorum
1027 561 1114 582 meo-

157 608 226 628 rum
238 618 247 631 ,
271 599 303 627 in
316 598 571 627 communionem
586 605 706 626 tuorum
717 605 888 636 temporum
899 595 1016 625 contuli
1029 605 1033 623 :
1055 596 1114 623 hoc

156 639 287 680 denique
301 639 366 679 ipso
380 638 427 668 die
438 659 446 671 ‚
470 637 490 667 fi
504 648 560 678 qua
573 640 618 668 vis
632 638 674 669 est
686 647 781 678 parata
792 659 800 672 ‚
824 642 832 657 ¹
843 636 863 666 fi
876 646 931 678 qua
945 636 1111 666 diminutio

155 683 260 721 capitis
268 680 366 710 futura
375 701 383 713 ,
394 680 534 720 deposco.
551 680 632 721 Qid
640 682 704 720 jam
715 679 819 710 restat?
829 679 902 719 quid
912 677 1017 711 habeo,
1029 676 1109 717 qnod

157 723 279 753 dicam?
298 722 379 763 quod
393 721 499 752 faciam
513 731 568 761 pro
581 724 641 752 tuis
653 724 685 751 in
704 731 753 750 me
762 721 886 749 meritis
898 739 905 752 ‚
926 717 980 748 nis!
996 726 1028 747 ut
1044 727 1110 747 cam

153 764 310 795 fortunam
321 785 329 798 ,
349 773 546 805 quaecumque
563 765 618 793 erit
635 772 703 796 tua,
723 762 824 790 ducam
842 763 956 788 meam?
980 762 1055 789 Non
1065 768 1110 788 re—

154 807 226 836 cuso
240 827 248 840 ,
269 816 333 836 non
343 807 458 838 abnuo:
479 805 592 844 vosque
605 804 727 834 obsecro
738 822 747 836 ,
760 802 876 841 judices
887 822 896 834 ,
911 800 1046 830 utvestra
1058 800 1109 830 be·
1128 791 1132 856 1

129 865 134 868 -
155 848 263 878 neficia
272 869 280 881 ,
294 858 358 888 qua:
369 850 401 877 in
413 856 463 876 me
471 845 656 878 contulistis,
667 845 757 888 autin
768 844 857 880 hujus
868 843 957 873 salute
966 844 1106 883 augeatis,

99 895 140 929 37
157 899 206 920 aut
219 892 250 920 in
264 889 397 929 ejusdem
411 889 506 917 exitio
531 890 546 906 2
557 886 692 916 occasura
703 884 759 915 esse
769 885 905 915 videatis.
950 887 1006 914 His
1017 886 1109 914 laci'v-
1151 884 1198 913 sed
1218 886 1434 924 etiarn—praetor
1445 904 1454 919 ‚
1473 886 1578 915 consul
1592 906 1600 919 ,
1620 885 1746 916 dichtor
1763 885 1834 916 esset
1845 906 1853 920 ‚
1872 888 2029 928 antequssim
2049 890 2108 918 hoc

154 933 213 961 mis
233 941 296 961 non
315 939 456 960 movetur
473 929 561 957 Milo.
584 926 627 957 est
643 926 775 968 quodam
797 930 809 954 3
819 926 988 957 incredibili
1003 926 1109 956 robore

153 975 267 1003 animi:
291 979 460 1002 EXSILIUM
479 969 522 999 ibi
533 966 591 1000 esse
599 978 682 1009 putat
692 989 701 1002 ,
719 970 772 999 ubi
781 971 886 998 virtuti
897 978 962 998 non
972 967 1005 998 sit
1015 968 1108 997 locus:

154 1024 297 1047 mortem,
307 1022 416 1043 naturae
427 1009 519 1041 finem
531 1009 599 1045 effe,
612 1021 675 1041 non
684 1020 816 1051 poenam.
839 1013 907 1041 4Si't
921 1011 969 1040 hic
977 1020 1011 1040 ea
1021 1019 1109 1039 rnen—

154 1065 183 1087 te
193 1077 202 1090 ,
223 1065 279 1097 qua
292 1064 378 1084 natus
392 1052 446 1082 est.
468 1052 541 1094 quid
551 1063 606 1083 vos
616 1073 625 1087 ‚
642 1054 780 1092 judices?
798 1062 860 1094 quo
872 1052 991 1082 tandem
1002 1053 1107 1082 animo

155 1098 258 1128 eritis?
272 1095 454 1126 memoriam
466 1095 594 1124 Milonis
603 1095 787 1125 retinebitis:
803 1095 902 1134 ipsum
913 1095 1060 1133 ejicietis?
1074 1093 1107 1123 &

152 1141 207 1169 erit
216 1139 336 1179 dignior
344 1138 429 1167 locus
439 1137 471 1166 in
485 1138 567 1166 terris
579 1136 668 1170 ullus,
678 1139 730 1177 qui
740 1136 813 1167 hanc
824 1137 963 1165 virtutem
973 1135 1105 1175 excipiat,

150 1180 241 1221 quam
258 1181 323 1213 hic,
345 1180 396 1220 qui
416 1180 601 1218 procreavit?
620 1181 683 1208 Vos
694 1198 702 1211 ‚
724 1187 779 1208 vos
798 1178 916 1218 appello
927 1197 935 1211 ‚
954 1175 1106 1208 fortiffimi

149 1223 219 1256 viri,
231 1223 283 1262 qui
292 1223 422 1251 multum
434 1230 487 1260 pro
498 1230 558 1260 rep.
568 1220 744 1261 sanguinem
756 1218 902 1250 effudistis
913 1229 982 1249 :vos
993 1220 1025 1249 in
1035 1221 1103 1251 viri,

151 1264 231 1294 &in
248 1265 322 1294 civis
341 1263 449 1292 invicti
466 1262 581 1302 appello
594 1262 727 1302 periculo
738 1281 746 1295 ‚
766 1263 956 1292 centuriones
967 1281 975 1294 ,
996 1260 1106 1301 vosque

151 1306 284 1335 milites:
304 1305 392 1334 vobis
403 1314 466 1333 non
477 1302 572 1333 modo
583 1301 818 1343 inspe&antibus
828 1323 837 1337 ,
852 1302 900 1333 sed
911 1304 1001 1332 etiam
1012 1312 1106 1332 arma-

150 1349 188 1377 tis
199 1367 206 1381 ‚
228 1347 261 1376 ὃς
271 1346 465 1386 huicjudicio
473 1343 698 1385 piaesidentibus
708 1364 716 1379 ‚
736 1346 799 1374 haec
811 1353 889 1375 tanta
899 1346 993 1374 virtus
1003 1353 1041 1374 ex
1053 1344 1106 1373 hac

149 1389 223 1419 urbe
231 1388 395 1428 expelletur
405 1390 415 1416 ?
425 1386 674 1416 exterminabitur
684 1388 694 1415 ?
703 1387 898 1426 projicietur?
919 1388 945 1416 Ο
957 1395 1006 1416 me
1016 1386 1107 1416 misc-

149 1440 217 1460 rum
229 1450 238 1463 ,
253 1428 439 1460 &infelicem
454 1431 459 1457 !
483 1437 621 1457 revocare
631 1436 661 1458 tu
671 1430 764 1457 mein
775 1430 899 1468 patriam
911 1448 920 1462 ,
935 1428 1015 1457 Milo
1026 1447 1034 1461 ‚
1049 1437 1104 1467 po-

149 1471 231 1502 tuisti
243 1481 296 1511 per
312 1472 366 1500 hos
378 1481 383 1499 :
403 1480 458 1510 ego
468 1478 496 1500 te
506 1471 538 1498 in
548 1471 640 1509 patria
648 1479 700 1509 per
709 1470 829 1500 eosdem
840 1471 967 1500 retinere
976 1479 1040 1499 non
1050 1479 1105 1509 po-

148 1515 232 1543 tero?
250 1512 322 1553 quid
334 1511 632 1552 respondeboliberis
645 1513 721 1541 meis
731 1531 739 1545 ,
759 1513 811 1553 qui
827 1520 854 1542 te
866 1520 1019 1552 parentem
1033 1512 1105 1541 alte-

147 1562 215 1584 rum
227 1557 352 1594 putant?
366 1553 439 1594 quid
449 1553 504 1583 tibi
515 1573 523 1585 ‚
536 1552 672 1592 erater
683 1573 693 1586 ‚
711 1556 763 1594 qui
775 1563 856 1584 nunc
866 1554 933 1584 abes
943 1574 951 1587 ‚
970 1554 1104 1583 consorti

186 1630 210 1647 i.
228 1624 311 1654 Siqua
320 1620 442 1645 diminutio
453 1618 657 1652 capitisfntura]
679 1619 788 1654 Optime
801 1629 832 1646 eo
851 1619 932 1646 modo
942 1619 1102 1647 Erfurdien-

144 1656 187 1683 fis.
207 1657 308 1692 hocque
319 1655 474 1691 fignificavit
491 1654 581 1692 paullo
593 1661 671 1681 ante:
694 1664 737 1681 cur
753 1665 798 1682 non
816 1656 842 1682 id
858 1665 902 1682 meo
913 1659 988 1690 capite
1006 1658 1103 1683 luitur?

147 1692 255 1728 vulgata
264 1693 392 1717 dimicatio.

179 1737 208 1754 2.
226 1728 344 1761 oceafirra
360 1728 401 1761 ff
417 1727 547 1761 videntia]
569 1726 649 1754 Haud
659 1726 730 1755 secus
741 1727 846 1754 Uverd.
857 1728 1022 1765 &Hittorp.
1039 1729 1099 1755 vul-

147 1770 209 1800 gata
220 1764 334 1798 jubeatis.
434 1768 437 1771 ·

156 1819 158 1822 >
182 1807 209 1834 3.
227 1799 362 1826 IncredibiIi
379 1800 456 1825 robore
465 1799 565 1833 animi]
586 1799 697 1834 vulgati
715 1807 821 1836 patrum
839 1808 896 1826 aevo
914 1801 990 1826 animi
1000 1800 1098 1834 faeptm.

143 1833 187 1861 sed
197 1844 228 1861 ea
236 1843 289 1860 vox
300 1843 351 1860 non
363 1834 455 1861 vifitur
465 1835 491 1861 in
501 1844 611 1861 avorum
623 1835 797 1867 editionibus,
808 1835 904 1862 nedum
916 1834 974 1861 mss‘.
988 1836 1060 1862 ullis.

179 1878 207 1904 4.
226 1873 261 1896 Sit
268 1872 307 1896 hic
315 1879 343 1897 ca
352 1877 443 1904 meme,
461 1880 510 1906 qua
519 1878 594 1897 natm
602 1872 663 1906 effi]
683 1872 752 1898 Pali.
771 1872 816 1897 ssd
823 1873 861 1898 hic
869 1880 897 1897 ea
915 1878 989 1897 meme
997 1879 1098 1898 ornatur

520 1959 612 2020 M.
708 1961 1208 2020 TULLIUS

2030 156 2123 209 559

1165 230 1287 251 mecum
1297 229 1469 261 temporum
1481 222 1630 253 illorum?
1645 226 1716 253 5me
1725 231 1790 253 non
1799 219 1928 262 potuifi'e
1935 222 2065 252 Milonis
2075 224 2120 254 sa-

1160 261 1253 292 lutem
1275 264 1352 293 tucri
1370 272 1422 303 per
1436 264 1556 295 eosdem
1569 285 1577 298 ,
1599 275 1651 305 per
1661 275 1736 305 qnos
1748 264 1880 295 nostram
1893 265 1945 294 ille
1959 263 2114 295 servasset?

1159 304 1198 332 At
1208 303 1236 332 in
1246 313 1304 344 qua
1315 305 1397 344 caufi:
1407 315 1470 336 non
1479 305 1606 346 potuiss'e
1615 310 1625 336 ?
1635 317 1701 348 quae
1711 306 1754 337 est
1761 316 1839 348 grata
1846 306 1995 347 gentibus.
2018 307 2033 336 a
2044 308 2112 347 qui·

1157 343 1213 372 bus
1225 354 1286 374 non
1298 345 1424 385 potuisse
1435 349 1444 376 ἲ
1465 348 1550 378 abiis
1560 368 1568 381 ‚
1589 351 1641 389 qui
1653 350 1789 379 maxime
1802 351 1833 379 P.
1844 348 1945 379 Clodii
1956 356 2052 378 morte
2063 358 2122 378 acm

1157 386 1305 424 quierunt.
1337 397 1398 427 quo
1417 388 1592 428 deprecante
1604 393 1614 419 ?
1635 400 1696 420 me.
1728 390 1890 430 Qodnam
1911 400 1965 432 ego
1982 391 2121 430 concepi-

1157 434 1272 472 tantum
1283 426 1396 474 scelus?
1418 439 1466 460 aut
1475 431 1554 470 quod
1565 433 1597 460 in
1608 442 1657 461 me
1667 441 1783 462 tantum
1794 431 1907 462 facinus
1917 430 2021 462 admisi
2032 451 2041 465 ,
2057 432 2109 471 ju—

1157 466 1249 501 dice&
1260 477 1331 497 cum
1342 470 1511 508 illa-iudicia
1520 475 1697 502 communis
1707 475 1794 504 exitii
1803 473 1939 514 indagavi
1951 493 1958 507 ‚
1970 472 2108 513 patefeci,

1155 509 1286 548 protuli,
1305 509 1459 543 exstinxi?
1479 522 1585 542 omi-,es
1603 516 1634 543 in
1651 524 1720 548 me,
1739 515 2108 556 nieossluerediindantex

1154 551 1238 581 fonte
1251 551 1304 580 illo
1315 551 1444 582 dolores.
1468 554 1547 594 Qud
1562 565 1610 584 me
1624 556 1762 586 reducem
1778 555 1834 586 esse
1849 555 1991 587 voluisti?
2009 566 2045 586 an
2060 565 2106 589 ut,

1154 591 1338 632 inspeC'tante
1348 602 1397 623 me
1409 612 1417 626 ‚
1439 595 1657 633 expellerentur
1668 600 1689 626 ii
1701 617 1709 630 ,
1727 608 1778 637 pei·
1793 608 1869 638 qnos
1887 597 1976 627 estem
1987 597 2108 628 restitu-

1156 643 1202 664 tus
1213 638 1224 663 ἓ
1248 635 1354 664 Nolite
1366 654 1375 668 ‚
1387 635 1508 665 obsecro
1519 646 1572 666 vos
1583 656 1590 670 ,
1601 640 1658 675 pati
1672 658 1680 670 ‚
1695 640 1771 668 milii
1781 640 1961 669 aceiliiorem
1974 639 2105 670 reditum

1128 673 1133 728 ἔ
1153 674 1212 704 esse
1222 695 1230 709 ,
1245 676 1334 716 quam
1344 675 1435 706 fuerit
1444 677 1496 706 ille
1507 678 1566 717 ipse
1577 678 1727 708 discessus.
1750 690 1819 710 nam
1831 679 1881 721 qui
1893 680 2010 720 poffiim
2021 676 2106 720 puta-

1129 732 1131 748 ;
1151 727 1180 746 re
1192 726 1240 745 me
1251 716 1419 747 restitutum
1431 717 1487 748 effe
1498 738 1507 752 ,
1527 717 1547 747 si
1559 719 1704 749 distrahor
1712 721 1748 750 ab
1758 724 1793 750 iis
1806 741 1813 754 ‚
1835 732 1885 761 per
1898 733 1973 763 quos
1986 723 2106 753 restitu-

1128 750 1132 785 l
1151 767 1197 788 tus
1206 760 1271 789 sum
1285 762 1296 788 ἓ
1311 759 1437 790 Utinam
1447 760 1687 791 dii-immortales
1698 761 1829 791 fecissen
1840 774 1919 802 {pice
1930 774 1986 797 tua,
1999 766 2101 804 patria,
2124 765 2164 807 3ss

1151 800 1299 830 dixerim:
1321 809 1425 831 metuo
1436 802 1518 831 enim
1531 822 1539 835 ,
1552 812 1588 832 ne
1600 802 1735 833 scelerate
1746 803 1884 834 dicernit]
1898 814 1924 835 ta
1936 825 1943 838 ‚
1956 806 2035 845 quod
2047 816 2101 845 pro

1151 842 1270 872 Milone
1285 843 1382 873 dicam
1401 843 1463 884 pie)
1474 846 1589 873 utinam
1600 847 1629 874 P.
1641 844 1765 874 Clodius
1782 855 1847 874 non
1868 846 1963 876 modo
1985 848 2106 881 υιύενεῑ,

1129 950 1131 952 .
1150 924 1351 965 spestaculum
1360 927 1505 957 viderem.
1529 930 1555 956 O
1567 927 1610 957 dii
1620 928 1805 958 immortales
1818 931 1822 958 Ξ
1839 928 1946 958 foi-:em
1959 950 1966 962 ‚
1982 929 2013 958 3:
2023 929 2039 959 a
2050 939 2106 959 vo-

1127 958 1131 1016 ἰ
1150 967 1208 1001 bis,
1222 968 1336 1007 judices
1348 988 1356 1001 ,
1368 969 1605 999 conservandum
1614 971 1726 1000 virum.
1748 970 1882 1000 Minime
1895 991 1903 1003 ‚
1916 971 2047 1000 minime
2058 973 2105 1001 in·

1128 1018 1131 1044 ι
1151 1010 1225 1049 quit.
1249 1008 1350 1039 immo
1360 1009 1433 1040 vero
1442 1020 1543 1050 poenas
1553 1012 1604 1041 ille
1615 1011 1727 1041 debitas
1738 1012 1843 1042 luerit:
1863 1022 1920 1042 nos
1934 1012 2101 1045 fiibeamus,

1151 1051 1170 1080 fi
1180 1053 1218 1081 ita
1230 1050 1344 1081 necess'e
1354 1051 1397 1082 est
1406 1073 1416 1086 ‚
1428 1062 1492 1082 non
1502 1052 1625 1083 debitas.
1649 1055 1778 1084 Hiccine
1787 1054 1833 1085 vir
1841 1056 1940 1093 patriae
1950 1062 2043 1087 mrim,
2057 1055 2107 1084 us·

1148 1103 1237 1134 quarn
1249 1113 1257 1127 ,
1273 1092 1328 1124 nisi
1339 1095 1371 1123 in
1382 1096 1473 1134 patria
1483 1114 1492 1128 ,
1507 1097 1672 1125 morietur?
1686 1093 1701 1115 ⁶
1711 1105 1761 1125 aut
1772 1116 1781 1128 ,
1796 1094 1816 1125 si
1827 1095 1904 1125 forte
1914 1115 1922 1129 ‚
1937 1105 1992 1135 pro
2003 1097 2106 1135 patria?

1149 1135 1238 1174 hujus
1249 1145 1304 1165 vos
1313 1137 1408 1165 animi
1420 1145 1621 1167 monumenta
1631 1137 1815 1167 retinebitis:
1835 1138 1968 1177 coxporis
1979 1139 2010 1166 in
2021 1137 2107 1166 Italia

1148 1177 1271 1207 nullum
1283 1178 1451 1218 sepulcrum
1462 1176 1519 1207 effe
1527 1179 1706 1218 patiemini?
1723 1180 1803 1209 hunc
1814 1179 1861 1210 sna
1870 1178 2026 1219 quisquam
2039 1178 2106 1208 sen·

1149 1221 1241 1249 tentia
1250 1229 1287 1249 ex
1297 1221 1351 1250 hac
1362 1219 1434 1249 urbe
1449 1221 1581 1260 expellet
1591 1241 1600 1254 ‚
1619 1230 1708 1260 quem
1723 1230 1831 1250 omnes
1847 1222 1932 1250 urbes
1945 1220 2106 1260 expulsum

1148 1260 1163 1290 a
1173 1261 1262 1290 vobis
1272 1260 1306 1291 ad
1316 1262 1345 1292 se
1356 1261 1525 1292 vocabunt?
1549 1265 1575 1292 O
1583 1272 1688 1292 terram
1700 1263 1783 1292 illam
1794 1261 1905 1291 beatam
1916 1282 1924 1295 ,
1946 1272 2011 1302 quae
2025 1262 2105 1292 hunc

1147 1304 1249 1332 virum
1259 1305 1426 1343 exceperit:
1440 1305 1522 1340 *hanc
1531 1306 1673 1346 ingratam
1685 1324 1694 1337 ,
1715 1303 1736 1333 si
1747 1306 1880 1344 ejecerit:
1901 1304 2040 1333 miseram
2052 1323 2060 1337 ‚
2082 1301 2104 1333 si

1148 1344 1288 1374 amiserit.
1313 1344 1368 1375 Sed
1380 1343 1450 1375 finis
1460 1343 1503 1375 fit.
1526 1356 1623 1387 neque
1633 1348 1715 1376 enim
1728 1356 1786 1386 prae
1799 1347 2008 1385 lacrymisjam
2018 1345 2106 1386 loqui.

1147 1384 1266 1425 postium
1279 1398 1284 1415 z
1307 1387 1339 1417 &
1351 1388 1399 1417 hic
1413 1388 1441 1417 se.
1455 1389 1594 1427 lacrymis
1608 1387 1730 1418 defendi
1744 1396 1910 1418 vetatz⁴vos
1925 1397 1978 1417 oro
1989 1406 1998 1420 ‚
2017 1387 2105 1416 obte-

1147 1427 1265 1469 storque
1275 1448 1283 1462 ,
1295 1430 1308 1468 j
1314 1429 1432 1463 udices,
1450 1431 1525 1459 utin
1536 1430 1692 1460 sententiis
1700 1429 1833 1459 ferendis
1843 1449 1852 1463 ‚
1865 1428 1947 1469 quod
1958 1428 2106 1461 sentietis,

1146 1469 1176 1499 id
1186 1470 1329 1501 audeatis.
1351 1470 1485 1500 Vestram
1496 1470 1999 1512 virtutem‚justitiam‚fidem‚milii
2009 1469 2107 1499 credi-

1146 1513 1213 1545 te‚is
1224 1512 1359 1542 maxime
1370 1512 1572 1554 probabit‚qui
1582 1515 1614 1543 in
1624 1513 1776 1551 judicibus
1787 1512 2103 1554 legendis,optimum‚

1145 1558 1160 1581 7
1170 1554 1202 1583 ὃς
1212 1553 1459 1593 sapientiffimum
1472 1574 1480 1588 ,
1496 1555 1528 1584 ὃ(
1538 1554 1735 1585 fortissimum
1750 1564 1901 1594 quemque
1910 1554 1990 1593 legit.

1145 1621 1188 1645 eff.
1209 1618 1279 1645 unde
1290 1618 1353 1645 fecit
1364 1619 1510 1646 Lambinus
1522 1627 1596 1645 natm
1607 1622 1651 1651 eff,
1663 1619 1758 1645 ceteris
1770 1618 1892 1644 retentis.

1182 1664 1196 1688 5
1204 1676 1211 1682 .
1229 1660 1271 1682 Jlle
1280 1656 1426 1689 nonpotmffe
1435 1656 1559 1690 Milonis.]
1576 1656 1658 1688 ,Hitn
1669 1656 1695 1681 ἃ
1709 1653 1811 1680 Uverd.
1824 1655 2051 1687 menlnonpctm'ffe.

1179 1692 1207 1717 6.
1227 1692 1381 1724 eAutfijE-ri&
1393 1694 1541 1724 ‚propani-'a
1552 1695 1563 1717 3
1576 1693 1658 1726 hujux,
1667 1691 1735 1725 dean]
1756 1689 1900 1716 Distinfflo
1910 1689 1945 1717 est
1957 1692 1970 1715 a
1982 1691 2105 1721 Murem,

1121 1737 1123 1755 l
1143 1736 1221 1763 quam
1233 1726 1352 1763 prodidit
1364 1727 1432 1753 libro
1444 1737 1505 1754 xvi.
1516 1728 1579 1754 Var.
1592 1727 1655 1754 left.
1672 1736 1727 1763 cap.
1740 1735 1769 1762 9.

1178 1772 1206 1798 7.
1227 1765 1452 1797 Eisapienttffimum
1461 1764 1640 1797 &fhrtiffimxm
1651 1772 1761 1798 quemque
1770 1761 1847 1796 segia]
1862 1762 1902 1787 Ita
1913 1760 2033 1796 supplent
2044 1760 2102 1788 Pal.

1141 1809 1183 1835 pr.
1194 1807 1257 1826 tert.
1268 1801 1351 1826 Grut.
1362 1799 1473 1825 Erfurd.
1486 1800 1560 1826 Hitt.
1582 1808 1696 1835 quorum
1717 1807 1803 1825 tamen
1823 1805 1875 1824 tres
1887 1797 1987 1832 priores
2006 1797 2086 1830 delegit
2096 1808 2105 1824 ;

1141 1835 1252 1862 ultimus
1265 1836 1327 1861 νει-ὀ
1347 1837 1422 1869 elegit.
1441 1836 1592 1863 &tertium
1603 1839 1675 1863 certe
1688 1835 1824 1871 epitheton
1844 1831 2014 1861 necessarlum
2033 1840 2103 1865 erat²

1119 1890 1122 1903 λ
1138 1871 1173 1898 ob
1184 1871 1305 1899 tribunos
1315 1872 1433 1898 aerarios.

1322 1960 1736 2018 CICERO

1019 2060 1253 2115 PRO

154 2160 283 2245 C.
387 2151 1134 2242 RABIRIO
1247 2150 2073 2239 POSTUMO.

493 2303 847 2350 ORATIO
926 2303 1745 2351 TRICESIMANONA.

411 2413 426 2441 1
443 2412 511 2452 quis
521 2410 573 2445 est,
581 2410 708 2451 judices,
719 2411 771 2452 qui
779 2409 988 2445 C.Rabirium‚
1001 2414 1011 2430 ¹
1022 2409 1102 2451 quod

412 2454 470 2482 suae
489 2452 634 2486 forrunae,
655 2452 791 2483 fundatas
810 2452 993 2493 praesertim,
1017 2462 1103 2492 atque

412 2494 529 2534 optime
546 2494 736 2528 constitutas,
755 2504 847 2534 opes,
865 2492 996 2534 potestati
1013 2495 1102 2533 rcgiae,

412 2536 803 2578 libidiniquecommiserit,
820 2536 1101 2575 reprehendendum

412 2587 510 2618 putet:
531 2578 674 2609 adscribat
690 2578 725 2607 ad
741 2577 891 2617 judicium
908 2578 1016 2611 suum,
1035 2587 1101 2608 non

272 2634 275 2639 i
295 2652 298 2654 ,
413 2620 508 2650 modo
523 2630 620 2650 meam
633 2641 642 2654 ,
660 2619 707 2650 sed
717 2620 805 2658 hujus
816 2620 906 2648 etiam
917 2618 1006 2659 ipsius
1020 2640 1031 2652 ,
1047 2621 1100 2660 qui

351 2656 378 2681 Ψ
413 2661 584 2695 commisit,
605 2661 794 2692 sententiam.
818 2670 915 2700 neque
934 2664 1017 2690 enim
1037 2662 1101 2690 cui—

143 2711 232 2741 quam
250 2701 316 2741 ejus
332 2701 490 2733 confilium
509 2702 721 2734 vehementius
745 2723 754 2736 ,
785 2702 875 2743 quam
889 2701 941 2741 ipsi
955 2702 1099 2742 displicet-

145 2745 335 2785 Qamquam
354 2745 413 2774 hoc
431 2746 610 2786 plerumque
627 2744 756 2775 facimus
773 2764 783 2778 ,
809 2753 842 2773 ut
858 2742 979 2774 confilia
998 2746 1100 2773 eventis

142 2785 362 2824 ponderemus:
385 2787 438 2820 δε,
454 2789 503 2817 cui
521 2787 598 2817 bene
614 2787 687 2828 quid
704 2785 896 2826 processerit,
918 2785 1050 2815 multum
1063 2787 1099 2816 il—

143 2826 207 2856 lum
216 2826 396 2866 providisse:
417 2831 466 2868 qui
480 2829 561 2859 secus
573 2849 582 2863 ‚
598 2831 613 2848 2
623 2829 699 2858 nihil
710 2826 826 2858 sensiss'e
836 2827 981 2857 dicamus.
1005 2829 1034 2858 Si
1045 2837 1099 2857 ex-

144 2865 300 2899 stitiss'eti'n
310 2880 376 2911 rege
386 2869 476 2904 fides,
493 2871 743 2911 nihilsapientius
752 2869 905 2900 Postumo.
929 2871 1001 2910 quia
1009 2868 1098 2899 fefel-

142 2906 237 2939 litrex
249 2921 254 2939 :
268 2912 344 2940 nihil
355 2913 413 2942 hoc
422 2916 572 2942 amentius
590 2912 716 2942 dicitur:
731 2913 832 2951 utjam
842 2911 920 2941 ni'nil
931 2910 988 2941 effe
997 2911 1098 2941 videa-

143 2956 208 2982 tur,
227 2950 280 2981 nisi
290 2953 420 2982 divinare
430 2973 438 2987 ‚
459 2954 608 2993 sapientis.
631 2955 687 2984 Sed
699 2963 800 2985 tamen
812 2973 820 2987 ,
836 2951 856 2982 si
866 2955 932 2993 quis
943 2952 985 2983 est
995 2972 1005 2986 ‚
1019 2953 1097 2989 judi-

126 2998 189 3020 ‘ces
197 3010 206 3025 ‚
216 2994 270 3032 qui
277 2994 360 3024 illam
369 2995 506 3026 Postumi
514 2995 572 3026 sive
581 2997 705 3027 inanem
716 2996 734 3026 s
728 3006 810 3037 pem,
825 2993 884 3025 sive
894 2995 1097 3025 inconsultam

1142 2411 1291 2441 rationem
1304 2430 1313 2446 ,
1332 2409 1391 2441 five
1401 2409 1583 2452 (gravissimo
1592 2411 1684 2449 verbo
1696 2411 1770 2451 utar)
1782 2412 1978 2442 temeritatem
1991 2430 1999 2444 ‚
2019 2411 2101 2440 eitu-

1144 2453 1306 2492 perandam
1317 2462 1400 2493 putet
1409 2473 1417 2487 ‚
1438 2463 1493 2495 ego
1503 2453 1566 2493 ejus
1575 2455 1715 2493 opinioni
1726 2463 1790 2483 non
1801 2463 1932 2493 repugno
1945 2463 1950 2481 :
1971 2452 2044 2482 illud
2059 2462 2101 2482 ta·

1142 2504 1215 2524 men
1227 2494 1368 2534 deprecor
1378 2515 1385 2528 ‚
1398 2503 1431 2524 ut
1441 2515 1449 2528 ‚
1461 2492 1531 2524 curn
1543 2494 1578 2524 ab
1588 2494 1649 2534 ipsi
1661 2493 1779 2524 fortuna
1788 2492 1988 2524 crudelissime
1999 2491 2103 2523 videat

1141 2537 1229 2574 hujus
1238 2535 1360 2566 consilia
1370 2535 1427 2566 effe
1438 2536 1580 2566 multata:
1598 2536 1711 2576 nequid
1722 2536 1757 2565 ad
1768 2546 1812 2565 eas
1824 2537 1923 2565 ruinas
1932 2534 2039 2575 quibus
2050 2536 2098 2565 hic

1141 2576 1293 2618 oppress'us
1304 2578 1345 2608 est
1357 2599 1365 2611 ‚
1384 2577 1555 2608 addendum
1567 2576 1826 2616 acerbitatisputet.
1849 2580 1944 2607 SATis
1963 2575 2005 2606 est
2015 2596 2023 2610 ‚
2040 2577 2098 2606 ho-

1140 2622 1240 2650 mines
1250 2620 1452 2662 imprudentia
1462 2619 1557 2659 lapsos
1566 2629 1629 2648 non
1640 2620 1766 2659 erigere:
1787 2628 1889 2660 urgere
1905 2617 1978 2648 verb
1993 2619 2097 2657 jacen-

1139 2664 1194 2692 teis
1204 2683 1213 2696 ‚
1235 2671 1284 2692 aut
1293 2663 1521 2702 praecipitantcis
1531 2660 1686 2700 impellere
1696 2680 1705 2694 ,
1725 2659 1803 2691 certe
1822 2659 1864 2690 cst
1882 2660 2096 2690 inhumanumc

1139 2704 1299 2744 praesertim
1310 2724 1318 2738 ,
1339 2704 1454 2742 judices
1463 2722 1471 2736 ,
1493 2701 1564 2732 cum
1584 2701 1619 2732 sit
1637 2703 1695 2731 hoc
1709 2702 1810 2741 generi
1824 2702 1988 2732 hominum
2003 2701 2096 2741 prope

1139 2755 1240 2775 natura
1259 2745 1360 2775 datum
1377 2765 1385 2778 ,
1406 2746 1448 2774 uti
1461 2764 1469 2778 ‚
1495 2753 1565 2781 qm
1589 2753 1625 2773 ii:
1646 2752 1800 2772 FsziimA
1822 2744 1884 2773 laus
1903 2743 2001 2784 aliqua
2016 2742 2095 2774 forte

1139 2786 1274 2817 floruerit
1284 2807 1292 2819 ,
1308 2788 1381 2817 hanc
1394 2785 1455 2816 sert}
1466 2805 1475 2819 2
1490 2788 1542 2826 qui
1553 2786 1620 2815 sunt
1631 2795 1694 2824 ejus
1706 2784 1801 2825 stirpis
1813 2805 1821 2819 ‚
1836 2784 1918 2826 quod
1931 2786 2027 2815 sermo
2039 2786 2096 2814 ho·-

1136 2830 1256 2858 minum
1272 2828 1306 2858 ad
1323 2830 1502 2858 memoriam
1517 2826 1831 2867 prodendainpatrum
1847 2829 1956 2857 viitute
1966 2827 2096 2857 celebre-

1138 2880 1196 2903 tur,
1207 2869 1398 2910 cupidill'ime
1410 2870 1625 2910 persequantur.
1647 2867 1792 2909 siquidem
1801 2878 1866 2899 non
1880 2867 1975 2898 modo
1986 2871 2017 2898 in
2029 2869 2095 2909 glo—

1135 2914 1176 2942 ria
1188 2914 1229 2942 rei
1240 2913 1378 2942 militaris
1388 2911 1525 2942 Paullum
1536 2912 1636 2950 Scipio
1648 2930 1656 2943 ‚
1676 2919 1724 2942 aut
1734 2912 1909 2940 Maximum
1925 2909 2004 2940 filius
2015 2931 2023 2944 ‚
2045 2909 2096 2940 sed

1136 2956 1226 2983 etiarn
1237 2956 1268 2983 in
1280 2954 1441 2983 devotione
1451 2954 1518 2982 vitae
1529 2973 1537 2985 ,
1549 2952 1697 2992 &inipso
1706 2962 1812 2992 genere
1822 2954 1929 2982 mortis
1939 2973 1946 2986 ‚
1960 2953 2095 2981 imitatus

1136 2994 1179 3025 est
1188 2997 1355 3026 RDecium
1366 2993 1460 3025 filius.
1483 2996 1548 3024 Sint
1559 2994 1648 3035 igitur
1658 2992 1766 3025 similia
1774 2994 1920 3034 ,Νῶε-εδ,
1931 3003 2018 3034 parva
2029 3003 2077 3023 ma
2086 3013 2095 3017 -

2012 3045 2091 3077 gilis-

143 3109 166 3126 ι.
230 3100 430 3134 Ucdfiraefhmenn
441 3122 448 3134 ‚
469 3091 705 3139 imdatarpraefirrim
717 3125 724 3136 ,
733 3105 801 3139 ἀνα]
822 3107 944 3132 Muretus
957 3105 1005 3131 lib.
1019 3114 1054 3131 xv
1062 3115 1097 3131 ir.

229 3144 284 3170 cap.
297 3144 328 3169 5>
342 3138 412 3163 Var..
424 3138 488 3165 leet.
508 3140 574 3173 legit
593 3150 625 3167 ex
637 3141 738 3167 duobus
759 3141 816 3167 mss.
829 3143 891 3174 sum·
904 3142 1096 3176 foriumufund.

133 3172 201 3207 μή.
213 3178 282 3206 arque
291 3174 371 3204 optim&
380 3175 523 3207 constituta.
545 3175 626 3203 nostri
637 3177 704 3204 nihil
718 3177 818 3205 variant
829 3185 896 3210 ‚aut
904 3177 966 3214 edd.
980 3178 1096 3206 vetustte.

1175 3114 1202 3130 π..
1224 3105 1409 3138 ΑἰιΗΙῘὲηήΠξ]
1424 3106 1464 3132 lta
1476 3105 1543 3131 Pall.
1554 3104 1618 3136 duo,
1630 3107 1655 3133 in
1667 3105 1761 3142 quibus
1772 3106 1858 3132 isthaec
1868 3113 1973 3132 tantum
1985 3096 2099 3140 perscri-

1116 3135 1118 3165 l
1137 3148 1181 3177 pta
1191 3141 1288 3170 oratio,
1300 3141 1430 3176 insignitis
1443 3151 1555 3168 numero
1565 3143 1681 3178 primi&
1694 3142 1794 3168 cerani.
1807 3141 1952 3169 Lambinus
1963 3140 2102 3171 emendat,

1114 3185 1117 3201 ι
1136 3177 1297 3213 κέὸιῖνὶιίρᾖ.
1316 3185 1344 3204 ειι
1354 3177 1479 3213 Catullus
1491 3181 1669 3216 taine13‚Mnit
1678 3180 1742 3207 mlau'
1743 3177 1828 3216 simia.
2013 3213 2032 3237 c
2051 3212 2070 3237 ς

1980 3221 2002 3239 i.
2065 3220 2105 3237 υ·
