2360 3400
164 1173 207 1199 21

567 158 817 210 ΕΡῙε-Γ,

241 249 427 292 Ligarianam
437 244 475 276 de
485 253 578 276 uxore
589 243 762 274 Tuberonis
773 266 783 279 ‚
806 244 839 276 &
847 245 983 286 privigna
995 265 1004 279 ‚
1023 253 1120 285 neque
1129 244 1199 284 pos-

239 297 308 327 sum
323 293 386 332 jam
404 288 510 319 addere
520 307 529 321 ‚
550 286 614 326 (est
624 288 709 317 enim
721 296 765 317 res
775 287 944 328 pervulgata
957 288 967 327 )
985 296 1083 328 neque
1093 286 1197 317 Tube-

238 350 347 376 ronem
378 338 450 369 volo
478 335 649 367 defendere.
679 335 806 367 mirifice
828 336 872 367 est
890 337 975 367 enim
998 326 1195 374 φιλῶἶπῶ-

237 387 383 416 theatrum
397 379 521 421 quidem
533 378 600 409 sane
612 379 726 409 bellum
739 377 876 409 habuisti.
899 388 956 419 ego
966 397 974 411 ,
993 375 1045 408 etfi
1057 377 1193 408 hocloco

236 423 384 459 facillime
396 420 542 452 sustentor
551 440 559 455 ‚
574 429 674 451 tamen
686 430 713 451 te
727 421 828 451 videre
836 422 935 460 cupio.
954 421 1064 460 itaque,
1077 428 1109 449 ut
1118 429 1193 449 con-

236 467 337 500 stimi,
357 464 455 495 adero.
478 465 608 493 Fratrem
633 463 723 494 credo
742 463 757 493 a
777 471 804 493 te
823 460 881 493 effe
902 470 1097 492 conventum.
1118 461 1192 491 scire

235 507 440 552 :igiturstudeo
452 526 461 540 ‚
480 505 553 546 quid
562 507 665 546 egeris.
690 508 737 535 De
746 503 826 536 fama
836 503 914 534 nihil
925 503 992 534 sane
1004 502 1108 533 laboro
1121 513 1127 532 :
1140 501 1191 532 etsi

234 551 405 591 scripseram
423 548 457 578 ad
475 556 502 577 te
516 551 606 577 tunc¹
619 546 726 581 stulte5
751 556 858 577 Nfflir„
869 555 1007 576 mamus.
1026 544 1191 575 curandum

233 597 320 624 enim
332 601 396 621 non
410 590 460 620 est.
471 592 552 629 atqui
564 590 620 619 hoc
633 599 668 618 m
680 598 768 619 οΜΝι
785 597 874 619 νιτΑ
884 586 1191 627 snA2QJEMQJE

233 630 253 665 1²2
265 635 405 666 [ξεσταί
417 633 697 662 σοΝεειεΝῖιΛ
709 635 721 658 ³
733 628 1195 671 TRAVERSvaNGvEM

235 680 327 707 NON
335 674 762 705 OPORTETDJSCEDERE
773 683 784 700 .·
807 676 823 699 4
834 672 937 702 viden’
947 680 1038 712 quam
1050 670 1188 715 φιλοσύ-

238 727 310 760 φως
325 724 336 754 ?
357 735 394 755 an
413 733 446 754 tu
460 734 516 754 nos
526 722 631 754 frustra
640 722 794 753 existimas
803 723 867 752 haec
877 722 910 752 in
921 720 1060 751 manibus
1069 719 1192 750 habere?

235 772 250 796 5
270 762 426 811 ἣδῆκθθή
442 783 470 804 te
479 774 608 808 nollem,
620 773 702 814 quod
714 773 870 803 nihilerat.
895 771 986 801 redeo
996 772 1080 800 enim
1093 770 1190 801 rursus

235 817 354 849 eodem.
375 816 582 856 quidquamne
605 824 654 844 me
663 824 746 855 putas
755 815 984 844 curareintoto.
1008 811 1062 842 nisi
1073 822 1104 843 ut
1115 814 1143 842 ei
1152 823 1190 843 ne

234 858 351 891 desim?
371 858 401 887 id
420 867 475 898 ago
498 857 627 890 scilicet,
650 856 807 895 utjudicia
817 854 918 884 videar
927 863 1036 884 tenere.
1055 851 1130 897 ὄμμ’,
1147 848 1190 899 78

234 902 346 937 αὐτοῖς
361 911 373 937 .>
392 907 502 937 vellem
523 915 583 936 tam
602 904 769 936 domestica
787 903 862 934 ferre
881 901 995 943 possem
1008 923 1016 937 ,
1034 902 1124 943 quam
1138 901 1190 933 ista

234 959 440 982 contemnere.
458 957 541 987 putas
561 955 661 977 autem
674 956 722 976 me
733 943 861 976 voluisse
874 944 990 986 aliquid
1002 946 1010 977 3
1031 944 1112 985 quod
1122 954 1191 984 per-

233 991 350 1023 ἱεᾶιιιῃ
371 1000 436 1022 non
455 989 510 1019 fit?
528 989 674 1019 nonlicet
693 988 807 1018 scilicet
828 987 1005 1017 sententiam
1017 987 1119 1016 suam:
1141 986 1190 1016 sed

234 1043 334 1064 tamen
355 1042 421 1074 quae
439 1039 506 1061 turn
523 1029 586 1061 aliia
604 1029 672 1060 sunt
684 1050 693 1063 ,
714 1040 778 1059 non
797 1027 916 1070 possum
928 1038 992 1058 non
1004 1028 1127 1068 probare
1141 1039 1146 1057 :
1159 1028 1191 1058 ὃς

234 1084 335 1105 tamen
354 1083 418 1104 non
437 1082 538 1103 curare
558 1071 683 1112 pulchre
703 1070 823 1112 poffum
837 1091 846 1106 ,
867 1069 950 1101 sicuti
970 1070 1059 1101 facio.
1082 1069 1191 1101 sedni-

233 1118 333 1147 mium
345 1116 440 1146 multa
450 1114 486 1144 de
498 1116 593 1155 nugis.

426 1176 428 1178 -
465 1158 659 1187 CICERO
680 1157 896 1189 ATTICO,
921 1156 951 1184 S.

324 1203 354 1230 D
366 1200 503 1230 Hirtium
513 1198 655 1228 dederam
668 1196 824 1237 epistolam
837 1198 902 1228 sane
914 1195 1055 1239 grandem
1067 1216 1076 1230 ‚
1098 1205 1189 1237 quam

323 1242 492 1282 scripseram
522 1239 665 1280 proxime
696 1242 728 1270 in
761 1240 944 1270 Tusculano.
977 1240 1059 1268 Huic
1071 1259 1080 1272 ‚
1099 1248 1190 1279 quam

227 1291 244 1316 7
256 1295 320 1316 tum
334 1286 412 1314 mihi
423 1281 539 1315 misisti,
551 1281 707 1312 rescribam
718 1281 801 1312 alias.
827 1292 906 1312 nunc
917 1281 983 1311 aliis
994 1282 1086 1312 malo.
1107 1280 1188 1321 Qid

229 1326 348 1368 possum
362 1325 398 1356 de
407 1327 563 1365 Torquato
574 1343 582 1357 ,
597 1322 650 1353 nisi
662 1322 774 1364 aliquid
783 1324 797 1353 a
808 1323 986 1353 Dolabella?
1005 1322 1088 1364 quod
1099 1321 1188 1352 simul

227 1380 273 1403 ac3
292 1369 440 1399 continuo
460 1367 567 1397 scietis.
590 1365 798 1405 exspefitabam
819 1365 910 1395 hodie
930 1384 939 1398 ‚
963 1374 1012 1395 aut
1030 1366 1188 1397 summum

228 1421 291 1442 cras
308 1411 344 1441 ab
356 1419 392 1439 eo
403 1408 571 1439 tabellarios
584 1410 652 1448 :qui
664 1405 796 1436 simulac
806 1408 946 1436 venerint
957 1427 965 1440 ‚
980 1409 1139 1438 mittentur
1150 1405 1185 1436 ad

229 1462 269 1484 te.
297 1455 324 1482 A
343 1452 459 1491 Quinto
477 1448 628 1489 exspec'to.
657 1447 848 1488 proficiscens
866 1450 951 1478 enim
974 1449 991 1478 ὲ
1010 1448 1186 1480 Tusculano

230 1504 243 1524 1
252 1503 300 1524 xx.
314 1494 380 1523 Kal.
395 1501 426 1522 ut
437 1492 492 1522 scis
503 1511 512 1525 ‚
534 1489 600 1520 misi
610 1490 645 1520 ad
657 1500 727 1520 eum
739 1489 918 1520 tabellarios.
943 1492 1035 1520 Nunc
1045 1511 1054 1525 ‚
1075 1489 1110 1520 ad
1121 1499 1185 1519 rem

226 1544 261 1566 ut
271 1535 388 1565 redeam
401 1553 410 1567 ,
425 1542 593 1564 xNumssRE
605 1532 680 1562 illud
689 1540 776 1562 tuum
789 1551 797 1566 ‚
809 1531 891 1572 quod
901 1532 987 1562 valde
998 1534 1076 1563 milri
1085 1531 1187 1561 arrise-

227 1586 290 1611 rat,
314 1578 507 1607 vehementer
517 1574 665 1614 displicet.
689 1573 732 1604 est
743 1575 825 1603 enim
838 1573 964 1604 verbum
978 1583 1076 1605 toturn
1089 1574 1186 1603 nauti-

226 1628 310 1650 cum.
320 1623 323 1624 ’
334 1626 515 1659 quamquam
528 1617 558 1646 id
569 1615 694 1657 quidem
707 1615 836 1646 sciebam
850 1626 856 1645 2
870 1615 919 1646 sed
929 1615 1088 1647 arbitrabar
1100 1613 1185 1645 susti-

227 1662 295 1692 neri
313 1669 413 1691 remos
425 1679 434 1693 ‚
455 1654 470 1678 8
490 1657 560 1688 curn
583 1658 720 1689 inhibere
740 1656 834 1689 effe-nt
845 1658 1055 1699 remigesjuffi.
1080 1657 1111 1688 id
1122 1666 1186 1687 non

225 1701 287 1733 'effe
298 1701 447 1742 ejusmodi
458 1699 550 1731 didici
562 1701 638 1733 heri,
649 1699 721 1730 cum
733 1700 769 1730 ad
778 1701 885 1730 villam
896 1699 1028 1731 nostram
1041 1702 1125 1732 navis
1136 1709 1186 1740 ap-

223 1744 395 1785 pelleretur.
417 1752 483 1773 non
501 1744 584 1772 enim
597 1741 746 1773 sustinent
766 1763 776 1776 ,
793 1742 842 1773 sed
852 1742 912 1772 alio
924 1743 1018 1773 modo
1029 1745 1185 1784 remigant.

225 1793 258 1824 id
279 1792 316 1824 ab
336 1784 446 1831 ἒποχῆ
458 1790 692 1831 remotiffimum
712 1791 764 1822 est·
787 1802 875 1833 quare
884 1791 974 1822 facies
985 1812 993 1826 ,
1017 1802 1050 1823 ut
1058 1795 1098 1824 ita
1108 1791 1142 1823 fit
1151 1794 1185 1822 in

226 1834 318 1868 libro,
331 1832 592 1875 quemadmodum
603 1832 670 1864 fuit.
690 1837 709 1861 ‘9
719 1833 799 1864 dices
808 1833 868 1866 hoc
877 1834 957 1864 idem
969 1837 1119 1867 Varroni,
1131 1832 1187 1863 nis1

222 1876 304 1907 forte
316 1876 511 1906 mutavit.nec
520 1874 562 1905 est
573 1875 683 1905 melius
692 1875 995 1917 quidquam,¹0quam
1009 1875 1187 1906 utLucullus

223 1917 397 1954 ¹¹Suslineat
405 1927 530 1950 currum,
541 1924 576 1946 ur
586 1916 656 1947 bonis
661 1918 726 1958 slepe
738 1919 876 1959 agitator,
881 1918 1025 1959 equosque.
1038 1918 1185 1958 semperq3

225 1967 391 2000 Carneades
414 1954 595 2000 ωΐθῖολίοᾶ
615 1966 726 2007 pugilis
747 1984 756 2000 ‚
790 1966 823 1996 &
844 1967 1045 1997 retentionem
1065 1966 1182 2008 aurigae,

220 2017 382 2049 ¹2s1mi1em
390 2017 461 2048 facit
469 2008 590 2056 ἒπῑχῇ,
601 2014 732 2046 inhibitio
742 2024 841 2047 autem
854 2026 993 2057 remigum
1004 2025 1123 2047 motum
1134 2017 1186 2047 ha-

221 2061 271 2092 bet
284 2081 292 2094 ,
306 2061 339 2092 δε
349 2058 610 2090 vehementiorem
623 2058 760 2098 quidem,
773 2060 978 2100 remigationis
987 2069 1096 2089 navem
1107 2068 1181 2089 con-

219 2104 365 2133 vertentis
375 2102 410 2132 ad
421 2100 558 2141 puppim.
581 2099 675 2134 vides,
687 2109 798 2141 quanto
809 2101 866 2130 hoc
876 2100 1051 2142 diligentius
1063 2110 1178 2134 curem,

218 2154 309 2185 quam
322 2153 372 2174 aut
382 2143 419 2173 de
427 2151 549 2172 rumore
560 2161 568 2175 ‚
590 2151 640 2172 aut
649 2141 687 2172 de
702 2143 859 2172 Pollione:
883 2142 919 2172 de
928 2143 1018 2174 Pansa
1028 2145 1116 2174 etiam
1129 2163 1138 2176 ‚
1160 2141 1181 2173 ii

219 2186 296 2227 quid
308 2187 416 2217 certius
428 2185 438 2224 (
449 2183 539 2214 credo
550 2185 633 2214 enim
644 2185 743 2224 palam
753 2183 867 2216 faelium
878 2183 936 2215 effe
949 2186 968 2225 ι)
980 2184 1016 2216 de
1026 2186 1180 2219 Critonio,

257 2314 267 2332 ι
275 2325 281 2331 .
301 2305 375 2330 Stulte
384 2316 394 2336 ‚-
413 2312 509 2330 mittin
528 2311 593 2329 Mm-
600 2312 659 2330 ius.
680 2304 814 2330 mirandum
831 2306 892 2330 enim
907 2313 952 2330 non
967 2302 1014 2330 ὶὲῗ.
1034 2307 1104 2339 arqui
1111 2304 1176 2338 hoc.]

216 2341 259 2368 fta
270 2340 329 2367 Bos.
340 2349 373 2366 ex
384 2339 479 2366 Scidis.
491 2340 592 2374 Junius
602 2339 638 2365 ait
651 2340 708 2366 mff.
721 2340 777 2366 Pal.
788 2341 821 2367 {ic
830 2339 991 2376 distinguere
1003 2341 1088 2372 ,stulte
1099 2360 1108 2372 ‚
1117 2342 1182 2366 nihil

215 2378 299 2402 melius
307 2377 440 2402 curandum
448 2378 579 2401 hominibus
588 2379 637 2407 eff,
651 2383 723 2410 atque
732 2378 780 2402 hoc.
799 2380 828 2402 In
837 2379 911 2408 omni,
921 2376 971 2406 ὡς.
983 2376 1057 2411 vulg.
1077 2379 1176 2402 Curan-

215 2413 272 2438 dum
280 2416 339 2438 enim
348 2413 410 2438 nobis
420 2415 455 2438 eff
466 2432 474 2444 ,
493 2420 565 2446 atque
581 2414 619 2438 hoe
632 2432 640 2444 ,
657 2413 707 2442 &a
729 2412 875 2439 Lambinus
885 2411 975 2439 addita
985 2412 1116 2448 particula
1127 2421 1175 2439 ne-

213 2457 245 2483 g:
251 2449 304 2474 tiva
322 2448 388 2484 legit
400 2467 408 2480 ,
427 2449 558 2474 curandum
573 2451 633 2473 enim
642 2449 705 2474 nobit
713 2451 805 2475 nones?
814 2468 822 2481 ‚
841 2456 914 2484 atque
924 2467 933 2481 ,
950 2449 1000 2479 &a
1021 2447 1174 2484 quibusdam

214 2485 250 2511 fic
267 2484 352 2520 placet
371 2483 447 2510 scribi
460 2503 468 2516 ‚
486 2486 594 2510 nonnihil
600 2487 661 2510 enim
671 2485 804 2511 curandum
813 2486 876 2513 nobie
884 2488 920 2512 efi‘
929 2503 938 2517 ,
955 2486 1061 2520 nihilque
1078 2487 1174 2518 melius,

211 2528 285 2554 αἷμ’(
294 2522 334 2545 hoe
345 2539 352 2551 ,
363 2523 388 2545 in
397 2523 458 2546 omni
466 2523 532 2546 vita.

251 2565 280 2582 2.
322 2556 436 2590 umqum]
456 2555 592 2582 Manutius
603 2556 706 2584 mavult
717 2577 726 2590 ‚
735 2565 883 2592 quemquam.

249 2600 277 2628 3.
295 2592 437 2624 ‘Tra-eerfiem
445 2601 542 2624 unguem
552 2601 596 2618 non
605 2600 689 2626 oportet
697 2593 834 2628 discedere]
855 2592 937 2629 Vulg.
954 2592 1118 2627 transversim
1126 2602 1174 2620 un-

207 2637 274 2662 guem
285 2637 329 2652 nm
338 2635 437 2660 oportere
446 2628 567 2659 discedere.

246 2671 275 2696 4.
295 2664 375 2690 Vm‘m‘
397 2672 469 2697 quam
487 2665 620 2696 ςιλοσὸφως
632 2668 642 2690 ,2
660 2673 694 2690 an
711 2671 738 2690 tu
750 2665 818 2699 nos]
840 2664 884 2692 Est
894 2664 944 2691 hoc
953 2665 968 2691 εὶ
978 2664 1084 2693 vietor.
1095 2666 1170 2702 prius

209 2699 354 2727 habebatur
365 2719 373 2733 ‚
384 2699 479 2725 vidend·
491 2709 562 2733 quam
568 2701 706 2733 phuqsophos
716 2707 760 2725 aut
768 2707 794 2725 tu
803 2710 844 2727 nos
856 2719 864 2732 ‚
874 2701 924 2731 &a

249 2745 274 2770 5.
294 2738 443 2769 Δεδῆχθωιε
452 2735 556 2770 nollem]
577 2735 638 2762 Mss'.
650 2734 764 2763 Vitiiorii
774 2736 812 2763 ita
822 2736 927 2763 habent.
945 2737 1170 2774 autealegebatur

209 2773 318 2804 δὲδιῐχῧαι
328 2780 351 2798 te
362 2774 449 2799 nollem.

244 2809 274 2835 6.
293 2810 338 2839 Μὴ
347 2809 375 2843 ’γὸ
385 2809 490 2842 ὠιτοῖς.]
512 2810 581 2835 Cum
592 2807 752 2844 interrogat.
771 2807 822 2834 hoc
832 2808 972 2844 legendum
984 2809 1071 2836 censet
1081 2809 1141 2837 Bos.

243 2851 274 2879 7.
292 2849 348 2871 Tum
357 2847 416 2871 mihi
423 2845 525 2879 mxfisth]
548 2846 589 2870 Ita
599 2846 665 2871 Dec.
676 2845 704 2870 ὅ(
715 2845 800 2870 Torn.
814 2844 887 2880 vulg.
898 2852 924 2870 tu
934 2847 990 2871 mihi
999 2848 1084 2879 mt'fisli.

246 2879 274 2906 8.
292 2883 398 2907 Inhihcre
406 2881 475 2914 effimt
484 2881 664 2915 remigesjuffi]
683 2880 765 2916 Vulg.
775 2882 877 2907 inhiberi
884 2881 951 2914 affini
961 2883 1055 2915 remiges
1066 2884 1130 2915 juffi.

245 2923 275 2949 9.
293 2919 360 2943 Dices
377 2919 417 2944 hoe
433 2916 493 2944 idem
501 2917 604 2944 Varroni
615 2937 622 2950 ,
640 2919 685 2948 nifi
693 2919 756 2951 fhrte
773 2918 903 2952 mutam]
925 2915 975 2943 Ms.
987 2917 1055 2944 Bosii
1066 2918 1102 2945 est
1112 2918 1167 2944 haec

209 2949 293 2978 leffio
303 2961 312 2982 3
323 2953 437 2988 Vulgata
447 2954 483 2980 est
495 2972 503 2985 ,
514 2954 574 2980 dices
584 2954 643 2980 idem
652 2954 781 2985 Varronis?
786 2954 844 2983 lime
854 2955 968 2979 mutarit.

213 3022 217 3027 ι
249 2997 291 3014 10.
309 2989 386 3022 Qum
394 2996 421 3015 ut
430 2990 570 3025 Lucullm]
590 2991 706 3019 Faernus
724 2989 853 3027 probante
862 2990 961 3017 Ursino
972 2988 1077 3025 legebat
1095 2997 1167 3025 quam

211 3025 238 3048 tit
247 3023 368 3051 Lucilius.

248 3069 257 3086 r
268 3069 290 3086 r.
308 3063 425 3093 Sustineat
434 3070 540 3094 curnam,
549 3069 577 3088 ur
585 3062 684 3098 henim]
706 3063 875 3090 Hexametro
885 3062 948 3089 huic
957 3062 1077 3089 ordinem
1089 3061 1162 3088 suum

208 3103 242 3121 ex
253 3095 368 3132 antiquis
379 3097 458 3125 codd.
469 3097 586 3125 reddidit
595 3098 731 3127 Vi&orius
743 3120 752 3133 ‚
771 3098 842 3136 quod
853 3099 881 3126 δί
890 3106 952 3127 ante
964 3108 1023 3126 euin
1035 3099 1165 3126 Germani

206 3131 344 3160 fecerant:
358 3132 431 3168 prosa
459 3134 514 3160 rius
524 3133 663 3162 videbatur
672 3136 734 3163 esse.

246 3176 289 3209 ¹.²·
302 3171 412 3208 ‘similem
441 3173 488 3196 ατη
505 3170 607 3204 imiza]
629 3171 792 3200 Vocabulum
803 3172 928 3199 Graecum
940 3171 1010 3209 qnod
1021 3172 1064 3198 hic
1073 3171 1165 3199 deerat

207 3203 323 3234 restituit
332 3204 467 3234 vietor-ius
478 3225 488 3240 ‚
506 3207 534 3234 ὅ(
545 3206 615 3236 ludit
624 3215 669 3236 eos
680 3208 726 3246 qui
736 3208 926 3239 substituebant
934 3211 1026 3244 ἐποχὴν
1036 3210 1163 3246 {quasdem

878 179 968 209 AD
1026 167 1435 220 Arrio-triu,

1194 2564 1197 2589 ξ
1213 2569 1280 2594 quom
1290 2560 1316 2588 in
1329 2560 1386 2588 mss.
1398 2560 1486 2587 valere
1494 2563 1605 2595 quonlam
1615 2571 1621 2585 :
1631 2569 1645 2584 v
1651 2560 1713 2595 ulgo
1726 2559 1830 2593 quomodo
1840 2564 1926 2583 auti-m.

1503 166 1658 212 L1B.
1710 165 1866 213 xm.
2100 167 2193 234 <0²99

1234 244 1254 275 fi
1263 245 1337 286 quid
1347 243 1418 276 efl'et
1431 252 1567 276 :certene
1578 244 1614 275 de
1626 246 1752 276 Metello
1765 245 1798 277 δε
1810 245 1948 277 Balbino.
1967 245 2015 278 dic
2026 247 2116 282 mihi,
2131 248 2198 288 pla-

1234 296 1320 317 cetne
1342 286 1396 317 tibi
1406 297 1542 328 primum
1552 286 1639 318 edere
1649 287 1752 327 injuffie
1760 292 1839 318 meo?
1863 290 1923 320 hoc
1934 299 1972 319 ne
1984 290 2195 321 Hermodorus

1234 330 1284 370 qui
1292 327 1362 359 dem
1373 328 1537 363 faciebam
1546 331 1598 371 qui
1610 330 1742 361 Platonis
1753 330 1847 361 libros
1861 331 1967 362 solitus
1978 330 2021 362 est
2029 331 2180 374 divulgare
2185 343 2196 367 5

1234 388 1270 407 ex
1282 387 1354 418 quo,
1367 373 1505 419 λόῃβέσῑν
1516 364 1732 418 Ερμέδὶαρῶ.
1753 379 1826 420 qiud
1837 379 1911 410 illud
1925 382 1935 410 ?
1956 379 2115 411 reeiumne
2125 382 2194 412 exi-

1232 418 1333 450 stimas
1343 423 1372 448 ¹3
1383 421 1523 460 cuiquam
1534 429 1611 454 ante,
1625 421 1716 462 quam
1729 423 1834 452 Bruto?
1843 424 1892 453 cui
1903 431 1930 453 te
1941 421 2071 457 auGtore,
2084 433 2196 463 wo·-

1234 462 1339 501 Φωνῶ.
1367 468 1478 509 scripsit
1497 472 1580 501 enim
1603 471 1710 501 Balbus
1723 471 1757 501 ad
1769 481 1819 501 me
1830 472 1857 502 se
1869 471 1884 502 a
1896 480 1924 502 te
1934 474 2078 513 quintum
2088 470 2197 510 defini-

1232 507 1282 537 bus
1294 509 1406 540 librum
1419 509 1594 551 descripsisse
1607 523 1611 541 z
1626 514 1657 542 in
1667 523 1728 553 quo
1742 523 1805 543 non
1818 513 1885 544 sane
1896 515 1992 544 multa
2003 515 2129 546 mutavi:
2144 512 2194 544 sed

1232 561 1333 581 tamen
1357 552 1503 592 quaedam.
1528 563 1559 582 tu
1578 562 1678 584 autem
1697 555 1862 585 commode
1874 553 1981 586 feceris
1993 576 2001 589 ‚
2025 554 2046 584 si
2060 556 2193 596 reliquos

1230 602 1417 631 continueris
1429 621 1436 635 ‚
1460 612 1498 631 ne
1518 602 1593 631 &¹4
1605 592 1783 642 oidlo'pomm
1796 603 1899 635 habeat
1909 604 2016 636 Balbus
2030 624 2039 638 ,
2061 604 2093 634 &
2104 596 2193 632 ἑωλθῦ

1231 644 1348 672 Brutus.
1372 643 1421 673 sed
1440 645 1502 673 haec
1524 643 1667 674 haetenus
1687 655 1724 674 ne
1734 645 1836 676 videar
1848 644 1920 684 ff
1937 647 2047 691 μικρθέ
2058 638 2193 681 wadli-

1233 683 1305 730 ζειν.
1330 689 1381 721 etsi
1401 701 1482 722 nunc
1503 693 1627 733 quidem
1651 695 1781 723 maxima
1802 697 1881 725 mihi
1893 696 1961 726 sunt
1973 696 2043 725 liaec.
2067 693 2139 734 quid
2150 692 2193 724 est

1232 734 1315 763 enim
1336 733 1417 763 aliud
1430 736 1440 762 ?
1460 736 1589 763 Varroni
1607 735 1730 775 quidem
1750 746 1815 776 quae
1840 736 1934 776 scripsi
1956 746 1984 766 te
1994 735 2113 766 truciore
2125 755 2134 769 ,
2154 736 2195 766 ita

1229 784 1355 815 propero
1368 778 1496 809 mittere,
1510 776 1609 815 utjam
1622 778 1755 806 Romam
1769 779 1902 808 miserim
1914 777 2115 809 describenda.
2129 787 2162 807 ea
2172 775 2193 807 fi

1231 816 1315 846 voles
1328 837 1336 850 ‚
1357 815 1455 847 statim
1478 818 1612 847 habebis.
1634 817 1731 858 scripsi
1741 821 1826 849 enim
1837 820 1871 849 ad
1885 820 2042 854 librarios,
2065 828 2098 849 ut
2109 818 2192 851 fieret

1231 860 1300 891 tuis,
1314 857 1334 888 si
1346 867 1377 889 tu
1391 860 1481 889 velles
1494 880 1503 893 ,
1516 859 1701 889 describendi
1712 860 1848 899 potestas.
1876 872 1906 891 ea
1918 861 1989 891 vero
2003 861 2189 895 continebis,

1231 900 1329 940 quoad
1352 901 1413 941 ipse
1433 910 1461 931 te
1481 901 1600 931 videam
1615 914 1623 935 3
1643 901 1727 942 quod
1747 901 1974 943 diligentissime
1996 903 2088 933 facere
2101 903 2190 936 soles,

1230 944 1302 972 cum
1313 942 1328 972 a
1343 952 1392 972 me
1404 943 1458 972 tibi
1471 943 1587 973 dicium
1599 942 1650 973 est.
1667 947 1693 971 ¹5
1703 954 1773 974 cum
1785 944 1884 974 autem
1897 944 1971 985 fugit
1984 956 2031 974 me
2042 944 2097 974 tibi
2109 944 2192 975 dice-

1230 993 1262 1014 re
1274 1003 1281 1017 ‚
1303 983 1434 1015 mirifice
1454 986 1577 1015 Caerelia
1596 984 1696 1015 studio
1707 986 1845 1017 videlicet
1855 987 2053 1026 philosophia:
2067 985 2191 1028 flagrans

1229 1024 1373 1070 describit
1391 1026 1406 1057 a
1427 1029 1502 1056 tuis:
1516 1026 1586 1057 istos
1599 1027 1675 1067 ipsos
1686 1026 1830 1066 definibus
1840 1028 1938 1059 habet.
1959 1038 2013 1068 ego
2023 1037 2122 1058 autem
2135 1028 2191 1058 tibi

1230 1068 1381 1098 confirmo
1391 1088 1398 1102 ‚
1422 1068 1563 1108 (poss'um
1584 1068 1668 1103 falli,
1694 1068 1722 1090 ¹⁶
1734 1079 1766 1100 ut
1784 1071 1901 1110 homo)
1925 1070 1941 1101 a
1961 1072 2037 1100 meis
2048 1079 2111 1099 earn
2125 1079 2188 1099 non

1229 1108 1344 1139 habere.
1357 1119 1526 1152 numquam
1538 1113 1621 1141 enim
1635 1112 1670 1142 ab
1681 1113 1776 1142 oculis
1788 1114 1865 1142 meis
1878 1111 2048 1142 abfuerunt.
2071 1120 2187 1151 tanturn

1228 1160 1320 1191 porro
1331 1151 1437 1186 aberat,
1451 1163 1483 1182 ut
1495 1153 1584 1183 binos
1595 1153 1765 1188 scriberent3
1776 1156 1829 1184 vix
1841 1152 1971 1195 singulos
1980 1152 2188 1186 confecerunt,

1229 1202 1352 1224 tuorum
1365 1198 1393 1222 ¹7
1405 1204 1505 1225 tamen
1516 1205 1571 1236 ego
1583 1195 1702 1225 nullum
1714 1195 1848 1225 delictum
1860 1197 1998 1230 arbitror,
2011 1190 2038 1214 [Β
2049 1194 2191 1236 idemque

1229 1244 1256 1265 te
1266 1236 1338 1265 volo
1348 1235 1530 1267 existimare.
1553 1238 1570 1267 a
1583 1247 1633 1266 me
1644 1239 1726 1267 enim
1737 1236 1966 1278 praetermissum
1978 1236 2019 1268 est
2031 1257 2039 1272 ‚
2064 1245 2096 1267 ut
2107 1236 2190 1267 dice-

1227 1287 1305 1311 rem,
1319 1287 1372 1308 eos
1382 1281 1465 1308 exire
1475 1279 1615 1309 nondum
1627 1280 1718 1309 velle.
1742 1282 1804 1310 Hui
1815 1280 1906 1321 quam
1917 1280 1969 1309 diu
1981 1279 2017 1309 de
2029 1281 2116 1320 nugis
2129 1281 2139 1306 ?
2151 1278 2189 1308 de

1227 1329 1258 1348 re
1268 1320 1353 1349 enim
1366 1321 1444 1350 nihil
1456 1321 1564 1355 habeo,
1574 1321 1656 1362 quod
1666 1321 1780 1362 loquar.
1801 1324 1849 1352 De
1859 1321 2017 1352 Dolabella
2028 1320 2083 1350 tibi
2093 1319 2190 1350 assen-

1225 1362 1293 1391 tior.
1312 1362 1521 1396 coheredes‚ut
1531 1363 1644 1397 scribis,
1655 1365 1689 1393 in
1700 1363 1884 1394 Tusculano.
1900 1367 1927 1391 ¹9
1940 1366 1987 1393 De
1998 1363 2121 1393 Caesaris
2131 1360 2184 1392 a‘d-

1227 1412 1330 1437 ventu,
1344 1402 1454 1444 scripsit
1467 1404 1502 1435 ad
1514 1415 1562 1435 me
1574 1404 1693 1439 Balbus,
1707 1415 1769 1435 non
1779 1415 1846 1436 ante
1858 1405 1926 1435 Kal.
1939 1408 2020 1435 Seitt.
2034 1407 2081 1435 De
2093 1404 2189 1434 Attica

1224 1453 1341 1492 optime
1352 1473 1362 1487 2
1385 1456 1418 1474 ²0
1428 1454 1511 1495 quod
1519 1454 1617 1485 levius
1628 1474 1638 1491 ‚
1650 1465 1683 1486 ac
1694 1455 1792 1485 lenius
1804 1475 1813 1489 ‚
1826 1455 1861 1485 δε
1870 1454 1952 1495 quod
1963 1453 2020 1484 fert
2031 1446 2190 1487 cendam,

1227 1494 1316 1535 Qod
1329 1504 1429 1526 autern
1441 1496 1478 1526 de
1488 1497 1541 1526 illa
1553 1496 1652 1527 nostra
1662 1498 1848 1538 cogitatione
1859 1496 1963 1527 scribis
1977 1514 1986 1529 ‚
1998 1497 2031 1526 in
2042 1495 2189 1536 quanihil

1225 1536 1281 1566 tibi
1293 1536 1368 1567 cedo
1380 1558 1388 1571 ‚
1408 1547 1451 1571 ea,
1472 1548 1538 1578 quae
1550 1540 1643 1572 novi,
1664 1541 1691 1558 2¹
1706 1539 1790 1568 valde
1804 1538 1899 1578 probo
1912 1559 1921 1571 ‚
1941 1538 2102 1567 hominem
2115 1555 2123 1569 ‚
2133 1535 2189 1566 do-

1228 1587 1315 1608 mum
1327 1598 1335 1612 ‚
1357 1577 1522 1609 facultates.
1544 1579 1626 1621 quod
1645 1586 1731 1621 caput
1751 1579 1793 1610 cst
1804 1600 1812 1613 ,
1834 1579 1936 1619 ipsum
1947 1588 2012 1608 non
2022 1580 2097 1608 novi
2111 1588 2117 1606 2
2138 1576 2189 1608 sed

1225 1619 1316 1650 audio
1335 1620 1495 1652 laudabilia
1516 1620 1552 1651 de
1570 1620 1681 1652 Scrofa.
1705 1623 1796 1652 etiarn
1808 1620 1950 1661 proxime
1961 1619 2074 1650 accedit
2089 1639 2098 1653 ,
2123 1622 2152 1638 ²²
2164 1616 2186 1648 fi

1223 1669 1297 1711 quid
1311 1670 1369 1700 hoc
1377 1670 1486 1701 adrem
1501 1681 1507 1699 t
1529 1663 1730 1710 60241352395
1741 1669 1785 1701 est
1793 1671 1883 1701 etiam
1896 1690 1906 1704 ,
1918 1679 2009 1711 quam
2021 1675 2112 1709 pater.
2134 1677 2188 1698 co—

1224 1721 1287 1742 ram
1310 1713 1401 1753 igitur
1411 1732 1420 1746 ,
1443 1712 1476 1743 &
1493 1711 1619 1754 quidem
1639 1713 1787 1752 propenso
1798 1714 1906 1743 animo
1928 1711 1963 1742 ad
1984 1708 2185 1751 probandum.

1224 1753 1337 1784 accedit
1346 1755 1431 1784 enim
1444 1773 1452 1788 ‚
1472 1754 1554 1805 quod
1564 1763 1677 1794 patrem
1690 1773 1699 1788 ‚
1712 1763 1744 1784 ut
1754 1754 1828 1785 scire
1841 1763 1869 1784 te
1878 1762 1952 1794 puto
1962 1772 1971 1787 ,
1995 1752 2061 1792 plus
2072 1752 2162 1782 etiam
2174 1770 2185 1785 ‚

1223 1796 1315 1836 quarn
1327 1806 1391 1826 non
1401 1796 1498 1826 modo
1510 1805 1541 1827 tu
1551 1816 1561 1830 ,
1573 1796 1623 1826 sed
1633 1796 1725 1837 quam
1737 1796 1798 1837 ipse
1808 1796 1876 1830 scit,
1887 1804 1958 1826 amo
1971 1794 2063 1835 idque
2073 1792 2106 1824 δε
2115 1802 2187 1824 me-

1225 1840 1298 1871 rito,
1312 1837 1413 1878 &jam
1424 1837 1488 1867 diu.

1453 1881 1653 1910 CICERO
1673 1881 1894 1912 ATTICO,
1917 1881 1946 1909 S.

1229 1918 1346 1994 DE
1364 1921 1497 1951 Varrone
1508 1941 1517 1954 ,
1539 1930 1604 1951 non
1622 1920 1687 1951 sine
1696 1921 1780 1951 causa
1790 1940 1798 1954 ,
1820 1920 1894 1961 quid
1904 1919 1961 1950 tibi
1970 1919 2083 1960 placeat
2091 1938 2101 1954 ‚
2120 1927 2183 1950 tam

1321 1960 1482 2002 diligenter
1501 1962 1644 2003 exquiro.
1670 1970 1816 1993 occurunt
1829 1963 1908 1992 mihi
1917 1961 2068 2004 quaedam.
2091 1961 2141 1992 sed
2150 1970 2185 1992 ea

1221 2021 1335 2042 coram.
1348 2019 1376 2041 te
1386 2020 1486 2041 autem
1497 2003 1706 2048 &afflinem
1716 2013 1748 2038 ²3
1761 2012 1892 2045 intexui,
1904 2010 2070 2051 faciamque
2081 2010 2111 2041 id
2120 2020 2186 2041 cre-

1221 2053 1313 2083 brius.
1327 2055 1478 2093 proximis
1489 2054 1572 2083 enim
1585 2054 1645 2082 tuis
1655 2053 1762 2084 litteris
1770 2052 1918 2094 primum,
1929 2062 1956 2083 te
1967 2052 1998 2083 id
2008 2062 2072 2083 non
2084 2052 2181 2087 nolle,

1218 2097 1359 2136 cognovi.
1380 2097 1428 2124 De
1438 2094 1746 2136 Marcello‚scripserat
1755 2095 1791 2125 ad
1802 2105 1851 2125 me
1859 2093 1972 2129 Gaffius
1983 2103 2077 2129 antem
2092 2090 2124 2133 ἃ
2134 2095 2180 2140 ,ᾧ

1219 2137 1336 2180 peip&
1355 2146 1488 2175 Servius.
1511 2147 1544 2171 ²4
1556 2143 1576 2175 ὃ
1586 2154 1648 2174 rem
1661 2144 1796 2175 acerbam
1811 2144 1863 2176 lad
1873 2147 1971 2185 prima
1981 2143 2081 2174 redeo.
2105 2145 2184 2174 Scri-

1217 2195 1267 2226 pta
1278 2185 1378 2217 nostra
1387 2187 1536 2228 nusquam
1547 2187 1628 2217 malo
1638 2185 1709 2220 effe,
1721 2187 1812 2228 quam
1824 2186 1902 2228 apud
1912 2195 1940 2217 te
1951 2197 1958 2216 ι
1969 2189 1999 2214 ²5
2009 2184 2058 2216 sed
2071 2194 2181 2258 eaftum

2115 2236 2182 2258 oras

1256 2315 1284 2342 ¹3
1293 2327 1298 2332 .
1318 2309 1436 2341 Cuiquam
1445 2314 1501 2333 ante
1512 2326 1520 2339 ,
1530 2306 1602 2342 quim
1612 2307 1711 2340 Bruto]
1733 2308 1754 2333 V
1758 2305 1848 2332 ῐξὶοιίί
1858 2303 1978 2332 codicum
1990 2303 2117 2340 scriptura
2126 2303 2181 2331 haec

1216 2342 1263 2370 est.
1283 2343 1357 2378 prior
1375 2343 1429 2369 haec
1444 2350 1503 2369 erat
1516 2363 1524 2375 ,
1543 2347 1668 2377 quicquam
1677 2345 1770 2374 Brut05
1791 2341 1900 2377 Vulgati
1911 2350 1980 2368 nunc
1991 2340 2086 2366 habent
2098 2359 2107 2372 ,
2126 2341 2179 2365 cui-

1216 2388 1288 2413 quam
1297 2379 1427 2414 quidquam
1435 2386 1564 2413 antequam
1573 2381 1658 2405 Bruto.

1255 2422 1296 2448 14.
1317 2415 1488 2451 A'31336w292]
1511 2414 1670 2442 Emendatio
1688 2414 1742 2441 baec
1751 2412 1864 2441 debetur
1873 2412 1994 2440 Visstorio
2004 2411 2049 2448 qui
2060 2410 2177 2448 spurium

1215 2450 1282 2477 illud
1296 2471 1303 2484 ,
1316 2452 1454 2486 ἀδωρὸτοίζιῐ
1465 2472 1473 2484 ,
1484 2452 1544 2478 hinc
1554 2451 1668 2478 furcillis
1680 2451 1767 2486 ejecit.

1260 2497 1269 2513 1
1277 2497 1302 2522 ς.
1322 2491 1380 2514 Cum
1389 2490 1535 2522 autemfugit
1544 2488 1604 2522 me.]
1626 2488 1666 2514 Ita
1677 2496 1768 2514 ornnes
1781 2485 1838 2513 mss.
1849 2485 1928 2516 Boni,
1941 2486 1970 2511 &
1981 2484 2017 2510 ita
2028 2483 2075 2510 ille
2084 2483 2178 2519 legen-

1215 2522 1278 2550 dum
1298 2524 1454 2552 arbitratur.
1474 2523 1619 2551 Lambinus
1640 2523 1741 2549 mavult
1754 2542 1761 2554 ‚
1779 2525 1890 2556 quoniam
1900 2529 1977 2547 autem
1988 2540 1996 2553 ‚
2013 2520 2065 2552 ἅτ.
2083 2519 2177 2546 dicens

1253 2596 1296 2623 16.
1319 2600 1348 2622 Ut
1357 2599 1419 2623 homo
1430 2616 1438 2629 ‚
1457 2596 1473 2623 iz
1484 2597 1537 2622 meis
1547 2606 1597 2622 cam
1607 2606 1650 2622 non
1659 2595 1769 2628 bahem]
1791 2594 1834 2619 sic
1845 2592 1904 2619 Bos.
1914 2602 1947 2619 ex
1959 2594 2176 2619 necare-emen-

1213 2631 1286 2660 davit
1299 2652 1307 2666 ‚
1320 2640 1350 2660 ut
1359 2633 1387 2659 &
1398 2640 1475 2660 antea
1485 2631 1580 2659 Lamb.
1590 2641 1623 2659 cx
1635 2633 1721 2658 Torn.
1731 2630 1806 2665 vulg.
1816 2636 1844 2655 ut
1852 2631 1972 2655 humanm
1983 2648 1991 2662 ,
2002 2628 2018 2655 ὰ
2029 2629 2175 2655 meneniu-

1212 2669 1264 2731 bessje
1264 2713 1292 2738 7
1302 2706 1387 2730 Tamen
1397 2714 1430 2739 ego
1439 2704 1552 2739 merlam]
1565 2704 1608 2730 Sic
1618 2702 1759 2730 Decurt.&
1770 2702 1856 2728 Torn.
1868 2700 1944 2737 vulg.
1952 2708 2031 2728 tamen
2040 2710 2063 2726 eo
2072 2701 2173 2729 nullan.

1251 2741 1292 2767 18.
1312 2741 1417 2774 Idemque
1427 2748 1448 2766 te
1457 2741 1533 2775 volo.]
1556 2739 1637 2775 Vulg.
1648 2742 1756 2773 itemque.

1249 2785 1292 2812 ¹9·
1311 2780 1344 2803 De
1355 2778 1449 2810 Caeshris
1459 2776 1590 2810 adai-min]
1613 2777 1641 2801 ln
1654 2775 1711 2802 mss‘.
1725 2774 1781 2801 Pal.
1791 2773 1949 2811 principium
1961 2781 2036 2801 novae
2043 2771 2170 2808 epistolae.

1243 2821 1290 2840 20.
1310 2814 1379 2845 ‚Qud
1395 2814 1471 2839 (mm.-
1482 2822 1510 2838 ιιι·
1520 2812 1594 2838 leniris
1604 2812 1633 2842 ὠ
1641 2812 1703 2845 quod
1713 2813 1764 2843 sert
1782 2810 1906 2845 ἐυκὸλως]
1928 2809 2036 2846 Vulgati
2048 2808 2110 2836 libri
2121 2809 2169 2835 ha-

1208 2848 1272 2875 bent
1284 2868 1291 2880 ‚
1302 2849 1363 2884 quod
1369 2851 1445 2874 len-ius
1454 2849 1483 2880 (ἔγ
1491 2849 1604 2883 quodfierr
1615 2867 1622 2879 ‚
1632 2849 1683 2878 (Ire.
1703 2846 1745 2873 led
1758 2847 1853 2873 Lanib.
1862 2846 1916 2873 duo
1926 2846 1973 2873 illa
1985 2844 2110 2872 voeabula
2122 2864 2131 2877 ‚
2140 2853 2170 2870 nc

1206 2885 1285 2910 levites
1297 2903 1305 2916 ‚
1323 2883 1494 2912 offendebant
1505 2904 1512 2916 ,
1531 2885 1621 2920 itaque
1631 2883 1715 2910 deleri
1733 2882 1808 2919 juffit
1819 2903 1828 2917 ,
1846 2882 1937 2919 legens
1949 2901 1958 2916 ‚
1975 2881 2037 2917 quod
2052 2881 2168 2912 lmiks&

1223 2921 1268 2946 uod
1293 2928 1329 2946 ert
1346 2924 1444 2948 εὐκὸλωε
2166 2925 2177 2945 ἠ

1207 2931 1221 2955 q
1243 2922 1299 2982 21.s
1308 2958 1379 2982 Valde
1393 2958 1460 2990 probo
1469 2969 1478 2990 ,-
1487 2955 1623 2991 hominem]
1645 2956 1761 2983 Faernus
1770 2954 1874 2988 delens,
1879 2955 1961 2989 probo,
1971 2953 2078 2991 legebat
2090 2953 2169 2987 ,va-'-

1206 2992 1232 3018 de
1241 2993 1352 3018 hominem
1363 2993 1454 3018 domum
1467 3013 1474 3024 ,
1484 2994 1535 3023 &C-

1243 3037 1290 3054 22.
1309 3033 1334 3054 Si
1343 3030 1401 3063 quid
1407 3030 1447 3055 hoc
1457 3030 1490 3055 ad
1498 3029 1570 3064 rann]
1590 3028 1851 3065 Vulg.fiquidadhoc
1860 3037 1918 3054 rem.

1241 3072 1287 3099 ²3·
1308 3065 1431 3099 lmexui]
1452 3066 1482 3092 In
1493 3066 1579 3092 Torn.
1589 3065 1625 3092 est
1635 3069 1722 3091 inrexo.
2002 3073 2004 3075 ’

1240 3107 1286 3162 ¹24.
1305 3104 1322 3162 ξ
1333 3111 1380 3126 rem
1389 3101 1523 3137 acerbam]
1537 3102 1578 3129 Ex
1590 3100 1647 3129 mss'.
1658 3100 1783 3139 expressit
1792 3100 1882 3129 Belius
1893 3099 2049 3139 particulam
2059 3100 2138 3135 ⁵³¹¹ae
2149 3097 2164 3125 i

1205 3144 1237 3163 vu
1252 3146 1279 3162 vr.
1290 3145 1303 3162 a
1324 3144 1391 3164 crat.

1238 3158 1289 3207 ἦ,
1307 3173 1351 3199 sed
1358 3182 1386 3200 ea
1395 3181 1444 3199 mm
1449 3173 1519 3208 foras
1529 3174 1609 3209 dara]
1631 3174 1698 3202 Haec
1711 3173 1844 3205 correctio
1853 3173 1890 3204 est
1899 3172 2025 3205 vietorii.
2035 3177 2112 3199 antea
2122 3169 2164 3196 sc·

1205 3207 1315 3239 rebatur
1325 3210 1385 3247 ,fed
1391 3219 1419 3239 aa
1427 3211 1570 3246 timuifiras
1579 3212 1646 3238 dari.

1509 3247 1689 3277 Xxxxxz
2042 3241 2155 3277 ¹·Safiv‘?
