2295 3400
159 137 254 189 3=10
579 109 1077 161 MTULLH

165 203 239 235 dent
256 212 284 233 te
303 200 372 232 sane
392 198 450 236 iam
461 195 655 228 Mamertini,
676 194 728 234 qui
748 195 757 212 ¹
770 201 804 221 ex
814 197 898 220 tanta
905 186 1052 231 provincia
1066 185 1120 227 fiili

169 246 237 277 sunt
247 265 255 278 ,
266 246 319 285 qui
338 253 365 273 te
383 243 497 272 salvum
510 239 624 268 velint:
648 237 688 265 ita
699 244 796 265 tamen
808 232 948 265 laudent,
962 239 995 261 ut
1006 231 1100 270 Hejus
1112 249 1120 263 ,

168 289 222 329 qui
231 288 254 323 ej
261 297 294 316 us
306 288 443 325 princeps
454 281 611 323 legationis
620 277 662 308 cst
672 297 680 310 ,
691 275 777 307 adsit:
791 277 830 305 ita
838 273 959 304 laudent
968 293 977 306 ‚
989 281 1022 302 ut
1031 272 1065 302 ad
1077 282 1121 305 ea,

167 339 235 370 quae
245 324 454 365 rogauerunt,
467 324 545 353 mihi
555 322 643 361 parati
655 319 724 349 sunt
732 316 917 357 respondere.
940 317 985 345 Ac
994 324 1031 344 ne
1043 314 1124 344 subi-

168 379 200 401 to
212 372 227 401 ii
239 364 505 408 meopprimantur
517 385 524 397 ‚
537 365 600 393 haec
610 362 676 392 sum
688 368 858 401 rogaturus:
878 360 1009 387 NAVEM
1025 366 1123 386 vopu-

169 422 211 442 ιο
226 420 369 442 ROMANO
382 414 583 438 DEBEANTNE
593 410 602 435 ?
611 403 792 433 fatebuntur.
809 399 1039 440 praebuerintne,
1050 407 1124 439 prae-

168 462 233 484 tore
252 456 285 482 C.
297 455 407 481 Verre?
427 449 589 490 negabunt.
621 443 871 475 aedificaverintne
890 450 999 471 navem
1018 450 1125 470 onera—

167 498 242 526 riam
254 496 421 524 maximam
432 487 657 532 publice,qu31m
668 487 754 516 Verri
764 484 929 516 dederunt?
943 492 1048 524 negare
1059 492 1124 511 non

167 545 318 577 poterunt.
340 534 571 564 frumentumne
584 530 620 560 ab
631 530 678 558 his
690 528 825 558 sumserit
834 529 939 555 Verres
952 544 960 559 ‚
978 524 1058 566 quod
1069 534 1124 563 po-

168 579 242 619 pulo
254 581 348 608 Rom.
360 579 501 608 mitteret,
514 573 595 604 sicuti
606 573 770 611 superiores
781 572 791 599 ?
802 568 960 610 negabunt.
980 566 1052 607 quid
1066 568 1125 595 rni-

170 622 260 650 litum
272 640 281 653 ,
300 629 349 649 aut
363 626 515 648 nautatum
527 625 578 655 per
588 614 752 644 triennium
763 610 921 641 dederint?
942 608 1063 638 nullum
1074 607 1125 637 da-

171 671 237 692 tum
248 662 359 692 dicerit.
383 658 480 690 Fuiss'e
490 656 654 688 Messanam
663 656 806 684 omnium
817 651 900 682 istius
909 649 1059 680 furtorum
1073 670 1080 682 ‚
1093 658 1125 678 ac

169 703 335 744 praedarum
356 702 546 740 receptricem
566 719 575 733 ‚
594 706 701 738 negare
718 706 783 726 non
800 701 949 735 poterunt.
979 691 1127 731 permulta

171 745 278 775 multis
287 744 413 774 navibus
422 743 507 773 illinc
515 748 681 781 exportata:
702 739 778 768 hanc
796 745 904 767 navem
915 734 1044 774 denique
1062 741 1127 762 ma-

170 790 288 817 ximam
306 785 522 816 aMamertinis
539 784 657 815 datam,
680 779 818 811 onustam
837 787 907 808 cum
928 775 984 806 isto
1003 783 1128 815 praetore

170 828 337 868 profetiam
354 827 536 857 fatebuntur.
560 823 769 866 Qamobrem
789 821 845 850 tibi
865 819 938 848 habe
958 818 1026 847 sane
1043 815 1128 846 istam

171 870 376 902 laudationem
395 869 609 900 Mamertinam
629 875 634 894 :
657 863 866 905 Syracusanam
884 859 1009 901 quidem
1026 859 1132 889 civita-

1157 107 1688 154 Crcnnours

1159 195 1237 221 tem,
1261 195 1295 218 ut
1309 186 1361 218 abs
1377 195 1406 217 te
1421 184 1524 218 affe&
1538 184 1580 216 est
1591 206 1600 219 ,
1618 186 1659 216 ita
1675 185 1708 215 in
1726 189 1756 215 te
1773 180 1832 215 esse
1852 181 2013 216 animatam
2030 183 2118 217 vided

1162 239 1247 260 mus:
1269 229 1346 270 apud
1363 240 1438 271 quos
1455 232 1545 260 etiam
1566 230 1664 258 Verrea
1681 227 1732 257 illa
1752 225 1894 268 flagitiosa
1912 227 2022 257 sublata
2040 227 2117 257 sunt.

1161 273 1274 302 etenim
1298 281 1324 302 M
1338 282 1348 301 1
1361 282 1380 301 N
1392 282 1403 301 1
1416 281 1442 301 M
1452 281 1471 301 E
1487 269 1685 301 conveniebat
1700 287 1709 302 2
1730 270 1758 298 ei
1776 269 1902 299 deorum
1920 269 2050 299 honores
2066 270 2121 299 ha-

1162 314 1224 344 beri
1246 334 1254 347 ‚
1284 316 1337 355 qui
1356 312 1510 343 simulacra
1527 312 1653 343 deorum
1673 308 1839 341 sustulisset.
1879 312 1977 341 Etiam
2000 312 2122 341 meher-

1162 355 1231 385 cule
1241 355 1317 385 illud
1331 357 1363 385 in
1374 355 1559 395 Syracusanis
1570 351 1679 384 merito
1689 352 1952 391 reprehenderetur
1961 372 1970 386 ‚
1987 350 2008 382 si
2019 372 2028 386 ,
2046 351 2121 383 esim
2159 372 2164 379 i

1163 396 1246 427 diem
1263 396 1374 427 festum
1394 397 1534 427 ludorum
1553 396 1590 426 de
1610 393 1691 425 fastis
1710 394 1770 424 suis
1790 392 1970 424 sustulissent
1988 394 2120 424 celeber-

1162 441 1274 469 rimum
1289 459 1296 472 ‚
1319 439 1352 469 &
1372 436 1606 471 sanetiffimum,
1629 434 1712 477 quod
1731 446 1768 466 eo
1787 436 1851 476 ipso
1868 435 1916 465 die
1938 436 2083 476 Syracusae
2104 435 2122 466 Ξ

1165 481 1309 511 Marcello
1323 490 1413 520 captae
1430 478 1488 509 effe
1503 479 1645 509 dicuntur
1657 498 1664 512 ,
1684 477 1779 507 iidem
1797 479 1879 507 diem
1898 476 2009 514 festum
2018 479 2121 507 Verris

1163 525 1291 552 nomine
1308 530 1440 564 agerent:
1463 520 1534 551 cum
1553 519 1606 550 iste
1618 519 1804 560 Syracusanis
1815 539 1823 552 ,
1841 529 1907 560 quae
1927 519 1979 549 ille
1996 519 2120 549 calami-

1162 565 1244 595 tosus
1262 564 1325 594 dies
1344 564 1514 604 reliquerit,
1534 560 1699 593 ademisset.
1729 564 1769 591 At
1786 560 1887 591 videte
1904 561 2042 591 hominis
2060 562 2121 590 im·-

1162 606 1336 646 pudentiam
1347 626 1355 638 ‚
1375 614 1461 646 atque
1478 605 1693 645 arrogantiam,
1710 602 1826 642 judices
1838 623 1846 636 ,
1865 604 1918 643 qui
1934 612 1998 632 non
2017 601 2121 633 solum

1165 651 1272 678 Verrea
1290 649 1353 677 haec
1368 649 1464 687 turpia
1475 667 1482 681 ,
1503 656 1535 676 ac
1553 645 1680 675 ridicula
1698 654 1737 675 ex
1756 644 1887 674 Heraclii
1903 645 2029 683 pecunia
2045 653 2122 674 con-

1165 688 1291 719 stituerit
1304 700 1308 718 :
1327 688 1436 719 verum
1453 691 1544 718 etiam
1554 687 1705 717 Marceuea
1720 686 1789 716 tolli
1804 687 1974 726 imperarit,
1993 694 2026 715 ut
2036 687 2063 715 ei
2079 686 2124 716 sa-

1165 740 1212 761 cra
1221 731 1350 762 facerent
1359 732 1521 771 quotannis
1533 750 1541 763 ,
1560 730 1645 767 cujus
1658 738 1747 768 opem
1761 729 1905 758 omnium
1920 737 2071 757 annorum
2081 727 2125 757 sa-

1164 782 1211 802 cra
1223 793 1231 805 ‚
1256 772 1386 813 deosque
1403 774 1513 812 patrios
1533 771 1707 801 amiserant:
1726 770 1791 809 ejus
1805 778 1905 799 autem
1922 767 2048 799 familiae
2061 769 2125 799 dies

1166 813 1258 844 festos
1271 815 1432 848 tollerent,
1448 823 1499 854 per
1509 822 1602 853 quam
1611 821 1725 844 ceteros
1735 821 1855 853 quoque
1867 809 1958 842 festos
1975 810 2040 842 dies
2049 820 2126 840 recu-

1165 863 1306 898 perurant.

533 954 1773 1022 ACCUSATIONIS

1092 1049 1206 1094 IN

534 1601 1090 1666 ORATIO

444 1767 620 1810 apertiffime
633 1770 666 1797 C.
677 1769 782 1795 Verres
792 1766 825 1794 in
834 1763 944 1795 Sicilia,
959 1762 1033 1791 sacra
1043 1780 1051 1793 ,
1061 1769 1129 1799 pro-

446 1811 571 1851 fanaque
581 1810 687 1840 omnia
696 1807 728 1837 &
736 1802 924 1846 privatim',&
932 1801 1051 1843 publice
1063 1802 1129 1840 spo-

447 1854 542 1886 liarit,
560 1849 746 1890 versatusque
761 1846 794 1877 fit
811 1846 871 1876 fine
887 1846 947 1875 ulla
961 1854 1025 1874 non
1036 1841 1131 1872 modo

392 1891 398 1902 ⁹
412 1908 424 1927 ιι
446 1894 591 1935 religione,
610 1901 716 1922 verum
726 1891 817 1920 etiarn
829 1887 1045 1927 diffimulatione
1054 1887 1087 1914 in
1097 1894 1132 1914 o-

393 1929 422 1975 ζ
449 1937 633 1977 mnigenere
643 1932 780 1965 furandi,
799 1939 886 1971 atque
898 1927 1059 1969 praedandi.
1083 1926 1132 1972 sed

383 1969 431 1992 μ’
446 1978 583 2020 quaedam
594 1977 672 2007 mihi
681 1971 840 2015 magnifica
853 1991 862 2006 ,
883 1971 916 2001 &
925 1970 1061 2010 praeclara
1069 1977 1134 2008 eJus

173 2025 309 2060 defensio
325 2023 508 2055 ostenditur:
526 2021 575 2050 cui
591 2015 851 2060 quemadmodum
867 2011 1013 2044 resistam,
1034 2011 1133 2057 multo

177 2070 258 2101 mihi
268 2068 335 2099 ante
347 2087 356 2100 ,
370 2067 382 2105 j
387 2065 487 2096 udices
498 2082 506 2096 ‚
523 2059 757 2102 providendum.
780 2059 823 2087 Ita
832 2057 918 2086 enim
929 2054 1012 2084 causa
1022 2051 1133 2099 consti-

175 2114 270 2143 tuitur
280 2130 288 2143 ‚
299 2109 489 2149 provinciam
499 2103 632 2135 Siciliam
642 2101 753 2131 virtute
766 2099 822 2138 ejus
834 2118 842 2131 ,
864 2098 898 2130 (y
907 2095 1065 2143 w'gff‘ff'fflf‘
1076 2092 1134 2123 fin-

176 2153 283 2195 gulari,
294 2150 396 2181 dubiis
405 2169 413 2183 ,
423 2143 685 2183 formidolosisque
695 2139 893 2181 temporibus,
904 2138 920 2168 a
931 2138 1080 2183 fugitivis,
1091 2144 1134 2182 at-

177 2205 235 2236 que
245 2193 261 2224 a
270 2192 343 2222 belli
352 2190 491 2231 periculis
500 2196 597 2218 tutam
607 2184 664 2215 efl‘e
674 2185 828 2214 servatam.
856 2179 938 2221 Qid
947 2188 1042 2220 agam,
1049 2188 1060 2228 ,¹
1068 2177 1134 2207 udi-

175 2238 248 2266 ces?
265 2233 327 2275 qub
340 2231 536 2263 accusationis
553 2238 628 2258 meae
646 2227 794 2257 rationem
812 2221 988 2253 conferam?
1003 2230 1065 2260 quo
1084 2228 1133 2266 me

175 2277 311 2309 vertam?
330 2275 367 2305 ad
378 2274 497 2304 omneis
506 2272 591 2300 enirn
601 2277 687 2299 meos
697 2269 826 2306 impetus
836 2284 845 2299 ,
862 2260 942 2304 quasi
952 2271 1057 2292 murus
1066 2271 1135 2301 qui-

178 2319 268 2352 dam,
287 2316 452 2346 boninomen
463 2315 631 2353 imperaram
647 2309 820 2349 opponitur.
843 2306 928 2335 Novi
947 2304 1069 2333 locum:
1086 2304 1135 2332 vi-

179 2361 239 2392 deo
248 2380 257 2394 ‚
279 2359 332 2389 ubi
342 2359 371 2388 se
382 2356 542 2397 jadiaturus
553 2352 587 2383 sit
597 2348 782 2382 Hortensius.
805 2347 878 2378 belli
888 2346 1037 2392 pericula,
1057 2353 1134 2374 tem—

176 2412 248 2444 pora
257 2400 372 2440 reipub.
382 2401 600 2438 imperatorum
609 2393 773 2434 paenuriam
785 2387 1038 2419 commemorabit
1049 2396 1054 2414 :
1068 2394 1133 2415 tum

176 2443 384 2484 deprecabitur
392 2440 408 2471 a
418 2439 504 2470 vobis
513 2457 521 2471 ‚
539 2446 605 2467 turn
616 2436 706 2466 etiam
716 2442 770 2473 pro
780 2432 834 2462 suo
840 2431 906 2471 jure
914 2427 1087 2460 contendet,
1097 2437 1133 2456 ne

176 2485 354 2527 patiamini,
373 2482 464 2513 talem
481 2482 695 2520 imperatorem
713 2473 829 2515 populo
846 2475 940 2502 Rom.
963 2470 1132 2517 Siculonirn

178 2526 363 2558 testimoniis
375 2525 468 2563 eripi:
487 2531 564 2552 neve
585 2519 680 2549 obteri
698 2516 818 2547 laudem
834 2516 1063 2558 imperatoriam·
1078 2520 1135 2557 cri-

179 2567 454 2598 minibusavaritiae
462 2564 575 2594 velitis.
607 2563 683 2591 Non
699 2556 821 2599 pofl'um
837 2553 1017 2586 dissimulare
1028 2573 1036 2586 ,
1052 2551 1136 2592 judi-

178 2621 247 2641 ces:
265 2610 379 2641 timeo,
399 2617 438 2636 rie
447 2609 479 2636 C.
492 2608 597 2635 Verres
608 2610 726 2642 propter
739 2601 815 2629 hanc
828 2600 972 2642 virtutem
989 2596 1135 2624 eximiam
1154 2613 1156 2624 <

179 2655 213 2682 in
224 2662 253 2681 re
264 2651 398 2682 militari,
409 2648 524 2681 omnia,
534 2655 599 2687 quae
607 2645 689 2676 fecit,
700 2641 825 2682 impune
835 2640 946 2669 iecerit.
957 2638 1042 2666 venit
1050 2644 1134 2682 enirn

180 2694 260 2724 mihi
270 2694 304 2722 in
315 2700 450 2721 mentem
461 2710 469 2723 ‚
486 2687 642 2728 injudicio
652 2688 698 2714 M.
709 2682 836 2724 Aquillii
845 2688 993 2722 quantum
1003 2676 1134 2724 auetori-

134 2747 136 2749 ’
177 2737 256 2768 tatis,
290 2741 414 2763 uantum
425 2731 577 2761 momenti
586 2728 681 2758 oratio
695 2727 738 2755 M.
751 2724 878 2755 Antonii
888 2719 1021 2751 habuisse
1030 2717 1134 2749 existi-

178 2786 259 2808 mata
279 2786 318 2805 it:
337 2776 408 2816 qui,
427 2782 459 2803 ut
473 2781 534 2802 erat
543 2773 575 2800 in
586 2768 714 2800 dicendo
732 2776 797 2797 non
814 2764 913 2795 solum
932 2763 1045 2802 sapiens
1055 2780 1064 2794 ,
1083 2759 1132 2807 sed

180 2820 271 2848 etiam
280 2817 367 2848 fortis
377 2837 385 2849 ‚
406 2814 488 2846 causa
495 2812 587 2854 prope
597 2819 730 2853 perorata
741 2829 750 2843 ,
770 2808 830 2848 ipse
840 2807 962 2845 arripuit
972 2806 1015 2833 M.
1027 2802 1135 2843 Aquil-

178 2862 256 2892 lium
266 2879 275 2894 ‚
297 2857 510 2896 constituitque
529 2857 562 2884 in
579 2850 742 2892 conspeitu
759 2851 901 2879 omniurn
912 2866 921 2880 ,
941 2853 1134 2891 tunicamque

179 2903 206 2939 ej
212 2911 245 2931 us
254 2901 269 2931 a
279 2899 397 2940 pastore
406 2897 538 2929 abscidit,
554 2904 585 2926 ut
595 2893 737 2925 cicatrices
745 2891 875 2932 populus
885 2891 1043 2919 Romanus
1051 2896 1059 2924 J
1066 2885 1133 2915 udi-

178 2943 285 2984 cesque
302 2941 501 2982 adspicerent,
522 2937 643 2975 adverso
652 2944 774 2975 corpore
785 2940 931 2972 exceptas.
953 2927 1084 2959 simul&
1095 2926 1131 2957 de
1150 2941 1154 2964 l

1204 1599 1769 1654 DECIMA.

1166 1716 1220 1746 illo
1230 1716 1354 1746 vulnere
1364 1735 1373 1750 ,
1387 1714 1468 1756 quod
1480 1715 1532 1745 iile
1543 1716 1576 1745 in
1586 1717 1679 1755 capite
1689 1715 1725 1746 ab
1735 1715 1869 1745 hostium
1881 1713 1955 1744 duce
1965 1722 2121 1755 acceperat,

1169 1758 1263 1788 multa
1272 1758 1350 1787 dixit
1362 1768 1479 1798 :eoque
1491 1757 1616 1787 adduxit
1625 1766 1687 1791 eos,
1698 1759 1751 1797 qui
1760 1765 1844 1787 erant
1852 1755 2020 1795 judicaturi,
2035 1757 2127 1786 vene*

1171 1808 1287 1830 menter
1296 1808 1328 1829 ut
1336 1808 1506 1829 vererentur
1515 1819 1525 1833 ,
1537 1809 1575 1829 ne
1585 1819 1594 1833 ,
1606 1809 1696 1840 quern
1706 1800 1806 1828 virum
1815 1797 1938 1828 fortuna
1946 1808 1982 1827 ex
1992 1797 2128 1828 hostium

1171 1842 1237 1871 telis
1257 1840 1426 1880 eripuisset,
1449 1840 1523 1870 cum
1537 1839 1591 1870 fibi
1601 1841 1660 1880 ipse
1672 1849 1735 1870 non
1744 1839 1935 1880 pepercisset,
1956 1840 2005 1870 hic
2015 1849 2079 1870 non
2092 1839 2129 1870 ad

1171 1884 1276 1923 populi
1286 1884 1420 1912 Romani
1431 1882 1549 1913 laudem
1560 1902 1569 1916 ,
1589 1882 1636 1912 sed
1647 1882 1681 1912 ad
1692 1882 1824 1921 judicum
1842 1881 2036 1911 crudelitatem
2044 1881 2132 1911 vide-

1174 1934 1252 1955 retur
1262 1923 1318 1954 effe
1329 1925 1466 1954 servatus.
1487 1925 1560 1954 Haec
1571 1924 1675 1954 eadem
1686 1933 1767 1954 nunc
1776 1923 1813 1953 ab
1822 1923 1882 1953 illis
1890 1921 2075 1953 defensionis
2083 1932 2130 1953 ra-

1174 1969 1216 1996 tio
1229 1987 1236 1999 ,
1249 1968 1356 2006 viaque
1365 1975 1508 1996 tentatur:
1522 1966 1604 1996 idem
1613 1967 1760 2006 quaeritur.
1785 1967 1829 1996 Sit
1837 1964 1885 1995 sur
1894 1985 1903 1999 ,
1919 1963 1954 1994 sit
1963 1965 2130 2005 sacrilegus,

1172 2007 1205 2038 sit
1222 2008 1407 2049 flagitiorum
1424 2010 1566 2038 omnium
1579 2028 1587 2041 ‚
1608 2009 1814 2048 vitiorumque
1832 2009 1986 2047 princeps:
2008 2009 2057 2036 Ar
2072 2016 2132 2037 Esr

1173 2060 1277 2080 nouus
1294 2059 1505 2084 IMPERATOR,
1521 2059 1562 2079 ετ
1576 2059 1690 2083 FELIX,
1705 2059 1746 2079 ET
1761 2059 1805 2078 An
1818 2057 1925 2078 mmm
1939 2058 2029 2078 Rern.
2041 2057 2130 2078 TEM-

1175 2101 1262 2122 1>0RA
1277 2101 1530 2122 RasERvANDus.
1553 2094 1718 2133 Nonagam
1730 2090 1922 2129 summojure
1932 2098 2047 2120 tecum:
2062 2099 2127 2119 non

1174 2134 1272 2164 dicam
1283 2133 1313 2163 id
1323 2154 1331 2168 ‚
1343 2133 1424 2174 quod
1435 2133 1560 2163 debeam
1569 2132 1691 2163 forsitan
1702 2132 1857 2162 obtinere:
1873 2141 1946 2161 cum
1967 2135 1976 2150 1
1981 2131 2128 2170 judicium

1173 2183 1247 2204 certa
1263 2175 1320 2215 lege
1334 2176 1375 2216 sit
1392 2174 1590 2205 constitutum
1602 2194 1610 2207 ‚
1633 2184 1698 2204 non
1707 2173 1780 2214 quid
1791 2175 1823 2203 in
1833 2182 1863 2202 re
1874 2173 1999 2202 militari
2013 2171 2132 2203 fortiter

1172 2216 1277 2247 feceris
1289 2238 1298 2251 ‚
1318 2217 1367 2247 sed
1377 2236 1385 2250 ,
1405 2215 1664 2257 quemadmodum
1686 2225 1793 2245 manus
1812 2214 1848 2245 ab
1866 2214 1973 2244 alienis
2015 2216 2131 2244 ecuniis

1173 2258 1348 2288 abstinueris
1361 2278 1370 2292 ,
1378 2258 1427 2288 abs
1437 2267 1465 2288 te
1475 2258 1575 2288 doceri
1585 2266 1722 2297 oportere
1733 2267 1738 2286 τ
1751 2266 1825 2290 non,
1836 2258 1972 2296 inquam,
1994 2266 2022 2286 ic
2030 2265 2128 2297 agam,

1176 2300 1272 2330 sedita
1281 2310 1412 2340 quaeram
1423 2319 1431 2333 ‚
1444 2298 1704 2340 quemadmodum
1715 2307 1742 2328 te
1753 2298 1830 2328 velle
1840 2297 1989 2338 intelligo,
2005 2307 2071 2338 quae
2082 2306 2132 2328 tua

1176 2351 1263 2380 opera
1274 2361 1283 2375 ‚
1297 2342 1330 2371 &
1339 2349 1450 2381 quanta
1457 2340 1589 2371 fueritin
1598 2339 1689 2371 bello.
1713 2339 1796 2380 Qd
1805 2339 1903 2370 dices?
1913 2349 1950 2369 an
1959 2339 2041 2369 bello
2050 2338 2132 2380 fugi-

1173 2385 1306 2413 tivorum
1317 2383 1449 2413 Siciliam
1458 2384 1568 2412 virtute
1580 2391 1632 2412 tua
1643 2382 1795 2412 liberatam
1806 2385 1817 2411 ?
1829 2390 1936 2421 magna
1945 2380 2025 2414 laus;
2036 2381 2131 2410 hone-

1176 2423 1217 2454 sta
1227 2427 1323 2455 oratio
1334 2435 1339 2453 :
1352 2423 1401 2454 sed
1411 2433 1511 2454 tamen
1519 2433 1580 2464 quo
1591 2423 1671 2454 bello
1683 2426 1694 2453 ?
1712 2433 1767 2453 nos
1778 2424 1862 2452 enim
1874 2421 1940 2462 post
1950 2422 1980 2452 id
1990 2422 2105 2452 bellurn
2118 2442 2129 2455 ,

1175 2466 1255 2506 quod
1267 2469 1311 2496 M.
1322 2466 1475 2506 Aquillius
1484 2464 1627 2499 confecit,
1637 2464 1675 2495 sic
1685 2466 1853 2505 accepimus
1861 2483 1870 2497 ,
1881 2463 2002 2493 nullum
2013 2465 2046 2493 in
2055 2465 2130 2494 Sici-

1175 2509 1214 2537 lia
1223 2507 1423 2549 fugitivorum
1434 2507 1549 2537 bellum
1559 2505 1655 2537 fuifl'e.
1687 2509 1727 2536 At
1736 2509 1769 2536 in
1779 2506 1864 2536 Italia
1872 2504 1940 2535 fuit.
1963 2504 2074 2539 fateor,
2095 2505 2129 2535 «Sc

1176 2559 1319 2590 magnum
1338 2549 1462 2590 quidem
1474 2570 1482 2582 ‚
1503 2559 1536 2579 ac
1552 2549 1726 2578 vehemens.
1748 2557 1825 2577 num
1840 2549 1929 2588 igitur
1940 2556 1978 2576 ex
1995 2556 2032 2576 eo
2048 2546 2130 2577 bello

1174 2601 1287 2631 partem
1297 2592 1426 2631 aliquam
1439 2591 1533 2621 laudis
1542 2600 1677 2630 appetere
1685 2591 1823 2622 conaris?
1837 2599 1913 2618 num
1924 2588 1980 2618 tibi
1989 2588 2072 2618 illius
2082 2590 2130 2618 vi-

1175 2632 1276 2662 c'toria:
1293 2633 1420 2673 gloriam
1430 2642 1499 2662 cum
1511 2635 1557 2662 M.
1568 2630 1668 2662 Ciaffo
1678 2652 1686 2666 ,
1708 2640 1758 2661 aut
1768 2633 1821 2660 Cn.
1832 2631 1978 2669 Pompeio
1989 2627 2131 2659 commu-

1176 2674 1334 2705 nicandam
1354 2683 1437 2714 putas
1449 2678 1466 2710 ἓ,
1481 2684 1545 2704 non
1554 2674 1680 2704 arbitror
1688 2674 1747 2703 hoc
1756 2674 1846 2702 etiam
1856 2669 1951 2702 deeffe
1961 2681 2018 2701 tuae
2027 2673 2130 2711 impu-

1174 2716 1293 2750 dentiae,
1306 2725 1337 2746 ut
1345 2715 1512 2757 quidquam
1522 2715 1673 2756 ejusmodi
1682 2715 1778 2745 dicere
1787 2713 1904 2744 audeas.
1925 2712 2072 2744 Obstitisti
2082 2715 2130 2744 vi-

1175 2758 1300 2791 delicet,
1320 2769 1351 2787 m
1369 2768 1403 2786 ex
1413 2758 1504 2787 Italia
1523 2756 1637 2798 transire
1653 2757 1681 2785 in
1692 2752 1823 2786 sibiliam
1833 2755 2034 2795 fugitivorum
2051 2755 2129 2795 copia

1170 2799 1282 2840 poffi‘nr.
1304 2800 1378 2829 ubi?
1391 2799 1531 2840 quando?
1545 2809 1604 2840 qua
1613 2808 1652 2828 ex
1663 2798 1742 2838 parte
1756 2799 1765 2824 ?
1783 2796 1855 2828 curn
1865 2806 1914 2827 aut
1924 2797 2051 2826 navibus
2059 2816 2068 2830 ‚
2080 2805 2131 2827 aut

1173 2842 1284 2872 ratibus
1296 2850 1474 2872 conarentur
1483 2841 1631 2871 accedere?
1641 2849 1697 2870 nos
1708 2843 1792 2869 enim
1802 2839 1879 2868 nihil
1892 2848 2035 2878 umquam
2045 2847 2130 2878 pror-

1173 2884 1221 2913 sus
1239 2883 1426 2913 audivimus:
1453 2882 1571 2913 &illud
1583 2882 1755 2912 audivimus
1766 2901 1775 2914 ,
1794 2882 1838 2920 M.
1851 2877 1938 2909 Craffi
1948 2899 1957 2912 ,
1980 2878 2130 2911 fortiffirni

1173 2927 1230 2955 vii-i
1240 2945 1249 2960 ‚
1271 2927 1398 2960 virtute,
1416 2923 1599 2965 consilioque
1607 2922 1721 2953 fa&um
1734 2941 1743 2956 ,
1761 2921 1920 2953 aetatibus
1931 2920 2104 2992 εοΠῙυοξὶὶε
2119 2940 2128 2955 ,

2067 2971 2132 2993 reto

236 3065 242 3070 .
271 3054 300 3070 „x
317 3048 388 3067 tanta

175 3080 201 3107 se
212 3048 337 3116 ίξςνὶζωιτι
345 3076 418 3102 omni
429 3073 482 3100 Pal}
490 3093 495 3098 .
505 3074 618 3098 Gruter.
630 3072 830 3105 editionumque
842 3076 914 3095 retro
924 3066 1055 3094 cusorum.

174 3116 627 3128 W„
632 3115 672 3120 ψ,

215 3154 223 3171 i
233 3166 237 3171 .
260 3143 378 3179 Judmnm
388 3147 452 3165 certa
462 3132 539 3172 lfgkfit
549 3134 721 3171 wtstimlnrv]
742 3132 821 3162 Liber
834 3131 937 3167 euticii
948 3139 1001 3158 nori
1012 3126 1129 3165 &noscit
1137 3128 1283 3160 oonstitutum
1293 3136 1301 3159 ,-
1311 3134 1393 3159 eaque
1402 3130 1511 3160 propter
1520 3122 1608 3150 omisit
1618 3120 1771 3148 Lambinus.
1783 3130 1835 3148 non
1844 3119 1978 3156 improbo.

402 3026 555 3072 pro-vincli]
577 3025 716 3062 ‘surh—egus
727 3036 754 3061 v&
766 3033 911 3060 Lambinus
930 3040 963 3057 ex
981 3028 1074 3056 eodem
1093 3028 1140 3054 ms.
1160 3026 1355 3063 praeposuerunt
1373 3036 1402 3052 ex
1420 3032 1469 3051 tota
1480 3044 1488 3057 ,
1504 3024 1568 3049 mihi
1588 3024 1701 3050 alterum
1714 3022 1825 3059 sapidius
1838 3019 2130 3058 videtursusteiitatque

2010 3165 2021 3183 ι
2031 3177 2036 3183 .
2047 3157 2130 3192 ‘relisa
