2316 3395
242 130 332 178 124
668 112 1166 162 M.Tun1.11

255 198 378 236 Craffiaem
393 196 474 227 habeo
485 205 616 238 generum
627 215 636 231 ,
655 206 686 226 m
702 195 901 224 rl:etoricorero'
919 201 951 222 tu
963 192 1010 233 fis.

235 241 316 282 Qid
328 249 398 285 ergo
418 242 429 268 ?
448 238 501 269 iste
511 236 623 268 Crassus
636 258 644 271 ,
665 238 810 277 quoniam
825 236 890 274 ejus
900 235 1029 265 abuteris
1045 235 1185 266 nomine,

235 282 309 322 quid
319 280 435 312 eflicit?
452 280 534 311 idem
546 279 619 309 illud
631 280 742 309 scilicet
753 297 761 311 ‚
781 286 814 306 ut
823 277 874 307 ille
884 277 982 307 voluit
992 295 1000 309 ,
1020 276 1052 305 &
1062 285 1118 317 ego
1127 276 1192 305 vel—

235 323 299 353 lem
311 343 319 357 ,
331 321 441 353 melius
450 323 601 362 aliquanto
611 340 619 353 ‚
637 318 727 360 quam
738 318 893 348 Albucius.
902 316 1010 348 verum
1021 319 1054 347 in
1065 328 1114 348 me
1124 319 1193 359 qui-

237 364 308 395 dem
320 363 446 394 lusitille
456 384 464 397 ‚
486 373 518 392 ut
528 363 609 392 solet.
633 360 682 391 sed
695 359 737 390 est
753 369 855 390 tamen
870 361 933 390 haec
948 360 1108 390 collocatio
1119 369 1193 389 con—

234 406 377 437 servanda
385 405 512 435 verboru
518 414 547 433 m
558 423 566 436 ‚
588 402 624 432 de
634 413 691 443 qua
709 402 817 442 loquor
827 421 835 435 ,
856 412 923 443 quae
936 412 946 441 J
952 400 1074 431 un&am
1085 402 1194 431 oratio—

235 458 309 477 nem
320 446 422 480 efficit,
433 456 497 487 quae
507 446 706 475 cohaerentem
718 464 725 476 ‚
738 454 804 484 quae
814 443 924 477 levem,
936 453 1002 484 quae
1012 443 1196 484 aequabiliter

237 488 394 519 fluentem.
418 489 449 518 id
467 485 662 527 assequemini
674 505 682 519 ,
703 484 723 515 sl
740 485 831 515 verba
849 494 982 517 extrema
998 495 1068 515 cum
1088 485 1194 515 conse-

236 530 397 571 quentibus
407 530 513 569 primis
521 530 561 558 ita
566 528 576 567 j
584 529 699 569 tingetis
709 547 716 561 ‚
736 536 769 557 ut
778 537 816 557 ne
825 526 923 567 aspere
933 536 1111 557 concurrant
1121 548 1128 560 ,
1141 536 1195 555 ne-

174 583 222 614 44
238 583 274 602 ve
291 571 400 602 vastius
411 571 597 601 diducantur.
623 572 709 599 Hanc
719 568 906 609 diligentiam
924 569 1109 609 subsequitur
1126 577 1195 597 mo-

238 614 294 644 dus
305 615 394 643 etiam
406 633 415 645 ‚
439 613 471 643 &
482 611 581 642 forma
588 611 751 641 verborum
763 630 772 644 ,
793 611 874 651 quod
882 611 945 650 jam
954 620 1058 641 vereor
1067 620 1105 640 ne
1122 611 1194 639 huic

236 655 343 685 Citulo
363 654 500 684 videatur
517 651 574 683 esse
591 653 713 693 puerile.
738 653 846 683 Versus
862 654 947 682 enim
965 661 1078 682 veteres
1095 652 1141 681 illi
1161 654 1193 680 in

237 698 291 726 hac
301 696 398 726 soluta
407 698 542 725 oratione
552 694 774 735 propmnodum
786 714 795 728 ‚
811 695 870 724 hoc
879 693 921 724 est
930 716 938 727 ‚
951 703 1094 723 numeros
1104 693 1193 733 quos-

234 738 301 768 dam
315 757 323 771 ‚
346 738 435 767 nobis
455 735 514 767 ess'c
530 736 718 767 adhibendos
736 745 923 776 putaverunt.
946 735 1195 774 interspirationis

237 782 321 809 enim
332 799 340 812 ,
360 789 423 809 non
434 778 655 820 defatigationis
666 777 772 808 nostrae
784 799 792 810 ‚
810 788 907 818 neque
924 775 1105 806 librariorum
1113 785 1192 809 nans,

236 821 284 851 sed
293 821 456 851 verborum
469 840 477 854 ,
499 821 531 850 δε
541 820 751 850 sententiarum
762 819 858 849 modo
867 816 1070 858 interpunchas
1080 818 1194 848 clausu-

234 863 275 893 las
288 865 320 893 in
330 862 517 892 orationibus
535 860 592 892 cfl'e
602 862 763 892 voluerunt
784 871 788 889 z
806 860 897 901 idque
905 862 1042 900 princeps
1051 860 1193 890 Isocrates

233 903 393 935 instituiffe
403 903 495 934 fertur
505 924 514 938 ,
535 912 568 934 ut
583 902 770 933 inconditam
781 905 974 942 antiquorum
986 901 1107 931 dicendi
1117 912 1192 931 con-

233 946 424 977 suetudinem
437 966 445 980 ,
464 945 672 976 delee'tationis
683 964 691 978 ,
711 954 796 984 atque
807 945 922 972 aurium
939 944 1022 983 causti
1039 943 1194 983 (quemad-

235 988 365 1018 modum
382 987 482 1018 scribit
491 987 652 1026 discipulus
667 987 729 1025 ejus
740 987 913 1025 Naucrates)
924 987 1057 1015 numeris
1064 984 1191 1015 adstrin-

234 1039 325 1069 geret.
343 1032 484 1071 Namque
495 1030 556 1058 hsce
566 1028 637 1061 duo,
651 1038 681 1057 m
688 1026 766 1061 usiCi,
779 1029 830 1068 qui
841 1036 922 1057 erant
931 1026 1084 1067 quondam
1096 1026 1189 1057 iidem

233 1073 349 1111 po‘e'tae,
368 1072 529 1101 machinati
539 1069 574 1099 ad
582 1071 767 1109 voluptatem
779 1071 846 1099 sunt
855 1089 863 1103 ‚
875 1070 994 1099 versum
1005 1090 1013 1102 ‚
1025 1077 1111 1109 atque
1122 1079 1192 1098 can-

235 1123 300 1143 tum
312 1133 321 1147 ,
336 1122 369 1143 ut
379 1113 411 1142 ὃς
421 1112 581 1142 verborum
593 1121 722 1141 numero
733 1118 741 1145 ’,
763 1111 794 1141 δε
806 1121 916 1141 vocum
929 1112 1022 1141 modo
1033 1131 1041 1144 ‚
1062 1110 1193 1140 delesti-

230 1157 317 1185 tione
327 1156 481 1184 vincerent
497 1154 616 1183 aurium
627 1154 797 1183 satietatem.
822 1152 1065 1193 Haecigiturduo
1076 1172 1085 1185 ,
1107 1155 1191 1182 vocis

231 1197 302 1226 ‹lico
317 1196 559 1226 moderationem
572 1216 580 1228 ‚
604 1195 806 1225 &verborum
825 1192 1051 1224 conclusionem
1062 1214 1070 1227 ,
1091 1193 1189 1234 quoad

232 1239 378 1267 orationis
389 1238 524 1267 severitas
534 1238 593 1277 pati
602 1235 688 1277 poffit
698 1257 707 1269 ‚
727 1236 742 1266 ὲ
751 1238 868 1276 po'e'tica
874 1235 909 1266 ad
918 1236 1122 1276 eloquentiam
1134 1244 1189 1266 tta-

233 1279 370 1310 ducenda
385 1278 549 1309 duxerunt.
571 1281 608 1308 In
626 1289 686 1319 quo
695 1278 772 1308 illud
788 1277 830 1308 est
841 1278 888 1308 vel
898 1279 1069 1307 maximum
1083 1298 1090 1310 ,
1105 1276 1188 1318 quod

235 1331 283 1350 ver
299 1331 330 1349 ιω
347 1323 380 1350 in
391 1322 526 1350 oratione
537 1319 557 1349 fi
568 1319 697 1350 efficitur
711 1320 779 1357 conj
784 1319 929 1349 iinEtione
938 1320 1100 1349 verborum
1112 1339 1120 1352 ‚
1140 1320 1188 1348 vi-

234 1364 311 1394 tium
322 1361 364 1393 est
376 1373 381 1391 z
394 1363 426 1392 &
436 1371 538 1392 tamen
547 1372 612 1392 eam
622 1361 886 1402 conjunfihomm,
898 1360 981 1391 ficuti
989 1361 1120 1393 versum,
1131 1371 1188 1389 iiu-

233 1403 350 1434 merose
361 1404 463 1434 cadere
473 1423 481 1437 ‚
499 1403 532 1433 δε
541 1403 678 1444 quadrare
689 1424 697 1437 ‚
711 1403 744 1433 δε
754 1401 854 1443 perfici
865 1403 1020 1432 volumus.
1040 1413 1136 1443 neque
1146 1401 1188 1432 est

233 1456 271 1475 cx
282 1446 387 1475 multis
395 1456 440 1475 res
451 1455 509 1474 una
518 1455 584 1486 qux
595 1447 687 1486 magis
698 1454 847 1475 oratorem
858 1445 894 1475 ab
904 1446 1044 1484 imperito
1053 1444 1186 1477 dicendi,

232 1490 396 1528 ignaroque
406 1487 565 1527 distinguat
575 1507 583 1520 ,
603 1492 695 1527 quam
707 1485 789 1527 quod
800 1487 850 1516 ille
859 1486 940 1516 rudis
950 1486 1106 1516 incondite
1117 1485 1189 1515 suri-

234 1530 438 1570 dit‚qu;intum
447 1528 593 1569 potest‚&
602 1529 632 1558 id
645 1549 653 1562 ,
665 1528 746 1569 quod
757 1528 839 1561 dicit,
849 1529 963 1568 spiritu,
973 1538 1036 1557 non
1046 1537 1103 1557 arte
1115 1547 1123 1561 ‚
1136 1527 1187 1557 de-

232 1573 373 1601 terminat
384 1581 388 1599 :
401 1581 497 1601 orator
505 1579 604 1600 autem
615 1569 653 1601 sic
660 1571 754 1611 illigat
763 1570 940 1600 sententiam
951 1569 1060 1603 verbis,
1077 1578 1109 1599 ut
1119 1579 1186 1600 cam

231 1623 362 1643 numero
377 1613 507 1653 quodam
528 1611 742 1652 complebitatur
761 1633 770 1645 ‚
795 1612 827 1641 &
844 1611 983 1642 adstri&o
994 1633 1001 1644 ‚
1025 1612 1058 1641 δε
1075 1611 1186 1641 soluto.

236 1658 244 1672 ¹
259 1656 340 1684 Nam
351 1653 422 1684 cum
433 1655 535 1684 vinxit
545 1653 646 1684 modis
658 1675 666 1687 ,
683 1653 781 1683 forma
792 1654 824 1684 &c
833 1654 941 1684 relaxat
950 1673 958 1687 ,
972 1653 1004 1683 ὃς
1014 1653 1118 1683 liberat
1128 1655 1188 1682 im-

231 1705 398 1726 mutatione
415 1695 531 1726 ordinis
543 1717 550 1728 ,
574 1705 607 1725 ut
615 1696 704 1725 verba
713 1705 810 1736 neque
828 1696 942 1736 alligata
957 1693 1100 1736 sintqussi
1112 1704 1188 1725 certa

166 1750 211 1781 45
230 1738 328 1779 aliqua
337 1738 395 1778 lege
407 1738 506 1768 versus
518 1758 527 1771 ‚
548 1748 644 1777 neque
654 1739 693 1767 ita
704 1737 798 1767 soluta
809 1757 817 1770 2
830 1747 860 1767 ut
870 1746 1020 1778 vagentur.
1044 1739 1186 1778 Qonam

229 1782 321 1821 igitur
331 1779 425 1809 modo
445 1789 558 1810 tantum
572 1789 682 1808 munus
694 1778 862 1809 insistemus
873 1799 881 1813 ‚
902 1788 935 1808 uc
944 1779 1119 1808 arbitremur
1129 1788 1186 1808 nos

229 1822 306 1851 hare
323 1823 390 1850 vim
400 1820 561 1850 numerose
573 1820 695 1850 dicendi
713 1821 856 1861 consequi
873 1819 956 1859 poss'e
973 1823 983 1848 ?
1007 1822 1081 1849 Non
1091 1819 1134 1850 est
1142 1830 1186 1850 res

229 1873 291 1893 tam
310 1861 445 1892 difficilis
457 1883 465 1895 ,
485 1862 575 1902 qua‘im
587 1860 750 1891 necessaria.
773 1862 851 1891 nihil
863 1861 905 1892 est
923 1863 1005 1891 enim
1024 1871 1083 1891 tam
1103 1871 1187 1892 tene-

228 1914 297 1934 rum
309 1925 318 1938 ‚
330 1914 428 1945 neque
439 1913 498 1933 tam
509 1903 643 1933 flexibile
657 1924 665 1937 ‚
676 1914 773 1944 neque
782 1903 862 1943 quod
874 1913 933 1933 tam
942 1903 1028 1933 facile
1040 1904 1184 1943 sequatur,

229 1956 418 1986 quocumque
430 1945 517 1975 ducas
528 1965 536 1978 2
558 1945 648 1985 quiim
660 1953 758 1974 oratio.
783 1956 821 1974 ex
832 1947 885 1975 hac
894 1946 992 1975 versus
1004 1965 1012 1978 ‚
1034 1955 1072 1974 ex
1082 1945 1184 1975 eadem

226 1988 356 2027 dispares
366 1989 486 2017 numeri
499 1988 703 2017 conficiuntur
721 1997 727 2015 z
748 1997 785 2016 ex
796 1988 850 2016 hac
859 1987 921 2016 haec
930 1989 1020 2016 ctiam
1032 1987 1126 2017 soluta
1135 1997 1186 2016 va—

228 2031 278 2058 riis
289 2029 388 2058 modis
399 2049 406 2062 ,
427 2029 655 2068 multorumque
665 2038 810 2068 generum
821 2031 924 2058 oratio.
948 2038 1012 2057 non
1023 2038 1105 2057 enim
1118 2029 1185 2058 sunt

227 2072 283 2101 :ilia
293 2071 440 2100 sermonis
452 2091 460 2103 ‚
480 2073 495 2089 ²
505 2071 560 2100 alia
569 2072 775 2099 contentionis
786 2070 890 2100 verba:
910 2080 1007 2111 neque
1018 2080 1056 2099 ex
1066 2071 1125 2099 alio
1134 2080 1185 2110 ge-

230 2122 299 2142 nere
309 2111 344 2142 ad
362 2113 449 2142 usum
460 2111 669 2152 quotidianum
681 2131 689 2145 ,
710 2112 770 2140 alio
780 2111 814 2141 ad
827 2112 941 2141 scenam
955 2132 964 2145 ‚
983 2121 1185 2151 pompamque

228 2155 400 2183 sumuntur:
416 2153 465 2183 sed
476 2163 508 2182 ea
518 2163 573 2182 nos
584 2152 788 2192 cumjacentia
798 2152 970 2182 sustulimus
983 2155 999 2181 e
1014 2152 1183 2185 medio,fic-

229 2205 262 2225 ut
271 2193 478 2225 mollissimam
489 2205 578 2223 ceram
587 2194 622 2224 ad
633 2193 769 2224 nostrum
780 2194 933 2223 arbitrium
945 2193 1112 2223 formamus
1123 2213 1131 2226 ‚
1151 2193 1184 2223 ὃς

227 2235 385 2278 fingimus.
401 2239 498 2277 itaque
508 2245 573 2265 tum
584 2246 684 2277 graves
694 2236 796 2265 sumus
808 2255 816 2268 7
828 2244 891 2264 tum
903 2235 1033 2267 subtiles,
1045 2243 1109 2263 tum
1120 2245 1185 2263 me-

227 2278 314 2309 dium
326 2277 470 2319 quiddam
479 2286 617 2307 tenemus
628 2288 632 2305 :
645 2276 682 2306 fic
692 2276 858 2307 institutam
866 2275 996 2306 nostram
1006 2276 1182 2305 sententiam

227 2320 359 2360 sequitui·
368 2321 511 2350 oiationis
522 2329 630 2360 genus:
655 2322 667 2346 3
680 2318 770 2359 idque
780 2317 815 2348 ad
826 2328 954 2348 omnem
964 2319 1111 2347 rationem
1123 2336 1131 2350 ‚
1152 2318 1185 2347 &

227 2364 345 2391 aurium
362 2362 545 2401 voluptatem
558 2381 566 2393 ,
598 2361 631 2390 δε
649 2362 822 2390 animorum
842 2369 961 2389 motum
981 2367 1112 2389 mutatur
1121 2379 1129 2392 ‚
1151 2359 1184 2388 &

226 2406 362 2433 vertitur.
386 2404 441 2432 Sed
453 2404 528 2432 utin
539 2402 684 2442 plerisque
694 2402 781 2431 rebus
792 2401 1006 2431 incredibiliter
1015 2402 1072 2430 hoc
1083 2409 1185 2431 natura

228 2445 271 2474 est
281 2445 340 2485 ipsa
349 2444 485 2474 fabricata
496 2454 501 2473 z
513 2443 592 2473 sicin
603 2446 737 2473 oratione
750 2455 757 2477 3
770 2453 802 2473 ut
810 2454 843 2473 ea
853 2463 861 2477 ‚
874 2453 939 2483 quae
949 2444 1115 2472 maximam
1125 2444 1183 2471 uti-

227 2487 342 2516 litatem
355 2488 387 2516 in
405 2487 432 2516 se
443 2487 633 2516 continerent
643 2506 652 2518 ,
672 2485 776 2515 eadem
796 2484 937 2514 haberent
945 2483 1114 2524 plurimum
1134 2484 1183 2512 vel

228 2528 380 2568 dignitatis
392 2548 400 2560 ,
411 2527 460 2557 vel
472 2528 544 2566 saepe
556 2529 646 2557 etiam
656 2525 830 2556 venustatis.
852 2526 1058 2555 Incolumitatis
1067 2545 1075 2558 ‚
1096 2534 1127 2555 ac
1139 2525 1180 2554 sa—

227 2569 298 2598 lutis
309 2571 453 2598 omnium
463 2569 546 2598 causa
563 2568 702 2598 Videmus
714 2569 794 2597 hunc
804 2567 911 2597 statum
923 2567 981 2597 ess‘e
992 2568 1080 2606 hujus
1092 2569 1182 2596 toxius

227 2609 336 2641 mundi
350 2630 358 2643 ,
378 2619 463 2650 atque
475 2619 582 2640 naturae
591 2631 599 2643 ‚
623 2610 788 2640 rotundum
799 2618 832 2639 ut
849 2609 962 2639 coelum
972 2629 981 2644 ‚
1002 2618 1132 2649 terraque
1152 2617 1184 2638 ut

1245 111 1770 160 CrczRoN1s

1239 191 1339 222 media
1348 190 1399 226 fit.
1422 202 1513 233 eaque
1525 192 1633 226 suavi,
1655 202 1788 234 nutuque-
1800 200 1948 223 teneatur:
1969 192 2011 223 sol
2023 196 2192 225 meircum-

1238 233 1346 264 feratur
1362 254 1371 267 ,
1398 244 1431 264 ut
1448 234 1564 264 accedat
1579 235 1614 265 :id
1636 236 1768 265 brumale
1790 233 1906 273 signnm
1917 255 1926 267 ,
1948 234 1981 264 ἃ
1998 235 2068 265 inde
2087 235 2193 267 senfim

1238 275 1374 306 ascendat
1383 277 1415 305 in
1425 275 1571 306 diversam
1582 285 1693 316 partem
1706 288 1711 304 :
1724 275 1966 310 utlunaaccefiii,
1980 276 2012 306 δε
2023 276 2131 307 recessu
2141 278 2194 307 suo

1241 317 1312 348 solis
1323 317 1429 347 lumen
1439 320 1576 357 accipiat:
1589 327 1621 348 ut
1633 318 1735 349 eadem
1747 319 1834 357 spatia
1844 320 1976 359 quinque
1987 317 2076 348 stellae
2086 318 2194 359 dispari

1240 368 1348 392 motu,
1369 360 1512 400 cursuque
1531 359 1703 390 conficiant.
1728 362 1800 389 Haec
1817 368 1926 389 tautam
1938 360 2121 390 habentvim
2133 381 2141 394 ‚
2161 369 2194 390 ut

1241 401 1376 440 paullum
1386 402 1545 431 immutata
1552 402 1698 431 cohaerere
1707 412 1771 431 non
1782 400 1892 440 poflint
1903 412 1907 430 :
1920 410 2028 432 tantam
2034 403 2195 443 pulchritu-

1241 443 1333 471 dinem
1345 463 1352 474 ,
1371 451 1403 472 ut
1413 443 1613 481 nullaspecies
1631 453 1669 472 ne
1687 444 1847 484 excogitari
1863 443 1986 483 quidem
2005 442 2092 482 poffit
2107 453 2195 473 orna-

1241 485 1311 513 tior.
1333 483 1454 513 Referte
1466 494 1546 514 nunc
1564 486 1703 513 animum
1712 484 1747 514 ad
1759 485 1922 514 hominum
1934 504 1941 517 ‚
1958 485 2007 513 vel
2015 486 2104 514 etiam
2116 494 2196 515 cete-

1239 535 1339 554 rarum
1356 526 1559 554 animantium
1577 524 1706 555 formam
1719 545 1727 558 ,
1747 526 1780 555 &
1792 524 1925 570 figuram.
1948 526 2064 556 nullam
2081 535 2195 566 partem

1240 568 1372 606 corporis
1391 565 1477 596 4s1ne
1487 567 1585 606 aliqua
1602 565 1767 596 ncceffitate
1785 566 1915 596 affiElam
1936 578 1941 595 2
1959 576 2112 608 totamque
2130 567 2195 597 for-

1242 618 1325 638 mam
1344 607 1423 648 quasi
1438 607 1602 648 peisetfitam
1621 610 1770 648 reperietis
1790 618 1868 641 arte,
1887 619 1951 638 non
1960 609 2038 638 casu.
2061 609 2142 650 Qud
2161 611 2194 639 in
2214 612 2258 653 46

1240 649 1413 683 arboribus,
1433 652 1466 680 in
1484 650 1593 691 quibus
1613 660 1677 680 non
1695 658 1835 683 truncus,
1857 660 1921 679 non
1931 652 2024 683 rami,
2048 661 2111 680 non
2121 650 2196 682 folia

1241 692 1308 721 sunt
1317 691 1447 732 denique
1459 713 1467 724 ‚
1485 691 1540 721 nisi
1550 692 1584 722 ad
1596 693 1677 722 suam
1688 691 1873 721 retinendam
1885 711 1893 725 ,
1905 692 2197 733 conservandamque

1240 742 1375 762 naturam
1387 736 1397 762 ἓ
1416 734 1561 774 nusquam
1572 743 1672 763 tamen
1684 733 1726 763 est
1736 734 1795 762 ulla
1804 743 1866 773 pars
1878 753 1886 767 ‚
1907 732 2094 769 nisivenusta.
2118 736 2196 765 Lin-

1241 785 1366 814 quamus
1378 783 1511 805 naturam
1523 795 1531 808 ‚
1550 775 1695 815 arteisque
1712 775 1881 805 videamus.
1903 774 1976 816 quid
1988 784 2047 805 tam
2067 778 2099 806 in
2109 786 2195 806 navi-

1240 818 1291 857 gio
1301 815 1495 846 necessarium
1508 837 1518 850 ,
1529 816 1620 857 quam
1630 818 1718 846 latera
1729 838 1737 850 ‚
1750 816 1839 857 quam
1849 827 1955 846 carmae
1967 837 1974 850 ,
1996 817 2085 858 ςιιὲῐῃ
2096 827 2191 858 prora,

1241 857 1331 898 quam
1342 860 1448 897 puppis
1460 878 1468 891 ‚
1487 858 1578 898 quam
1588 868 1737 889 antemnae
1748 879 1756 892 ,
1769 858 1857 899 quani
1871 859 1936 888 vela
1947 879 1955 892 ‚
1976 862 1989 885 5
1999 859 2089 899 quam
2099 860 2171 889 mali
2181 862 2194 889 ?

1241 910 1307 940 quae
1326 908 1427 929 tamen
1439 901 1513 930 hanc
1524 899 1633 930 habent
1643 902 1676 929 in
1693 900 1787 939 specie
1806 900 1991 930 venustatem
2003 921 2010 934 ,
2030 910 2134 931 utnon
2146 902 2193 931 so-

1243 941 1310 971 lum
1320 941 1433 974 salutis,
1445 941 1492 972 sed
1500 944 1590 972 etiam
1600 942 1762 981 voluptatis
1771 943 1863 975 causa,
1876 943 1996 972 inventa
2005 941 2062 972 effe
2071 942 2194 973 videan-

1241 992 1296 1013 tur.
1320 983 1477 1014 Columnae
1491 1004 1499 1017 ‚
1521 983 1553 1013 δε
1573 984 1700 1023 templa,
1718 984 1750 1013 δε
1769 986 1899 1024 porticus
1915 983 2068 1014 sustinent.
2091 993 2194 1015 tamen

1240 1025 1350 1055 habent
1360 1035 1423 1054 non
1434 1026 1500 1065 plus
1512 1025 1645 1054 utilitatis
1657 1046 1665 1057 ‚
1677 1024 1768 1065 quam
1779 1025 1938 1066 dignitatis.
1962 1027 2101 1065 Capitolii
2110 1025 2193 1056 fasti-

1261 1069 1324 1096 ium
1334 1066 1409 1096 illud
1422 1087 1430 1099 ,
1444 1068 1476 1096 &
1484 1076 1647 1096 ceterarum
1658 1067 1782 1099 aedium,
1796 1078 1859 1097 non
1869 1067 2005 1097 venustas
2015 1088 2022 1101 ‚
2033 1067 2081 1097 sed
2091 1069 2193 1098 neces—

1239 1077 1304 1138 sitas
1313 1109 1374 1148 ipsa
1390 1108 1527 1138 fabricata
1536 1107 1587 1138 est.
1612 1118 1682 1138 nani
1693 1107 1764 1141 curn
1775 1107 1845 1138 ess'et
1862 1109 1961 1139 habita
1971 1112 2063 1142 ratio,
2084 1120 2193 1150 quem-

1237 1149 1404 1180 admodum
1416 1160 1453 1180 ex
1463 1159 1583 1190 utraque
1593 1149 1663 1179 teSti
1680 1159 1759 1189 parte
1769 1160 1842 1191 aqua
1851 1149 2035 1180 delaberetur
2054 1161 2059 1179 z
2080 1152 2194 1181 utilita-

1239 1200 1300 1221 tem
1312 1192 1428 1230 templi‚
1438 1191 1547 1232 fastigii
1559 1191 1686 1232 dignitas
1696 1192 1852 1222 consecuta
1862 1191 1915 1221 est:
1932 1201 1964 1222 ut
1975 1213 1982 1226 ‚
2003 1190 2018 1212 ⁶
2030 1194 2117 1222 etiam
2128 1191 2148 1222 si
2160 1195 2192 1223 in

1238 1233 1311 1262 caelo
1331 1232 1519 1266 statueretur,
1532 1233 1584 1262 ubi
1597 1233 1697 1263 imber
1712 1232 1770 1263 esse
1787 1243 1850 1263 non
1870 1233 1981 1273 posset,
1998 1235 2113 1264 nullam
2131 1233 2193 1264 sine

1230 1274 1347 1314 fisr¹1sgio
1364 1274 1542 1315 dignitatem
1561 1274 1733 1305 habiturum
1750 1274 1837 1305 fuiffe
1856 1275 1999 1305 videatur.
2023 1278 2091 1306 Hoc
2107 1277 2140 1306 in
2157 1287 2193 1307 o-

1239 1316 1363 1346 mnibus
1381 1318 1455 1346 item
1473 1316 1603 1356 partibus
1619 1319 1762 1346 orationis
1772 1319 1890 1351 evenit,
1909 1327 1941 1347 ut
1958 1318 2117 1347 utilitatem
2131 1338 2139 1351 ,
2159 1328 2193 1349 ac

1237 1357 1330 1398 prope
1342 1357 1538 1388 necessitatem
1548 1359 1673 1388 suavitas
1683 1359 1818 1399 quaedam
1829 1379 1837 1391 ‚
1850 1359 1974 1399 &lepos
1983 1360 2189 1400 consequatur.

1238 1400 1388 1430 Clausulas
1398 1402 1481 1429 enim
1493 1420 1502 1434 ‚
1522 1409 1607 1440 atque
1621 1400 1810 1440 interpun&a
1820 1401 1982 1430 verborum
1994 1420 2001 1434 ,
2021 1403 2131 1431 animae
2142 1403 2191 1431 in-

1237 1440 1371 1471 terclusio
1383 1461 1391 1474 ‚
1413 1451 1498 1482 atque
1507 1441 1647 1482 angustiae
1665 1443 1783 1482 spiritus
1791 1443 1961 1472 attulerunt.
1985 1442 2018 1472 Id
2029 1445 2191 1474 inventum

1237 1485 1276 1513 ita
1288 1484 1374 1513 suave
1385 1503 1393 1517 ‚
1414 1494 1463 1517 ut,
1483 1483 1552 1513 sicui
1564 1482 1744 1514 sitinfinitus
1756 1484 1871 1523 spiritus
1880 1484 1964 1514 datus
1975 1504 1983 1518 ‚
2001 1492 2102 1514 tamen
2118 1494 2190 1516 eum

1236 1534 1404 1565 perpetuare
1422 1525 1510 1555 verba
1518 1526 1663 1555 nolimus.
1686 1526 1717 1555 id
1736 1528 1819 1555 enirn
1829 1526 1949 1555 auribus
1959 1525 2066 1556 nostris
2074 1535 2189 1567 gratum

1237 1566 1279 1596 est
1290 1569 1449 1596 inventum
1462 1588 1470 1600 ‚
1486 1566 1567 1607 quod
1579 1568 1743 1597 hominum
1755 1567 1894 1597 lateribus
1905 1577 1969 1597 non
1979 1568 2131 1598 tolerabile
2142 1569 2191 1598 so-

1238 1609 1321 1642 lum,
1346 1608 1395 1638 sed
1415 1611 1505 1638 etiam
1520 1608 1608 1639 facile
1627 1607 1688 1638 effe
1702 1607 1806 1649 pofl'et.
1839 1608 2023 1650 Longissima
2041 1609 2082 1639 est
2100 1612 2189 1650 igitur
2207 1617 2253 1651 47

1236 1651 1412 1690 complexio
1421 1651 1583 1680 verborum
1595 1671 1603 1685 ,
1623 1661 1697 1692 quaeu
1706 1651 1791 1680 volvi
1806 1661 1869 1681 uno
1885 1651 1986 1691 spiritu
2003 1650 2109 1691 potest.
2132 1652 2190 1683 Sed

1236 1693 1286 1722 hic
1304 1701 1412 1722 natura:
1423 1692 1531 1723 modus
1550 1691 1592 1722 est
1604 1712 1612 1726 ,
1631 1694 1700 1723 artis
1718 1693 1794 1723 alius
1805 1713 1814 1726 ‚
1833 1703 1904 1723 nam
1914 1692 1986 1723 cum
1998 1692 2054 1723 sint
2068 1696 2189 1724 numeri

1235 1735 1334 1774 plures
1345 1754 1353 1767 ‚
1374 1734 1510 1771 iambum
1523 1755 1531 1768 ,
1553 1734 1585 1764 &
1595 1735 1759 1765 trochaeum
1776 1734 1964 1775 frequentem
1975 1735 2101 1775 segregat
2109 1735 2146 1765 ab
2155 1745 2191 1765 o-

1235 1786 1330 1806 ratore
1342 1776 1514 1806 Aristoteles
1523 1797 1531 1810 ‚
1553 1777 1655 1807 Catule
1665 1797 1673 1810 ‚
1685 1775 1780 1806 vester
1790 1797 1798 1809 ‚
1809 1778 1861 1817 qui
1869 1785 1970 1807 natura
1979 1785 2079 1807 tamen
2089 1779 2191 1807 incur-

1236 1827 1305 1848 runt
1326 1816 1377 1858 ipsi
1388 1821 1420 1848 in
1432 1820 1600 1848 orationem
1611 1839 1619 1852 ,
1639 1819 1869 1859 sermonemque
1878 1817 2014 1848 nostrum
2036 1829 2041 1847 :
2062 1818 2109 1848 sed
2122 1819 2190 1850 sunt

1235 1859 1363 1901 insignes
1372 1859 1571 1899 percussiones
1581 1870 1686 1890 eorum
1697 1869 1892 1889 numerorum
1903 1879 1911 1893 ,
1924 1860 1956 1889 ὅτ.
1967 1861 2078 1889 minuti
2088 1860 2188 1899 pedes.

1237 1904 1334 1943 Qare
1352 1901 1486 1941 primum
1505 1902 1540 1931 ad
1560 1903 1687 1931 heroum
1706 1911 1762 1931 nos
1779 1900 1908 1941 daetyfi,
1929 1902 1962 1932 Sc
1976 1902 2110 1941 anapaesti
2122 1923 2131 1935 ‚
2153 1903 2188 1933 δε

1237 1943 1361 1983 spondei
1370 1943 1476 1983 pedem
1487 1945 1636 1973 invitatzin
1646 1953 1706 1984 quo
1717 1942 1842 1983 impune
1853 1943 1990 1984 progredi
2000 1944 2069 1973 licet
2086 1949 2100 1972 7
2110 1943 2188 1974 duos

1237 1986 1379 2014 duntaxat
1386 1985 1476 2025 pedes
1486 2006 1494 2019 ‚
1514 1994 1563 2014 aut
1572 1986 1673 2025 paullo
1686 1986 1752 2025 plus
1763 2005 1771 2018 2
1790 1995 1828 2014 ne
1837 1985 1924 2025 plane
1936 1987 1969 2015 in
1978 1986 2097 2016 versum
2110 2005 2118 2019 ‚
2138 1996 2188 2016 ant

1235 2025 1467 2056 similitudinem
1486 2027 1627 2057 versuum
1646 2026 1825 2058 incidamus.
1861 2022 2186 2067 SAh‘aesuntgeminae,

1234 2069 1343 2109 quibus
1358 2069 1390 2098 hi
1402 2078 1458 2098 tres
1469 2070 1552 2098 heroi
1561 2069 1649 2108 pedes
1669 2070 1704 2098 in
1722 2070 1867 2108 principia
1883 2068 2186 2099 9continuandorum

1233 2110 1395 2139 verborum
1407 2111 1471 2139 satis
1489 2110 1595 2139 decore
1614 2109 1735 2139 cadunt.
1757 2109 1898 2139 Probatur
1912 2117 2012 2139 autem
2031 2109 2068 2139 ab
2077 2110 2188 2141 eodem

1234 2151 1289 2180 illo
1302 2151 1437 2180 maxime
1448 2161 1534 2190 paeon
1554 2161 1559 2178 z
1578 2152 1631 2190 qui
1641 2149 1683 2180 est
1692 2150 1805 2189 duplex
1839 2153 1921 2180 Nam
1931 2159 1979 2180 aut
1993 2150 2009 2180 a
2025 2151 2114 2192 longa
2124 2154 2187 2181 ori-

1233 2201 1280 2221 tur
1290 2212 1298 2224 ,
1317 2202 1407 2231 quarn
1419 2200 1476 2220 tres
1487 2192 1591 2221 breves
1601 2189 1822 2231 consequuntur
1833 2212 1842 2224 ,
1864 2201 1896 2222 ut
1913 2193 1974 2221 haec
1991 2192 2081 2222 verba
2091 2213 2099 2226 2
2118 2193 2188 2234 defi-

1234 2234 1292 2261 m'te
1303 2254 1312 2265 ,
1331 2233 1445 2273 incipite
1455 2253 1463 2264 ‚
1476 2234 1648 2274 comprimite
1665 2241 1678 2259 .⁴
1695 2241 1745 2262 ant
1755 2232 1770 2262 a
1781 2233 1918 2263 brevibus
1930 2233 2069 2274 deinceps
2080 2235 2185 2268 tribus,

1232 2283 1366 2304 extrema
1373 2273 1519 2313 produ6h
1531 2294 1539 2306 ,
1551 2284 1636 2314 atque
1648 2274 1736 2314 longa
1747 2285 1752 2302 ε
1764 2273 1834 2304 ficut
1845 2276 1894 2305 illa
1905 2276 1923 2305 s
1920 2285 1973 2305 unt
1983 2295 1990 2308 ,
2010 2276 2185 2309 domuerant,

1229 2315 1378 2356 sonipedes.
1401 2318 1499 2355 Atque
1517 2316 1563 2344 illi
1582 2316 1764 2356 philosopho
1780 2316 1873 2346 ordiri
1890 2318 1985 2356 placet
2003 2316 2017 2346 ὲ
2036 2318 2186 2357 superiore

1255 2367 1348 2390 azone,
1360 2355 1521 2396 posteriore
1532 2355 1628 2386 finire.
1650 2356 1692 2387 est
1701 2367 1800 2387 autem
1811 2368 1897 2398 paeon
1909 2359 1958 2388 hic
1967 2358 2113 2398 posterior
2121 2369 2187 2389 non

1234 2398 1411 2438 syllabarum
1422 2408 1551 2428 numero
1563 2420 1570 2432 ,
1594 2398 1640 2428 sed
1658 2400 1773 2427 aurium
1783 2400 1909 2439 mensura
1920 2420 1928 2433 ‚
1949 2400 2030 2439 quod
2041 2400 2082 2430 est
2092 2403 2187 2431 acrius

1232 2440 1381 2479 judicium
1393 2460 1400 2472 ,
1414 2440 1445 2469 δε
1457 2442 1563 2470 certius
1575 2460 1582 2474 2
1594 2450 1643 2480 par
1651 2440 1713 2470 fere
1725 2443 1839 2472 Cretico
1850 2462 1857 2475 ‚
1870 2443 1920 2482 qui
1932 2442 1973 2472 est
1982 2452 2020 2471 ex
2031 2442 2119 2483 longa
2129 2462 2138 2477 ‚
2151 2443 2185 2473 δε

1233 2482 1336 2514 brevi,
1349 2482 1381 2511 δε
1391 2482 1496 2522 longa:
1511 2490 1543 2511 ut
1553 2503 1561 2514 ,

1253 2523 1559 2565 Qidpetampraefia'ii
1570 2545 1578 2556 ‚
1598 2532 1651 2552 am
1661 2525 1793 2566 exsequar
1807 2529 1817 2553 ?
1839 2536 1930 2566 quove
1941 2536 2022 2555 manc.

1233 2568 1260 2594 A
1270 2574 1329 2605 quo
1348 2574 1477 2594 numero
1487 2566 1606 2595 exorsus
1625 2565 1668 2595 est
1679 2569 1808 2596 Fannius
1818 2587 1827 2600 ,
1850 2568 1882 2596 Si
1895 2588 1902 2600 ,
1926 2567 2058 2606 ‚Qujrires
2068 2588 2076 2601 ,
2096 2568 2187 2598 minas

1232 2607 1318 2636 illius.
1343 2608 1434 2636 Hunc
1444 2606 1494 2635 illc
1503 2607 1639 2637 clausulis
1650 2628 1658 2642 ,
1669 2610 1814 2648 aptiorem
1824 2618 1906 2648 putat
1917 2630 1925 2643 ‚
1944 2604 2013 2650 quas
2023 2610 2089 2640 vult
2098 2611 2187 2651 longa

2055 2652 2191 2691 plemm—

268 2738 276 2754 1
285 2749 291 2754 .
311 2734 375 2755 Nam
384 2739 435 2755 cum
444 2733 527 2756 vinxit
535 2732 685 2763 modisfornm
698 2750 705 2763 ,
716 2732 745 2761 ὠ·
755 2734 860 2765 relaxat,
870 2733 936 2766 dvm]
955 2733 1011 2759 Pal.
1021 2743 1062 2769 pr.
1073 2732 1123 2758 sec.
1136 2732 1190 2758 ost.

222 2767 302 2798 firma
311 2766 340 2796 (ἓν
348 2767 428 2797 modis,
439 2768 596 2797 relaxandum
608 2776 691 2802 neque
703 2767 773 2793 lecus
786 2769 854 2794 l‘itli.
866 2778 894 2795 ac
907 2771 1018 2795 Memm.
1029 2769 1073 2795 alii
1084 2768 1190 2800 habent,

230 2801 300 2825 modis
310 2802 422 2833 &fin-ma
431 2814 439 2834 ,-
450 2804 556 2833 relax-at,
567 2803 616 2832 (syc.
628 2810 654 2828 at
666 2802 729 2839 sept.
741 2804 918 2837 modis‚sbrmat
927 2807 956 2836 (3-
968 2807 1072 2831 relaxat.

267 2844 294 2860 2.
314 2839 385 2876 <Alia
404 2838 551 2863 contentionis
568 2839 671 2872 verbm]
699 2839 811 2866 l'ulatiii.
830 2841 909 2876 prim.
929 2842 1082 2874 consetsliqrzis.
1104 2840 1188 2868 forsan

231 2880 355 2897 conemur.

269 2915 295 2941 3.
314 2907 386 2940 quue
395 2908 428 2932 ad
435 2917 519 2933 omnem
530 2911 642 2934 rationem
651 2910 680 2939 <ly
688 2914 783 2935 merium
793 2912 962 2946 voluptatem]
981 2912 1025 2939 Pal
1032 2933 1037 2939 .
1047 2912 1126 2948 prim.
1138 2911 1188 2939 sec.

229 2941 296 2968 item
308 2943 420 2968 Momm.
432 2944 458 2968 ὃς
472 2944 542 2969 Pith.
554 2951 655 2970 tantuin
666 2946 790 2972 exhibent
803 2966 809 2977 ,
828 2958 913 2973 onmem
923 2952 1018 2974 aurium
1032 2951 1186 2981 voluptatem.

230 2977 342 3004 exclusis
362 2979 461 3004 voculis
481 2979 578 3005 duabus
598 2980 763 3007 intermediis
775 2983 841 3009 Pali.
853 2983 988 3019 lequentes
1001 2984 1117 3011 retinent
1129 2984 1186 3010 viil-

229 3021 319 3049 gutum
327 3033 334 3043 ‚
345 3013 385 3039 sed
398 3014 492 3040 liabent
501 3018 582 3049 itaque
590 3025 637 3051 pro
646 3017 724 3050 idque.

266 3056 293 3081 4.
312 3052 365 3074 Sine
375 3052 457 3083 aliqua
466 3053 592 3083 necessitate
601 3052 739 3087 adst-Yam]
760 3053 860 3080 Firiunt
871 3054 934 3081 hanc
944 3054 1098 3092 scripturam
1109 3055 1186 3083 Gifa-

230 3085 289 3112 iiius
300 3085 384 3111 noster
396 3086 421 3112 iii
435 3087 591 3113 Lucre-tiano
603 3087 692 3113 Indice
706 3107 712 3119 ‚
722 3087 753 3114 ad
766 3098 853 3116 vocem
867 3093 954 3117 Ftt‘lm.

268 3129 295 3155 5.
312 3122 391 3155 βψω
400 3124 477 3149 mali?
488 3123 562 3158 qua]
583 3123 625 3150 Sic
635 3123 703 3151 l'all.
714 3123 822 3161 septem.
842 3135 902 3155 uam
912 3126 980 3155 lext.
989 3134 1069 3164 atquc
1079 3137 1162 3156 nonus
1175 3147 1184 3161 ,

1232 2732 1315 2759 solum
1327 2732 1429 2759 servant
1440 2740 1511 2760 retro
1523 2735 1658 2770 vulgatum
1670 2747 1676 2762 :
1696 2735 1769 2770 tymim
1786 2740 1878 2771 νώμα
1888 2742 1898 2759 2
1917 2737 1986 2773 quod
1998 2745 2083 2765 tamen
2095 2738 2186 2764 exulat

1231 2769 1263 2795 ab
1281 2769 1396 2795 editione
1414 2769 1540 2806 principe.
1561 2772 1622 2806 quin
1635 2772 1690 2798 imo
1708 2773 1837 2799 Gallicani
1849 2781 1901 2799 tres
1915 2793 1922 2805 ,
1942 2774 2013 2800 Pith.
2024 2775 2051 2799 8<
2063 2775 2186 2801 Memmii

1232 2805 1343 2831 membr.
1355 2815 1383 2831 ac
1395 2806 1476 2846 charis.
1497 2806 1581 2832 adhuc
1598 2807 1732 2834 exclusere
1745 2829 1752 2838 ,
1771 2819 1841 2842 cyrtam
1859 2812 1936 2836 mali?
1954 2809 2069 2845 Reposui
2080 2819 2185 2846 quoque

1231 2849 1316 2871 casim
1327 2864 1334 2877 ,
1349 2842 1414 2874 α’ντὶ
1429 2855 1464 2873 ’τε
1480 2850 1564 2872 ται-[ηπ
1575 2866 1583 2878 ‚
1602 2847 1744 2874 Gallicanis
1755 2848 1845 2875 iilileiu
1859 2849 2007 2876 volentibus
2021 2869 2028 2881 ,
2039 2850 2104 2875 item
2114 2850 2183 2877 Pan.

1230 2884 1255 2910 in
1268 2884 1361 2920 quibus
1373 2893 1459 2913 tamen
1471 2885 1527 2912 fere
1539 2894 1652 2912 ca‘vcrnre.

1266 2921 1294 2946 6.
1314 2923 1413 2954 Etiamsi
1419 2925 1444 2946 in
1455 2924 1503 2947 caelo
1513 2921 1686 2955 statuentium]
1699 2923 1793 2949 Deleri
1806 2932 1895 2950 vocem
1905 2926 2044 2956 Capitolium
2055 2943 2063 2956 ‚
2082 2923 2184 2952 secutus

1229 2956 1415 2983 auom-itatem
1426 2957 1482 2983 Pal.
1493 2967 1533 2992 pr.
1543 2967 1572 2982 ac
1582 2956 1631 2983 sec,

1264 3000 1292 3026 7.
1310 2996 1373 3018 Duos
1381 2994 1502 3019 duntaxat
1507 2993 1603 3027 pedes]
1616 2993 1683 3019 I'all.
1696 2993 1710 3019 s
1708 2997 1751 3019 ere
1764 3013 1771 3025 ‚
1783 2994 1825 3019 duo
1835 2995 1955 3020 duntaxat
1961 2995 2036 3027 frodis.
2046 2995 2164 3031 antique.

1265 3027 1291 3054 8.
1311 3029 1567 3062 εΛπΊι]ι“ιητ,ςι·ηηή.τ.]
1587 3028 1642 3054 l’al.
1654 3038 1695 3064 pr.
1706 3029 1755 3055 sec.
1766 3031 1878 3056 Memin.
1890 3032 1984 3056 Altera.
2003 3029 2045 3057 led
2055 3038 2145 3057 natum
2156 3029 2184 3057 id

1227 3072 1260 3089 ex
1270 3072 1350 3100 prava
1359 3064 1485 3100 striptiiru
1493 3066 1553 3090 Alta
1563 3085 1571 3096 ,
1582 3074 1641 3099 quae
1649 3065 1733 3090 exstat
1743 3065 1768 3091 in
1781 3065 1929 3092 Pinioeino.

1262 3108 1278 3134 9
1285 3120 1292 3125 .
1303 3101 1518 3126 Continuandornm
1527 3100 1677 3135 verborum]
1688 3100 1780 3129 Dicito
1789 3103 1914 3128 verborum
1923 3111 1974 3129 non
1986 3101 2076 3130 vilitur
2085 3103 2112 3130 iii
2124 3102 2182 3129 Pal.

1228 3143 1269 3172 pr.
1281 3134 1329 3163 sce.
1339 3144 1385 3164 aut
1394 3137 1507 3164 Memm.
1519 3137 1547 3164 S<
1556 3136 1627 3164 l'ith.

2117 3182 2141 3201 x.
2151 3177 2188 3201 sic
