2295 3400
75 1759 121 1791 32

137 130 241 190 342'
545 125 613 172 M,

134 210 149 226 ‘¹
162 204 358 246 quipostulat‚
374 212 419 238 ut,
433 204 518 246 aquo
530 204 598 234 loco
610 200 743 239 dejectus
755 200 806 234 est,
818 202 875 231 hoc
885 199 938 234 est,
949 199 1030 231 unde
1039 199 1092 231 de-

140 248 234 286 jectus
246 248 287 278 est
300 269 307 281 ,
328 247 363 277 eo
376 247 549 277 restituatur.
573 245 652 275 cum
661 244 751 274 verba
762 253 817 274 nos
826 242 862 272 eo
873 242 987 273 ducunt
998 262 1006 276 ,
1027 251 1092 272 tum

141 299 186 319 res
199 290 257 329 ipsi
267 292 323 319 hoc
333 290 451 320 sentire,
462 297 550 328 atque
560 287 726 327 intelligere
737 285 825 326 co'git.
870 287 1003 318 Etenim,
1015 284 1092 317 Piso,

141 330 243 369 (redeo
262 341 343 360 nunc
359 329 392 360 ad
410 330 459 360 illa
467 330 612 369 principia
622 326 804 359 defensionis
815 327 901 367 meae)
912 325 933 356 si
942 328 1009 367 quis
1018 335 1045 356 te
1057 335 1094 356 ex

139 373 254 403 aedibus
265 382 322 402 tuis
333 374 362 401 vi
377 391 384 405 ‚
400 371 577 401 hominibus
587 372 705 401 armatis
715 369 856 408 dejecerit
865 388 873 401 ‚
891 370 965 408 quid
975 377 1073 409 ageres
1086 372 1095 398 Ξ

140 417 270 453 opinor,
292 415 348 444 hoc
358 412 520 443 interdicto
530 432 538 445 ,
558 422 620 453 quo
629 421 685 441 nos
696 409 738 440 usi
748 410 850 440 sumus
861 430 869 443 ‚
881 408 1094 451 persequerere.

141 455 245 496 Qid?
262 454 335 496 siqui
350 457 411 494 jam
433 454 470 484 de
491 453 559 484 foro
569 454 762 486 redeuntem,
786 455 904 482 armatis
916 452 1095 482 hominibus

141 497 271 527 domum
282 506 364 527 tuam
375 506 402 526 te
412 498 534 526 introire
544 496 748 536 prohibuerit,
760 494 833 535 quid
844 504 941 535 ageres
958 498 968 523 ?
984 492 1096 523 uterere

140 538 249 568 codem
272 537 443 569 interdicto.
475 538 555 568 Cum
571 539 661 579 igitur
678 536 998 577 praetorinterdixerit,
1016 534 1097 565 unde

140 579 273 620 dejeetus
284 591 326 614 es,
337 589 369 610 ut
379 580 415 609 eo
425 579 584 610 restituaris
597 591 602 608 z
622 588 652 609 tu
663 580 720 609 hoc
733 578 815 608 idem
827 598 835 611 ,
855 577 937 619 quod.
948 587 1003 618 ego
1014 576 1095 609 dico,

139 622 176 651 &
187 621 267 662 quod
278 622 468 662 perspicuum
477 621 759 661 est‚interpretabere
774 618 858 650 :cum
871 620 946 649 illud
957 618 1095 651 verbum,

141 673 234 693 osor:
243 684 250 697 ,
268 666 301 693 in
312 673 468 704 utramque
477 674 542 694 rem
552 664 654 696 valeat,
666 672 762 703 eoque
772 670 804 692 tu
816 660 927 691 restitui
938 659 1074 701 sisjuss'us
1089 670 1094 688 ;

136 714 201 734 1am
214 714 242 735 te
252 708 284 735 in
293 706 381 735 aedeis
391 705 504 736 restitui
515 713 653 745 oportere
664 724 672 738 ,
685 703 705 733 si
716 708 731 734 e
743 703 891 733 vestibulo
903 723 910 736 ‚
926 703 1017 743 quam
1030 700 1049 730 sl
1060 711 1098 731 ex

140 747 283 781 interiore
295 747 405 777 redium
415 756 496 787 parte
507 746 640 787 deje&us
650 745 694 776 sis.
727 748 768 775 Ut
785 745 856 775 vero
873 746 935 784 jam
948 765 956 778 ,
978 753 1098 783 recupe-

138 797 259 822 ratores,
272 790 354 819 nulla
366 789 512 820 dubitatio
523 788 566 822 sit,
579 787 637 818 sive
648 798 721 820 rem,
727 786 784 816 sive
796 787 885 817 verba
894 786 1020 826 spectare
1030 785 1098 815 vul-

140 831 188 863 tis,
199 834 274 872 quin
287 831 452 861 secundum
462 830 676 871 nosjudicetis,
689 831 823 859 exoritur
834 828 881 858 hic
892 829 951 865 jam
963 847 971 861 ,
983 828 1098 857 obrutis

139 873 228 902 rebus
238 873 396 906 omnibus,
409 873 442 902 &
450 873 585 913 perditis,
595 872 647 901 illa
656 869 799 904 defensio,
815 880 886 899 eum
896 869 985 909 dejici
1004 867 1096 908 poffe,

139 916 193 954 qui
213 924 278 944 tum
297 913 457 955 possideat:
477 917 531 956 qui
548 924 611 944 non
621 911 780 953 postideat,
801 913 887 942 nullo
900 911 996 941 modo
1005 909 1097 950 poss'e.

139 957 240 998 itaque
253 976 260 989 ,
273 955 293 985 si
302 967 357 998 ego
367 955 421 987 sim
434 956 450 986 a
460 966 517 987 turs
527 956 641 986 aedihus
653 953 798 994 dejefihw,
811 953 923 983 restitui
936 963 999 982 non
1009 962 1100 992 opor-

140 1006 220 1028 tere:
241 997 261 1027 si
273 999 332 1039 ipse
345 997 379 1028 sis
394 1019 402 1032 ,
423 1007 569 1039 oportere.
601 1000 757 1030 Numera,
775 996 865 1036 quam
886 995 981 1025 multa
996 997 1030 1024 in
1047 993 1100 1024 ista

139 1038 313 1070 defensione
323 1039 392 1070 falsa
402 1039 468 1074 sint,
480 1040 548 1070 Piso
560 1050 565 1068 2
585 1049 617 1069 ac
626 1037 762 1078 primum
773 1037 849 1067 illud
859 1036 986 1070 attende,
998 1046 1026 1066 te
1036 1038 1099 1076 jam

141 1091 180 1111 ex
198 1082 250 1112 illa
268 1084 382 1111 ratione
398 1080 456 1111 ess'e
476 1081 634 1121 depulsum
648 1101 655 1113 ‚
671 1079 762 1120 quod
781 1079 906 1121 negabas
915 1087 1099 1119 quemquam

141 1123 160 1154 d
169 1124 231 1163 ejici
243 1122 335 1163 poss'e,
347 1121 402 1153 nisi
411 1125 507 1164 quiin
521 1133 557 1153 eo
568 1123 636 1152 loco
646 1121 746 1151 fuerit.
770 1131 852 1151 nunc
863 1141 870 1154 ‚
882 1131 934 1161 qui
945 1118 1099 1160 possideat,

140 1175 232 1199 eum,
254 1167 342 1195 etiam
361 1163 381 1194 si
400 1175 465 1195 non
487 1163 578 1194 fuerit
592 1166 623 1193 in
634 1173 671 1194 eo
682 1164 750 1193 loco
762 1183 770 1197 ,
789 1163 879 1201 dejici
898 1161 979 1201 pofl'e
994 1171 1102 1192 conce-

140 1206 198 1236 dis.
230 1210 289 1236 Cur
299 1216 368 1247 ergo
380 1208 471 1236 autin
487 1205 565 1237 illud
577 1205 788 1247 quotidianum
802 1203 997 1234 interdiEtum
1009 1223 1018 1237 ‚
1038 1213 1102 1233 UN-

139 1258 184 1278 m:
208 1258 287 1278 rnna
308 1258 358 1278 mia
378 1258 414 1278 vr
434 1257 571 1286 orzjnmr
583 1268 591 1280 ‚
612 1247 748 1280 additur,
773 1249 851 1276 CUM
872 1256 935 1276 noo
954 1254 1101 1275 Possma-

140 1299 214 1319 REM
229 1311 236 1323 ,
260 1290 281 1320 fi
291 1290 380 1330 dejici
391 1300 484 1320 nemo
498 1289 613 1330 potest,
637 1291 762 1330 quinon
771 1286 920 1328 possidet:
939 1289 1030 1318 autin
1043 1288 1102 1317 hoc

139 1331 357 1365 interdictum,
382 1335 435 1362 DE
457 1341 652 1361 HOMINIBUS
675 1340 829 1360 ARMArrs
843 1350 851 1362 ,
879 1339 944 1359 non
961 1329 1098 1362 additur,

140 1372 162 1403 si
185 1383 303 1414 oportet
320 1376 411 1415 quaeri
423 1394 430 1407 ‚
453 1372 611 1413 possederit
621 1392 629 1406 ‚
656 1382 750 1402 necne
763 1376 773 1401 ?
797 1374 895 1413 Negas
913 1371 1021 1410 dejici,
1046 1369 1101 1400 nisl

140 1417 193 1456 qui
203 1413 355 1456 possideat.
393 1415 527 1446 Ostendo
538 1435 546 1448 ‚
568 1414 588 1444 fi
599 1413 658 1444 sine
669 1416 789 1444 armatis
800 1433 808 1447 ‚
833 1412 981 1443 coaGtisve
996 1414 1099 1442 homi-

140 1457 231 1487 nibus
244 1456 378 1497 dejectus
397 1458 557 1499 quisquam
575 1455 609 1486 sit
621 1476 629 1490 ‚
653 1466 722 1486 eum
736 1476 744 1490 ,
768 1457 821 1497 qui
839 1454 962 1486 fateatur
978 1456 1006 1485 se
1020 1454 1102 1490 deje-

138 1497 210 1529 c’rssb
223 1519 230 1533 ,
249 1501 370 1529 vincere
381 1497 536 1539 sponsione
547 1519 555 1531 ,
577 1497 597 1528 si
606 1497 742 1539 ostendat
751 1517 759 1531 ‚
778 1507 850 1527 eum
860 1507 924 1526 non
933 1494 1099 1537 pofl'ediss'e.

141 1550 230 1583 negas
241 1541 349 1579 dejici,
370 1539 427 1571 nisi
443 1544 495 1581 qui
515 1538 671 1581 possideat.
695 1538 823 1569 ostendo
842 1549 881 1568 ex
899 1540 958 1569 hoc
974 1537 1101 1568 interdi-

142 1581 193 1613 6ὶο
210 1602 217 1616 ‚
243 1585 295 1613 DE
322 1592 478 1613 ‚ARMAris
501 1592 693 1612 nomrmnus
710 1601 718 1614 ‚
753 1583 806 1622 qui
833 1579 924 1621 poffit
946 1580 1101 1610 ostendere

140 1633 207 1655 non
216 1623 375 1665 poffedisse
384 1634 454 1654 eum
466 1645 474 1659 ,
498 1626 551 1665 qui
561 1622 694 1663 dejectus
705 1622 739 1653 sit
751 1644 759 1656 ,
783 1623 980 1652 condemnari
997 1631 1099 1653 tamen

140 1665 311 1707 sponsionis
320 1665 436 1696 necess’e
446 1665 513 1700 effe,
524 1664 543 1695 si
555 1665 677 1695 fateatur
686 1663 744 1694 effe
753 1663 919 1704 deje6mm.
931 1664 1104 1705 Dupliciter

140 1709 285 1738 homines
295 1707 479 1748 dejiciuntur
491 1719 496 1736 :
515 1717 562 1737 aut
572 1706 632 1737 sine
648 1706 757 1736 coactis
768 1727 776 1740 ‚
797 1706 952 1736 armatisve
963 1707 1103 1736 homini-

141 1750 208 1784 bus,
219 1759 269 1780 aut
280 1759 332 1790 per
342 1749 493 1789 ejusmodi
506 1751 663 1782 rationem,
674 1757 724 1778 aut
734 1749 810 1779 vim.
836 1748 882 1778 Ad
894 1748 965 1778 duas
975 1746 1103 1778 diffimi-

140 1791 196 1822 leis
207 1801 254 1823 res
272 1792 332 1821 duo
347 1789 655 1830 dejundiaintetdifi'ta
665 1790 739 1820 sunt.
770 1793 806 1820 In
816 1790 869 1820 illa
879 1791 909 1819 vi
927 1789 1102 1831 quotidiana

141 1834 286 1870 nonsatis
297 1832 338 1863 est
349 1830 430 1873 poffe
441 1832 546 1863 docere
558 1833 584 1862 se
599 1831 762 1872 dejectum,
776 1831 830 1861 nisi
841 1831 994 1862 ostendere
1025 1829 1100 1864 offit,

142 1876 215 1906 cum
228 1874 395 1915 poffiderct,
407 1883 472 1904 tum
487 1873 651 1914 dejee'tum.
679 1883 714 1903 ne
726 1873 756 1903 id
766 1873 891 1914 quidem
901 1875 968 1905 satis
979 1841 1030 1907 esf,
1047 1871 1103 1902 nisi

142 1917 229 1947 docet
240 1918 280 1946 ita
290 1917 318 1947 se
329 1914 503 1956 possedisse,
527 1924 560 1945 ut
576 1926 631 1945 nec
641 1917 671 1945 vi
683 1935 690 1948 ‚
710 1925 766 1945 nec
779 1916 856 1945 clam
868 1936 876 1948 ‚
897 1925 952 1945 nec
969 1914 1102 1955 precario

93 1968 96 1972 ·
140 1957 310 1999 possederit.
338 1961 440 1998 Itaque
458 1959 484 1987 is
495 1978 503 1991 ,
518 1959 569 1998 qui
585 1958 613 1987 se
623 1955 780 1987 restituisse
790 1957 871 1987 dixit
883 1978 891 1991 ,
912 1967 1020 1997 magna
1028 1967 1101 1986 voce

141 2002 214 2040 saepe
225 1999 362 2030 confiteri
374 2000 457 2033 solet,
470 2001 497 2030 se
508 2002 538 2029 vi
550 1997 704 2039 dejeciffe:
724 1998 832 2028 vei‘t‘im
843 1999 919 2029 illud
929 1999 1019 2029 addit:
1037 2001 1103 2028 Non

136 2040 303 2084 poffidebat:
324 2042 372 2071 vel
384 2042 474 2072 etiarn
485 2061 493 2075 ,
509 2040 580 2071 cum
600 2043 656 2071 hoc
666 2041 766 2080 ipsum
780 2039 935 2074 concessit,
954 2041 1051 2070 vincit
1063 2049 1103 2070 ta-

141 2094 215 2114 men
233 2082 410 2124 sponsione,
432 2081 453 2112 fi
471 2084 596 2123 planum
607 2082 696 2116 facit,
717 2083 753 2112 ab
770 2083 798 2112 se
818 2083 909 2112 illurn
922 2083 1011 2112 autvi
1027 2102 1035 2116 ,
1055 2091 1105 2112 aut

139 2125 218 2156 clam
229 2145 236 2159 ‚
248 2134 298 2166 aut
307 2124 440 2165 precario
450 2123 616 2165 possedisse.
640 2124 797 2154 Videtisne
806 2144 814 2158 ,
830 2133 906 2165 quot
921 2123 1105 2154 defensioni-

140 2167 198 2198 bus
208 2177 291 2199 eum‚
307 2168 383 2207 ²qui
395 2165 454 2196 sine
463 2168 556 2196 armis
566 2186 575 2200 ‚
596 2176 629 2196 ac
638 2165 836 2195 multitudine
847 2168 913 2195 vim
924 2166 1028 2196 fecerit
1040 2186 1047 2199 ‚
1061 2167 1104 2196 uti

142 2208 226 2249 poffe
238 2210 366 2248 majores
377 2209 555 2239 voluerunt?
578 2209 658 2237 ‘nunc
667 2206 739 2237 vero
751 2227 759 2241 ,
779 2209 830 2247 qui
842 2208 877 2237 ab
887 2208 953 2247 jure
965 2228 973 2241 ,
987 2206 1102 2241 officio,

142 2251 233 2281 bonis
243 2250 390 2283 moribus,
401 2250 434 2280 ad
445 2249 557 2280 ferrum
572 2271 580 2283 ,
591 2249 626 2279 ad
637 2259 717 2279 arma
728 2269 736 2281 ,
749 2248 784 2278 ad
794 2249 905 2278 caedem
920 2249 1100 2290 confugerit,

142 2292 262 2323 nudum
274 2292 306 2322 iu
317 2292 411 2325 causa,
425 2291 661 2331 destitutumque
672 2291 783 2327 videtis
796 2301 801 2319 τ
813 2299 855 2323 ut,
868 2292 919 2331 qui
932 2301 1059 2321 armatus
1070 2291 1105 2320 de

141 2332 319 2375 poss'effione
329 2332 547 2366 contendisset,
561 2334 690 2363 inermis
701 2332 788 2372 plane
800 2331 836 2361 de
848 2331 1003 2371 sponsione
1013 2341 1106 2362 certa-

142 2385 198 2407 ret.
213 2375 327 2416 Ecquid
339 2374 579 2416 igiturinterest,
598 2374 665 2404 Piso
678 2395 685 2406 ,
698 2376 775 2403 inter
785 2374 846 2403 haec
859 2373 1039 2403 interdifihi?
1059 2384 1106 2403 ec-

141 2417 217 2459 quid
231 2416 364 2450 interest,
379 2416 481 2447 utrum
494 2417 550 2446 hoc
563 2415 698 2446 additum
710 2436 717 2448 ,
739 2413 809 2444 eima
819 2412 836 2444 >z
846 2415 1105 2457 Cret-inapoſjkderit,

146 2461 263 2490 necne?
281 2458 389 2499 ecquid
399 2467 425 2489 te
436 2458 606 2497 latiojuris,
618 2458 724 2498 ecquid
735 2456 968 2487 interdictorum
979 2455 1104 2486 diffinii-

143 2500 245 2530 litudo
256 2520 263 2534 ,
284 2500 391 2541 ecquid
411 2499 570 2531 auctoritas
587 2501 740 2539 majorum
767 2502 965 2529 commovit?
987 2499 1017 2529 Si
1039 2497 1109 2528 esset

143 2542 297 2572 additum:
321 2544 357 2572 de
374 2553 410 2572 eo
419 2543 510 2582 quaeri
523 2550 684 2581 oporteret.
707 2540 843 2571 additum
854 2550 917 2571 non
926 2540 986 2570 est:
1007 2550 1108 2570 tamen

143 2584 315 2623 oportebit?
332 2586 427 2624 Atque
438 2594 493 2625 ego
503 2584 536 2613 in
548 2584 606 2613 hoc
617 2584 768 2613 Caecinam
780 2592 844 2612 non
857 2582 999 2612 defendo.
1012 2581 1108 2622 poss'e-

144 2626 189 2655 dit
200 2626 284 2655 enim
294 2627 421 2658 Caecina,
434 2633 649 2665 recuperatores
663 2635 667 2653 :
693 2624 725 2654 &
737 2624 768 2654 id
779 2644 787 2658 ,
806 2622 919 2654 tametsi
940 2633 1021 2654 exrra
1040 2634 1108 2654 cau-

143 2668 207 2697 sam
216 2666 260 2696 est
272 2687 279 2699 ‚
298 2677 463 2706 percurram
475 2676 575 2697 tamen
584 2666 666 2696 brevi
681 2687 687 2699 ,
710 2676 743 2695 ut
753 2676 817 2695 non
830 2664 934 2695 minus
944 2666 1105 2695 hominem

144 2709 256 2748 ipsum,
267 2709 357 2748 quitm
377 2710 424 2748 jus
434 2718 600 2738 commune
610 2707 770 2738 defensum
786 2708 897 2738 velitis.
921 2708 1106 2737 Caesenniam

143 2748 302 2790 posi'ediss'e
313 2759 430 2790 propter
439 2748 665 2780 usumfructum
678 2760 741 2779 non
759 2759 859 2791 negas.
892 2752 904 2776 3
916 2750 967 2790 qui
977 2749 1106 2779 colonus

140 2791 444 2826 habuitcondu&um
458 2791 494 2822 de
505 2792 658 2822 Caesennia
668 2790 808 2825 fundum,
828 2790 993 2821 cumidem
1005 2801 1042 2820 ex
1059 2801 1105 2820 ea-

145 2833 216 2862 dem
226 2833 430 2863 conduf‘tione
439 2833 531 2863 fuerit
542 2836 573 2863 in
585 2832 692 2866 fundo,
704 2833 834 2863 dubium
845 2832 898 2865 est,
909 2834 996 2874 quin,
1009 2830 1028 2862 sl
1042 2835 1107 2862 Cae-

145 2875 249 2905 sennia
258 2883 322 2904 turn
332 2873 502 2915 possidebat,
511 2874 583 2906 cum
593 2884 655 2906 erat
665 2875 793 2905 colonus
802 2876 837 2905 in
847 2874 953 2909 fundo,
964 2873 1033 2915 post
1042 2875 1106 2915 ejus

684 120 1053 169 Tutin
1112 123 1681 188 ⁴C1cERoN1s

1137 209 1268 232 mortem
1288 202 1375 233 heres
1383 201 1472 232 eodem
1483 202 1550 241 jure
1561 200 1744 242 poffederit?
1761 201 1870 236 deinde
1887 203 1951 246 ipse
1966 204 2100 242 Caec'inaes'

1137 242 1208 274 cum
1217 245 1357 275 circuiret
1365 243 1476 284 praedia
1486 264 1495 277 ,
1512 246 1598 274 venit
1616 245 1650 274 in
1668 244 1761 275 istum
1772 245 1921 278 fundum:
1942 247 2098 280 rationes}

1136 287 1249 316 colono
1268 287 1387 325 accepit.
1411 286 1522 316 suntin
1531 295 1598 316 eam
1615 295 1679 315 rem
1697 286 1879 319 testimonia.
1902 288 2005 320 Postea
2018 299 2094 323 cur.

1139 327 1256 361 AEbuti,
1269 327 1305 358 de
1314 327 1373 358 isto
1384 329 1483 368 potius
1493 327 1590 358 fundo
1602 347 1610 359 ‚
1626 327 1717 368 quam
1727 328 1763 359 de
1772 330 1832 360 alio
1843 350 1852 363 ,
1864 328 1884 360 fi
1894 340 1985 371 quem
1996 330 2098 364 habes.

1141 371 1265 400 Caecinae
1277 369 1472 399 denuntiabas
1482 389 1490 402 ‚
1508 368 1528 398 si
1539 370 1655 399 caecina
1665 379 1728 400 non
1739 369 1918 410 poffidebat?
1932 372 1995 412 Ipse
2005 369 2100 412 porri»

1142 413 1257 442 Caecina
1266 421 1320 442 cur
1338 411 1367 441 se
1390 410 1527 440 moribus
1537 410 1644 440 deduci
1654 412 1790 443 volebat:
1808 413 1899 454 idque
1909 413 1966 444 tibi
1975 414 2012 444 de
2022 415 2102 444 ami-

1140 463 1247 484 corum
1259 473 1267 486 ‚
1288 453 1378 483 etiam
1397 452 1432 483 de
1444 451 1533 492 ipsius
1547 455 1578 482 C.
1595 453 1722 492 Aquillii
1734 454 1877 485 sententia
1890 455 2102 495 responderat?

1140 498 1179 525 At
1189 496 1273 525 enim
1292 495 1372 525 Sulla
1385 494 1484 535 legem
1495 494 1572 524 tulit.
1596 496 1639 524 Ut
1647 495 1726 524 nihil
1736 495 1772 526 de
1783 496 1839 526 illo
1858 506 2004 537 tempore,
2019 497 2099 527 nihil
2119 498 2131 531 3

1140 537 1177 566 de
1195 537 1362 567 calamitate
1381 535 1506 576 reipubl.
1517 545 1628 576 querar,
1650 537 1708 566 hoc
1718 537 1774 567 tibi
1788 538 1971 578 respondeo:
1992 538 2101 569 adscri-

1138 576 1220 618 psiss'e
1231 578 1361 608 eundem
1372 579 1484 608 Sullam
1495 579 1528 607 in
1538 576 1665 607 eandem
1674 579 1770 620 legem
1783 600 1791 613 ‚
1815 583 1849 610 Sr
1870 590 1956 619 Qun
1966 590 2018 619 Jus
2033 589 2102 611 Νοκ

1140 629 1233 649 asser
1264 629 1394 650 RooAiu
1417 640 1426 652 ‚
1459 628 1532 658 Ejus
1555 628 1599 648 EA
1621 629 1707 650 LEGE
1737 630 1895 652 murnum
1919 631 2098 653 Romu-uu.

1140 661 1221 703 Qid
1233 661 1284 695 est,
1295 661 1435 702 quodjus
1446 671 1510 691 non
1525 659 1568 694 sit,
1586 664 1603 687 4
1619 662 1701 701 quod
1720 664 1849 703 populus
1860 663 1975 702 jubere,
1989 673 2037 693 aut
2049 674 2102 694 ve-

1140 712 1197 733 tare
1208 713 1271 733 non
1286 702 1390 743 poffit?
1412 706 1455 733 Ut
1464 712 1501 732 ne
1514 701 1635 744 longius
1644 703 1746 734 abeam
1759 725 1766 738 ‚
1789 704 1913 735 declarat
1924 705 1978 735 ista
1990 705 2099 735 adscri-

1139 747 1202 785 ptio
1213 744 1271 775 effe
1281 744 1406 785 aliquid.
1429 754 1501 774 nam
1514 764 1522 778 ‚
1547 742 1603 774 nisi
1613 743 1684 775 ess'et
1693 765 1702 779 ,
1715 747 1816 777 hocin
1830 746 1974 777 omnibus
1984 747 2102 789 legibus

1142 797 1205 817 non
1215 787 1435 818 adscriberetur.
1459 786 1515 816 Sed
1534 796 1635 826 quaero
1649 787 1700 817 abs
1717 796 1745 818 te
1757 809 1766 822 ,
1780 789 1902 828 putesne
1914 809 1922 822 ,
1944 787 1965 817 si
1975 788 2105 828 populus

1137 827 1262 867 juss'erit,
1275 838 1334 862 me,
1347 837 1446 862 tuum,
1457 829 1600 861 autitem‚
1613 838 1651 862 te,
1664 839 1769 860 meum
1780 831 1898 860 servum
1912 828 1986 860 effe:
2002 830 2106 870 idjusz

1141 871 1218 904 sum,
1231 879 1327 900 ratum
1339 890 1347 904 ,
1368 880 1454 910 atque
1475 869 1598 899 firmum
1617 869 1766 902 futurum.
1793 872 1937 911 Perspicis
1957 873 2015 902 hoc
2024 871 2104 904 nihil

1142 910 1216 946 effe,
1238 916 1251 939 5
1263 913 1335 942 utin
1346 914 1460 945 ceteris,
1473 921 1538 952 quae
1548 914 1672 951 rogavit.
1696 912 1836 943 Primum
1852 913 1929 943 illud
1948 913 2100 946 concedis,

1142 964 1216 987 non,
1227 954 1373 994 quidquid
1384 954 1512 993 populus
1527 953 1655 993 jusserit.
1668 963 1762 985 ratum
1775 954 1831 984 effe
1842 965 1986 995 oportere.
2015 955 2103 986 dein-

1141 996 1178 1025 de
1190 996 1268 1026 nihil
1287 998 1412 1026 rationis
1422 993 1519 1028 affers,
1553 996 1740 1030 uamobrem‚
1753 995 1773 1026 fi
1786 996 1906 1027 libertas
1915 997 2006 1026 adimi
2016 996 2103 1027 nullo

1145 1037 1239 1068 modo
1255 1036 1350 1077 poffit‚
1363 1039 1466 1068 civitas
1475 1047 1514 1077 po
1540 1047 1570 1067 1t.
1582 1048 1649 1067 nam
1664 1039 1696 1069 &
1705 1039 1815 1068 eodem
1825 1038 1919 1070 modo
1930 1039 1967 1069 de
1981 1047 2103 1079 utraque

1145 1089 1174 1109 re
1187 1079 1328 1110 traditum
1340 1079 1429 1109 nobis
1447 1079 1506 1109 est:
1529 1080 1561 1109 &
1573 1100 1582 1113 ‚
1603 1078 1624 1109 fi
1640 1081 1733 1110 semel
1751 1082 1853 1111 civitas
1871 1081 1965 1111 adimi
1984 1079 2101 1120 potest,

1143 1123 1265 1152 retineri
1276 1121 1392 1151 libertas
1404 1131 1467 1151 non
1477 1121 1580 1160 potest.
1592 1120 1653 1161 Qi
1662 1124 1745 1152 enim
1757 1121 1921 1162 potestjure
1932 1123 2103 1163 Qritium

1146 1163 1221 1193 liber
1231 1161 1288 1193 esse
1299 1165 1323 1192 is
1333 1183 1340 1197 ,
1353 1164 1449 1203 quiin
1460 1173 1588 1193 numero
1600 1165 1766 1202 Quiritium
1777 1174 1841 1194 non
1851 1163 1914 1194 est?
1935 1166 2034 1204 Atque
2044 1173 2101 1203 ego

1145 1206 1220 1235 hanc
1228 1204 1465 1235 adolescentulus
1475 1205 1591 1234 causam
1604 1204 1675 1234 cum
1687 1215 1804 1246 agerem
1819 1215 1922 1236 contra
1939 1206 2102 1235 hommem

1143 1245 1366 1277 disertissimum
1377 1245 1483 1276 nostrae
1494 1248 1622 1276 civitatis
1634 1267 1641 1278 ,
1654 1249 1783 1281 Cottam,
1795 1247 1930 1286 probavi.
1954 1245 2035 1276 cerm
2046 1249 2103 1277 Ar·-

1144 1291 1247 1320 retinae
1265 1289 1401 1318 mulieris
1419 1288 1586 1318 libertatem
1603 1288 1797 1318 defenderem
1817 1308 1825 1322 ‚
1839 1289 1872 1318 ὃς
1884 1291 1969 1318 Cotta
1981 1288 2103 1318 decem-

1143 1333 1217 1361 viris
1234 1331 1287 1361 reli
1312 1332 1413 1360 ionem
1432 1328 1579 1369 injecifl'et
1588 1349 1596 1362 ‚
1619 1339 1684 1359 non
1705 1329 1789 1370 poss'e
1807 1331 2024 1361 sacramentum
2043 1339 2102 1360 no·-

1144 1373 1238 1403 strum
1245 1374 1278 1413 ju
1308 1381 1360 1401 um
1367 1371 1504 1411 judicari,
1517 1371 1759 1412 quodArretinis
1768 1372 1886 1402 ademta
1895 1373 1999 1402 civitas
2015 1369 2099 1405 ess‘et.

1145 1416 1178 1445 &
1197 1425 1251 1456 ego
1271 1412 1482 1444 vehementius
1501 1412 1722 1443 contendissem
1735 1433 1742 1447 ,
1762 1416 1913 1445 civitatem
1932 1413 2027 1444 adimi
2036 1422 2104 1444 non

1143 1455 1287 1497 potuifl'e:
1308 1455 1473 1485 decemviri
1488 1455 1582 1495 prima
1597 1453 1706 1485 aerioma
1716 1465 1779 1486 non
1785 1454 2104 1496 judicaverunt:post·

1144 1510 1186 1532 ea,
1199 1508 1228 1528 re
1238 1495 1367 1539 quaesita,
1378 1497 1410 1526 &
1422 1497 1592 1531 deliberata,
1604 1497 1820 1528 sacramentum
1832 1496 1970 1528 nostrum
1984 1495 2104 1537 justum

1141 1540 1357 1582 judicaverunt.
1381 1542 1479 1580 Atque
1491 1540 1559 1571 hoc,
1573 1539 1606 1569 δε
1617 1539 1719 1569 contra
1729 1540 1845 1570 dicente
1855 1541 1942 1570 Cotta
1951 1558 1960 1573 ,
1982 1539 2014 1569 &
2023 1538 2106 1570 sulla

1145 1585 1228 1615 vivo,
1239 1581 1406 1622 judicatum
1416 1580 1466 1610 est.
1488 1581 1556 1622 Jam
1565 1580 1680 1611 veroin
1690 1583 1806 1615 ceteris,
1820 1590 1853 1611 ut
1861 1590 1980 1615 omnes,
1998 1582 2052 1621 qui
2069 1581 2105 1610 in

1146 1624 1248 1655 eadem
1261 1623 1343 1654 causa
1353 1623 1419 1652 sunt
1430 1642 1438 1656 ,
1451 1622 1520 1652 &le
1541 1632 1556 1650 e
1566 1632 1661 1663 agant,
1674 1623 1707 1653 &
1718 1623 1735 1653 s
1732 1633 1804 1653 uum
1813 1624 1863 1663 jus
1880 1622 2103 1663 persequantur,

1148 1667 1180 1696 &
1190 1675 1297 1696 ornnes
1312 1666 1379 1704 jure
1390 1664 1493 1698 civili,
1515 1633 1574 1693 igne
1583 1665 1756 1705 cujusquam
1775 1674 1824 1694 aut
1836 1663 2019 1706 magistratus
2031 1683 2039 1697 ,
2054 1670 2105 1693 aut

1144 1708 1265 1748 judicis,
1277 1715 1326 1737 aut
1335 1708 1423 1746 periti
1433 1707 1571 1736 hominis
1585 1727 1592 1739 .
1604 1715 1653 1736 aut
1662 1709 1796 1746 imperiti
1806 1706 2006 1739 dubitatione,
2016 1713 2105 1735 utan-

1148 1759 1206 1783 tur,
1217 1748 1290 1790 quid
1300 1758 1355 1790 ego
1364 1758 1607 1778 commemorem
1618 1751 1627 1777 ?
1638 1748 1767 1778 dubium
1777 1749 1898 1778 nemini
1908 1746 2040 1777 vestrum
2050 1745 2106 1777 est<-

1148 1791 1232 1822 Certe
1245 1793 1336 1832 quaeri
1347 1790 1404 1820 hoc
1412 1790 1504 1820 solere
1515 1799 1564 1819 me
1575 1800 1638 1819 non
1647 1792 1775 1829 praeterit
1790 1789 1841 1829 (ut
1850 1799 1889 1819 ex
1902 1798 1953 1818 me
1968 1797 2002 1818 ea
2011 1808 2019 1823 ,
2039 1797 2107 1829 quae

2155 489 2164 496 a
2187 490 2191 495 .

2143 499 2158 533 3
2188 501 2239 544 :2

1147 1834 1203 1864 tibi
1222 1835 1254 1862 in
1265 1840 1401 1862 mentem
1412 1841 1476 1861 non
1485 1833 1631 1865 veniunt,
1654 1830 2065 1872 audias)quemadmodum,
2085 1827 2108 1860 fi
2145 1868 2148 1869 ⁷
2178 1840 2199 1861 *u

1146 1877 1250 1905 civitas
1261 1874 1355 1904 adimi
1364 1883 1428 1903 non
1436 1871 1537 1913 poffit,
1555 1875 1588 1902 in
1599 1873 1734 1903 colonias
1744 1875 1865 1904 Latinas
1876 1873 1948 1912 saepe
1958 1871 2055 1902 nostff
2063 1872 2106 1902 ci·-

1147 1927 1197 1947 ves
1206 1915 1333 1957 profecti
1345 1914 1409 1945 sint.
1423 1918 1485 1946 Aut
1496 1915 1513 1945 s
1510 1925 1544 1944 ua
1554 1915 1721 1949 voluntate,
1733 1924 1783 1945 aut
1792 1916 1865 1956 legis
1876 1915 1971 1944 multa
1978 1912 2108 1955 profeffl

1147 1961 1215 1989 sunt
1228 1969 1233 1987 1
1253 1967 1343 1998 quam
1355 1957 1482 1987 multam
1495 1955 1515 1985 sl
1526 1955 1645 1986 sufferre
1655 1955 1834 1991 voluiss'ent,
1855 1965 1922 1986 tum
1932 1965 2053 1986 manere
2073 1957 2106 1986 in

1147 2002 1265 2030 civitate
1275 1997 1446 2039 potuissent.
1463 1998 1565 2038 Qid?
1579 2008 1670 2038 quem
1681 2007 1762 2038 pater
1779 2007 1906 2039 patratus
1916 1997 2031 2028 dedidit
2043 2005 2108 2028 :aut
2124 2005 2138 2038 3

1150 2042 1216 2072 suus
1227 2051 1317 2081 pater,
1330 2040 1493 2080 populusve
1510 2040 1664 2073 vendidit,
1679 2050 1741 2081 quo
1760 2043 1785 2070 is
1800 2043 1865 2081 jure
1876 2041 1987 2070 amittit
2002 2041 2108 2070 civita-

1149 2087 1230 2114 tem?
1253 2083 1294 2114 Ut
1312 2083 1442 2123 religione
1458 2083 1564 2112 civitas
1578 2082 1723 2116 solvatur,
1735 2084 1810 2112 civis
1820 2085 1954 2112 Roman.
1965 2080 2104 2111 traditur:

1147 2128 1200 2167 qui
1218 2124 1290 2155 curn
1309 2123 1351 2154 est
1361 2132 1506 2163 acceptus,
1519 2123 1560 2153 est
1572 2133 1689 2157 eorum,
1701 2124 1809 2164 quibus
1820 2122 1862 2153 est
1872 2122 2000 2156 deditus,
2011 2120 2032 2151 fi
2042 2131 2107 2153 non

1147 2169 1298 2207 accipiunt
1315 2186 1323 2199 ,
1347 2175 1379 2195 ut
1398 2166 1577 2195 Mancinum
1597 2167 1781 2195 Numantini
1803 2185 1810 2197 ,
1835 2166 1943 2194 retinet
1960 2166 2108 2205 integram

1146 2210 1263 2239 causam
1275 2228 1283 2242 ‚
1305 2208 1338 2237 ὃς
1355 2209 1403 2247 jus
1414 2209 1551 2237 civitatis.
1573 2209 1603 2236 Si
1613 2215 1694 2246 pater
1703 2206 1841 2236 vendidit
1854 2216 1924 2236 eum
1935 2226 1944 2240 ,
1964 2215 2056 2247 quem
2075 2207 2109 2236 in

1149 2251 1232 2280 suam
1244 2248 1418 2290 potestatem
1432 2248 1603 2288 susceperat,
1617 2258 1654 2277 ex
1663 2247 1805 2288 potestate
1817 2248 1955 2290 dimittit5
1974 2249 2043 2289 Jam
2053 2257 2110 2288 po-

1148 2291 1236 2332 pulus
1251 2290 1322 2321 curn
1333 2300 1404 2320 eum
1415 2289 1617 2329 vendidit,qui
1627 2291 1716 2319 miles
1727 2289 1820 2320 fruitus
1832 2299 1896 2319 nori
1905 2289 1957 2323 est,
1969 2299 2033 2319 non
2044 2289 2109 2319 adi·-

1150 2335 1206 2362 mit
1216 2334 1243 2363 ci
1254 2333 1422 2361 libertatem
1437 2342 1442 2359 :
1463 2330 1510 2360 sed
1522 2331 1653 2370 judicat,
1666 2341 1729 2361 non
1740 2330 1798 2361 ess'e
1810 2341 1881 2361 eum
1891 2331 2032 2365 liberum,
2043 2331 2107 2372 qui,

1149 2384 1181 2404 ut
1191 2375 1265 2404 liber
1276 2372 1318 2407 sit,
1340 2373 1420 2403 adire
1429 2373 1597 2412 periculum
1609 2373 1717 2403 noluit.
1746 2372 1819 2404 cum
1835 2382 1936 2403 autem
1950 2374 2108 2403 incensum

1147 2415 1253 2446 vendit
1263 2435 1270 2448 ,
1284 2414 1478 2454 hocjudicat:
1498 2413 1569 2444 curn
1584 2416 1608 2444 is
1619 2434 1626 2448 ,
1639 2417 1691 2455 qui
1709 2416 1742 2445 in
1757 2415 1896 2445 servitute
1911 2413 1988 2455 justa
1996 2414 2106 2448 fuerit,

1132 2483 1137 2488 .
1149 2458 1238 2487 censu
1252 2457 1393 2486 liberetur
1404 2476 1411 2489 ,
1425 2458 1495 2485 etim
1508 2476 1515 2490 ‚
1527 2458 1599 2497 qui,
1608 2456 1681 2489 ¹curri
1695 2455 1849 2486 liberesset
1860 2476 1868 2490 ,
1879 2456 1990 2486 censeri
2001 2456 2108 2486 nolue—

1150 2501 1197 2532 rit,
1210 2499 1306 2538 ipsum
1318 2496 1370 2528 sibi
1381 2498 1546 2528 libertatem
1558 2497 1746 2538 abjudicass'e.
1761 2497 1852 2538 Qod
1863 2497 1882 2528 si
1895 2498 2026 2528 maxime
2038 2498 2109 2528 iisce

1151 2541 1238 2570 rebus
1249 2540 1343 2570 adimi
1362 2540 1488 2574 libertas,
1501 2549 1549 2569 aut
1561 2542 1664 2570 civitas
1674 2539 1770 2580 potest
1781 2551 1786 2569 :
1799 2550 1862 2569 non
1874 2540 2047 2580 intelligunt
2055 2540 2109 2580 qui

1152 2583 1215 2612 haec
1224 2590 1478 2615 commemorant,
1493 2580 1513 2610 fi
1524 2591 1574 2621 per
1583 2582 1633 2611 has
1644 2584 1773 2612 rationes
1785 2582 1878 2612 adimi
1890 2583 2019 2622 majores
2028 2579 2109 2621 pofle

1152 2625 1312 2654 voluerunt
1323 2644 1330 2657 ,
1352 2624 1412 2653 alio
1423 2623 1516 2653 modo
1527 2622 1655 2653 noluisse
1668 2633 1672 2652 :
1699 2625 1778 2654 Nam
1792 2643 1800 2657 ‚
1819 2632 1851 2653 ut
1869 2624 1932 2653 haec
1942 2624 2054 2663 exjure
2065 2624 2111 2652 ci-

1152 2666 1206 2695 vili
1224 2666 1424 2706 protulerunt,
1436 2663 1473 2694 sic
1493 2663 1617 2695 afferant
1626 2665 1732 2699 velim,
1745 2665 1854 2706 quibus
1864 2665 1928 2707 lege
1936 2674 1985 2695 aut
1996 2667 2114 2695 Roma-

1153 2718 1188 2737 na
1206 2709 1321 2740 civitas,
1332 2716 1381 2737 aut
1391 2707 1508 2737 libertas
1518 2705 1667 2746 ereptafit.
1686 2709 1766 2737 Nam
1781 2707 1861 2749 quod
1876 2708 1911 2736 ad
1921 2708 2050 2737 exilium
2069 2715 2114 2736 at-

1152 2751 1236 2782 tinet,
1249 2748 1400 2788 perspicue
1412 2749 1540 2790 intelligi
1557 2748 1663 2789 potest,
1677 2747 1814 2789 qualeslt.
1830 2751 2006 2779 Exs1LmM
2016 2749 2113 2782 enim,

1151 2801 1215 2820 non
1236 2792 1416 2830 supplicium
1435 2790 1477 2820 est
1490 2810 1498 2824 ‚
1520 2790 1567 2821 sed
1581 2789 1750 2832 perfugium
1762 2812 1770 2825 ‚
1790 2791 1950 2831 portusque
1969 2790 2116 2830 supplicii.

1153 2843 1222 2862 nam
1240 2836 1291 2873 qui
1303 2832 1410 2862 volunt
1422 2842 1544 2872 poenam
1555 2832 1685 2872 aliquam
1705 2831 1916 2873 subterfugere,
1932 2831 2114 2865 autcalami-

1159 2883 1261 2908 tatem,
1283 2873 1319 2904 eo
1330 2874 1430 2904 solum
1440 2882 1574 2904 vertunt:
1589 2874 1648 2904 hoc
1657 2873 1710 2908 est,
1722 2874 1821 2904 sedern
1831 2884 1864 2904 ac
1874 2874 1976 2904 locum
1986 2879 2113 2903 mutant-

2012 2917 2112 2954 Itaque

183 3011 206 3028 1.
225 3004 272 3035 εἶφ’
286 3005 385 3035 postulat
396 3022 403 3033 ,
422 3003 490 3038 ἀνα]
514 3003 743 3040 Repraesentamus
756 3004 827 3041 quod
839 3012 896 3032 erat
906 3004 934 3032 iu
944 3003 1107 3031 editionibus
1150 3002 1208 3030 sane
1220 3003 1318 3038 aptius.

142 3038 271 3074 antiquis.
292 3038 333 3064 cui
343 3038 470 3065 accedunt
485 3039 550 3065 1³:211.

1185 3047 1215 3072 4.
1234 3039 1518 3072 Qodpopulmjuberey]
1541 3037 1601 3065 Mss.
1612 3039 1692 3065 nostri
1704 3039 1730 3065 δε
1742 3037 1807 3064 olim
1818 3038 1906 3065 excusi
1917 3048 1969 3074 quo.

179 3083 208 3100 ι.
225 3076 324 3108 Qisx'ne
335 3075 407 3101 armis
416 3084 445 3100 ac
453 3075 630 3109 multitudine]
646 3075 720 3103 Editi
737 3076 836 3104 vetuste
848 3076 875 3102 Sc
887 3075 1001 3104 Palatini
1014 3075 1107 3102 exclu-
1149 3086 1157 3099 c
1188 3084 1213 3108 5.
1235 3078 1266 3099 Et
1275 3078 1302 3099 in
1318 3075 1403 3100 caret-is
1414 3084 1462 3108 qut
1471 3075 1588 3108 rogavit]
1611 3076 1704 3101 Petrus
1716 3074 1850 3101 Vifiorius
1861 3074 1938 3101 habet
1950 3094 1959 3106 ‚
1976 3073 2113 3108 &saurim

2147 1996 2171 2040 4
2195 2044 2200 2056 ι

144 3109 211 3137 dunt
225 3109 356 3144 iliudfinr.

1141 3111 1187 3145 scd
1195 3113 1346 3145 qqurimum
1357 3130 1364 3142 ,
1375 3111 1426 3140 (ly-c.
1448 3110 1559 3145 Propius
1570 3110 1602 3140 ad
1612 3111 1670 3140 mff.
1681 3112 1709 3138 δε
1722 3118 1788 3140 vett.
1799 3110 1860 3138 cdd.
1874 3111 1902 3139 iu
1913 3110 2007 3147 quibus
2020 3129 2028 3143 ‚
2045 3109 2075 3140 ὀ·
2086 3116 2114 3137 ea

179 3155 206 3183 3.
226 3147 273 3182 φρ·
285 3149 375 3175 colonus
383 3146 639 3183 babuieconduerum]
654 3147 713 3178 Pal.
723 3147 831 3178 secund.
842 3147 1043 3186 quoniam,qu0d
1053 3147 1110 3176 heic

1129 3162 1132 3187 j
1149 3148 1203 3174 mis
1215 3156 1264 3182 qna
1277 3149 1459 3180 interprimunt.
1469 3147 1520 3178 (lic.

1981 3182 2048 3209 1.A.
2060 3181 2107 3207 Ce-
