2297 3389
97 722 120 748 2

75 1756 99 1801 '3

912 156 916 158 .
965 132 997 155 ἰβ

424 174 679 221 ΟΒΑΉΟ
728 184 803 216 AD
851 151 1183 236 Q¹1R1TES
1233 181 1386 213 Posi*
1433 167 1765 213 REmTuM.

144 264 326 304 quamquam
343 255 421 288 mihi
438 256 554 296 semper
569 252 730 285 ciariffima
746 253 808 284 visa
827 253 913 287 sunt,
945 261 1046 283 tamen
1065 261 1098 283 ea

144 313 229 334 nunc
237 308 386 336 renovata,
396 297 558 328 illustriora
567 296 718 329 videntur,
729 295 819 336 quam
830 294 849 325 fi
860 295 1012 325 obscurata
1029 304 1093 323 non

143 344 248 376 ess‘ent.
269 342 333 383 Ipsa
341 348 438 370 autem
446 339 545 381 patria
558 357 567 372 2
585 338 627 368 dii
638 337 825 367 immortales
836 356 845 371 ‚
857 337 917 367 dici
926 338 978 365 vix
987 334 1093 375 potest,

142 386 216 427 quid
225 383 351 416 caritatis
361 401 369 415 ‚
389 380 462 421 quid
479 380 641 420 voluptatis
652 379 756 409 habet!
778 389 845 420 quae
865 379 974 418 specics
983 377 1076 407 ltaliae
1091 379 1095 405 Ι

141 438 208 470 quae
223 424 375 457 celebritas
391 422 574 462 oppidorum
588 424 594 451 !
627 431 693 462 quae
716 420 816 451 forma
832 421 992 461 regionum
1007 420 1012 448 Σ
1042 419 1096 458 qui

140 470 201 510 agri
214 470 219 497 Ξ
242 475 307 507 quae
317 463 416 506 fruges
429 466 434 494 !
457 474 524 504 quae
533 462 725 504 pulchritudo
737 463 832 492 urbis!
850 472 915 502 quae
925 462 1097 491 humanitas

138 510 271 542 etvium!
294 516 360 548 quae
376 506 549 546 reipublicae
567 504 697 547 dignitas
717 507 721 534 !
746 514 812 545 quae
829 502 923 533 vestra
940 500 1095 542 majestas!

138 550 249 594 quibus
260 558 315 590 ego
325 547 472 578 omnibus
484 557 568 578 antea
577 547 667 577 rebus
686 545 722 577 fic
732 545 850 576 fruebar
858 565 867 579 ‚
886 554 917 575 ut
927 553 1021 574 nemo
1032 553 1096 573 ma·-

137 595 193 634 gis.
224 591 281 622 Sed
305 599 444 631 tanquam
475 600 493 620 B
504 600 522 620 0
533 600 555 620 N
567 598 588 619 A
611 599 632 619 v
642 598 664 618 Α
673 599 693 618 L
705 599 717 619 1
729 598 748 618 τ
759 598 782 618 u·
796 598 816 618 n
827 597 846 618 o
866 585 1031 627 jucundior
1051 583 1095 615 est

137 636 181 665 eis
191 653 199 668 ‚
214 635 266 674 qui
277 631 293 663 ὲ
303 633 383 673 gravi
396 631 505 662 morbo
515 633 636 662 recreati
646 631 731 665 suut,
751 630 843 670 quam
853 631 906 670 qui
925 636 1093 676 numquam

136 685 214 706 aecrro
223 683 345 714 corpore
355 673 493 704 fuerunt:
512 672 550 704 fic
560 684 591 704 ea
604 675 708 703 omnia
718 670 874 702 desiderata
885 670 989 709 magis,
1001 677 1092 708 quam

135 700 244 748 affidue
262 726 395 757 percepta
406 736 414 749 ‚
434 715 595 746 delefitant.
619 715 771 756 Qorsum
783 714 871 753 igitur
879 711 942 740 haec
952 709 1093 749 disputo?

133 759 300 800 quorsum?
321 767 353 788 ut
364 758 530 799 intelligere
539 755 652 797 poffitis
661 775 669 788 ‚
683 755 842 784 neminem
853 760 999 792 umquam
1011 759 1091 781 tanta

131 802 307 842 eloquentia
316 798 421 833 fuisse,
441 809 538 839 neque
548 808 608 828 tam
619 796 744 828 divino,
766 792 1031 834 atqueincredibili
1039 803 1092 832 ge-

132 852 205 874 nere
223 842 364 875 dicendi,
382 843 435 882 qui
453 840 618 870 vestrorum
636 836 878 878 magnitudinem
891 855 900 869 ‚
920 834 1092 865 multitudi-

131 894 266 925 nemque
276 882 492 914 beneficiorum
502 901 511 914 ,
522 881 628 920 quaein
637 888 687 908 me
699 899 708 912 ,
719 878 898 918 fratremque
910 886 1015 907 meum
1029 896 1037 910 ‚
1057 876 1090 907 &

129 927 243 957 liberos
260 924 376 956 nostros
386 920 556 954 contulistis
567 942 575 955 ,
589 931 652 951 non
663 920 758 951 modo
770 929 874 961 augere
885 939 894 952 ‚
912 927 964 949 aut
982 928 1087 948 ornare

130 970 284 1001 oratione,
307 966 356 996 sed
366 974 557 998 enumerare,
576 972 626 994 aut
635 963 779 1003 consequi
797 959 893 1002 poffit.
916 963 942 990 A
959 961 1089 1001 parenti-

129 1010 197 1044 bus,
209 1009 239 1039 id
249 1007 329 1049 quod
339 1005 454 1037 necesse
469 1014 530 1036 erat
540 1026 548 1040 ‚
562 1013 672 1047 parvm
682 1005 748 1035 sum
757 1013 925 1044 procreatus
938 1013 943 1032 :
965 1002 982 1033 a
1000 1002 1088 1033 vobis

128 1060 216 1083 natus
226 1051 290 1080 sum
299 1049 471 1079 consularis.
494 1048 544 1078 Illi
554 1049 631 1078 mihi
640 1047 761 1078 fratrem
773 1067 781 1079 ‚
792 1046 983 1087 incognitum
995 1064 1004 1079 ,
1015 1054 1087 1086 qta-

125 1094 164 1124 lis
178 1092 296 1123 futurus
314 1090 405 1125 effet,
422 1089 584 1120 dederunt:
605 1099 660 1121 vos
672 1088 836 1129 speffluum
847 1107 856 1122 ,
874 1087 1087 1119 &incredibili

121 1136 231 1176 pietate
252 1135 414 1173 cognitum
436 1131 616 1163 reddidistis.
651 1130 886 1171 Rernpublicam
911 1130 974 1159 illis
999 1139 1084 1160 acce-

120 1178 155 1218 pi
174 1175 360 1216 temporibus
379 1184 443 1205 eam
455 1193 464 1208 ,
483 1184 550 1215 quae
566 1172 652 1214 paene
670 1171 774 1204 arnisla
792 1172 836 1203 est
856 1183 861 1202 :
884 1171 900 1202 a
917 1172 1007 1202 vobis
1020 1172 1082 1212 jam

120 1219 294 1258 recuperavi
313 1237 322 1251 ‚
350 1227 442 1259 quam
460 1216 624 1257 aliquando
644 1225 752 1246 omnes
771 1215 861 1244 unius
883 1224 971 1254 opera
986 1214 1082 1244 serva-

119 1268 184 1292 tam
200 1259 417 1300 judicaverunt.
465 1260 520 1288 Dii
537 1258 727 1288 immortales
749 1257 829 1288 mihi
857 1256 967 1287 liberos
992 1255 1083 1286 dede-

119 1310 210 1333 runt:
236 1310 290 1331 vos
307 1298 488 1331 reddidistis.
522 1300 617 1330 multa
636 1308 773 1339 praeterea
791 1298 807 1328 a
823 1297 880 1328 diis
900 1298 1083 1328 immortali-

120 1344 179 1375 bus
196 1351 294 1383 optata
311 1342 462 1373 consecuti
481 1341 593 1372 sumus.
617 1341 671 1371 nisi
690 1340 784 1371 vestra
800 1341 940 1371 voluntas
957 1337 1075 1373 fuiffet‚

120 1386 269 1416 omnibus
284 1384 398 1414 divinis
417 1384 593 1414 muneribus
615 1387 624 1402 ¹
640 1381 844 1413 caruissemus.
867 1381 981 1412 vestros
992 1381 1079 1411 deni-

120 1437 181 1469 que
198 1428 329 1457 honores
348 1445 356 1459 ‚
385 1435 461 1466 quos
478 1435 595 1457 eramus
610 1425 760 1465 gradatim
786 1423 918 1466 singulos
935 1421 1053 1453 ass‘ecuti
1065 1443 1074 1457 ,

120 1479 205 1500 nunc
218 1468 233 1499 a
243 1468 331 1498 vobis
350 1467 505 1497 universos
516 1467 661 1497 habemus
673 1478 679 1496 τ
697 1476 730 1496 ut
744 1487 752 1500 ‚
769 1475 915 1507 quantum
928 1474 1013 1495 antea
1029 1475 1080 1505 pa-

122 1510 259 1542 rentibus
275 1530 284 1543 ‚
305 1518 455 1550 quantum
473 1509 533 1539 diis
551 1508 794 1542 immortalibus,
813 1517 961 1550 quantum
979 1507 1080 1538 vobis-

118 1551 268 1592 metipsis,
293 1560 410 1582 tantum
430 1552 489 1581 hoc
508 1560 642 1592 tempore
661 1550 827 1580 2universo
839 1549 948 1580 cundia
963 1550 1079 1589 populo

117 1596 263 1625 Romano
281 1593 454 1624 debeamus.
477 1595 578 1627 Nam,
598 1591 671 1624 cum
691 1592 797 1632 inipso
814 1590 962 1622 beneficio
980 1590 1079 1622 vestro

116 1644 198 1668 tanta
207 1635 385 1677 magnitudo
396 1633 437 1665 est
449 1655 458 1668 ‚
478 1644 510 1665 ut
520 1645 585 1665 eam
597 1634 761 1676 compleffili
780 1636 913 1664 oratione
927 1642 990 1663 non
1009 1633 1079 1673 pos-

117 1677 173 1709 sim
189 1689 195 1707 :
217 1687 283 1708 tum
295 1679 328 1707 in
346 1676 450 1707 studiis
463 1676 568 1707 vestris
591 1685 669 1707 tanta
690 1678 865 1706 animorum
877 1675 1018 1706 declarant
1036 1674 1079 1705 est

116 1720 275 1754 voluntas,
302 1728 409 1750 utnon
419 1718 519 1749 solum
538 1719 734 1748 calamitatem
745 1718 822 1747 mihi
833 1715 1005 1751 deu-axiss‘e‚
1027 1717 1076 1747 sed

118 1764 209 1793 etiam
219 1761 390 1802 dignitatem
399 1759 513 1792 auxisse
528 1761 703 1791 videamini.
731 1764 743 1788 3
754 1762 829 1790 Non
839 1761 923 1789 enim
940 1769 993 1799 pro
1005 1768 1077 1788 tneo

117 1804 230 1837 reditu,
243 1812 276 1833 ut
284 1812 338 1843 pro
348 1805 379 1833 P.
391 1803 513 1843 Popillii
525 1823 534 1836 ‚
547 1801 727 1833 nobiliffimi
738 1803 873 1831 hominis
884 1822 892 1834 ‚
905 1801 1078 1831 adolescen-

116 1855 162 1877 tes
176 1845 252 1879 filii,
272 1845 305 1875 &
316 1845 407 1875 multi
427 1853 566 1885 praeterea
583 1847 727 1885 cognati,
745 1853 832 1884 atque
852 1842 957 1873 affines
972 1843 1077 1883 depre-

115 1889 174 1918 cati
184 1887 267 1917 sunt:
291 1896 367 1920 non,
376 1895 409 1916 ut
418 1896 472 1927 pro
482 1884 840 1927 QMetellosclariffimo
850 1888 929 1919 viro,
939 1886 1000 1923 jam
1011 1886 1075 1924 spe-

117 1929 309 1959 &ataaetate4
320 1926 400 1958 filius
410 1930 447 1958 L.
461 1929 657 1958 Diadematus
667 1949 677 1961 ‚
697 1928 863 1958 consularis
872 1947 880 1961 ,
899 1928 1017 1957 summa
1025 1937 1075 1956 au-

117 1971 254 2001 Etoritate
266 1971 329 2000 vir:
354 1973 444 1999 non5
455 1972 485 1999 C.
500 1970 642 1999 Metellus
655 1970 808 1999 censorius
818 1989 826 2002 ‚
847 1978 911 1997 non
922 1978 1027 1998 eorum
1039 1969 1076 1998 li-

114 2013 180 2043 beri
191 2031 200 2046 ,
213 2021 277 2042 non
290 2013 350 2052 Q.
361 2011 505 2040 Metellus
516 2013 620 2049 Nepos
631 2029 639 2043 ‚
650 2012 703 2050 qui
713 2019 778 2040 turn
790 2010 980 2039 consulatum
994 2019 1076 2048 pete-

115 2054 177 2088 bat,
190 2063 253 2084 non
264 2053 401 2083 sororum
413 2050 489 2086 filii,
508 2052 629 2081 Luculli
641 2072 648 2085 2
661 2052 800 2084 Servilii,
811 2052 966 2091 Scipiones
979 2061 984 2079 :
1007 2060 1075 2090 per-

114 2096 210 2126 multi
229 2096 314 2125 enim
334 2103 400 2125 tum
417 2094 554 2127 Metelli,
569 2103 617 2123 aut
631 2093 823 2123 Metellarum
839 2093 926 2122 liberi
943 2101 998 2132 pro
1014 2095 1073 2131 Q.

113 2137 235 2168 Metelli
252 2136 349 2166 reditu
367 2136 475 2169 vobis,
500 2145 532 2165 ac
550 2135 682 2175 patribus
699 2134 804 2165 vestris
823 2135 1073 2174 supplicaverunt.

110 2178 196 2220 quod
213 2177 331 2219 siipfius
340 2178 459 2208 summa
467 2176 596 2217 dignitas
607 2196 615 2210 ‚
628 2178 828 2217 maximaeque
846 2186 892 2207 res
905 2175 992 2217 gestae
1009 2185 1073 2205 non

110 2223 180 2252 satis
190 2221 340 2250 valerent:
364 2228 464 2249 tamen
479 2218 535 2248 filii
543 2221 646 2258 pietas,
661 2220 881 2260 propinquorum
889 2226 988 2259 preces,
1000 2217 1071 2247 ado-

110 2263 288 2293 lescentium
303 2261 438 2301 squalor,
454 2261 607 2299 majorum
617 2269 687 2290 natu
698 2261 836 2296 lacrymae
846 2261 994 2300 populum
1005 2262 1071 2289 Ro—

110 2314 238 2335 manurn
257 2312 380 2333 movere
390 2310 562 2342 potuerunt.
586 2304 667 2331 Nam
687 2304 720 2332 C.
732 2296 841 2336 Marii,
862 2303 913 2343 qui
923 2300 990 2341 post
1000 2302 1070 2330 illos
1111 2311 1130 2341 q

109 2354 224 2378 veteres
236 2342 413 2375 clarifi'imos
424 2344 604 2374 consulareis
613 2364 622 2376 ‚
634 2342 729 2373 vestra
738 2363 746 2376 ‚
758 2353 933 2384 patrumque
944 2352 1065 2372 merno-

107 2390 151 2419 ria
161 2408 170 2422 ‚
191 2386 296 2418 tertius
307 2386 376 2417 ante
393 2396 443 2416 me
453 2385 616 2416 consularis
627 2405 635 2418 ,
653 2385 744 2415 subiit
753 2384 992 2426 indignissimam
1005 2383 1068 2413 for-

109 2438 211 2461 tunam
222 2427 455 2470 praestantissima
471 2427 624 2469 suagloria
635 2446 644 2462 2
658 2425 809 2458 dissimilis
820 2428 879 2458 ruit
888 2428 976 2458 ratio.
1001 2428 1078 2458 Non

139 2575 165 2594 ¹1.
183 2567 366 2602 Caruifflmm]
387 2568 455 2595 Pau.
469 2568 566 2605 partim
585 2577 735 2599 careremus,
756 2567 881 2594 utcdidit
891 2567 1059 2600 Lambinus5

56 2618 61 2621 ·
101 2603 197 2639 partim
211 2607 374 2636 :aruer-imum
393 2604 464 2641 quod
474 2605 501 2630 &
513 2606 538 2632 in
550 2606 577 2631 S.
588 2604 659 2630 Viti.
673 2604 751 2630 libro.

138 2647 166 2665 2.
188 2642 315 2674 UniveJfim
326 2643 404 2666 runHo
417 2642 498 2674 populo
507 2641 731 2673 Romstebeamw]
752 2641 793 2666 lta
803 2638 923 2676 prodidit
941 2639 1057 2676 primum

100 2673 246 2715 ‘Lambinus
260 2695 267 2707 ‚
286 2675 428 2712 firmatque
445 2677 555 2703 omnino
573 2675 657 2703 codex
679 2675 857 2703 Erfurdianus
869 2695 878 2709 ,
899 2676 1058 2713 videturque

98 2715 163 2738 item
175 2711 250 2738 fuisl'e
261 2712 287 2738 in
300 2711 356 2738 Pal.
367 2722 408 2748 pr.

215 2758 242 2772 on
251 2750 312 2773 enim
325 2756 423 2781 promco
440 2749 542 2783 reditu]
564 2747 727 2775 Gulielmius
743 2747 809 2775 nihil
829 2747 887 2774 heic
907 2747 1056 2776 adnotavit.

99 2788 129 2808 at
138 2783 204 2809 Pau.
217 2784 297 2810 nostri
307 2791 440 2819 oggerunt
451 2794 496 2810 mco
506 2792 584 2810 ream.

135 2821 166 2851 4'.
183 2822 261 2846 Hlius
271 2823 301 2845 L.
312 2820 493 2854 Diadematus]
514 2821 556 2847 Sic
575 2819 720 2847 Lambinus
740 2823 754 2847 ὸ
765 2819 949 2850 Memmiano,
971 2829 1056 2856 neque

96 2852 194 2882 abeunt
205 2855 370 2882 Erfurdianae
381 2855 478 2882 schedae
491 2876 499 2888 ,
517 2864 562 2883 aut
573 2855 773 2883 Geniblaeenses
785 2867 791 2883 :
816 2856 910 2892 quibus
926 2856 1056 2883 accedunt

84 2916 87 2918 ,
98 2889 128 2915 S.
138 2891 209 2917 Vit't.
220 2893 247 2918 &
258 2892 326 2920 Pau.
336 2891 378 2918 sed
390 2893 407 2918 ii
419 2902 470 2919 nou
481 2893 612 2919 omittunt
623 2893 773 2928 negativam
787 2912 795 2924 ‚
806 2902 863 2928 quae
875 2891 962 2918 fuerat
973 2892 999 2918 in
1011 2892 1056 2918 ha-

97 2924 192 2952 &enus
204 2924 330 2964 vulgatis,
341 2928 374 2955 fic
385 2939 391 2956 :
413 2939 457 2955 non
475 2931 506 2955 L.
518 2930 664 2954 Delmaticur
675 2930 734 2962 cons.
747 2929 842 2961 sunmm
852 2931 919 2954 aut‘Y.
929 2931 973 2953 'vir
984 2937 992 2958 ;
1011 2938 1056 2954 non

97 2963 262 2994 alili-tellus.
283 2964 338 2991 Pal.
362 2974 446 2992 nonus
463 2965 573 2991 exhibet
585 2984 592 2996 ,
608 2966 679 2999 filium·
697 2968 807 2997 Luciu15
826 2974 870 2990 non
887 2964 1054 2991 Diadematus.

98 2996 171 3036 quod
179 2999 317 3026 excutient
328 3000 397 3027 fastis
408 3001 518 3028 intenti.
539 3000 730 3036 conferentque
740 3009 799 3026 cum
811 2999 942 3036 sequentis
952 3000 1055 3027 oratio-

98 3041 140 3060 nis
152 3041 209 3069 cap.
222 3043 231 3060 ι
240 3043 265 3067 5.
275 3044 311 3062 m.
323 3036 351 3062 δε
361 3037 536 3063 Turnebianis
547 3036 595 3063 lib.
607 3045 698 3063 xxiii.
710 3035 824 3062 Advers.
835 3046 891 3072 cap.
901 3044 929 3069 4.

113 3077 164 3108 υς.
186 3072 215 3095 C.
225 3072 356 3105 Metellus]
373 3072 416 3099 Est
427 3074 442 3099 a
453 3072 521 3099 Pau.
531 3074 559 3099 ὃς
571 3071 682 3099 Erfurd.
692 3072 802 3099 Genibl.
812 3074 840 3099 S.
851 3072 923 3099 Vici.
933 3073 962 3099 &
973 3072 1056 3103 Cuia·

97 3112 132 3130 cii
143 3103 244 3144 codiee,
254 3107 417 3144 requiritque
427 3108 543 3135 historia.
562 3118 639 3144 quam
650 3107 816 3145 persequitur
822 3108 934 3145 egregie
945 3103 1054 3145 Pighius

99 3139 186 3167 noster
197 3139 244 3166 hb.
255 3149 318 3168 xxv.
337 3142 437 3170 Annal.
447 3144 531 3170 Rom.
540 3144 572 3170 ad
583 3154 680 3171 annum
691 3144 764 3171 urbis
774 3153 859 3171 nem.

102 3196 103 3199 ,
135 3175 164 3201 6.
183 3178 212 3201 In
222 3176 312 3210 difiejffi«
322 3179 438 3213 civium]
460 3180 525 3206 Haec
548 3180 584 3207 est
603 3179 731 3216 scriptura
738 3179 828 3216 priscae
840 3179 965 3207 editionis
983 3199 991 3212 ,
1011 3189 1053 3206 re-

98 3209 260 3248 spondetque
270 3212 363 3241 cohors
373 3213 478 3251 integra
494 3214 552 3243 mir.
563 3216 723 3245 nostrorum.
744 3215 857 3252 discedere
874 3216 911 3245 cst
919 3215 1055 3250 diffidere,

1135 252 1220 281 enim
1229 251 1281 281 ille
1292 250 1498 291 deprecatione
1506 250 1594 281 rediit
1605 270 1613 285 ‚
1625 249 1673 281 sed
1682 247 1698 269 ⁶
1705 250 1737 279 in
1746 241 1870 277 discessu
1880 243 2009 291 civium,
2020 253 2097 273 exer-

1137 294 1198 321 citu
1208 294 1234 323 se
1247 313 1256 326 ,
1276 293 1425 333 armisque
1442 302 1601 324 revocavit.
1624 295 1676 321 Me
1687 299 1787 321 autem
1804 286 1923 318 nudum
1942 296 1956 315 a
1970 287 2095 325 propin-

1135 336 1214 374 quis,
1229 335 1313 365 nulla
1321 336 1500 376 cognatione
1511 336 1666 365 munitum
1677 353 1685 368 ‚
1707 331 1795 362 nullo
1805 337 1958 360 armorum
1970 347 1979 360 ,
1994 337 2026 357 ac
2047 336 2095 357 tu-

1137 377 1251 405 multus
1262 385 1355 409 metu,
1370 377 1537 410 C.Pisonis‚
1552 377 1652 416 generi
1663 375 1738 407 mei,
1748 378 1763 403 7
1773 373 1877 403 divina
1889 368 2025 412 quaedam
2037 388 2045 401 ,
2059 369 2093 399 δ’,

1135 416 1268 446 inaudita
1277 416 1445 451 auSroi-itas,
1456 427 1540 459 atque
1551 418 1646 448 virtus
1659 437 1666 451 ‚
1677 415 1830 455 fratrisque
1840 414 1901 442 mci
1914 410 2090 444 miserrimi,

1135 466 1222 498 atque
1241 460 1351 497 optimi
1368 460 1553 498 quotidianae
1571 460 1727 498 lacrymae‚
1748 456 1905 495 sordesque
1925 452 2063 494 lugubres
2075 452 2092 484 a.

1135 500 1224 529 vobis
1241 499 1400 538 deprecatae
1414 501 1491 531 sunt.
1526 503 1622 531 Frater
1630 510 1690 530 erat
1700 508 1794 532 unus,
1815 499 1865 538 qui
1887 496 1939 526 suo
1957 495 2093 534 squalore

1135 539 1249 571 vestros
1266 540 1372 571 oculos
1389 541 1557 574 inflc&eret
1572 553 1577 570 z
1596 544 1650 582 qui
1666 542 1719 571 suo
1730 540 1801 570 fletu
1819 536 1999 579 desiderium
2012 537 2085 569 mei,

1134 584 1375 622 memoriamque
1387 591 1559 612 renovaret:
1575 586 1626 623 qui
1639 582 1782 615 statuerat,
1794 576 1963 621 Qirites,si
1974 587 2028 607 vos
2039 588 2091 607 nie

1134 623 1187 654 sibi
1199 622 1482 657 noni-eddidiffetis,
1492 624 1618 653 eandem
1629 624 1724 654 subire
1734 623 1888 653 fortunam
1901 630 1905 648 t
1919 621 1951 650 δε
1962 627 2044 649 tanto
2053 621 2088 649 in

1135 676 1185 696 me
1193 675 1298 696 amore
1316 665 1431 696 exstitit
1445 684 1455 699 ‚
1476 674 1636 706 utnegaret
1648 664 1689 694 fas
1700 663 1757 695 esse
1772 674 1835 694 non
1850 661 1946 693 modo
1957 660 2091 691 domici-

1134 708 1177 737 lio
1188 727 1197 742 ‚
1211 707 1259 738 sed
1270 707 1447 748 nesbpulchro
1457 706 1571 748 quidem
1581 707 1607 737 se
1618 706 1634 736 a
1643 717 1691 736 me
1702 705 1757 736 effe
1767 704 1947 745 sejunCtum.
1971 706 2026 734 Pro
2037 712 2089 733 me.

1131 749 1272 790 praesente
1291 750 1409 779 senatus
1428 768 1437 783 ,
1458 750 1684 789 hominumque
1702 757 1841 787 preste-rea
1859 747 1969 786 viginti
1989 746 2088 775 millia

1132 790 1231 827 vestem
1240 798 1447 820 mutaverunt:
1467 800 1523 830 pro
1539 789 1649 820 eodem
1661 799 1710 818 me
1725 789 1843 818 absente
1860 790 1950 817 unius
1970 787 2088 827 squalo-

1129 843 1208 866 rem,
1220 833 1390 873 sordeisque
1399 832 1528 863 vidistis.
1552 828 1566 852 S
1580 834 1668 862 Unus
1678 832 1726 860 hic
1741 850 1749 863 ,
1760 831 1811 870 qui
1822 829 1917 862 domi,
1929 832 1979 869 qui
1996 839 2027 858 in
2037 828 2086 858 {On

1129 885 1164 905 ro
1173 873 1336 915 poffeteffe
1348 875 1425 904 mihi
1435 877 1542 914 pietate
1554 872 1635 903 filius
1645 893 1653 906 ‚
1668 875 1807 902 inventus
1821 870 1862 900 est
1874 868 2020 899 beneficio
2034 880 2087 909 pa--

1128 927 1197 947 rens
1211 936 1219 950 ‚
1231 926 1334 947 amore
1345 916 1427 946 idern
1439 935 1447 950 ,
1458 918 1510 958 qui
1521 916 1635 955 semper
1645 914 1703 944 fuit
1714 934 1722 945 ‚
1736 912 1832 947 frater.
1858 914 1937 941 Nam
1947 912 2036 950 conju
2061 913 2086 941 is

1128 959 1245 989 miserae
1254 958 1372 999 squalor
1381 979 1390 992 ‚
1407 958 1440 988 &
1451 957 1550 988 iustus
1560 976 1568 991 ‚
1588 965 1674 998 atque
1683 957 1805 996 optimae
1818 952 1885 983 filiae
1899 962 2011 982 moeror
2021 956 2045 982 ai
2060 964 2085 982 1-

1126 1000 1213 1035 duus,
1226 999 1343 1041 filiique
1358 1002 1440 1041 parvi
1451 998 1632 1030 desiderium
1643 999 1704 1028 mei
1716 1017 1724 1031 ,
1735 997 1933 1036 lacrymaeque
1942 994 2084 1033 pueriles,

1124 1052 1174 1074 aut
1182 1043 1341 1074 itineribus
1351 1041 1519 1073 necessariis
1530 1062 1537 1076 ,
1557 1046 1572 1069 9
1582 1051 1631 1072 aut
1642 1049 1781 1081 magnam
1801 1047 1914 1078 partem
1926 1035 2012 1065 tectis
2023 1056 2030 1068 ‚
2052 1046 2084 1066 ac

1125 1085 1256 1117 tenebris
1273 1085 1512 1116 continebantur.
1536 1086 1633 1126 Qare
1653 1085 1711 1113 hoc
1729 1081 1826 1120 majus
1841 1077 1883 1110 est
1904 1077 2035 1109 vestrum
2051 1079 2081 1107 iri
2103 1092 2124 1120 4

1123 1138 1181 1158 nos
1201 1129 1403 1168 promeritum
1415 1147 1422 1161 ,
1440 1126 1523 1168 quod
1541 1136 1605 1156 non
1621 1123 1812 1155 multitudini
1828 1123 2081 1162 propinquorum>

1123 1170 1173 1201 sed
1185 1169 1408 1210 nobismetipsis
1419 1179 1475 1199 nos
1486 1167 1664 1199 reddidistis.
1678 1166 1734 1197 Sed
1743 1161 2001 1206 quemadmodum
2012 1171 2085 1201 pro-

1123 1214 1229 1254 pinqui
1240 1232 1248 1246 ‚
1264 1221 1343 1253 quos
1352 1222 1407 1253 ego
1417 1221 1516 1252 parare
1528 1221 1592 1241 non
1601 1211 1705 1251 potui,
1731 1208 1808 1237 mihi
1819 1206 1854 1236 ad
1864 1203 2079 1245 deprecandam

1123 1254 1323 1285 calamitatem
1337 1264 1438 1284 meam
1454 1263 1519 1284 non
1536 1250 1704 1283 affuerunt:
1725 1248 1781 1283 sic,
1802 1247 1877 1278 illud
1889 1267 1898 1281 ‚
1917 1244 1998 1287 quod
2014 1255 2083 1276 mea

1123 1298 1218 1327 virtus
1227 1296 1361 1336 praestare
1374 1296 1480 1326 debuit
1491 1315 1499 1329 ,
1509 1294 1658 1335 adjutores
1669 1313 1677 1326 ‚
1689 1291 1823 1323 au&ores
1835 1311 1843 1324 .
1857 1287 2083 1334 hortatoresque

1123 1338 1157 1368 ad
1169 1349 1219 1368 me
1229 1337 1448 1368 restituendum
1458 1340 1499 1368 ita
1509 1337 1598 1367 multi
1609 1335 1730 1366 fuerunt
1744 1354 1752 1367 ‚
1768 1341 1801 1363 ut
1811 1332 1900 1372 longe
1915 1330 2083 1369 superiores

1121 1382 1305 1411 omneishac
1313 1380 1475 1421 dignitate,
1493 1381 1636 1420 copiaque
1654 1377 1830 1416 superarem.
1854 1375 2032 1411 Numquam
2043 1370 2082 1400 de.

1122 1426 1154 1453 P.
1164 1423 1307 1463 Popillio,
1316 1420 1487 1456 clariffimo,
1498 1430 1583 1463 atque
1592 1418 1752 1450 fortiffimo
1761 1419 1829 1447 viro
1845 1426 1850 1445 ;
1866 1423 2033 1454 numquam
2042 1412 2080 1441 de

1122 1467 1158 1503 Q<
1170 1465 1307 1498 Metello,
1321 1463 1520 1497 nobiliffimo,
1533 1465 1565 1493 ὃς
1575 1458 1812 1493 constantiffimo
1821 1460 1897 1489 cive:
1909 1463 2078 1501 numquam

1120 1506 1157 1536 de
1167 1509 1199 1536 C.
1210 1508 1320 1539 Mario,
1333 1505 1455 1536 custode
1462 1507 1589 1536 civitatis
1602 1526 1610 1538 .
1621 1513 1708 1544 atque
1718 1502 1839 1542 imperii
1852 1497 1951 1531 vestri,
1963 1507 1991 1526 ιη
1997 1495 2081 1542 sena«

1121 1555 1154 1577 tu
1168 1550 1286 1578 mentio
1305 1547 1380 1578 faeta
1389 1547 1440 1577 est.
1464 1548 1650 1577 Tribunitiis
1667 1546 1831 1585 superiores
1847 1541 1894 1571 illi
1911 1547 2080 1580 rogationi-

1121 1590 1176 1620 bus
1188 1610 1196 1624 ,
1219 1590 1302 1620 nulla
1319 1589 1493 1620 andstoritate
1509 1589 1623 1619 senatus
1643 1588 1710 1617 sunt
1720 1584 1857 1615 restituti.
1880 1584 1995 1612 Marius
2005 1582 2079 1625 vero

1120 1642 1185 1662 non
1198 1631 1295 1662 mode>
1304 1641 1369 1662 nou
1379 1631 1395 1662 ὲ
1407 1630 1571 1664 lenatu‚sed
1582 1632 1670 1660 etiam
1685 1625 1822 1667 oppresso
1832 1626 1932 1655 senatu
1941 1621 1985 1653 est
1992 1620 2079 1652 resti·

1119 1682 1200 1704 tutus
1212 1684 1217 1703 :
1230 1684 1286 1704 nec
1295 1683 1394 1704 rerum
1404 1672 1551 1715 gestarum
1563 1671 1711 1702 memoria
1723 1672 1755 1699 in
1768 1667 1865 1698 reditu
1875 1665 2014 1697 CMai-ii,
2027 1661 2077 1693 sed

1119 1717 1266 1747 exercitus
1277 1736 1286 1750 ‚
1296 1725 1383 1756 arque
1396 1725 1477 1746 arma
1485 1715 1655 1745 valuerunt.
1673 1721 1701 1743 at
1709 1712 1746 1742 de
1757 1720 1805 1740 me
1816 1718 1849 1740 ut
1855 1708 1967 1754 valeret
1977 1726 1985 1739 ‚
1999 1705 2079 1751 seni-

1117 1768 1170 1798 per
1179 1759 1295 1788 senatus
1306 1757 1464 1797 flagitavit:
1486 1754 1687 1796 utaliquando
1705 1752 1895 1797 perficeretur
1911 1770 1919 1783 ‚
1936 1757 2079 1787 cumpri-

1119 1810 1207 1830 mum
1216 1801 1311 1834 licuit‚
1325 1802 1355 1818 ¹0
1363 1798 1635 1840 frequentiamque
1645 1795 1818 1827 austeritate
1827 1793 1960 1838 perrecit.
1971 1789 2076 1833 nullus

1118 1844 1151 1872 in
1161 1842 1374 1872 eorumieditu
1386 1850 1489 1872 motus
1506 1841 1746 1880 municipiorum
1759 1857 1767 1871 ,
1787 1837 1820 1866 &c
1830 1835 2020 1880 coloniarum
2031 1832 2076 1861 ta-

1120 1883 1186 1914 &us
1195 1883 1245 1914 est.
1266 1893 1293 1913 at
1307 1894 1358 1913 me
1367 1885 1400 1913 in
1410 1886 1534 1924 patriam
1550 1891 1593 1913 ter
1602 1882 1660 1912 suis
1671 1881 1794 1911 decretis
1810 1876 1901 1906 Italia
1911 1872 2012 1904 cunc‘ta
2026 1882 2076 1903 re-

1117 1928 1244 1956 vocavit.
1268 1926 1337 1959 Illi,
1349 1927 1482 1955 inimicis
1491 1923 1658 1955 interfectis
1668 1943 1676 1955 ,
1695 1930 1803 1961 magua
1811 1920 1927 1949 civium
1936 1915 2016 1962 caede
2028 1913 2073 1961 sa-

1118 1966 1173 2001 Sta,
1191 1965 1305 1997 rcduffi
1315 1968 1392 1997 sunt.
1415 1977 1470 2008 ego
1479 1969 1526 2000 iis,
1537 1965 1552 1996 a
1563 1965 1671 2006 quibus
1680 1962 1792 2003 ejeews
1804 1961 1869 1992 sum
1882 1979 1889 1993 ‚
1900 1964 2074 1999 provmcias

1117 2008 1338 2042 obtinentibus,
1353 2012 1378 2027 ¹¹
1392 2008 1523 2038 inimico
1534 2016 1635 2037 autem
1647 2007 1766 2045 optimo
1775 2002 1889 2036 viro,&
1899 1997 2071 2044 mitiffirno3

1116 2051 1207 2080 altero
1217 2050 1339 2080 consule
1352 2048 1499 2080 referente
1508 2047 1647 2078 reduetus
1657 2048 1674 2077 s
1672 2057 1734 2077 um:
1743 2044 1814 2076 cum
1825 2046 1850 2074 is
1860 2043 2072 2079 inimicus,qui

1116 2091 1151 2121 ad
1169 2101 1267 2121 meam
1284 2092 1451 2131 perniciem
1469 2100 1579 2121 vocem
1596 2089 1677 2120 suam
1697 2085 1914 2119 communibus
1933 2081 2073 2112 hostibus

1113 2132 1300 2173 praebuiffet,
1322 2133 1427 2174 spiritu
1446 2133 1589 2163 duntaxat
1605 2133 1736 2165 viveret,
1756 2139 1786 2160 re
1803 2127 1927 2169 quidem
1945 2123 2024 2171 infra
2035 2133 2072 2170 o-

1115 2177 1215 2205 mneis
1224 2183 1361 2205 mortuos
1370 2174 1544 2205 amandatus
1552 2172 1634 2203 effet.
1659 2176 1838 2213 Numquam
1849 2169 1884 2199 de
1895 2171 1927 2199 P.
1938 2165 2068 2206 Popillio
2085 2175 2107 2205 5

1113 2215 1495 2257 L Opimius,fortiff1mus
1504 2215 1621 2248 consul,
1638 2223 1806 2255 numquam
1820 2212 1856 2242 de
1870 2213 1931 2252 Q·
1942 2207 2070 2238 Metello

1113 2269 1179 2289 non
1190 2257 1286 2289 modo
1295 2261 1328 2289 C.
1341 2259 1454 2288 Marius
1465 2278 1473 2291 ‚
1484 2260 1536 2298 qui
1545 2258 1757 2287 emtinimicus
1767 2275 1775 2290 ‚
1787 2254 1835 2286 sed
1845 2263 1883 2283 ne
1894 2256 1917 2282 is
1929 2249 2066 2292 quidem,

1133 2303 1164 2331 ui
1174 2301 1289 2331 secutus
1299 2299 1352 2334 est,
1366 2301 1412 2330 M.
1425 2301 1578 2329 Antonius
1590 2318 1598 2333 ,
1609 2300 1705 2328 homo
1715 2292 1984 2338 eloquentissimus,
1996 2301 2068 2322 cum

1111 2345 1147 2372 A.
1159 2343 1276 2373 Albino
1287 2343 1402 2382 collega
1414 2341 1550 2372 senatum
1561 2360 1570 2375 ‚
1587 2349 1637 2370 aut
1653 2341 1802 2381 populum
1822 2336 1865 2368 est
1883 2337 2066 2367 cohortatus.

1110 2387 1150 2413 At
1158 2394 1213 2424 pro
1222 2393 1273 2414 me
1283 2384 1447 2424 superiores
1455 2382 1593 2414 consules
1607 2383 1721 2422 semper
1730 2401 1738 2416 ‚
1760 2389 1794 2410 ut
1801 2379 1943 2410 referrent
1951 2397 1960 2410 ‚
1983 2374 2066 2405 effla-

1110 2428 1194 2468 gitati
1203 2426 1273 2458 sunt
1283 2436 1290 2456 ι
1311 2426 1361 2457 sed
1375 2427 1463 2457 veriti
1477 2425 1544 2456 sunt
1552 2445 1561 2461 ,
1574 2425 1718 2467 negratt'ae
1727 2423 1812 2465 causta
1820 2421 1914 2452 facere
1924 2418 2062 2449 videren-

2003 2467 2062 2493 tur,

1606 2520 2070 2536 Μ

1102 2566 1172 2594 unde
1183 2567 1276 2602 difieffio
1289 2587 1295 2598 ‚
1316 2575 1364 2603 pro
1383 2565 1525 2600 conjugum
1544 2563 1662 2590 divortio
1680 2561 1749 2597 apud
1767 2557 1925 2597 Terentium
1946 2550 2062 2593 Andria·

1102 2603 1223 2640 vulgata,
1233 2607 1260 2630 in
1268 2604 1368 2638 diſjenfic
1378 2606 1425 2629 civ.
1446 2602 1521 2637 supra
1531 2600 1611 2627 etiam
1623 2598 1750 2634 rescripsi,
1762 2588 2059 2637 membrams'omnlbus

1101 2640 1265 2672 volentibus,
1279 2643 1326 2668 <At
1337 2648 1371 2664 me
1379 2639 1478 2670 nudum,
1487 2638 1537 2668 &a
1556 2634 1643 2670 ejef‘to
1653 2638 1710 2663 &Me
1719 2640 1795 2659 autem
1805 2631 1905 2662 nudum,
1915 2636 1966 2660 eye.
1986 2622 2058 2662 quod

1100 2676 1127 2703 in
1140 2676 1215 2703 nullo
1225 2683 1282 2702 erat
1294 2683 1393 2701 vetere.

1135 2720 1163 2747 7.
1182 2715 1276 2739 Divina
1284 2708 1553 2745 qnaedama1fflorsias.]
1567 2708 1590 2735 G
1595 2707 1714 2734 ulielmio
1725 2703 1871 2742 suspeetum
1887 2699 1997 2728 verbum
2009 2706 2056 2723 au-

1099 2750 1207 2774 Horitar.
1228 2748 1304 2773 restat
1315 2754 1402 2773 tamen
1413 2746 1439 2772 in
1451 2745 1544 2772 nosti-is
1557 2751 1624 2770 vett.
1635 2744 1662 2769 δε
1674 2741 1734 2769 edd.

1134 2783 1163 2810 8.
1184 2786 1248 2809 Unu5
1257 2785 1294 2808 hic
1302 2786 1343 2816 qui
1352 2783 1423 2813 domi,
1437 2784 1511 2816 quiin
1523 2782 1575 2814 flvro
1584 2781 1650 2813 passer
1662 2799 1669 2811 ,
1679 2778 1746 2812 elva]
1769 2775 1866 2803 1.,εᾶἰο
1877 2772 1961 2800 smera
1974 2781 1980 2798 :
2001 2779 2055 2797 uon

1099 2819 1222 2855 improbo
1231 2818 1413 2848 conie&uram
1425 2816 1558 2846 Lambini3
1570 2815 1612 2842 sed
1624 2816 1656 2842 sic
1666 2814 1733 2842 nulli
1744 2812 1871 2849 scripti‚in
1883 2808 2056 2853 quibusdan-‘rr

1098 2857 1136 2881 hic
1145 2855 1235 2890 quidem
1244 2858 1269 2881 in
1281 2855 1406 2888 fhropcyfit
1418 2872 1425 2885 ,
1436 2854 1486 2884 &a
1505 2860 1549 2878 aut
1560 2856 1632 2878 certe
1645 2871 1652 2884 ‚
1663 2861 1725 2877 unus
1734 2852 1772 2876 his
1784 2852 1824 2884 qui
1833 2847 1912 2888 deinde
1922 2854 2014 2884 nigore.
2046 2877 2052 2885 ι

1134 2900 1163 2927 9.
1185 2895 1250 2919 (Aut
1258 2900 1366 2923 magnam
1372 2897 1467 2922 partem
1476 2889 1568 2922 testis]
1590 2890 1632 2915 ltu
1641 2889 1668 2914 δε
1681 2886 1807 2914 vetustior
1816 2884 1913 2913 editio,
1924 2883 1958 2907 ml
1966 2901 1971 2906 .
1982 2887 2053 2914 quon

1096 2937 1126 2953 ca
1135 2929 1210 2960 leHis,
1220 2926 1355 2963 quomodo
1366 2926 1392 2952 8<
1404 2924 1461 2951 mis.
1479 2924 1574 2952 nostri.
1594 2931 1698 2961 recepta
1707 2923 1835 2960 scriptura
1846 2940 1855 2954 ,
1873 2927 1958 2952 magna
1972 2923 2053 2950 parte-

1096 2963 1127 2991 ad
1139 2970 1244 3000 captum
1256 2963 1341 2997 vulgi.

1137 3009 1178 3026 10.
1198 3002 1341 3033 erquenria
1358 3004 1429 3031 atque
1439 2999 1580 3023 auHuritate
1593 2995 1725 3030 perfecit]
1757 2991 1907 3022 Gulielmio
1932 2987 2053 3026 placeb-at

1096 3036 1124 3063 S.
1135 3035 1253 3062 Viam-is
1265 3034 1346 3061 lestko
1358 3034 1481 3066 ,perfregit
1490 3053 1498 3065 ,
1510 3034 1537 3059 8<
1549 3033 1576 3059 id
1587 3034 1663 3060 habet
1673 3040 1778 3069 quoque
1789 3030 1845 3058 Pal.
1856 3028 1907 3054 sec.
1916 3036 1945 3054 at
1956 3033 2052 3052 nonus.

1099 3081 1157 3099 nam
1169 3078 1256 3099 totum
1266 3078 1375 3105 gregem
1387 3077 1523 3101 excutere,
1536 3079 1587 3096 non
1599 3070 1635 3096 est
1645 3070 1742 3096 otium.
1924 3099 1928 3103 ²
1968 3097 1981 3101 ‚.

1137 3117 1146 3134 1
1156 3117 1178 3134 ι.
1197 3110 1291 3134 Inimico
1300 3114 1378 3131 autem
1387 3108 1467 3138 optimo
1475 3108 1529 3131 viro
1541 3125 1548 3137 ,
1567 3105 1632 3140 ὡς]
1654 3104 1800 3132 Lambinus
1810 3102 1868 3128 heic
1887 3099 1931 3127 fibi
1940 3096 2048 3131 aliisque

1096 3143 1233 3179 negotium
1245 3141 1341 3168 frustra
1352 3141 1414 3168 facit
1427 3160 1434 3173 ,
1453 3142 1482 3167 8(
1492 3149 1587 3178 practer
1598 3142 1678 3168 libros
1694 3151 1702 3170 ;,
1723 3141 1748 3166 in
1761 3138 1855 3176 quibus
1870 3144 1956 3164 tamen
1968 3134 2050 3173 hjxrc:

1096 3190 1147 3207 non
1159 3198 1167 3211 ,
1181 3185 1259 3205 mitem
1270 3197 1278 3209 ,
1289 3177 1331 3203 sed
1342 3177 1398 3212 ejus
1408 3177 1468 3205 loco
1476 3179 1516 3205 hoc
1526 3197 1535 3212 ,
1548 3185 1592 3207 aut
1603 3178 1667 3207 adeo
1679 3179 1693 3206 h
1707 3176 1802 3204 solum,
1822 3176 1849 3201 Sc
1863 3182 1924 3200 vero
1935 3174 1972 3197 hoc
1983 3176 2051 3196 item

1095 3216 1175 3245 restat
1183 3215 1211 3243 in
1221 3214 1314 3251 primis
1324 3213 1386 3243 edd.
1448 3250 1473 3277 L
1481 3247 1509 3279 11

1911 3254 1935 3270 1.
1953 3246 2064 3273 vrum.
