2297 3389
58 2254 102 2288 43
123 2247 250 2282 Scribis,
283 2248 329 2278 SI

703 136 830 184 Lm.
862 138 893 182 Ι.
942 151 1010 183 1u
1052 135 1110 185 C.
1146 131 1475 186 vanum·

114 216 211 253 bum,
231 216 265 249 ἃς
281 215 481 248 inhumanum
499 213 714 254 interponeret.
737 217 866 245 Tutores
879 234 888 248 ,
910 218 1069 254 pecuniam

117 262 236 300 praetori
253 257 401 299 sipupillae
413 258 540 287 nomine
551 254 698 286 dedifl‘ent
707 276 715 289 ,
737 256 879 297 grandem
897 258 1071 296 praesertim,

119 299 375 342 quemadmodum
396 299 426 327 in
444 299 580 327 rationem
602 297 761 327 inducerent
779 317 789 331 ‚
812 297 1071 338 quemadmodum

113 342 173 385 fine
179 341 296 382 periculo
303 340 353 380 suo
363 339 429 369 dare
437 337 565 379 possent,
579 349 644 369 non
654 338 797 369 videbant
811 350 816 368 :
839 338 927 368 fimul
939 338 1074 368 &istum

119 381 183 414 fore
195 392 253 413 tam
262 381 436 421 improbum
447 390 511 410 non
518 380 741 410 arbitrabantur.
767 381 840 420 saepe
850 380 996 420 appellati,
1008 390 1075 420 per-

120 432 307 465 negaverunt.
330 421 388 452 Iste
398 421 434 452 ad
444 422 601 452 arbitrium
613 423 675 461 ejus
687 442 695 456 ,
707 423 756 452 cui
765 422 948 451 condonarat
958 421 1074 450 heredi-

120 473 210 496 tatem
227 472 358 504 ereptam
373 463 473 493 liberis
486 484 495 496 ,
515 463 606 505 quam
624 473 745 504 aequum
765 462 898 493 edietum
919 462 1074 502 scripserit,

118 506 216 546 quaeso
226 525 235 539 ,
253 505 434 548 cognoscite.
459 507 534 535 CuM
564 514 784 534 mTELLlGAM
797 524 805 539 ,
829 514 944 534 LEGEM
967 507 1076 533 Voco-

119 555 222 578 N1AM.
247 549 322 588 Qis
332 556 477 587 umquam
489 546 618 577 crederet
627 567 638 580 ‚
651 549 774 576 Verrem
786 546 951 576 mulierum
971 546 1076 576 adver-

120 588 228 619 sarium
238 588 375 618 futurum
387 591 398 617 ?
415 598 453 618 an
462 587 531 618 ideo
542 587 655 628 aliquid
665 596 766 618 contra
777 588 917 617 mulieres
927 587 998 617 fecit
1008 607 1017 620 ‚
1037 597 1075 616 ne

119 636 219 659 totum
238 629 374 659 edietum
392 629 428 659 ad
440 629 617 660 Chelidonis
634 629 789 659 arbitrium
808 629 948 668 scriptum
960 628 1075 658 videre-

118 673 188 700 tur?
209 674 219 691 ¹
233 670 392 712 Cupiditati
407 671 550 700 hominum
559 672 600 701 ait
609 671 636 701 se
646 669 761 700 obviam
771 671 821 699 ire.
845 673 859 689 ²
870 670 950 709 Qd
962 672 1072 709 potius,

118 721 183 742 non
201 712 296 743 modo
316 713 362 742 his
373 713 560 752 temporibus
577 732 586 746 ‚
611 712 659 742 sed
678 714 767 742 etiam
778 711 854 751 apud
870 712 998 751 majores
1016 721 1075 741 no-

118 752 194 791 stros
205 756 292 795 ?quis
301 763 360 784 tam
372 762 505 784 remotus
513 753 594 783 suita
604 753 763 793 cupiditate
775 755 786 782 ?
807 755 867 783 Dic
877 772 886 786 ,
897 753 997 793 quaeso
1006 772 1014 786 ,
1024 763 1074 783 ce-

118 803 188 826 tera.
211 795 337 826 dele&at
346 797 430 825 enim
442 806 490 825 me
500 796 636 824 hominis
645 796 781 837 gravitas,
794 795 915 824 scientia
922 795 1008 833 juris,
1019 804 1072 824 au-

117 836 248 868 &oritas
271 839 335 878 Qi
357 846 399 866 ΑΒ
417 840 650 870 A.Pos·ruM10‚
665 839 839 877 QFuLvm
860 845 1072 870 ceusonmus,

118 888 242 909 Posi-va
263 888 307 908 EA
328 884 424 908 FEcx'l*
433 897 442 911 ,
467 888 623 907 Ρεοειυτ.
647 880 745 911 Fecit,
766 877 887 908 fecerit?
910 879 986 919 Qis
1004 887 1072 907 um-

117 930 209 961 quam
229 920 324 950 edixit
344 918 401 949 isto
419 919 516 950 modo
530 922 541 948 ?
559 921 627 960 quis
635 929 780 960 umquam
792 920 856 959 ejus
873 920 916 948 rei
924 918 1070 952 fraudem,

118 970 169 992 aut
178 962 342 1001 perivalum
354 961 510 1000 proposuit
518 960 618 991 edi&o
628 979 637 994 ‚
657 971 723 1002 quae
735 971 831 1001 neque
841 959 908 1000 post
926 960 1071 993 ediEtum,

56 1011 103 1044 42
120 1013 217 1043 neque
231 1011 299 1032 ante
308 1001 441 1032 edietum
459 1002 608 1042 provideri
620 1004 739 1042 potuit?
755 1004 826 1044 Jure
837 1022 845 1036 ,
865 1002 998 1043 legibus,
1020 1012 1073 1032 au-

121 1043 256 1075 &oritate
272 1046 415 1074 omnium
435 1063 443 1077 ,
466 1045 519 1085 qui
536 1044 768 1074 consulebantur
784 1063 793 1078 ,
817 1043 1029 1074 testamentum
1041 1047 1072 1074 P.

119 1087 239 1117 Annius
249 1084 372 1119 fecerat,
385 1095 449 1115 non
458 1085 635 1126 improbum
646 1105 654 1119 ‚
674 1096 738 1116 non
758 1084 964 1115 inofficiosum
977 1105 985 1119 ,
1009 1095 1073 1115 non

119 1128 331 1158 inhumanum.
350 1125 431 1167 quod
443 1125 463 1156 fi
473 1129 512 1157 ita
522 1125 652 1157 fecisset:
664 1136 764 1157 tamen
772 1126 839 1167 post
847 1127 930 1156 illius
942 1137 1073 1157 mortem

123 1168 201 1199 nihil
212 1167 248 1198 de
258 1167 435 1198 testamento
445 1169 526 1199 illius
536 1169 678 1207 novi-susis
688 1167 831 1199 constitui
841 1176 1002 1208 oporteret.
1011 1171 1075 1198 Vo-

118 1211 206 1241 conia
216 1210 264 1239 lex
275 1219 303 1239 te
312 1209 452 1240 videlicet
461 1209 632 1241 delestabat.
645 1212 781 1241 Imitatus
791 1208 863 1240 effes
875 1210 972 1249 ipsum
983 1210 1073 1240 illum

119 1254 153 1282 C.
164 1253 339 1281 Voconium
348 1271 357 1285 ,
367 1254 420 1291 qui
430 1252 492 1293 lege
502 1252 552 1282 sua
564 1252 754 1282 hereditatem
765 1251 879 1282 ademit
887 1252 966 1281 nulli
976 1261 1072 1292 neque

69 1308 75 1311 -
117 1294 247 1334 virgini,
267 1303 363 1333 neque
373 1293 512 1323 mulieri:
533 1293 629 1323 sanxit
646 1295 678 1323 in
687 1293 839 1333 posterum
857 1313 865 1325 ,
883 1295 934 1333 qui
944 1292 1011 1332 post
1021 1303 1071 1323 eos

118 1334 254 1366 censores
271 1335 375 1364 census
393 1333 464 1364 efl‘et
475 1355 483 1367 ,
503 1344 542 1364 ne
558 1337 626 1374 quis
645 1335 784 1365 heredem
803 1336 954 1374 virginem
965 1354 973 1368 ‚
995 1345 1071 1364 neve

119 1376 279 1406 mulierem
288 1375 403 1405 faceret.
425 1378 461 1405 In
471 1376 536 1416 lege
547 1377 682 1406 Voconia
692 1386 756 1406 non
766 1375 817 1409 est,
838 1378 942 1406 Facie
952 1396 960 1410 ,
971 1379 1073 1406 FECE-

118 1426 179 1447 :tt-r
192 1427 198 1445 :
221 1426 318 1457 neque
328 1419 361 1446 in
371 1417 431 1447 ulla
441 1418 616 1458 praeteritum
635 1425 741 1459 tempus
751 1417 978 1458 reprehenditur
986 1437 994 1451 ,
1018 1416 1073 1447 nifi

117 1459 181 1499 ejus
190 1460 232 1488 rei
243 1479 251 1492 ‚
260 1468 326 1499 quae
336 1458 385 1488 sua
396 1459 498 1498 sponte
510 1459 654 1493 scelerata,
668 1470 700 1490 ac
709 1459 820 1489 nefaria
829 1458 882 1492 est,
894 1468 938 1492 ut,
949 1461 1038 1490 etiam
1052 1457 1072 1489 fi

119 1500 169 1530 lex
178 1510 242 1529 non
252 1499 515 1541 eflet,magnopere
526 1500 646 1531 vitanda
654 1501 754 1531 fuerit.
777 1503 875 1541 Atque
885 1511 917 1530 in
929 1502 976 1530 his
985 1501 1073 1531 rebus

122 1542 216 1572 multa
225 1541 364 1571 videmus
375 1544 414 1572 ita
423 1541 521 1572 sanita
531 1541 587 1572 ess'e
598 1542 712 1583 legibus
721 1563 732 1576 ,
749 1552 782 1572 ut
789 1551 856 1572 ante
865 1541 944 1572 faeta
952 1544 985 1572 in
992 1543 1075 1581 judi-

120 1584 202 1614 cium
219 1593 283 1614 non
296 1592 449 1613 vocentur.
473 1584 633 1618 Cornelia,
643 1583 861 1614 testamentaria
871 1604 880 1617 ,
893 1586 1074 1618 nummaria,

120 1633 223 1656 ceterae
231 1625 400 1665 complures
411 1636 417 1654 2
427 1627 460 1655 in
469 1625 578 1666 quibus
588 1636 653 1656 non
659 1626 708 1666 jus
718 1625 840 1666 aliquod
850 1636 966 1656 novum
977 1636 1075 1667 popu-

120 1666 152 1696 lo
162 1665 362 1700 constituitur,
375 1667 424 1696 sed
435 1668 562 1697 sancitur
573 1688 582 1701 ‚
595 1677 628 1698 ut
638 1687 646 1701 ,
658 1667 740 1708 quod
751 1668 866 1707 semper
875 1668 991 1699 malum
1003 1667 1075 1698 faci-

120 1718 177 1739 nus
194 1707 285 1738 fuerit
295 1727 303 1741 ,
330 1711 343 1735 3
353 1708 415 1747 ejus
424 1708 548 1750 quaestio
556 1709 591 1739 ad
602 1711 748 1750 populum
766 1712 909 1749 pertineat
920 1730 929 1743 ,
949 1720 987 1739 ex
996 1718 1076 1740 certo

119 1757 263 1789 tempore.
286 1752 334 1780 De
343 1750 408 1790 jure
418 1749 489 1780 vero
500 1751 584 1781 civili
594 1750 613 1781 si
621 1753 687 1792 quis
698 1754 773 1781 novi
782 1751 856 1792 quicl
867 1751 1006 1785 instituit,
1018 1756 1035 1778 4
1048 1753 1073 1781 is

120 1793 225 1822 omnia
234 1811 242 1825 ‚
261 1801 327 1833 quae
340 1791 407 1821 ant&
415 1790 554 1832 asbasunt
563 1813 572 1826 ,
591 1801 650 1823 rata
659 1791 716 1823 effe
727 1794 844 1833 patitur.
869 1796 881 1820 5
892 1792 974 1823 Cedo
995 1794 1073 1823 mihi

117 1832 198 1874 leges
208 1835 325 1863 Atinias
335 1853 344 1867 ‚
355 1836 455 1864 Furias
465 1854 474 1867 ‚
487 1832 583 1864 Fusias
594 1854 602 1867 ‚
614 1834 708 1874 ipsam
721 1855 729 1869 ‚
749 1843 782 1865 ut
791 1834 853 1864 dixi
865 1854 873 1868 ,
888 1836 1070 1868 Voconiam,

119 1876 241 1906 omneis
251 1884 387 1914 praeterea
395 1875 502 1915 dejure
512 1876 607 1909 civili3
617 1877 674 1906 hoc
683 1878 808 1916 reperies
819 1878 851 1906 in
862 1876 1007 1907 omnibus
1019 1876 1075 1907 sta-

119 1916 166 1946 tui
173 1916 221 1954 jus
229 1935 238 1949 ‚
249 1926 309 1956 quo
319 1915 385 1956 post
393 1926 458 1946 earn
468 1917 564 1957 legem
574 1918 704 1957 populus
713 1926 822 1947 utatur.
835 1920 895 1959 Qi
905 1918 1073 1957 plurimum

119 1957 257 1988 tribuunt
265 1956 365 1987 edit-ko
376 1977 384 1990 ,
404 1960 537 1997 praetoris
547 1958 678 1988 edistum
690 1958 775 1999 legem
784 1969 907 1988 annuam
917 1959 1021 1990 dicunt
1028 1959 1074 1989 es-

114 1999 160 2030 se.
185 2000 235 2028 Tu
254 1997 354 2028 edffiko
362 1998 429 2038 plus
446 1998 655 2039 comple&etis
664 2000 756 2040 quam
766 2000 840 2041 lege.
864 2003 894 2031 Si
906 1999 999 2031 finem
1009 2000 1074 2031 edi—

122 2039 173 2071 eto
182 2041 315 2079 ptaetoris
324 2039 450 2070 afferunt
458 2041 599 2071 Kalendae
606 2043 672 2083 Jan.
683 2051 735 2071 cur
746 2052 810 2071 non
819 2043 942 2072 initium
954 2052 1073 2084 quoque

122 2080 215 2112 ediffi
225 2080 374 2112 nascitura
385 2082 651 2124 Kalendjanuarii
664 2087 674 2112 ?
687 2093 724 2114 an
734 2084 767 2113 in
784 2093 855 2113 eum
871 2094 985 2114 annum
1003 2094 1074 2124 pro-

122 2123 206 2164 gredi
215 2132 308 2153 nemo
316 2125 425 2163 poterit
434 2123 533 2154 edieto
543 2144 552 2158 ,
564 2134 625 2164 quo
633 2133 740 2165 praetor
748 2125 822 2155 alius
831 2125 950 2155 futurus
959 2125 1002 2156 est
1012 2136 1018 2155 :
1038 2127 1071 2155 in

122 2164 211 2195 illum
222 2183 231 2198 ,
251 2174 312 2205 quo
321 2165 395 2194 alius
411 2165 585 2204 praetorfuit
594 2186 602 2198 .
623 2166 824 2207 regredietur?
846 2169 889 2196 Ac
900 2165 920 2195 fi
930 2168 988 2197 hoc
996 2168 1072 2206 juris

122 2215 187 2236 non
203 2206 286 2235 unim
305 2206 387 2245 caufiz
398 2207 533 2236 hominis
541 2206 679 2237 edixisses
691 2228 699 2240 ,
715 2207 832 2237 cautius
847 2207 1072 2248 composuisl‘es.

351 2247 473 2289 QvIS
493 2250 743 2278 HEREDEM
759 2251 922 2283 FECIT,
940 2252 1073 2279 FECE-

123 2292 149 2319 R
157 2290 214 2318 IT.
237 2288 328 2331 Qod
337 2288 357 2318 si
366 2291 433 2329 plus
443 2290 544 2330 legarit
553 2309 562 2324 ,
581 2289 672 2330 quam
684 2290 719 2320 ad
729 2290 870 2320 heredem
881 2311 890 2324 ,
913 2291 1072 2321 heredesve

124 2333 275 2371 perveniat
284 2351 292 2365 ,
303 2331 384 2371 quod
396 2340 447 2371 per
455 2331 552 2372 legem
563 2333 733 2362 Voconiam
751 2330 767 2351 ⁶
776 2333 803 2361 ei
814 2352 822 2365 ,
833 2334 885 2372 qui
895 2333 998 2363 census
1008 2343 1072 2363 non

122 2371 172 2408 fit,
191 2372 260 2402 licet
271 2382 277 2402 :
297 2382 349 2402 cur
358 2373 416 2402 hoc
425 2392 434 2405 ‚
453 2371 526 2402 cum
537 2374 570 2402 in
580 2373 686 2403 eodem
707 2383 812 2415 genere
830 2373 863 2404 sit
873 2394 881 2407 ,
901 2384 965 2404 non
974 2377 1074 2404 caves?

119 2415 188 2456 quia
203 2424 266 2444 non
275 2415 391 2457 generis
399 2434 408 2450 ,
428 2413 478 2445 sed
488 2415 624 2445 hominis
634 2415 749 2446 causam
766 2415 865 2446 verbis
874 2415 1072 2457 ampleEteris:

1983 148 2051 196 24
2060 136 2084 182 r*

1123 226 1155 249 ut
1173 218 1260 249 facile
1271 227 1421 259 appareat,
1444 226 1470 248 te
1476 214 1565 259 pretio
1586 209 1633 253 effi:
1643 217 1820 245 commotum.
1844 214 1943 254 Atque
1953 214 2011 244 hoc
2021 214 2040 244 fi
2051 217 2086 246 in

1122 260 1273 299 posterum
1284 259 1423 291 edixisses
1432 280 1441 293 ‚
1456 261 1557 289 minus
1569 256 1640 288 efl'et
1652 255 1801 287 nefarium
1814 266 1818 284 :
1831 263 1933 285 tamen
1943 255 2015 286 effet
2025 258 2089 286 im·-

1121 302 1250 340 probum
1274 313 1279 330 z
1302 302 1375 331 7sed
1396 311 1460 331 tum
1472 301 1629 340 vituperari
1647 296 1763 338 posset,
1784 299 1816 326 in
1835 297 1962 327 dubium
1981 300 2087 328 venire

1123 352 1186 371 non
1204 341 1308 382 posset.
1331 352 1425 372 nemo
1436 344 1519 372 enim
1539 343 1753 371 committeret.
1777 348 1857 368 nunc
1875 337 1918 368 est
1933 338 2087 377 ejusmodi

1122 382 1257 412 edi&um
1269 403 1277 417 ,
1290 394 1322 413 ut
1333 386 1433 424 quivis
1444 384 1591 423 intelligat
1600 402 1609 416 ‚
1632 379 1993 422 ›tenpoplrloqffbs'ct·1pt1tm
2003 400 2011 414 ‚
2035 380 2086 410 sed

1123 426 1155 453 P.
1167 426 1263 453 Annii
1283 425 1418 454 secundis
1438 424 1605 454 heredibus.
1628 426 1730 463 Itaque
1750 420 1821 466 cum
1834 420 1849 451 a
1867 430 1894 451 te
1904 430 1991 461 caput
2006 421 2086 452 illud

1123 473 1183 494 tarn
1195 466 1299 494 multis
1308 465 1722 506 verbis,mercenarioprooemz'o
1733 461 1802 492 esset
1812 471 1953 493 ornatum
1965 474 1970 492 :
1983 465 2088 504 ecquis

1122 505 1164 535 est
1182 508 1324 535 inventus
1343 506 1442 545 postea
1452 516 1576 546 praetor,
1596 507 1648 546 qui
1661 505 1735 535 illud
1755 504 1839 534 idem
1852 504 2000 534 ediceret?
2018 515 2083 535 non

1124 546 1218 577 modo
1236 557 1329 578 nemo
1340 547 1454 581 edixit3
1478 547 1526 577 sed
1545 558 1582 577 ne
1593 548 1701 576 metuit
1711 546 1833 586 quidem
1844 545 2002 587 quisquam
2014 566 2023 580 ‚
2044 556 2085 577 ne

1121 591 1188 629 quis
1207 589 1344 618 ediceret.
1368 591 1447 618 Nam
1461 588 1527 628 post
1538 599 1565 618 te
1573 597 1730 628 praetorem
1750 587 1839 617 multi
1849 586 2024 618 testamenta
2033 598 2075 618 eor

1121 630 1190 660 dem
1204 630 1298 660 modo
1307 629 1450 659 fecerunt.
1473 633 1506 658 in
1518 631 1564 658 his
1574 639 1667 669 nuper
1676 631 1784 658 Annia.
1817 631 1858 659 Ea
1867 628 1902 658 de
1915 629 2086 659 multorum

1119 673 1362 712 propinquorum
1379 672 1542 704 sententia,
1567 670 1729 710 pecuniosa
1747 670 1857 699 mulier
1869 690 1876 702 ‚
1900 669 1981 710 quod
2000 671 2088 702 censu

1121 723 1184 742 non
1195 722 1271 746 erat,
1294 712 1472 742 testamento
1489 712 1563 750 fecit
1579 712 1698 740 heredem
1708 710 1815 749 filiam.
1842 714 1942 751 Itaque
1952 713 2010 742 hoc
2021 722 2085 742 ma·

1120 764 1214 795 gnum
1229 754 1374 793 judicium
1391 755 1556 783 hominum
1575 752 1706 782 deistius
1728 751 1863 793 singulari
1882 753 2085 793 improbitate.

1120 796 1201 836 quod
1216 799 1321 825 Verres
1332 796 1381 825 sua
1391 796 1494 835 sponte
1505 792 1677 824 instituisset
1689 814 1696 826 ,
1719 793 1748 822 id
1760 796 1918 823 neminem
1934 793 2086 828 metuisse.

1121 847 1159 866 ne
1169 839 1235 878 quis
1245 839 1433 877 reperiretur,
1443 838 1495 877 qui
1505 835 1589 865 istius
1599 834 1771 864 institutum
1782 835 1860 875 sequi
1871 836 1971 866 vellet.
1995 836 2086 866 Solus

1122 881 1205 908 enim
1217 888 1248 909 tu
1260 880 1401 908 inventus
1412 880 1503 912 es,cui
1515 887 1577 907 non
1589 877 1654 906 satis
1666 875 1753 905 fuerit
1762 878 1906 916 corrigere
1917 878 2088 907 voluntates

1123 922 1259 950 vivorum
1269 940 1277 954 ,
1290 919 1345 949 nisi
1356 922 1445 950 etiam
1457 918 1636 949 rescinderes
1647 925 1829 946 mortuorum.
1862 920 1910 947 Tu
1923 919 1982 958 ipse
1992 929 2029 948 ex
2040 921 2090 949 Si-

1121 961 1235 992 ciliensi
1246 961 1346 991 edi&o
1358 963 1415 992 hoc
1426 959 1578 991 sustulisti.
1595 957 1717 989 voluisti
1729 979 1737 992 ‚
1762 968 1800 988 ex
1812 960 1976 998 improviso
1988 958 2008 989 fi
2040 970 2086 990 ua:

1122 1014 1166 1033 res
1176 1013 1250 1033 natae
1260 1002 1375 1037 essent,
1396 1013 1435 1033 ex
1448 1003 1562 1032 urbano
1573 1001 1673 1031 edieto
1691 1000 1858 1030 decernere.
1880 1010 1970 1040 quam
1984 971 2085 1040 pocileae

1121 1054 1152 1075 tu
1164 1045 1218 1075 tibi
1229 1043 1435 1075 defensionem
1453 1043 1641 1084 relinquebas
1655 1063 1662 1075 .
1682 1044 1714 1071 in
1726 1052 1757 1071 (Ἢ
1768 1043 1901 1071 maxims}
1913 1039 2084 1075 offendisti·

1121 1085 1192 1116 cum
1210 1096 1293 1123 ¹tuatn
1304 1085 1511 1116 au&oritatem
1531 1094 1592 1115 tute
1608 1085 1666 1124 ipse
1685 1082 1786 1113 edieto
1798 1084 1977 1122 provinciali
1995 1094 2084 1124 repu-

1122 1128 1232 1158 diabas.
1256 1133 1353 1169 Atque
1364 1138 1418 1170 ego
1429 1137 1492 1157 non
1503 1126 1607 1156 dubito
1620 1147 1627 1158 ,
1638 1126 1723 1166 quin,
1737 1134 1769 1154 ut
1779 1125 1856 1154 mihi
1866 1145 1874 1158 ,
1888 1127 1935 1155 cui
1948 1124 2008 1155 filia
2017 1136 2082 1155 ma-
2104 1134 2151 1166 44

1121 1169 1206 1199 xime
1218 1169 1302 1200 cordi
1321 1169 1362 1199 est
1373 1190 1381 1203 ‚
1406 1164 1420 1188 3
1430 1179 1475 1198 res
1485 1170 1548 1198 haec
1557 1167 1658 1198 acerba
1675 1166 1809 1196 videatur
1818 1186 1826 1199 ‚
1851 1176 1937 1207 atque
1947 1166 2081 1209 indigum

1122 1209 1158 1241 sic
1169 1212 1331 1252 unicuique
1341 1209 1474 1241 vestrum
1485 1231 1493 1244 ‚
1512 1210 1565 1250 qui
1577 1209 1667 1249 simili
1681 1208 1761 1247 ftnsu
1774 1228 1781 1240 ‚
1799 1217 1885 1248 atque
1896 1208 2084 1249 indulgentia

1122 1251 1253 1282 filiarum
1270 1254 1526 1283 commovemini.
1549 1254 1641 1290 Qum
1659 1252 1742 1279 enim
1764 1259 1906 1279 NATURA
1926 1250 2014 1279 nobis
2028 1251 2082 1290 ju--

1121 1295 1249 1324 cundius
1259 1315 1267 1327 ‚
1288 1294 1361 1335 quid
1373 1296 1467 1324 carius
1479 1292 1536 1323 effe
1545 1293 1663 1322 voluit?
1680 1290 1753 1331 quid
1763 1290 1806 1320 est
1813 1291 1933 1332 dignius
1946 1311 1954 1324 ,
1974 1294 2006 1322 in
2017 1302 2083 1333 quo

1122 1338 1223 1365 omnis
1234 1335 1333 1366 nostra
1342 1336 1497 1377 diligentia
1511 1355 1520 1368 ,
1531 1333 1775 1374 indulgentiaque
1785 1333 2001 1363 consumatur?
2013 1336 2083 1364 Ho-

1124 1387 1176 1407 mo
1185 1376 1436 1417 importuniffime
1446 1397 1454 1412 ,
1467 1387 1519 1407 cur
1530 1385 1640 1406 tantam
1651 1376 1794 1411 injuriam
1807 1376 1945 1403 RAnnio
1956 1384 2079 1405 mortuo

1121 1418 1216 1448 fecisti
1228 1422 1238 1447 ?
1256 1429 1308 1448 cur
1318 1420 1400 1448 hunc
1410 1419 1548 1450 dolorem
1559 1418 1652 1447 cineri
1663 1417 1727 1453 ejus
1739 1436 1746 1449 ,
1758 1424 1847 1456 atque
1856 1414 1965 1445 ossibus
1975 1415 2080 1446 inuffi-

1122 1459 1157 1491 sti
1167 1481 1175 1494 ‚
1194 1460 1340 1490 utliberis
1351 1461 1414 1499 ejus
1425 1460 1504 1490 bona
1513 1461 1603 1499 patria
1613 1479 1622 1491 ‚
1640 1458 1795 1487 voluntate
1805 1459 1909 1496 patris,
1933 1459 1995 1495 jure
2005 1478 2013 1491 ‚
2036 1458 2081 1487 le-

1120 1502 1207 1543 gibus
1218 1501 1321 1532 tradita
1332 1523 1339 1534 ‚
1352 1504 1478 1541 eriperes
1489 1522 1497 1534 ,
1511 1502 1543 1530 &
1554 1520 1562 1533 ‚
1576 1501 1621 1529 cui
1631 1498 1686 1529 tibi
1697 1498 1759 1536 effer
1765 1498 1948 1532 commodum,
1961 1499 2081 1530 condo-

1121 1553 1204 1573 nares
1213 1546 1226 1572 ?
1248 1546 1468 1584 QIBUs-CUM
1479 1544 1541 1572 vivi
1552 1542 1632 1572 bona
1642 1539 1741 1570 nostra
1750 1542 1893 1580 partimur
1904 1561 1913 1573 ,
1924 1541 1964 1570 iis
1973 1550 2082 1580 praetor

1121 1585 1263 1619 adimere,
1275 1584 1363 1615 nobis
1374 1586 1513 1617 mortuis,
1526 1584 1621 1617 bona,
1633 1581 1824 1622 fortunasque
1833 1583 1962 1621 poterit?
1985 1585 2049 1612 NE
2060 1584 2083 1612 C

1123 1627 1447 1657 PETITIONEM
1466 1647 1474 1660 ,
1510 1627 1609 1666 inquit
1631 1645 1640 1657 ,
1672 1625 1769 1654 NEC
1803 1623 2081 1657 EOSSESslo-

1123 1671 1155 1697 N
1163 1671 1188 1698 E
1198 1669 1238 1698 M
1258 1671 1290 1697 D
1299 1671 1338 1697 A
1346 1671 1368 1698 B
1377 1671 1410 1696 O.
1430 1668 1545 1708 Eripies
1555 1669 1645 1707 igitur
1653 1666 1772 1706 pupillae
1783 1674 1883 1706 togam
1893 1668 2081 1705 praeteittam!

1123 1709 1258 1741 detrahes
1268 1719 1444 1741 ornamenta
1453 1719 1517 1740 non
1527 1709 1624 1739 solum
1635 1706 1828 1739 f01·tunae‚sed
1839 1709 1927 1737 etiam
1938 1709 2082 1747 ingenui-

1123 1753 1210 1783 tatis?
1232 1754 1380 1782 Miramur
1391 1772 1399 1786 ,
1419 1751 1454 1782 ad
1465 1761 1545 1781 arma
1555 1758 1658 1780 contra
1666 1748 1756 1779 istum
1768 1749 1927 1778 hominem
1938 1749 2080 1789 Lampsa—

1122 1803 1213 1824 cenos
1223 1792 1275 1823 iffe
1286 1796 1296 1823 ?
1308 1796 1457 1823 miramur
1465 1814 1473 1827 ‚
1487 1792 1576 1822 istum
1587 1791 1622 1821 de
1632 1791 1786 1830 provincia
1793 1789 1987 1820 decedentem
1997 1790 2079 1820 clam

1121 1833 1265 1875 syracusis
1274 1833 1432 1877 profugisse
1443 1838 1452 1864 ?
1465 1844 1521 1864 nos
1530 1854 1539 1867 ,
1558 1832 1578 1863 si
1588 1832 1710 1862 alienam
1722 1832 1810 1860 vicem
1817 1839 1864 1871 pro
1874 1830 1961 1867 nostra
1971 1833 2080 1869 injuria

1121 1877 1289 1911 doleremus,
1310 1881 1326 1903 9
1337 1876 1496 1916 vestigium
1516 1874 1601 1905 istius
1620 1876 1652 1904 in
1671 1872 1739 1903 foro
1754 1882 1818 1902 non
1834 1871 1904 1902 ess'et
1922 1873 2078 1904 relistum.

1122 1922 1202 1949 Pater
1212 1918 1261 1948 dat
1271 1917 1339 1949 filiae
1350 1929 1355 1947 :
1367 1918 1517 1958 prohspes.
1528 1917 1606 1956 leges
1616 1914 1714 1945 sinunt
1726 1925 1731 1943 ·.
1747 1923 1848 1944 tamen
1858 1923 1886 1943 te
1896 1916 2077 1954 interponis.

1122 1963 1170 1990 De
1189 1960 1248 1989 suis
1267 1960 1355 1989 bonis
1372 1961 1412 1989 ita
1429 1958 1495 1992 dat,
1515 1967 1548 1988 ut
1556 1957 1592 1987 ab
1608 1958 1675 1996 jure
1691 1966 1755 1986 non
1765 1955 1858 1985 abeat.
1883 1956 1964 1996 Qid
1975 1956 2077 1990 habes,

1120 2000 1202 2042 quod
1213 2001 1428 2040 reprehendas?
1442 2000 1539 2032 nihil,
1553 2000 1671 2038 opinor.
1694 2000 1734 2027 At
1743 2007 1798 2038 ego
1809 1998 1942 2027 concedo
1955 2008 1960 2026 :
1971 1998 2077 2036 prohi-

1121 2043 1168 2076 be,
1181 2041 1200 2072 s1
1210 2052 1294 2083 potes
1305 2053 1309 2071 :
1319 2041 1338 2071 si
1349 2042 1437 2072 habes
1447 2043 1536 2082 quite
1546 2039 1643 2070 audiat
1655 2050 1661 2068 ε
1687 2042 1717 2058 ¹0
1726 2038 1746 2068 fi
1755 2037 1851 2078 potest
1861 2038 1916 2068 tibi
1926 2038 2009 2069 disto
2019 2049 2074 2069 au-

1120 2084 1206 2114 diens
1217 2083 1275 2114 effe
1286 2084 1450 2125 quisquam.
1473 2083 1585 2123 Eripias
1604 2089 1637 2110 tu
1655 2081 1833 2110 voluntatem
1850 2082 1963 2109 mortuis
1974 2100 1981 2113 ‚
2005 2079 2076 2109 bona

1120 2127 1259 2164 vivu,jus
1269 2125 1394 2155 omnibus
1406 2129 1417 2154 ἒ
1440 2127 1507 2155 Hoc
1517 2123 1645 2164 populus
1655 2125 1695 2153 R.
1709 2126 1732 2141 ¹¹
1745 2132 1809 2152 non
1821 2131 1913 2151 manu
1924 2121 2076 2152 vindicas-

1121 2168 1172 2200 set,
1191 2166 1247 2198 nisi
1266 2176 1294 2197 te
1312 2168 1383 2197 huic
1402 2168 1530 2206 tempori
1542 2186 1550 2198 ‚
1569 2174 1654 2205 atque
1676 2165 1746 2194 huic
1762 2163 1878 2204 judicio
1896 2162 2077 2193 reservasset?

1121 2208 1313 2249 Posteaquam
1322 2210 1369 2247 jus
1379 2210 1553 2248 praetorium
1563 2205 1764 2237 constitutum
1773 2204 1815 2234 est
1826 2225 1834 2238 ,
1845 2205 1949 2247 semper
1959 2206 2075 2244 hocju-

1119 2260 1149 2280 re
1161 2249 1201 2280 usi
1212 2248 1348 2280 sumus:si
1358 2250 1464 2280 tabulas
1473 2248 1641 2279 testamenti
1652 2257 1717 2277 non
1725 2245 1938 2287 proferrentur,
1953 2250 1979 2266 ¹²
1990 2255 2071 2279 tum,

1122 2293 1165 2321 uti
1176 2294 1354 2332 proximum
1371 2301 1520 2332 quemque
1531 2288 1716 2330 potissimum
1734 2287 1873 2318 heredem
1886 2286 1943 2318 esse
1954 2297 2078 2328 oporte-

1120 2342 1179 2363 ret:
1202 2337 1231 2360 ¹3
1243 2331 1262 2362 si
1273 2335 1298 2363 is
1308 2333 1445 2363 intestato
1456 2341 1592 2362 mortuus
1602 2330 1673 2360 efl'et
1681 2350 1690 2364 ‚
1703 2331 1743 2360 ita
1751 2329 1913 2360 secundum
1924 2340 1995 2359 eum
2005 2329 2076 2369 pos-

1121 2373 1204 2405 seffio
1213 2375 1338 2405 daretur.
1393 2384 1458 2405 uare
1469 2375 1526 2404 hoc
1536 2372 1569 2402 fit
1577 2371 1776 2413 aequiffimum
1788 2391 1796 2405 ,
1807 2370 1891 2401 facile
1902 2370 1944 2400 est
1952 2370 2071 2401 docere.

1122 2417 1170 2448 sed
1181 2418 1251 2447 inre
1262 2425 1322 2448 tam
1333 2415 1431 2447 usitata
1441 2436 1450 2450 ,
1471 2416 1536 2446 satis
1546 2414 1588 2445 est
1597 2413 1752 2444 ostendere
1765 2433 1775 2447 ,
1793 2414 1912 2442 omneis
1921 2421 2007 2442 antea
2021 2412 2074 2460 jus

2031 2462 2074 2485 ita

158 2552 182 2570 ι.
200 2544 333 2576 Cupiditati
348 2546 463 2570 hominum
473 2547 510 2570 ait
520 2544 547 2578 se
557 2546 649 2571 obviam
658 2546 718 2580 ire.]
739 2545 807 2571 Pall.
817 2544 1051 2580 duo.,Cujacianus
1063 2564 1071 2578 ,

119 2577 183 2605 olim
195 2579 306 2615 impr-effi
319 2599 327 2611 ,
337 2582 443 2606 obviare.
461 2589 540 2616 quem
551 2580 699 2607 consensum
711 2581 788 2607 libuit
799 2581 890 2608 saltem
901 2580 1027 2608 indicare.

156 2623 185 2640 2.
203 2616 267 2648 Qiel
278 2619 356 2648 potim
369 2636 376 2648 ,
393 2625 438 2641 non
447 2616 533 2650 modo]
560 2615 631 2642 Edit.
645 2624 697 2643 vet.
709 2617 817 2644 habebat
826 2619 883 2649 φφ.
903 2616 1072 2650 (λι-ἰαιέρίς.

122 2649 281 2677 Gulielmius
291 2650 485 2687 distinguebat;
504 2653 561 2684 Qis
571 2655 649 2685 potius
660 2656 670 2678 ?
688 2662 732 2678 non
744 2653 803 2678 modo
813 2654 847 2678 his
860 2654 998 2685 temporibus
1009 2671 1017 2683 ,
1029 2653 1073 2686 fid

121 2688 191 2711 etiam
201 2687 265 2719 apud
271 2688 367 2720 majores
381 2689 466 2720 nqftros
477 2706 485 2719 ‚
503 2688 555 2722 quie
564 2695 613 2713 tam
623 2695 723 2714 remotus
724 2691 776 2723 ficit
786 2688 801 2714 si
814 2688 950 2721 cupiditate.
969 2697 1019 2723 ego
1031 2686 1072 2714 ni-

123 2720 160 2747 hil
168 2722 247 2757 ausim
257 2729 369 2749 mutare.

145 2759 172 2818 ’ἔ
179 2777 186 2783 .
204 2759 265 2792 ἐξίτω·
272 2761 358 2792 questio
368 2759 402 2784 ad
403 2761 513 2792 populum
518 2760 661 2794 pertineat]
677 2758 755 2786 Nihil
766 2760 869 2786 variant
879 2759 958 2786 nostri
969 2758 1071 2795 scripti,

122 2801 153 2820 ne
174 2802 216 2819 um
236 2793 311 2820 editi.
340 2795 508 2821 Hotomanus
527 2795 614 2821 voluit
631 2796 809 2829 adPrxtm-em5
829 2796 855 2821 St
867 2796 967 2832 recepit
985 2796 1070 2822 statim

123 2828 292 2856 Lambiniana
303 2838 311 2860 3
322 2829 467 2866 eodemque
476 2831 618 2857 inclinabat
627 2832 800 2857 Gulielmius.

157 2870 185 2897 4.
204 2868 228 2890 Β
236 2868 313 2891 omnia
320 2875 368 2900 (με
377 2873 431 2892 ante
440 2867 557 2900 affusum
567 2886 575 2899 ,
585 2874 642 2893 rata
650 2868 691 2900 ff
696 2867 817 2901 paritum]
838 2866 917 2893 Haud
929 2865 1070 2903 quidquam

124 2907 226 2939 mutant
237 2900 293 2927 mss‘.
303 2901 382 2929 nostri
395 2921 402 2933 ,
413 2909 457 2928 aut
467 2901 543 2928 editi.
568 2903 737 2929 Hotomanus
748 2906 762 2928 e
774 2902 906 2930 Prisciano
917 2903 1022 2930 volebat
1033 2903 1072 2929 le-

121 2944 163 2970 gi,
172 2936 192 2962 is
200 2946 245 2962 non
253 2939 330 2964 omnia
338 2947 386 2970 qua
396 2940 452 2964 effla
453 2938 525 2971 sum,
534 2945 591 2964 rata
600 2939 640 2972 iffi
647 2941 754 2971 patietur
765 2942 776 2964 ,ἒ

163 2979 176 3004 5
183 2990 189 2997 .
207 2972 263 2997 Cedo
272 2975 328 2998 mihi
336 2974 393 3005 leges
401 2976 499 2999 Atiniae
509 2992 517 3005 ,
527 2976 614 3000 acrias
627 2993 634 3005 ,
646 2975 735 3008 Flfias,
745 2974 812 3008 ἕνα]
826 2975 867 3000 Ita
875 2973 998 3009 primitus
1009 2973 1071 3000 cusi.

123 3004 188 3033 adeo
198 3014 228 3032 ut
238 3008 383 3034 Hotomani
401 3008 508 3044 suspicio
528 3018 587 3035 vera
605 3009 655 3035 eise.
674 3009 795 3036 videatur
807 3028 815 3041 ,
826 3010 978 3036 arbitrantis
989 3009 1072 3036 alter-

124 3047 211 3082 utram
221 3051 310 3068 vocem
322 3043 432 3071 manass‘e
441 3047 456 3072 a
465 3043 563 3080 glomi:
585 3046 677 3081 utique
695 3054 755 3072 curu
765 3043 867 3073 familia
876 3048 944 3081 Fufia
955 3064 963 3078 ‚
981 3044 1072 3072 eadem

126 3076 209 3104 fuerit
218 3085 277 3104 curn
288 3081 372 3105 fflria.

160 3112 191 3137 6.
208 3115 241 3140 Ei
248 3115 289 3146 qui
298 3115 376 3146 ειη-[ἔκ
384 3116 488 3150 nonsit]
500 3117 540 3144 Ita
549 3126 638 3144 omnes
650 3116 707 3143 mss'.
719 3116 799 3144 nostri
809 3118 836 3143 ὅ(-
847 3116 908 3144 edd.
920 3116 1053 3144 obsoletae.

160 3154 178 3183 7
185 3167 191 3174 .
208 3148 252 3175 Sed
259 3155 307 3175 mm
315 3151 450 3184 vituperari
455 3152 477 3188 .]
489 3152 637 3182 Hotomani
647 3152 694 3182 ms.
702 3160 807 3182 tantum.
826 3162 919 3182 verum
929 3153 1010 3182 nostri
1020 3162 1072 3181 non

1115 2544 1272 2591 respondent
1285 2564 1292 2577 ‚
1304 2553 1388 2579 neque
1399 2551 1454 2569 erat
1466 2541 1575 2569 necesse.

1150 2583 1176 2608 b.
1195 2585 1240 2607 Res
1249 2583 1294 2607 lace
1303 2582 1388 2606 acerba
1396 2579 1534 2612 vidi-amu]
1554 2576 1698 2603 Lambinus
1709 2575 1814 2611 quidem
1825 2575 1923 2601 vldcmr
1930 2587 1939 2607 ‚-
1951 2573 1992 2601 sed
2004 2584 2072 2602 con-

1114 2625 1155 2643 tra
1166 2617 1234 2643 Pall.
1254 2617 1353 2643 nostros
1365 2616 1391 2641 &
1401 2614 1467 2642 edit.
1478 2621 1532 2640 vet.
1552 2622 1610 2639 nam
1630 2613 1687 2638 heic
1700 2611 1794 2638 delinit
1807 2611 1976 2647 Cujaciinus.
1998 2610 2071 2638 forts:

1116 2649 1168 2679 suit
1179 2654 1332 2686 ‚juditarm-.

1149 2697 1178 2724 9.
1199 2690 1316 2721 Vestigium
1325 2688 1392 2718 [flim-
1401 2688 1426 2712 in
1437 2686 1488 2719 jin-o
1498 2695 1541 2710 non
1551 2685 1602 2717 effe!
1613 2684 1741 2712 reliffumsl
1754 2683 1797 2708 Sic
1808 2682 1876 2709 Pall.
1888 2682 1921 2708 sic
1931 2681 2014 2709 editio
2025 2691 2074 2709 ve—

1115 2731 1156 2751 tus
1169 2743 1177 2755 ,
1190 2719 1269 2750 etiam
1282 2722 1419 2749 metor-ina
1432 2741 1440 2752 ,
1451 2721 1581 2747 recentior
1593 2739 1600 2751 ,
1611 2721 1690 2753 inflare
1699 2719 1749 2752 effit
1758 2721 1862 2745 relc'Hum
1873 2722 1883 2745 ?
1893 2719 1979 2745 minus
1992 2718 2073 2745 vehe-

1114 2767 1229 2786 menter.
1247 2757 1376 2795 quidquid
1387 2757 1457 2783 dicat
1468 2758 1645 2783 Hotomanus.

1155 2804 1196 2822 10.
1215 2799 1240 2820 Si
1246 2797 1319 2828 pont?
1329 2796 1371 2819 tibi
1380 2794 1438 2818 Amo
1448 2793 1545 2818 audiens
1556 2792 1620 2825 effi]
1633 2791 1676 2817 Sic
1687 2790 1827 2817 veterrima
1836 2789 1959 2822 editio,&
1972 2789 2072 2826 placet.

1113 2841 1173 2858 nam
1186 2831 1241 2857 [³:11.
1251 2831 1279 2856 &
1289 2829 1441 2856 ViStoriana
1450 2829 1528 2854 eAIHo.
1547 2827 1618 2864 quod
1628 2837 1678 2853 non
1689 2826 1817 2862 assequor.

1154 2877 1162 2893 1
1173 2877 1181 2893 t
1189 2888 1194 2893 .
1214 2871 1265 2892 Non
1276 2875 1347 2891 manu
1357 2864 1523 2898 vindicasti-u]
1535 2862 1663 2890 Defendit
1675 2862 1740 2889 istud
1752 2870 1844 2889 contra
1854 2861 1996 2889 Asconium
2009 2880 2018 2894 ‚
2028 2861 2072 2889 cui

1113 2902 1264 2938 displicebat
1274 2901 1393 2936 negativa
1405 2919 1412 2930 ,
1425 2901 1592 2926 Hotomanus
1603 2899 1649 2924 lib.
1665 2908 1686 2924 1.
1699 2898 1800 2924 observ.
1812 2907 1867 2933 cap.
1879 2906 1906 2932 7.

1154 2948 1196 2964 η.
1215 2939 1271 2963 Tum
1281 2941 1317 2963 mi
1322 2939 1453 2969 proximum
1462 2944 1571 2970 quemque
1577 2934 1789 2968 potiffimitm‚&·c.]
1804 2935 1863 2960 Vox
1871 2936 2071 2966 proxinmm,non

1114 2973 1149 3000 est
1161 2975 1185 3000 in
1197 2973 1313 3000 editione
1324 2972 1376 3004 anti
1399 2971 1471 2996 uiore
1484 2990 1491 3002 ,
1511 2971 1565 2997 imo
1576 2979 1659 3006 neque
1670 2970 1696 2996 in
1708 2970 1775 2996 Pall.
1788 2969 1870 2996 {olum
1890 2976 2024 3005 comparet
2041 2970 2071 2997 in

1115 3009 1165 3036 fiee.
1176 3010 1245 3036 intei-
1258 3009 1337 3034 liueas
1350 3027 1357 3038 ‚
1368 2982 1399 3033 aii
1411 3006 1476 3032 illud
1484 3009 1635 3039 potissimum5
1646 3006 1851 3039 aliasprnximus.

1155 3053 1182 3077 ιζ
1192 3065 1196 3070 .
1207 3048 1231 3070 si
1241 3046 1259 3070 is
1269 3045 1373 3076 innstato
1383 3048 1486 3067 mortum
1495 3042 1571 3076 effla]
1584 3043 1683 3068 Totum
1695 3040 1894 3072 istnd,fund'1tus
1905 3039 2023 3067 deletum
2034 3040 2072 3067 est

1115 3081 1140 3107 in
1153 3078 1311 3106 editionibus
1323 3078 1473 3108 hodierni33
1497 3078 1558 3114 quia
1568 3078 1666 3114 placuit
1678 3079 1843 3103 Hotoinano.
1864 3076 1926 3102 mihi
1938 3076 2070 3112 postlimi-

1116 3117 1160 3143 nio
1171 3124 1293 3142 revocare
1304 3114 1398 3145 visum,
1409 3113 1478 3149 quod
1489 3114 1602 3140 exstaret
1612 3113 1638 3140 in
1649 3114 1721 3141 omni
1731 3112 1859 3146 editione,
1868 3122 1954 3148 neque
1964 3111 2070 3139 abirent

1117 3151 1185 3180 Pan.
1195 3151 1241 3180 nili
1252 3158 1380 3188 quatenus
1390 3151 1458 3186 prust
1464 3151 1483 3178 is
1492 3153 1518 3179 in
1527 3151 1669 3184 testamento.

1563 3185 1591 3214 H
1610 3185 1627 3212 h
1964 3190 1988 3210 1.
1998 3179 2072 3210 Valde
