2297 3389
756 115 880 160 Lrn.
920 113 1020 159 111.
1071 128 1140 161 ru

1189 113 1246 161 C.
1281 115 1572 166 VERREM.
2061 120 2154 180 267

550 216 1795 282 ACCUSATIONIS

338 424 497 510 C.»

681 322 1999 518 VERREM,

668 553 1020 609 LIBER
1131 553 1696 623 TERTIUS,

180 660 1148 877 FRUMD

1195 661 2126 890 ΕΕΝΤΟ,

1041 913 1260 959 SEU

287 1007 854 1098 ORATIO
933 1008 2016 1099 FRUMENTARIA.

514 1157 1072 1214 ORATIO

318 1296 321 1298 —
360 1290 418 1321 fu
445 1277 558 1309 Mnus,
582 1274 789 1316 quialterum,
803 1272 941 1314 judices,
959 1273 1052 1303 nullis
1066 1274 1126 1303 im-

210 1337 220 1347 ι
238 1316 242 1319 ’
259 1328 338 1367 .11‘¹’'''⁴'
366 1309 415 1365 ἵῆ,
443 1316 517 1358 pulsi
527 1317 716 1349 inimicitiis,
731 1316 814 1345 nulla
822 1317 964 1355 privatim
974 1313 1032 1344 laefi
1043 1316 1126 1354 inju-

279 1371 286 1380 η
343 1368 348 1378 Ι

185 1404 195 1414 x
259 1390 309 1431 Τίς
324 1387 329 1390 ⁶

272 1426 293 1441 Ἀ

406 1361 419 1395 -5,
443 1362 500 1393 ria,
521 1359 608 1389 nullo
626 1358 752 1398 praemio
763 1356 885 1387 addue'ti
894 1376 903 1390 ‚
923 1358 957 1386 in
972 1356 1124 1396 judicium

408 1407 416 1440 ,¹
441 1400 557 1441 reipub.
579 1400 663 1431 causa
679 1407 806 1433 vocant,
829 1398 985 1439 providere
1003 1397 1123 1432 debent,

349 1457 356 1468 ι
400 1455 416 1467 -·
442 1447 452 1462 ¹
464 1452 529 1472 non
541 1441 642 1472 solum
655 1440 727 1483 quid
736 1442 818 1470 oneris
838 1443 871 1471 in
892 1440 1046 1480 praesentia
1066 1440 1125 1469 tol-

318 1475 372 1525 ,ἶμ
400 1508 405 1514 ό
438 1485 517 1519 lant,
537 1483 684 1514 sedetiam
706 1486 720 1502 ²
731 1491 878 1523 quantum
892 1486 926 1512 in
942 1491 1069 1512 omnem
1078 1483 1126 1511 vi-

205 1561 209 1566 ,
326 1526 335 1535 ²
378 1527 410 1545 Ἴ
438 1534 500 1556 tam
517 1527 632 1566 negotii
641 1525 785 1565 suscipere
794 1532 950 1555 conentur.
976 1527 987 1551 3
1000 1525 1121 1553 LEGEM

168 1569 252 1600 enim
265 1567 317 1599 fibi
337 1567 390 1609 ipfi
406 1568 510 1599 dicunt
527 1569 729 1600 innocentiae,
747 1568 945 1597 continentiae
958 1569 1123 1596 virtutum-

160 1619 225 1651 ‘que
235 1613 376 1640 omnium
387 1632 396 1644 ‚
406 1612 458 1651 qui
469 1610 505 1640 ab
513 1610 606 1639 altero
616 1610 762 1639 rationem
771 1610 839 1638 vitae
850 1608 1024 1648 reposcunt:
1034 1616 1120 1648 atque

167 1650 205 1681 εὸ
215 1654 308 1692 magis
318 1672 326 1686 ,
338 1651 357 1681 fi
368 1652 399 1682 id
408 1671 417 1686 ‚
430 1660 463 1682 ut
472 1660 539 1682 ante
548 1651 624 1685 dixi,
635 1650 749 1682 faciunt
758 1651 842 1680 nulla
852 1660 882 1680 re
892 1650 1042 1680 commoti
1050 1650 1119 1682 alia,

160 1691 221 1723 nisi
231 1694 361 1723 utilitate
370 1693 519 1723 communi.
543 1694 624 1723 Nam
635 1695 687 1734 qui
698 1691 751 1722 sibi
761 1693 819 1722 hoc
829 1690 942 1725 sumfit,
954 1699 988 1721 ut
996 1693 1121 1732 corrigat

164 1743 265 1765 mores
274 1735 402 1766 aliorum
414 1756 422 1770 ‚
436 1746 468 1766 ac
479 1743 595 1775 peccata
606 1734 800 1775 reprehendat
809 1754 817 1767 ‚
833 1735 894 1774 quis
906 1734 971 1762 lmic
983 1733 1117 1773 ignoscat,

163 1775 252 1817 fiqua
263 1778 295 1807 in
312 1787 342 1807 re
351 1778 412 1818 ipse
421 1777 457 1808 ab
472 1777 618 1818 religione
632 1775 909 1808 officiideclinarit?
932 1778 1119 1815 Qapropter

158 1818 221 1848 hoc
231 1820 321 1849 etiam
332 1821 425 1860 magis
435 1819 471 1849 ab
486 1819 630 1849 omnibus
639 1817 790 1858 ejusmodi
801 1819 875 1847 civis
886 1817 1048 1848 laudandus
1056 1836 1065 1851 ‚
1084 1827 1117 1847 ac

160 1858 332 1900 diligendus
342 1860 384 1890 est
395 1882 403 1895 ‚
425 1863 442 1888 4
451 1862 502 1901 qui
517 1871 581 1890 non
592 1859 691 1890 solum
702 1860 816 1900 reipub.
827 1861 925 1890 civem
939 1859 1115 1899 improbum

159 1910 315 1935 removet,
333 1901 539 1932 verumetiam
550 1902 687 1941 seipsum
706 1901 855 1941 ejusmodi
873 1900 937 1931 fore
947 1899 1112 1941 profitetur,
1156 1910 1174 1940 g

158 1951 194 1972 ac
204 1942 319 1981 praestat
329 1963 337 1975 ‚
354 1952 386 1974 ut
400 1943 451 1972 fibi
462 1953 526 1973 non
540 1942 635 1973 modb
647 1945 809 1974 communi
819 1943 973 1973 voluntate
986 1944 1115 1976 virtutis,

159 1992 247 2024 atque
257 1983 350 2014 officii
361 2004 370 2018 ,
395 1988 407 2011 5
418 1983 465 2014 sed
476 1986 566 2014 etiam
577 1993 608 2014 ut
617 1985 743 2025 quadam
755 1986 849 2024 magis
860 1982 1016 2013 neceflaria
1025 1985 1115 2013 ratio-

159 2035 199 2055 ne
208 2024 288 2055 reete
299 2024 332 2055 sit
342 2046 350 2058 ,
368 2025 550 2066 honesteque
561 2026 738 2056 vivendum.
761 2024 776 2044 ⁶
784 2029 885 2066 ltaque
895 2026 953 2055 hoc
963 2045 971 2058 ‚
988 2025 1111 2062 judices,

159 2076 199 2096 ex
209 2066 500 2097 homineclariffimo
510 2087 518 2101 ‚
529 2076 616 2108 atque
626 2065 866 2108 eloquentiffimo
875 2086 883 2100 a
894 2065 1031 2096 L.-Craff0
1041 2086 1049 2100 ‚
1061 2067 1112 2096 sae-

158 2117 196 2148 pe
208 2107 344 2138 auditum
364 2108 406 2139 est
416 2129 424 2142 ‚
439 2108 509 2139 cum
531 2110 558 2139 se
572 2110 686 2139 nullius
704 2110 746 2138 rei
757 2116 817 2139 tam
832 2110 977 2148 poenitere
990 2108 1111 2142 diceret,

154 2148 249 2190 quam
262 2148 342 2190 quod
358 2150 563 2181 C-Carbonern
577 2160 721 2192 umquam
731 2153 763 2180 in
779 2150 926 2187 judicium
939 2148 1110 2180 vocavifl'et.

159 2192 263 2221 minus
274 2193 358 2221 enim
368 2192 473 2222 liberas
483 2194 625 2222 omnium
636 2202 735 2222 rerum
746 2193 916 2222 voluntates
926 2190 1050 2221 habebat
1061 2201 1065 2219 :
1078 2191 1110 2221 &

159 2234 255 2262 vitam
273 2233 352 2263 suam
363 2233 490 2274 pluribus
504 2254 512 2268 ‚
527 2231 614 2275 qulzm
629 2235 727 2267 vellet,
747 2232 884 2273 observari
899 2234 979 2262 oculis
990 2233 1110 2262 arbitra-

157 2273 252 2305 batur.
276 2277 371 2316 Atque
381 2276 432 2304 ille
447 2276 493 2305 his
502 2275 640 2316 praesidiis
654 2278 788 2317 ingenii,
806 2274 993 2315 fortunaeque
1007 2276 1110 2304 muni-

156 2323 224 2349 -tus,
242 2324 342 2346 tamen
358 2316 489 2347 haccura
505 2317 732 2351 continebatur,
749 2327 837 2358 quam
850 2316 921 2350 fibi,
944 2316 1108 2346 7nondum

157 2355 336 2388 confirmato
345 2357 469 2388 consilio
479 2370 488 2393 3
508 2359 556 2389 sed
567 2361 690 2389 ineunte
703 2368 785 2390 aetate
797 2380 806 2393 ‚
829 2358 999 2398 susceperat.
1022 2353 1037 2376 ⁸
1047 2357 1108 2399 quo

158 2397 260 2428 minus
270 2401 358 2429 etiam
368 2400 540 2440 perspicitur
549 2411 654 2431 eorum
663 2402 758 2431 virtus
767 2422 775 2434 ‚
789 2401 981 2441 &integritas
990 2419 999 2434 ‚
1009 2402 1062 2441 qui
1073 2399 1107 2430 ad

156 2440 231 2470 hanc
239 2451 302 2470 rem
311 2441 535 2483 adolescentuli,
546 2442 635 2483 quam
644 2443 765 2484 qui-jam
776 2441 889 2472 firmata
898 2451 980 2472 aetate
989 2441 1111 2472 descen—

155 2481 239 2512 dunt.
262 2483 308 2513 illi
318 2485 401 2514 enirn
412 2503 421 2518 ‚
440 2485 599 2524 antequam
614 2494 777 2525 potuerunt
786 2483 957 2514 existimare
968 2503 976 2518 ‚
995 2482 1109 2524 quanti>

299 2624 326 2649 in
338 2623 405 2650 Pau.
416 2623 527 2659 ideoque
537 2624 671 2651 habuerim
683 2634 730 2661 pro
740 2624 834 2660 spuria.

335 2667 364 2685 2.
382 2661 631 2691 Qamuminomnem
643 2664 722 2686 vitam
738 2663 819 2694 negotii
829 2659 945 2693 fitscipere
964 2659 1098 2694 canentum]

154 2694 235 2721 Voces
246 2694 297 2721 illae
307 2698 388 2728 negotii
390 2697 505 2729 fitfiipere
513 2704 622 2722 conemur
632 2717 639 2729 ‚
650 2696 793 2722 admodum
804 2696 868 2722 mihi
879 2695 1011 2731 suspeRae.

189 2739 217 2765 3.
238 2733 318 2763 Legem
326 2732 432 2764 enimfibi
440 2732 521 2757 dicunt
530 2735 815 2764 innocentiae,covitinentiae
826 2752 833 2764 ,
843 2732 910 2765 Cyn]
927 2731 1052 2767 Vulgata,
1062 2734 1102 2758 in-

153 2766 232 2791 &cunt
242 2786 250 2797 ‚
260 2766 302 2792 sed
312 2766 424 2793 alterum
435 2768 470 2794 est
481 2769 506 2794 in
519 2768 626 2794 Metelli
636 2768 724 2794 codice
736 2788 744 2801 ,
755 2776 783 2794 ut
796 2769 822 2794 δε
833 2768 858 2794 in
872 2768 1024 2794 Melchioris
1036 2768 1102 2797 Hit-

154 2802 232 2838 torpii
243 2801 339 2829 schedis
351 2812 358 2832 ;
370 2803 415 2838 qui
426 2803 487 2829 libri
498 2814 548 2830 non
559 2803 703 2839 agnoscunt
714 2804 821 2831 verbum
833 2806 984 2830 continentIae.

186 2846 214 2870 4.
229 2839 276 2870 Qi
284 2840 403 2872 nonfhlitm
413 2841 442 2864 ab
451 2841 531 2872 repub.
541 2844 613 2865 civem
622 2842 687 2875 ἂγε]
700 2842 741 2867 Ita
751 2840 807 2866 Pal.
818 2839 868 2867 sec.
879 2839 960 2866 Metel
968 2860 973 2865 .
984 2840 1011 2866 8:
1023 2840 1098 2866 Hitt.

150 2872 198 2899 ‘nisl
209 2874 277 2909 quod
288 2874 340 2901 duo
350 2875 471 2910 postremi
483 2875 566 2902 adhuc
575 2878 635 2910 quod
641 2887 695 2903 non.
717 2877 822 2912 vulgata
834 2896 842 2907 ‚
857 2876 929 2910 Jblum
946 2878 1036 2908 reipub.
1056 2875 1098 2902 scd

153 2917 245 2944 praeter
256 2910 315 2936 edd.
326 2912 444 2946 antiquas
455 2912 480 2938 iu
492 2911 662 2947 quibus-[bium
670 2916 700 2939 R.
710 2917 741 2939 P.
752 2912 822 2949 quod
833 2913 860 2938 δί
871 2913 898 2939 in
910 2911 966 2938 Pal.
977 2920 1017 2947 pr.
1030 2911 1101 2947 quod

151 2951 206 2971 tam
217 2948 302 2978 republ.
315 2953 406 2973 notare
416 2948 498 2984 potest
510 2967 518 2979 ‚
529 2949 608 2983 quam
621 2950 710 2981 reipub.

191 2989 216 3013 5.
237 2982 281 3006 Serl
288 2986 357 3008 etiam
366 2986 394 3008 vi
403 2985 506 3017 quadam
516 2993 587 3017 magys
597 2985 747 3018 necessaria]
761 2984 877 3019 Egregia
894 2983 980 3011 isthaec
998 2982 1080 3010 leffio
1093 3003 1101 3015 ,

154 3015 191 3041 est
200 3015 231 3042 ab
242 3017 413 3053 Hittorpiano
423 3020 449 3045 Sc
461 3019 625 3051 Mete1121103
639 3017 685 3046 uisi
697 3020 765 3056 quod
776 3020 818 3047 hic
830 3040 838 3053 ,
848 3027 886 3046 ut.
905 3020 956 3046 vila
967 3019 1002 3046 est
1012 3019 1101 3046 scribis

155 3050 274 3086 legitima
284 3062 292 3083 3
303 3053 512 3091 addideruntque
522 3055 554 3081 de
565 3055 608 3081 suo
619 3059 719 3081 ratione.

156 3129 173 3157 F
190 3087 219 3126 6
238 3091 364 3148 litigiali-,c
372 3091 493 3127 judices]
510 3091 552 3120 Est
563 3093 579 3119 it
590 3091 708 3120 1’al.sec.
719 3093 787 3120 Met.
797 3093 825 3119 Bc
837 3092 961 3128 Hittorp.
970 3091 1104 3127 publicata

176 3130 227 3148 rius
239 3131 247 3153 ἦ
289 3133 314 3150 a.

154 2596 177 2614 ι.
195 2586 287 2672 N
299 2588 408 2620 Onfislum
417 2589 475 2622 qnid
482 2590 554 2614 oneris
565 2592 591 2614 in
597 2589 744 2624 prasentia]
756 2591 778 2615 V
781 2598 815 2615 ox
820 2589 895 2622 filum
905 2598 956 2615 nou
968 2595 1102 2624 comparet

1187 1158 1782 1214 OCTAVA.

1168 1272 1291 1304 liberior
1307 1275 1369 1305 vita
1381 1273 1415 1307 fit
1428 1284 1533 1305 eorum
1548 1294 1558 1308 ‚
1580 1275 1634 1316 qui
1652 1276 1811 1305 neminem
1829 1275 1991 1307 accusarint
2004 1295 2013 1310 .
2031 1277 2126 1317 gloria

1168 1315 1253 1355 caufiz
1264 1335 1272 1350 ‚
1288 1323 1376 1356 atque
1389 1314 1572 1352 ostentationis
1583 1336 1591 1351 ‚
1605 1317 1757 1356 accufiznr:
1770 1326 1826 1346 nos
1837 1337 1846 1351 ,
1857 1319 1909 1357 qui
1916 1319 1978 1356 jam
1988 1337 1996 1351 ‚
2009 1318 2042 1349 δε
2051 1320 2124 1360 quid

1167 1356 1260 1387 facere
1269 1377 1277 1391 ‚
1300 1358 1333 1387 ὃς
1342 1358 1523 1398 quantulum
1541 1358 1673 1398 judicare
1683 1357 1835 1398 possemus
1845 1358 2031 1389 ostendimus
2042 1380 2050 1393 ,
2068 1360 2127 1390 nifi

1166 1397 1253 1428 facile
1264 1400 1439 1438 cupiditates
1447 1399 1561 1430 nostras
1571 1408 1752 1434 teneremus,
1762 1409 1931 1441 numquam
1942 1400 2060 1441 ipfimet
2068 1412 2123 1432 no-

1165 1439 1211 1469 bis
1220 1440 1450 1480 praecideremus
1459 1441 1546 1472 istam
1555 1442 1709 1472 licentiam
1720 1461 1729 1475 ,
1749 1442 1975 1483 libertatemque
1984 1444 2120 1473 vivendi.

1166 1484 1263 1523 Atque
1272 1483 1331 1513 hoc
1340 1493 1395 1524 ego
1417 1487 1432 1510 9
1441 1483 1508 1523 plus
1518 1485 1618 1514 oneris
1627 1483 1722 1513 habeo
1733 1503 1741 1517 ‚
1752 1482 1843 1523 quam
1853 1485 1905 1524 qui
1914 1492 2027 1514 ceteros
2036 1494 2121 1515 accu-
2142 1495 2161 1518 Ζ,

1165 1524 1265 1554 sarunt
1282 1523 1315 1564 (fi
1324 1533 1391 1554 οπως
1400 1524 1442 1554 est
1450 1525 1482 1554 id
1491 1525 1701 1565 appellandum
1713 1545 1722 1558 ,
1739 1525 1820 1566 quod
1830 1535 1901 1555 cum
1918 1525 2020 1556 laetitia
2031 1526 2117 1561 feras,

1164 1575 1197 1595 ac
1206 1566 1372 1606 voluptate)
1381 1575 1591 1597 verumtamen
1603 1567 1661 1597 hoc
1675 1576 1731 1607 ego
1740 1567 1868 1606 amplius
1879 1567 2011 1606 suscepi,
2026 1568 2118 1609 quam

1163 1609 1251 1637 ceteri
1261 1620 1270 1642 3
1281 1608 1364 1649 quod
1378 1610 1416 1638 ita
1429 1607 1591 1648 postulatur
1599 1608 1635 1638 ab
1648 1608 1794 1638 omnibus
1805 1628 1813 1642 ,
1828 1611 1858 1627 ¹0
1869 1617 1900 1638 ut
1912 1609 1948 1638 ab
1957 1611 1993 1639 iis
2007 1610 2036 1639 se
2051 1610 2117 1640 abs—

1162 1650 1278 1679 tineant
1296 1649 1432 1680 maxime
1445 1649 1529 1680 vitiis
1539 1670 1548 1684 ,
1563 1652 1596 1680 in
1605 1649 1715 1691 quibus
1724 1650 1851 1680 alterum
1861 1651 2115 1690 reprehenderint.

1160 1693 1185 1720 F
1188 1693 1286 1721 URE
1295 1692 1335 1721 M
1354 1692 1484 1733 aliquem
1496 1711 1505 1726 ,
1526 1701 1575 1722 aut
1594 1701 1728 1731 rapacem
1746 1692 1886 1722 accusaris
1900 1697 1910 1722 Ξ
1931 1693 2049 1723 vitanda
2063 1694 2119 1724 tibi

1160 1733 1276 1773 semper
1285 1735 1340 1764 erit
1349 1736 1450 1764 omnis
1460 1736 1588 1764 avaritiae
1606 1733 1744 1773 suspicio.
1759 1731 1930 1763 maleficum
1941 1737 2117 1775 quempiam

1160 1774 1319 1805 adduxeris
1330 1794 1339 1809 ‚
1354 1783 1403 1806 aut
1415 1775 1567 1806 crudelem
1580 1776 1589 1801 ?
1606 1774 1774 1805 cavendum
1789 1776 1843 1805 erit
1856 1775 1971 1815 semper
1982 1796 1991 1809 ‚
2006 1786 2044 1806 ne
2056 1786 2115 1818 qua

1159 1817 1191 1845 in
1201 1826 1231 1846 re
1241 1818 1379 1858 asperior,
1390 1826 1440 1847 aut
1448 1818 1648 1848 inhumanior
1656 1815 1742 1847 fuifl'e
1754 1816 1881 1847 videare.
1895 1826 2112 1858 corruptorem,

1157 1857 1325 1889 adulterum
1337 1858 1578 1899 ?pr0videndum
1588 1858 1746 1898 diligenter
1755 1878 1763 1892 ‚
1776 1858 1898 1898 nequod
1908 1861 1941 1888 in
1951 1861 2011 1889 vita
2024 1859 2116 1890 vesti-

1176 1902 1240 1930 ium
1251 1901 1387 1930 libidinis
1396 1910 1536 1941 appareat.
1551 1901 1655 1930 omnia
1664 1898 1816 1939 postremi)
1827 1919 1835 1932 ‚
1850 1910 1909 1940 quae
1921 1900 2070 1930 vindicam
2085 1904 2116 1930 in

1154 1941 1241 1971 altero
1251 1962 1259 1976 ‚
1275 1941 1330 1971 tibi
1343 1942 1396 1984 ipsi
1408 1944 1578 1972 vehementer
1582 1940 1722 1982 fugienda
1728 1941 1806 1980 fimt.
1831 1943 1954 1971 Etenim
1967 1951 2034 1972 NON
2050 1953 2115 1972 Mo-

1155 1993 1196 2012 Do
1217 1984 1373 2018 accusator,
1385 1984 1432 2014 sed
1442 1994 1479 2014 ne
1488 1984 1658 2024 objurgator
1666 1983 1791 2023 quidem
1801 1981 1942 2013 ferendus
1951 1983 1994 2013 est
2002 1985 2036 2017 is,
2046 1986 2110 2024 qui,

1154 2025 1234 2064 quod
1248 2027 1282 2055 in
1294 2026 1386 2055 altero
1399 2027 1510 2055 vitium
1523 2026 1721 2065 reprehendit,
1738 2028 1762 2043 ¹¹
1774 2026 1808 2054 in
1821 2034 1857 2054 co
1870 2025 1930 2064 ipse
1943 2024 2109 2065 deprehen-

1153 2068 1242 2096 ditur.
1268 2070 1331 2108 Ego
1341 2069 1375 2097 in
1383 2077 1445 2097 uno
1455 2068 1582 2097 homine
1592 2068 1697 2097 omnia
1705 2068 1788 2100 vitia,
1801 2076 1865 2107 quae
1877 2064 1998 2106 poffunt
2008 2068 2042 2097 in
2053 2068 2109 2097 ho-

1153 2110 1238 2138 mine
1257 2108 1373 2148 perdito
1384 2129 1392 2143 ‚
1412 2107 1585 2149 nefarioque
1597 2107 1654 2137 effe
1664 2128 1673 2141 ,
1695 2107 1879 2148 reprehendo
1892 2118 1897 2136 z
1912 2109 2034 2138 nullum
2050 2107 2109 2139 ess'e

1151 2149 1221 2179 dico
1235 2150 1384 2180 indicium
1399 2150 1535 2180 libidinis
1545 2170 1554 2183 ,
1573 2150 1688 2179 sceleris
1700 2170 1709 2184 ‚
1726 2150 1853 2180 audacia:
1863 2170 1872 2183 ,
1893 2150 1975 2189 quod
1993 2160 2057 2180 non
2075 2160 2107 2180 m

1151 2189 1237 2221 istius
1254 2194 1343 2222 unius
1353 2195 1414 2223 vita
1423 2192 1585 2232 perspicere
1602 2189 1728 2231 poss'itis.
1750 2195 1814 2233 Ego
1831 2193 1863 2220 in
1881 2191 1938 2221 isto
1947 2201 1997 2222 reo
2007 2192 2106 2233 legem

1151 2233 1228 2262 hanc
1238 2253 1246 2266 ,
1258 2233 1391 2273 judices,
1404 2234 1482 2263 mihi
1492 2232 1602 2263 statuo:
1617 2233 1785 2263 vivendum
1796 2235 1836 2263 ita
1845 2231 1902 2262 ess'e
1913 2252 1921 2267 ,
1941 2242 1974 2263 ut
1984 2232 2032 2264 isti
2042 2243 2106 2264 non

1153 2273 1247 2304 modo
1256 2274 1343 2305 faffis
1354 2295 1362 2309 ‚
1387 2274 1533 2316 diffisque
1544 2275 1688 2304 omnibus
1699 2296 1708 2308 ,
1728 2274 1777 2305 scd
1787 2276 1876 2305 etiarn
1895 2276 1956 2304 oris
1967 2295 1975 2308 ,
1998 2275 2109 2305 oculo-⁴

1151 2326 1278 2357 rumque
1289 2318 1340 2347 illa
1350 2318 1539 2347 contumacia
1549 2336 1557 2350 ,
1577 2326 1610 2346 ac
1620 2317 1754 2356 superbia
1766 2336 1774 2350 ,
1786 2326 1877 2357 quam
1886 2316 1996 2346 videtis
2006 2336 2014 2350 ‚
2026 2316 2107 2346 dissi-

1152 2358 1303 2388 millimus
1317 2357 1385 2393 effe,
1396 2369 1428 2389 ac
1438 2360 1552 2399 semper
1561 2356 1648 2388 fuiss'e
1660 2358 1768 2388 videar.
1783 2360 1952 2388 Patior-non
1963 2357 2103 2392 moleste.

1147 2399 1278 2439 judices,
1289 2410 1355 2431 earn
1365 2402 1470 2435 vitam,
1481 2410 1545 2441 quae
1555 2400 1634 2429 mihi
1645 2400 1693 2430 sua
1702 2400 1804 2440 sponte
1814 2400 2026 2437 anteajucunda
2037 2399 2104 2430 fue-

1149 2443 1187 2471 rit
1199 2461 1207 2475 ,
1225 2444 1376 2483 nuncjam
1386 2452 1454 2472 mea
1468 2443 1532 2483 lege
1542 2462 1550 2475 ‚
1573 2442 1605 2471 &
1616 2441 1791 2471 conditione
1801 2440 1975 2478 neceffizriam
1983 2451 2105 2482 quoque

1147 2482 1290 2514 futuram.
1322 2487 1360 2516 Et
1372 2486 1406 2515 in
1419 2485 1477 2514 hoc
1490 2485 1617 2514 homine
1630 2484 1704 2522 saepe
1716 2483 1732 2513 ὲ
1746 2492 1795 2512 me
1809 2485 1933 2523 quaeris,
1950 2481 2101 2518 Hortensi,
2123 2500 2138 2532 3

2036 2535 2103 2565 qui-

1179 2595 1208 2622 7.
1227 2588 1334 2613 Nondum
1353 2590 1487 2621 confirmato
1505 2587 1616 2620 can-filio]
1636 2584 1702 2611 Vide
1714 2596 1745 2612 ne
1758 2586 1842 2612 verius
1854 2586 1884 2612 fit
1897 2605 1904 2618 ,
1922 2587 2007 2620 consilio
2017 2589 2102 2621 confir-

1144 2630 1211 2648 mata
1222 2643 1229 2655 ‚
1242 2630 1271 2649 ut
1280 2623 1311 2649 :id
1322 2630 1412 2648 atatem
1422 2622 1563 2649 referatur.
1584 2625 1655 2648 certi:
1666 2631 1718 2648 non
1731 2621 1816 2648 inulto
1828 2622 1881 2658 post
1897 2621 2015 2657 sequitur
2026 2642 2034 2654 ,
2050 2625 2102 2657 fir-

1144 2666 1293 2685 ιηαῑιωιατε.
1316 2658 1488 2685 Gulielmius.

1178 2701 1206 2727 8,
1225 2703 1274 2733 Qu
1284 2705 1362 2726 minm-
1379 2704 1449 2727 ctiam
1464 2702 1605 2734 perspicitur
1615 2709 1690 2725 eornm
1700 2701 1808 2735 virute]
1831 2700 1935 2726 Metelli
1952 2702 2082 2733 percifimr
2091 2710 2099 2724 .-

1142 2736 1184 2763 sed
1196 2737 1263 2763 haud
1273 2737 1354 2763 dubio
1365 2740 1426 2763 vere
1439 2737 1571 2772 Hittorpii
1582 2744 1707 2772 excerpta
1719 2755 1727 2767 ‚
1741 2739 1878 2770 pracipimr
1890 2756 1898 2767 ,
1912 2736 1937 2761 id
1949 2737 1983 2762 cst
1996 2738 2098 2772 cogita-

1141 2774 1213 2799 tione
1224 2773 1304 2799 animi
1316 2774 1343 2798 8(
1354 2772 1395 2809 spe
1405 2773 1489 2808 qualis
1501 2772 1590 2798 futura
1603 2772 1632 2798 sit
1644 2772 1816 2807 intelligitur.
1836 2773 1982 2798 Gulielmsm.

1175 2823 1204 2850 9.
1223 2818 1283 2840 Plus
1294 2816 1367 2840 oneri!
1377 2815 1470 2849 habea]
1486 2814 1630 2840 Lambinus
1643 2813 1828 2848 diviuatficbco,
1841 2813 1890 2840 fine
1901 2813 1975 2840 caula
1985 2812 2097 2841 uecess'a-

1140 2851 1187 2877 ria.
1205 2861 1263 2878 naui
1276 2851 1308 2877 fic
1319 2851 1438 2886 loquitur
1449 2850 1555 2876 Tullius
1568 2850 1614 2876 lib.
1626 2860 1654 2876 v.
1668 2851 1693 2876 iu
1706 2852 1782 2876 Verr.
1793 2859 1850 2886 cap.
1865 2859 1906 2884 15.
1918 2860 1943 2886 p.

1180 2901 1221 2919 io.
1238 2896 1266 2917 Ut
1277 2894 1306 2918 ab
1316 2893 1374 2927 iisse
1384 2893 1540 2926 abstineam]
1554 2892 1628 2918 Hitt.
1639 2892 1666 2918 Β(
1678 2893 1745 2918 Met.
1757 2900 1784 2918 ut
1794 2893 1828 2919 his
1839 2894 1969 2923 abstineant
1981 2912 1988 2924 ‚
1999 2892 2097 2919 omissis

1140 2929 1208 2955 aliis.
1228 2938 1280 2956 non
1299 2928 1378 2955 male.
1399 2928 1472 2954 nolui
1492 2936 1579 2955 tamen
1600 2927 1670 2964 sequi
1683 2947 1691 2960 ‚
1713 2928 1784 2964 quod
1795 2929 1821 2955 Sc
1832 2928 1908 2955 alteri
1919 2927 1962 2955 sua
1973 2928 2035 2955 esset
2054 2939 2098 2955 xc-

1142 2965 1239 2991 nustaS.

1180 3016 1189 3033 1
1199 3016 1221 3032 i.
1242 3009 1269 3031 In
1280 3016 1300 3031 ec·
1309 3006 1354 3040 isse
1363 3005 1564 3040 deprehendam]
1577 3006 1618 3032 Sic
1629 3006 1696 3032 Pau.
1707 3007 1734 3032 8<
1748 3004 1797 3033 edd
1820 3016 1921 3033 omncs.
1934 3006 2096 3033 Gulielmius

1143 3043 1283 3069 inclinabat
1295 3043 1320 3068 in
1334 3043 1407 3068 Hitt.
1419 3043 1446 3068 ὃ(
1457 3042 1563 3069 Metell.
1575 3042 1727 3078 scripturam
1741 3044 1914 3077 reprehenditur
1925 3056 1931 3075 ‚-
1949 3052 2025 3077 quam
2038 3043 2096 3067 lime

1145 3083 1189 3108 vix
1200 3081 1361 3108 admiserim.
1373 3082 1550 3115 deprehenditur
1563 3083 1633 3110 enim
1643 3083 1675 3114 is,
1686 3084 1730 3118 qui
1742 3083 1811 3119 quasi
1821 3084 1847 3111 in
1859 3082 1912 3119 ipsa
1922 3079 2099 3119 συλπφωείᾳ

1144 3122 1220 3157 piane
1234 3129 1338 3150 tenetur
1351 3142 1358 3155 ,
1369 3131 1453 3159 neque
1463 3123 1539 3151 habet
1550 3133 1602 3159 quo
1614 3123 1638 3149 se
1648 3123 1764 3151 excuset.

1614 3164 1638 3192 L
1650 3164 1657 3189 l
1678 3173 1694 3189 2
2033 3170 2053 3189 ι.
2066 3163 2103 3186 Kx
