2302 3353
41 931 83 966 88

542 149 677 180 ‘DE
757 134 1068 180 Onna-o

114 219 258 253 omnibus
277 215 384 248 nostris
401 212 530 246 sensibus
540 212 597 244 efl'e
607 214 680 244 sens
675 222 727 244 um
738 211 853 242 videndi
864 222 870 240 τ
882 222 971 253 quare
980 212 1068 243 facil-

113 263 188 294 lime
206 263 309 292 animo
327 258 420 288 teneri
438 255 521 296 poffe
539 266 572 285 ea
583 276 592 288 ,
613 266 678 296 quae
693 257 916 294 perciperentur
933 253 1068 297 auribus,

111 313 161 334 aut
169 302 348 344 cogitatione
357 319 365 333 ‚
378 297 398 327 si
409 299 499 330 etiam
510 297 669 327 oculorum
680 295 947 328 commendatione
958 296 1069 325 animis

111 345 290 376 traderentur
300 353 308 376 ς
322 349 355 371 ut
363 350 409 370 res
419 349 508 369 caecas
518 359 527 372 ,
547 338 580 368 &
590 338 625 368 ab
635 336 790 378 adspeclffls
796 336 914 377 judicio
924 345 1066 370 remotas,

108 385 309 417 conformatio
324 381 458 423 quaedam
471 400 479 414 ‚
501 380 644 421 &imago
655 399 664 414 ‚
686 376 719 410 ὃς
729 377 821 420 figura
829 380 870 408 ita
879 387 994 408 notaret
1005 397 1014 411 ‚
1036 386 1069 407 ut

107 437 141 458 ea
151 436 216 468 quae
226 423 386 466 cogitando
397 421 560 462 compleffi
570 432 635 451 non
644 420 796 462 poss‘emus
807 441 815 454 ‚
829 419 979 450 intuendo
989 417 1068 463 quasi

107 476 286 499 teneremus.
311 467 368 495 His
385 473 484 494 autem
503 463 611 493 formis
629 483 637 497 ,
660 472 746 504 atque
764 461 940 502 corporibus
962 481 970 494 ‚
995 461 1068 491 sicut

107 509 250 541 omnibus
261 528 269 542 ,
280 517 346 548 quae
357 506 410 536 sub
421 504 595 546 adspectum
604 506 751 538 veniunt,
765 504 931 544 sedes-opus
942 501 994 533 est.
1023 511 1067 532 et-

1102 149 1208 181 R-E.
1278 135 1372 183 Li
1407 135 1557 181 1³:11.
1985 153 2069 185 111

1117 209 1221 241 dixisti
1233 231 1241 244 ,
1253 209 1336 244 fore,
1351 221 1384 242 ut
1393 211 1450 242 tibi
1459 213 1683 254 ignosceremus
1695 233 1707 247 ,
1724 212 1746 243 si
1760 212 1971 255 cognosse-mus
1981 235 1991 249 ,
2010 225 2078 257 quae

1116 260 1144 281 te
1153 253 1237 283 causa
1244 254 1278 282 in
1288 253 1461 284 sermonem
1472 253 1659 295 impulisset?
1681 258 1755 297 Qae
1766 255 1809 285 est
1817 258 1902 286 enim
1913 258 1969 287 alia
1978 258 2072 291 causa,

1091 299 1094 358 ἱ
1114 291 1169 322 nifi
1179 291 1261 333 quod
1272 294 1362 325 nobis
1371 315 1380 328 ,
1393 296 1426 326 ὃς
1436 297 1547 337 horum
1556 296 1791 331 adolescentium
1803 297 1916 331 studio,
1933 300 1985 339 qui
1995 307 2022 329 te
2032 307 2076 329 at-

1090 369 1092 377 !
1113 333 1276 365 tentiffime
1288 336 1446 367 audierunt
1454 357 1463 371 ‚
1486 348 1607 369 morem
1624 349 1721 380 gerere
1739 338 1884 369 voluisti?
1905 343 1989 370 Tum
2000 340 2051 370 ille
2063 359 2073 374 ‚

1090 385 1091 407 l
1114 375 1269 409 Adimere,
1280 378 1387 416 inquit,
1400 388 1528 409 omnem
1539 381 1756 412 recusationem
1765 379 1864 411 Crafl'o
1874 382 1969 416 volui,
1980 392 2072 423 quem

1089 410 1091 454 ξ
1111 425 1166 456 ego
1176 416 1278 455 paullo
1287 418 1428 453 sciebam,
1443 421 1490 450 vel
1501 421 1675 460 pudentius,
1687 423 1735 452 vel
1746 422 1883 457 invitum,
1893 422 1980 462 (nolo
1990 426 2076 454 enim

1088 462 1090 486 l
1111 457 1209 487 dicere
1221 457 1257 487 de
1269 467 1329 488 tam
1342 460 1419 489 suavi
1432 462 1558 493 homine
1569 463 1770 504 fastidiosius)
1790 464 1826 495 ad
1845 466 1903 495 hoc
1911 475 2006 506 genus
2017 466 2075 496 ser-

1110 501 1214 528 monis
1224 499 1369 533 accedere.
1399 503 1480 542 Qid
1491 506 1574 534 enim
1584 508 1694 545 poterit
1703 505 1802 537 dicere
1813 509 1824 535 ?
1841 507 2035 538 Consularem
2048 508 2076 538 se

107 553 192 583 enim
204 557 296 593 „er
306 548 437 588 intessjgj
448 546 507 577 sine
521 548 590 577 loco
601 557 663 577 non
672 545 872 590 potestquare
882 555 920 583 rie
928 547 961 575 in
971 555 1001 574 re
1011 554 1069 574 no-
1110 539 1168 570 effe
1178 541 1341 571 hominem
1351 561 1360 575 ‚
1373 541 1406 571 δε
1415 544 1586 576 censorium
1601 549 1611 575 ?
1629 547 1733 577 eadem
1744 547 1843 578 nostra
1852 549 1935 579 causa
1943 548 1997 579 est.
2025 551 2075 580 An

107 602 135 625 ta
145 593 177 624 δε
186 591 355 633 pervulgata
363 610 371 623 ,
386 590 501 619 multus
512 589 687 619 &insolens
698 588 764 622 sim,
778 588 856 618 locis*
865 586 907 617 cst
918 586 1065 634 utendum

109 636 213 665 multis
225 654 233 667 ,
252 631 416 663 illustribus
429 652 437 664 ,
454 631 626 671 explicatis,
644 631 774 660 modicis
786 629 961 659 intervallis.
986 630 1066 657 Ima-

106 676 226 719 ginibus
235 683 336 705 autern
346 673 499 715 agentibus
509 692 517 707 ‚
532 672 646 708 acribus
654 691 663 705 ‚
675 669 823 710 insignitis
834 690 841 703 ‚
854 680 920 710 quae
930 672 1066 707 occurre-
1086 686 1088 710 l

105 729 137 750 re
147 739 156 751 ,
176 718 367 757 celeriterque
377 724 526 755 percutere
537 715 675 744 animum
687 711 806 752 poffint.
830 714 930 753 Qam
941 710 1065 741 faculta-

105 769 168 793 tem
180 760 213 789 &
222 759 398 789 exercitatiov
410 756 509 790 dabit,
529 765 568 785 ex
582 765 639 795 qua
649 753 840 789 consuetudo*
856 756 989 795 gignitur
998 774 1007 787 ,
1031 753 1064 783 ὃς

106 799 254 832 similium
272 800 433 830 verborum
454 797 472 817 ¹'
484 796 625 827 conversa
642 796 845 826 &immutata
862 793 974 827 casibus
986 815 994 828 ‚
1015 803 1065 824 aut

105 842 237 875 traduaa
246 851 284 872 ex
291 850 371 882 parte
380 840 417 875 ad
424 848 518 880 genus
528 840 644 869 notatio
654 858 662 872 ,
679 838 711 873 ὃς
724 840 813 874 unius
822 837 907 867 verbi
919 838 1062 878 imagine,

107 876 199 919 totius
211 883 362 915 sententiae
373 879 548 916 informatio
564 900 573 914 ‚
588 878 713 926 pia-oris„
723 878 1001 920 cujusdamsuinmi
1019 888 1065 908 ra-

107 929 190 959 tione
203 926 235 956 &
244 923 514 960 modoformarum
524 923 662 956 varietate
673 922 756 952 locos
766 920 986 963 distinguentis.
1006 919 1064 951 sed

106 967 252 1002 verborum
269 966 419 997 'memoria
432 984 443 998 ‚
459 974 525 1005 quae
537 965 640 997 minus
651 962 694 994 est
704 963 793 998 nobis
803 961 960 997 necessaiia
970 982 978 996 ‚
1000 972 1065 996 ma-

103 1005 170 1050 jore
191 1009 360 1049 imaginum
378 1007 517 1036 varietate
539 1005 744 1047 distinguitur.
768 1005 864 1035 multa
886 1005 970 1035 enim
994 1004 1011 1034 s
1010 1012 1063 1034 unt

103 1051 192 1084 verba
203 1070 212 1084 ‚
227 1059 292 1091 quae
302 1068 311 1083 ‚
346 1046 402 1078 uafi
413 1047 530 1079 articuli
541 1067 549 1081 ,
562 1046 749 1078 connediunt
759 1046 896 1077 membra
906 1047 1062 1081 orationis,

104 1102 169 1136 quae
185 1090 310 1122 formari
338 1089 523 1119 imilitudine
539 1089 622 1119 nulla
640 1088 769 1129 poss'unt.
798 1097 903 1124 eorum
915 1086 1064 1130 fingenda:

103 1135 191 1166 nobis
201 1133 268 1163 sunt
277 1134 338 1163 ima
358 1131 544 1172 ines,quibus
553 1132 670 1171 semper
679 1140 805 1164 utamur.
815 1133 930 1166 Rerum
942 1140 1065 1162 memo-

103 1167 146 1208 ria
155 1196 163 1210 ‚
182 1176 299 1216 propria
314 1142 358 1204 elz
367 1175 503 1204 oratoris.
521 1183 587 1203 earn
597 1172 718 1216 singulis
727 1173 866 1213 personis
877 1172 952 1203 bene
962 1170 1064 1220 pofitis

104 1227 205 1250 notare
213 1214 368 1257 possumus
378 1235 386 1248 ‚
408 1223 440 1246 ut
451 1215 610 1245 sententias
620 1215 804 1256 imaginibus
816 1235 824 1248 ,
835 1214 978 1250 ordinem
990 1214 1064 1244 locis

104 1257 403 1300 comprehendamus.
427 1259 535 1297 Neque
555 1267 662 1290 verum
680 1256 744 1292 est,
762 1256 846 1298 quod
863 1256 899 1289 ab
918 1256 1064 1291 inertibus

103 1301 213 1333 dicitur
221 1320 230 1335 ,
242 1300 360 1347 opprimi
369 1300 551 1333 memoriam
562 1300 733 1340 imaginum
743 1298 876 1339 pondere
887 1318 896 1332 ‚
914 1298 946 1328 δε
957 1298 1064 1328 obscu-

105 1336 161 1375 rari
169 1344 259 1374 etiam
269 1340 393 1382 id‚quod
401 1341 491 1381 perse
500 1349 604 1375 natura
614 1349 714 1374 tenere
723 1339 873 1383 potuiss'et.
893 1339 967 1371 Vidi
978 1342 1063 1370 enim

104 1395 161 1426 ego
170 1385 308 1415 summos
316 1384 458 1415 homines
476 1402 485 1416 ‚
510 1381 543 1412 &
552 1382 656 1414 divina
664 1382 757 1423 prope
768 1383 917 1415 memoria
935 1402 944 1416 ,
968 1383 1062 1412 Athe-
1105 1389 1124 1419 q

103 1429 150 1458 nis
160 1424 340 1457 Carneadem
362 1435 368 1454 :
388 1426 422 1454 in
431 1422 515 1458 Asia,
533 1424 626 1465 quem
636 1426 737 1455 vivere
756 1424 846 1455 hodie
865 1425 967 1464 ajunt,
994 1427 1063 1454 Sce-

101 1470 200 1510 ptium
209 1465 421 1500 Metrodorum
430 1485 439 1500 ‚
460 1473 593 1507 quorum
603 1475 726 1508 uterque
736 1475 889 1507 tamquam
909 1467 1014 1497 litteris
1028 1467 1062 1496 in

103 1520 185 1544 cera,
202 1508 240 1539 fic
260 1509 288 1539 se
308 1507 402 1545 ajebat
411 1507 594 1549 imaginibus
607 1509 641 1538 in
661 1511 698 1538 iis
717 1508 793 1539 locis
806 1529 815 1541 ,
837 1518 911 1549 quos
930 1507 1060 1541 haberet,

103 1562 168 1596 quae
177 1549 346 1583 meminiss'e
357 1549 449 1581 vellet
458 1569 468 1584 ,
488 1548 675 1590 perscribere.
699 1553 797 1590 Qare
808 1551 862 1581 hac
872 1551 1062 1580 exercitatio-

102 1605 141 1626 ne
150 1603 214 1625 non
221 1592 351 1624 eruenda
359 1594 509 1624 memoria
518 1590 595 1625 est‚fi
605 1591 647 1622 cst
657 1592 740 1623 nulla
748 1592 900 1633 naturalis:
910 1591 958 1623 sed
969 1591 1060 1625 certe,

100 1635 123 1667 si
131 1636 200 1666 latet
209 1655 218 1670 ‚
230 1633 380 1669 evocanda
390 1633 441 1664 est.
455 1633 578 1665 Habetis
589 1634 762 1664 sermonem
773 1633 852 1665 bene
865 1634 993 1675 longum
1005 1634 1061 1664 lio-

100 1678 194 1709 minis
212 1678 329 1709 utinam
340 1685 406 1706 non
422 1675 609 1716 impudentis
622 1696 630 1710 ‚
654 1675 731 1706 illud
749 1675 874 1717 quidem
893 1675 971 1706 certe
992 1685 1057 1706 non

99 1721 193 1752 nimis
202 1716 364 1750 verecundi
387 1728 393 1746 z
416 1719 471 1758 qui
485 1717 611 1758 quidem
629 1715 701 1748 cum
716 1726 743 1748 te
755 1738 764 1752 ‚
789 1718 891 1749 Catule
903 1738 911 1752 ‚
936 1727 1002 1748 tum
1014 1726 1059 1748 et—

98 1763 159 1792 iam
176 1763 213 1793 L.
223 1758 321 1792 craffo
330 1759 470 1793 audiente
486 1760 505 1794 ‚⁴
519 1759 561 1790 de,
573 1759 696 1795 dicendi
706 1762 819 1795 ratione
829 1769 890 1792 tam
902 1760 998 1792 multa
1008 1759 1038 1790 di
1045 1776 1058 1781 -

99 1805 207 1835 xerim.
219 1812 288 1835 nam
304 1801 435 1834 istorum
450 1811 518 1833 aet-as
537 1803 641 1835 minus
660 1812 709 1837 me
729 1800 845 1833 fortasse
865 1812 989 1832 movere
1008 1801 1060 1832 de-

100 1845 175 1876 buit.
192 1844 242 1876 sed
261 1845 339 1875 mihi
355 1843 517 1887 ignoscetis
554 1842 671 1874 rosceto
682 1864 691 1877 ,
715 1842 736 1874 fi
754 1842 850 1874 modo
862 1864 870 1877 ‚
894 1854 960 1885 quae
977 1844 1060 1875 causa

101 1897 150 1918 me
169 1886 205 1918 ad
223 1887 299 1916 hanc
316 1886 471 1919 insolitam
490 1887 534 1915 mi
558 1887 569 1915 i
585 1885 796 1926 loquacitatem
812 1888 987 1926 impulerit,
1013 1895 1061 1916 ac-

100 1929 245 1969 ceperitis.
290 1929 358 1957 Nos
368 1925 440 1961 vero
451 1946 460 1960 ‚
469 1929 569 1967 inquit
576 1927 695 1958 Catulus
705 1948 714 1961 ,
728 1926 854 1966 (etenim
864 1937 918 1967 pro
927 1938 977 1957 me
990 1928 1060 1961 hoc,

102 1970 135 2001 &
156 1979 211 2010 pro
232 1977 304 1998 meo
331 1967 420 1998 fratre
441 1967 620 2008 respondeo)
642 1978 707 1998 non
729 1968 825 1998 modo
848 1969 903 1999 tibi
928 1969 1060 2008 ignosci-

101 2022 170 2042 mus
180 2031 190 2045 ,
209 2009 258 2041 sed
278 2017 306 2039 te
325 2008 481 2052 diligimus
500 2028 509 2042 ‚
533 2019 732 2051 magnamque
756 2009 812 2040 tibi
829 2009 975 2040 habemus
993 2020 1057 2051 gra-

101 2055 173 2086 tiam
192 2063 198 2082 ;
222 2051 255 2081 δι’.
265 2049 337 2082 etim
356 2051 574 2081 humanitatem
597 2071 606 2084 ,
629 2051 662 2081 &
677 2050 850 2081 facilitatem
869 2052 1059 2092 agnoscimus

100 2104 182 2127 tuam
191 2113 200 2127 ‚
212 2102 279 2123 tum
289 2092 474 2123 admiramur
483 2091 569 2122 istam
580 2093 735 2122 scientiam
746 2112 754 2126 ‚
773 2093 806 2122 δε
814 2094 940 2132 copiam.
965 2094 1060 2133 Equi-

102 2137 172 2168 dem
182 2137 274 2166 etiam
282 2134 342 2164 hoc
350 2143 400 2163 me
409 2131 573 2163 assecutum
580 2142 655 2173 puto
667 2153 675 2167 ,
686 2133 769 2175 quod
780 2144 890 2174 magno
901 2135 967 2165 sum
977 2135 1051 2164 leva·

101 2188 148 2211 tus
157 2186 254 2208 errore
265 2196 273 2211 ‚
287 2175 379 2206 &illa
388 2174 587 2205 admiratione
597 2175 737 2205 liberatus
747 2196 756 2209 ‚
777 2174 860 2216 quod
872 2176 977 2205 multis
987 2186 1058 2206 cum

98 2220 165 2252 aliis
174 2219 288 2259 semper
297 2216 436 2247 admirari
447 2216 579 2247 solebam
592 2236 603 2250 ‚
621 2216 701 2247 unde
721 2215 792 2247 effer
801 2217 852 2247 illa
862 2226 940 2247 tanta
957 2226 1006 2248 tua
1025 2219 1058 2247 in

100 2259 191 2293 causis
208 2260 363 2290 divmitas.
386 2268 443 2289 nec
459 2260 543 2288 enim
559 2267 587 2288 te
596 2257 650 2289 ista
659 2257 785 2300 attigisse
795 2259 954 2289 arbitrabar
964 2279 972 2293 ‚
993 2270 1058 2300 quae

101 2296 321 2345 diligentiffime
332 2298 473 2342 cognosse
483 2320 492 2334 ‚
513 2300 546 2330 &
556 2300 689 2341 undique
700 2299 851 2341 collegisse
863 2321 873 2334 ,
892 2301 1000 2342 usuque
1011 2301 1059 2331 do-

102 2343 180 2374 stum
186 2345 293 2385 partim
303 2340 462 2373 correxisse
472 2341 563 2372 video
573 2361 581 2376 2
594 2344 703 2382 partim
714 2341 926 2382 comprobasse.
951 2345 1059 2384 Neque

101 2397 139 2418 eo
149 2388 250 2416 minus
261 2385 463 2425 eloquentiam
475 2392 556 2419 tuam
567 2403 576 2418 ,
589 2385 622 2414 &
633 2384 731 2414 multo
742 2386 836 2425 magis
846 2386 990 2415 virtutem
1001 2405 1010 2418 ,
1027 2385 1059 2415 &

101 2428 288 2469 diligentiam
298 2427 440 2458 admiror,
452 2425 485 2455 δε
496 2424 584 2455 simul
593 2425 717 2468 gaudeo,
726 2426 880 2466 judicium
891 2428 987 2456 animi
998 2428 1060 2457 mei

104 2468 294 2510 comprobari
305 2489 317 2502 ‚
325 2467 408 2508 quod
419 2468 535 2507 semper
545 2466 650 2501 statui,
665 2470 696 2498 N
706 2477 727 2496 E
737 2478 764 2497 M
777 2478 788 2497 1
800 2478 822 2497 N
833 2478 853 2497 E
863 2478 890 2497 M
911 2469 1059 2509 sapientiae

102 2511 221 2542 laudem
231 2530 240 2544 ,
252 2510 284 2541 &
293 2510 490 2550 eloquentiae,
500 2508 560 2539 fine
571 2509 694 2539 summo
704 2508 804 2540 studio
816 2530 824 2542 ,
845 2510 877 2540 &
889 2510 989 2547 labore
997 2531 1006 2545 ,
1028 2510 1061 2540 &

103 2550 240 2584 doetrina
250 2572 259 2585 ‚
271 2551 412 2593 consequi
420 2549 514 2592 posse.
538 2550 595 2582 sed
607 2560 708 2583 tamen
717 2551 864 2592 quidnam
874 2551 917 2582 est
925 2552 968 2586 id,
979 2552 1061 2594 quod

139 2690 163 2707 1.
173 2681 288 2714 Cimvofa
296 2680 459 2711 &immutata
468 2678 584 2712 casibus]
596 2678 640 2705 Est
651 2678 666 2704 ὲ
677 2686 792 2713 quatuor
802 2678 995 2714 nosti·is,ueque
1007 2679 1057 2705 ali-

103 2722 144 2745 ter
155 2716 308 2743 Lambinus.
330 2716 435 2752 vulgata
448 2734 457 2747 ,
466 2715 605 2748 confer-nata
615 2733 623 2745 ‚
633 2714 684 2744 &a

138 2761 165 2780 2..
183 2751 361 2788 Qaeficbstci’vic
368 2751 467 2787 operia]
478 2752 521 2779 lta
529 2749 763 2786 Pnuseptemfflisi
774 2748 845 2786 quod
856 2749 924 2776 sext.
929 2749 1060 2784 saffriris.

1087 584 1089 617 ῗ
1110 589 1227 612 aetatem
1238 581 1338 612 afferet
1348 585 1358 612 ?
1368 583 1567 623 quadriennio
1577 589 1680 618 minor
1689 589 1741 619 est.
1767 592 1815 620 An
1827 590 1855 620 se
1866 590 1997 621 nescire?
2007 601 2075 632 quae

1086 639 1088 644 v
1109 634 1165 666 ego
1175 623 1240 654 sero
1252 645 1260 657 ‚
1273 634 1338 665 quae
1349 623 1456 655 cuifirn
1467 630 1577 666 arripui
1589 648 1597 661 ‚
1616 632 1629 647 2
1640 640 1706 670 quae
1718 629 1871 661 subcisivis
1885 634 1983 672 operis
1994 653 2002 667 ,
2019 634 2029 672 (
2041 641 2082 664 ut-

1086 668 1088 678 *
1109 666 1213 707 ajunt)
1232 665 1285 706 iste
1295 668 1310 696 a
1319 676 1413 708 puero
1423 686 1432 700 ‚
1455 667 1579 698 summo
1600 669 1697 700 studio
1710 693 1718 705 ‚
1740 673 1867 703 summis
1887 674 2075 705 doctoribus.

1085 719 1087 737 ι
1110 708 1200 738 Nihil
1212 707 1311 738 dicam
1322 707 1358 738 de
1370 710 1495 749 ingenio
1507 730 1515 742 ,
1528 712 1576 739 cui
1587 720 1637 749 par
1648 722 1739 742 nemo
1751 713 1817 744 fuit.
1840 718 1954 746 etenim
1966 727 2015 746 me
2025 716 2073 746 di-

1085 749 1088 776 ἱ
1108 759 1227 780 centem
1241 752 1294 790 qui
1303 750 1536 784 audierit,iiemo
1545 762 1689 793 umquam
1702 763 1761 784 tam
1773 756 1816 785 sui
1827 756 1994 796 despiciens
2003 757 2072 792 fuit,

1085 784 1088 832 ξ
1105 793 1181 832 quin
1194 792 1318 831 speraret
1329 801 1381 822 aut
1390 792 1502 822 melius
1515 814 1522 826 ,
1536 802 1585 824 aut
1596 793 1705 832 eodem
1717 796 1812 826 modo
1825 798 1851 827 se
1862 798 1943 837 poffe
1955 800 2053 830 dicere
2067 825 2070 827 .

1107 832 1207 863 Crasso
1226 832 1345 863 dicente
1354 854 1362 866 ,
1389 843 1485 864 nemo
1502 843 1563 866 tarn
1582 846 1719 879 arrogans
1730 857 1738 870 ,
1759 840 1811 878 qui
1821 837 1956 870 similiter
1965 842 1994 871 se
2004 852 2073 871 um-

1107 885 1198 916 quam
1216 874 1371 906 dicturum
1390 874 1448 906 efl'c
1459 875 1634 908 confideret.
1671 879 1881 918 Quamobrem
1891 901 1900 915 ,
1922 891 1961 911 ne
1969 882 2075 914 frustra

1107 959 1159 988 ille
1171 978 1179 992 ,
1204 962 1244 989 Ut
1253 960 1294 989 ita
1306 958 1360 989 ista
1370 958 1429 997 efl'e
1437 962 1605 991 concedam
1619 983 1627 995 ,
1639 964 1739 1004 inquit
1748 983 1756 996 ‚
1771 966 1887 993 Antoni
1899 985 1909 997 ‚
1930 975 1995 1005 qua:
2008 967 2074 997 sunt

1108 1000 1200 1043 longe
1210 1001 1294 1031 secus
1304 1021 1312 1034 ‚
1330 1001 1404 1042 quid
1416 1004 1494 1032 milri
1507 1012 1538 1033 tu
1549 1004 1671 1035 tandem
1682 1004 1774 1035 hodie
1786 1025 1794 1038 ,
1807 1014 1859 1035 aut
1866 1008 2006 1047 cuiquam
2018 1008 2073 1037 lio-

1109 1044 1189 1072 mini
1201 1063 1208 1076 ,
1220 1042 1301 1084 quod
1314 1042 1374 1073 dici
1384 1042 1473 1084 poffit
1482 1065 1490 1078 ‚
1503 1045 1649 1087 reliquisti
1662 1049 1673 1075 ?
1688 1047 1798 1077 Dicam
1808 1049 1896 1078 enim
1903 1048 1984 1081 vere,
1997 1052 2074 1082 ami-

1108 1083 1216 1116 cissimi
1231 1086 1376 1115 homines
1387 1106 1394 1118 ,
1416 1087 1497 1126 quod
1508 1087 1616 1118 sentio.
1641 1088 1716 1129 saepe
1725 1098 1781 1130 ego
1790 1088 1898 1120 ἆοέὶοε
1907 1090 2050 1121 homines
2061 1112 2068 1124 ἱ

1107 1127 1179 1169 quid
1191 1126 1259 1157 dico
1270 1127 1344 1168 saepe
1355 1130 1365 1156 ?
1378 1127 1478 1158 immo
1489 1139 1723 1171 nonnumquam
1738 1141 1743 1159 t
1756 1130 1832 1171 faipe
1843 1134 1927 1162 enirn
1939 1152 1947 1165 2
1958 1132 2008 1174 qui
2017 1143 2074 1173 po-

1108 1171 1152 1199 tui
1162 1189 1170 1201 ‚
1185 1170 1239 1210 qui
1247 1178 1320 1209 puer
1329 1171 1363 1199 in
1372 1168 1474 1200 forum
1483 1174 1620 1203 venerim
1632 1192 1640 1205 ,
1658 1182 1755 1216 neque
1765 1173 1836 1203 inde
1847 1183 1994 1214 umquam
2004 1175 2074 1204 diu-

1107 1212 1176 1245 tius,
1189 1210 1281 1252 quam
1291 1210 1418 1252 quaestor
1428 1212 1577 1243 abfuerim
1590 1216 1601 1243 ?
1612 1213 1661 1244 sed
1671 1223 1772 1244 tamen
1782 1215 1896 1248 audivi,
1912 1225 1945 1246 ut
1954 1217 2016 1246 heri
2028 1217 2075 1247 di«

1106 1252 1211 1282 cebam
1223 1273 1231 1287 ,
1253 1252 1423 1283 &Athenis
1441 1252 1514 1285 cum
1535 1254 1628 1285 essem
1640 1276 1648 1289 ‚
1670 1255 1857 1287 doetiffimos
1876 1259 1957 1287 viros
1967 1278 1976 1291 ‚
1997 1258 2030 1289 &²
2041 1261 2075 1288 in

1107 1292 1173 1324 Asia
1189 1293 1281 1324 istum
1291 1296 1390 1335 ipsum
1400 1298 1555 1336 Sceptium·
1564 1297 1776 1331 Metrodorum
1788 1319 1796 1332 ‚
1817 1299 1889 1329 cum
1900 1298 1936 1329 de
1948 1300 1994 1329 his
2004 1298 2074 1340 ipsis

1105 1336 1193 1366 rebus
1203 1336 1374 1376 disputaret.
1396 1347 1494 1379 neque
1504 1338 1575 1369 vero
1587 1340 1665 1369 mihi
1674 1341 1832 1382 quisquam
1843 1340 1992 1381 copiosius
2003 1352 2075 1372 um«

1127 1388 1195 1408 uam
1206 1379 1288 1415 visus
1298 1378 1456 1420 est,neque
1465 1379 1608 1412 subtilius
1617 1384 1650 1411 in
1661 1383 1720 1412 hoc
1728 1392 1836 1423 genere
1846 1383 2072 1424 dicendi,quam

1106 1419 1158 1451 iste
1169 1420 1261 1450 hodie
1271 1440 1280 1454 ‚
1302 1420 1360 1451 ess'e
1369 1422 1508 1452 versatus.
1531 1423 1613 1464 quod
1626 1421 1647 1453 si
1658 1422 1728 1453 esset
1736 1423 1820 1455 aliter
1829 1445 1838 1458 ‚
1857 1424 1890 1454 &
1900 1426 2013 1466 aliquid
2024 1428 2074 1456 in—

1105 1463 1273 1504 telligerem
1285 1463 1321 1493 ab
1333 1466 1470 1494 Antonio
1479 1464 1708 1504 prsetermi'fliim
1723 1475 1728 1494 :
1748 1475 1813 1496 non
1832 1464 1924 1497 ess'em
1944 1476 2004 1497 tam
2023 1470 2072 1497 in-

1106 1504 1256 1538 urbanus,
1278 1515 1311 1535 ac
1322 1505 1408 1544 paene
1418 1507 1604 1537 inhumanus
1615 1527 1623 1541 ‚
1644 1509 1688 1537 uti
1699 1517 1736 1538 eo
1747 1517 1906 1548 gravarer,
1925 1509 2008 1550 quod
2017 1519 2073 1539 vos

1104 1556 1211 1586 cupere
1223 1547 1374 1576 sentirem.
1400 1550 1484 1578 Tum
1493 1549 1641 1589 Sulpicius
1653 1570 1661 1583 ,
1676 1552 1725 1579 An
1735 1559 1805 1591 ergo
1814 1570 1823 1584 ‚
1836 1552 1945 1591 inquit,
1959 1551 2074 1581 oblitus

1105 1599 1136 1618 es
1146 1608 1155 1622 ,
1175 1587 1269 1618 Crass'e
1281 1609 1291 1623 ‚
1311 1591 1484 1620 Antonium
1496 1592 1536 1620 ita
1545 1593 1687 1631 partitum
1699 1590 1757 1621 effe
1769 1601 1868 1622 tecum
1884 1612 1893 1626 ‚
1911 1602 1942 1622 ut
1952 1594 2012 1633 ipse
2022 1596 2071 1623 in-

1106 1630 1311 1661 strumentum
1326 1633 1451 1661 oratoris
1471 1642 1655 1672 exponeret,
1679 1633 1732 1663 tibi
1743 1633 1810 1673 ejus
1818 1633 2048 1668 distinffionem
2061 1655 2077 1669 ,-

1104 1682 1190 1713 atque
1200 1681 1340 1702 ornatum
1350 1673 1551 1714 relinqueret?
1573 1673 1633 1705 Hic
1642 1675 1693 1705 ille
1705 1696 1713 1708 ,
1727 1677 1865 1706 Primum
1875 1696 1883 1710 ,
1895 1678 1962 1718 quis
1972 1679 2082 1708 Anto-⁷

1106 1717 1159 1745 nio
1169 1714 1320 1754 permisit,
1334 1716 1452 1756 inquit,
1473 1725 1506 1746 ut
1518 1716 1667 1757 &parteis
1676 1715 1787 1748 faceret
1796 1738 1805 1751 ‚
1826 1717 1858 1748 Sc
1869 1738 1878 1752 ,
1899 1727 1995 1749 utram
2008 1719 2073 1749 vel,-

1106 1757 1162 1790 let‚
1173 1759 1255 1797 prior
1263 1757 1325 1797 ipse
1336 1757 1466 1788 sumeret
1477 1761 1488 1787 ?
1506 1758 1615 1788 deinde
1624 1779 1632 1792 ,
1647 1757 1669 1788 fi
1679 1769 1734 1800 ego
1744 1758 1824 1790 reste
1836 1760 1986 1794 intellexi,
1997 1759 2070 1792 cum

1104 1798 1190 1829 valde
1210 1799 1341 1829 libenter
1358 1799 1493 1830 audirem
1504 1820 1512 1834 ‚
1535 1802 1613 1830 mihi
1625 1800 1791 1841 conjuneste
1803 1800 1847 1831 est
1854 1802 1936 1832 visus
1946 1802 1982 1833 de
1993 1811 2071 1833 utra-

1105 1851 1162 1882 que
1173 1851 1203 1870 re
1214 1840 1322 1871 dicere.
1344 1841 1400 1871 Ille
1408 1840 1481 1871 vero
1491 1862 1499 1875 ‚
1514 1844 1613 1883 inquit
1624 1845 1709 1873 Cotta
1716 1862 1725 1877 ‚
1737 1852 1915 1874 ornamenta
1924 1846 2071 1875 orationis

1105 1893 1169 1913 non
1179 1884 1276 1923 attigit
1289 1903 1299 1916 ,
1317 1893 1414 1924 neque
1425 1893 1490 1913 eam
1502 1884 1621 1914 laudem
1633 1905 1641 1919 ‚
1654 1893 1692 1915 ex
1701 1894 1758 1926 qua
1769 1885 1942 1926 eloquentia
1952 1896 2069 1917 nomen

1104 1926 1203 1965 ipsum
1214 1926 1341 1954 invenit.
1374 1924 1471 1955 Verba
1481 1927 1571 1966 igitur
1581 1945 1589 1959 ,
1602 1928 1702 1967 inquit
1711 1924 1826 1957 Crafl'us
1837 1947 1846 1960 ‚
1859 1928 1936 1957 mihi
1948 1928 2001 1957 reli
2024 1930 2070 1958 uit

1105 1968 1258 1996 Antonius
1269 1985 1277 1999 ‚
1290 1976 1355 1995 rem
1365 1967 1425 2006 ipse
1435 1965 1547 1996 sumsit.
1581 1970 1665 1997 Turn
1676 1968 1787 2001 Caesar,
1805 1970 1855 2000 Si,
1865 1968 1947 2009 quod
1958 1938 2070 2000 ditgci-

1105 2009 1162 2037 lius
1172 2006 1215 2037 est
1229 2027 1239 2040 ,
1250 2007 1281 2037 id
1293 2007 1348 2037 tibi
1358 2009 1479 2048 reliquit
1491 2019 1495 2036 :
1506 2007 1550 2038 est
1559 2009 1650 2038 nobis
1660 2029 1667 2042 ,
1678 2011 1789 2050 inquit,
1801 2010 1884 2040 causti
1893 2030 1901 2044 ,
1914 2019 2003 2040 curte
2013 2021 2067 2041 au-

1104 2049 1167 2079 dire
1177 2050 1331 2089 cupiamus
1343 2059 1348 2077 z
1369 2047 1412 2078 sin
1424 2069 1433 2083 ‚
1447 2050 1528 2090 quod
1543 2049 1678 2080 facilius:
1700 2051 1756 2081 tibi
1767 2051 1850 2081 causa
1860 2061 1924 2082 non
1934 2051 1996 2086 est,
2016 2062 2069 2082 cur

1104 2091 1226 2121 recuses.
1251 2093 1289 2120 Et
1298 2091 1419 2121 Catulus
1433 2102 1438 2120 :
1463 2091 1555 2132 Qd,
1571 2091 1767 2133 quoddixisti
1780 2094 1912 2133 ‚inquis
1928 2092 2034 2127 Crasse,
2047 2093 2069 2124 si

1103 2131 1152 2162 hic
1171 2131 1262 2162 hodie
1271 2132 1349 2172 apud
1360 2141 1387 2162 te
1398 2142 1589 2165 maneremus
1599 2154 1608 2167 ‚
1633 2142 1659 2164 te
1673 2144 1792 2164 morem
1802 2135 1892 2165 nobis
1901 2133 1958 2165 effe
1968 2135 2066 2176 gestu-

1103 2176 1192 2204 rum?
1212 2174 1332 2203 nihilne
1351 2173 1387 2204 ad
1401 2172 1494 2204 fidem
1505 2183 1586 2205 tuam
1598 2185 1683 2215 putas
1694 2177 1864 2216 pertinere?
1887 2179 1971 2207 Tum
1984 2180 2071 2208 Cotta

1102 2215 1204 2246 ridens
1215 2235 1224 2248 ‚
1236 2213 1355 2245 Poffem
1367 2215 1441 2249 tibi,
1453 2218 1553 2257 inquit
1564 2238 1572 2250 ‚
1586 2216 1683 2247 Crass‘e
1693 2237 1701 2251 ,
1715 2217 1879 2247 concedere
1891 2229 1895 2247 :
1917 2218 1966 2249 sed
1975 2219 2045 2249 vide
2056 2240 2066 2253 2

1103 2268 1141 2288 rie
1151 2257 1226 2298 quid
1237 2257 1358 2287 Catulus
1367 2258 1499 2288 attulerit
1507 2260 1673 2299 religionis.
1692 2269 1768 2299 opus
1777 2260 1836 2289 hoc
1849 2260 2003 2299 censbrium
2012 2260 2064 2291 est.

1104 2299 1133 2330 id
1151 2309 1251 2330 autem
1271 2300 1464 2329 committere
1474 2320 1483 2333 ,
1504 2300 1574 2330 vide
1587 2300 1678 2342 quarn
1689 2300 1722 2331 sit
1732 2302 1855 2331 homini
1867 2311 1949 2342 turpe
1959 2304 2066 2333 censo-

1103 2343 1158 2371 rio.
1183 2343 1271 2383 Agite
1280 2339 1353 2370 verb
1365 2340 1381 2374 ‚⁴
1396 2341 1447 2371 ille
1458 2344 1558 2382 inquit
1568 2363 1576 2376 ‚
1598 2352 1630 2372 ut
1638 2343 1744 2372 vultis.
1767 2342 1816 2373 sed
1827 2353 1908 2374 nunc
1917 2344 2042 2384 quidem
2054 2364 2064 2378 ς
2076 2378 2079 2381 ,

1123 2385 1248 2414 uoniam
1259 2382 1290 2413 id
1301 2384 1445 2422 temporis
1455 2383 1693 2425 est‚surgendum
1704 2385 1824 2417 censeo,
1836 2385 1868 2415 &
1878 2386 2067 2426 requiescen-

1102 2394 1190 2455 dum:
1214 2423 1280 2465 post
1290 2424 1450 2454 meridiem
1463 2445 1471 2458 ,
1491 2424 1511 2455 fi
1523 2428 1561 2456 ita
1572 2426 1660 2457 vobis
1671 2425 1713 2456 est
1722 2426 1924 2456 commodum
1937 2447 1946 2461 ,
1959 2427 2065 2468 loque-

1105 2478 1174 2497 mur
1191 2466 1304 2508 aliquid
1323 2486 1331 2499 ‚
1360 2465 1416 2495 nisi
1434 2466 1512 2497 forte
1532 2469 1564 2497 in
1584 2467 1747 2498 crastinum
1771 2466 1890 2497 differre
1909 2470 2063 2499 mavultis.

1105 2512 1220 2539 Omnes
1240 2509 1268 2539 le
1285 2509 1334 2537 vel
1354 2507 1452 2538 statim
1464 2529 1471 2542 ,
1492 2509 1541 2538 vel
1553 2529 1561 2543 ,
1583 2507 1603 2538 si
1613 2510 1674 2548 ipse
1683 2508 1750 2548 post
1761 2509 1921 2540 meridiem
1941 2511 2044 2541 mallet
2053 2530 2063 2544 a

1103 2548 1334 2592 quamprimum
1345 2559 1447 2580 tamen
1456 2550 1558 2581 audire
1568 2552 1647 2581 velle
1658 2551 1808 2581 dixerunt.

1816 2594 1860 2623 M.
1887 2596 1949 2624 Tu
1960 2604 1980 2624 L
1991 2604 2011 2624 L
2024 2605 2035 2624 i
2050 2605 2074 2624 1-

1105 2685 1132 2704 at
1144 2678 1223 2713 prim.
1236 2678 1263 2703 St
1274 2677 1375 2711 sce-,fibi
1387 2677 1413 2710 se
1432 2679 1488 2703 civi.
1510 2677 1580 2703 l’ith.
1591 2678 1618 2702 8<
1632 2677 1753 2704 Memmii
1770 2677 1934 2708 chartaceus,
1944 2677 2065 2710 fiaebristvs.

1105 2713 1175 2766 quod
1197 2723 1205 2738 ¹.
1214 2713 1302 2739 idetur
1313 2713 1462 2751 (iulielm'io
1473 2712 1525 2740 tale
1538 2712 1612 2740 fuisse
1625 2732 1632 2745 ‚
1654 2720 1683 2739 ut
1694 2712 1768 2750 super
1779 2723 1811 2740 eo
1821 2713 1933 2749 amplius
1944 2722 2072 2749 quaereuw

1082 2773 1085 2785 ¹
1104 2759 1168 2776 num
1179 2749 1307 2777 censeret.

1985 3058 1996 3077 1
2001 3063 2008 3076 ¹.
2016 3052 2075 3076 ‘Pi-0:

1108 918 1139 946 lii
1151 917 1222 947 tales
1231 919 1290 947 viri
1299 919 1449 952 venerint,
1462 928 1490 951 te
1499 919 1671 960 aliquando,
1685 919 1791 955 Crasse,
1803 921 1967 953 audiamus.
1988 927 2072 955 Tum
2091 937 2140 968 9:
