2316 3395
190 134 254 182 40
596 119 1088 169 M.Ttrt,r.11

190 197 234 227 est
244 217 252 231 ,
274 198 344 228 treis
353 196 439 228 halet
449 197 553 237 parteis
564 218 572 231 ,
583 196 714 227 fabulam
728 218 734 230 ‚
749 194 912 226 historiam,
923 201 1146 239 argumentum.

189 238 298 268 Fabm'a
315 239 358 269 est
370 260 378 271 ‚
402 242 433 269 in
444 249 500 280 qua
512 249 566 269 nec
576 249 650 269 verce
661 260 668 273 ,
683 249 738 268 nec
749 235 923 267 verisimiles
934 245 978 265 res
989 243 1151 264 continen-

191 289 254 311 tur:
275 281 445 317 cujusmodi
458 280 518 311 est:

235 318 357 362 Angites
375 330 496 363 ingentes
513 322 594 350 ai'ires
607 342 614 353 ,
628 318 726 359 junfii
738 320 819 359 jugo.

191 362 315 399 Historia
329 385 335 396 ,
355 363 398 394 est
407 363 484 405 gesta
494 373 538 393 res
551 383 558 395 ‚
574 367 582 381 ἲ
597 363 632 391 ab
643 364 735 390 aetatis
746 360 852 390 nostrae
863 361 1012 390 memoria
1023 367 1145 389 remota.

191 406 271 446 quod
282 416 386 446 genus,
400 407 513 445 Appius
523 404 633 433 indixit
644 400 934 445 Karthaginiensibus
947 402 1072 431 bellum.
1082 404 1149 429 ,Ar-

191 455 381 486 gumcmtum‚
393 447 436 476 est
449 446 515 476 tiela
524 455 578 478 res,
590 454 655 485 quae
665 453 765 474 tamen
778 443 839 473 fieri
850 445 958 483 potuit.
984 443 1150 483 Hujusmo-

194 488 225 518 di
240 489 315 527 apud
331 492 509 518 Terentium
524 497 528 514 z

236 532 316 558 Nam
334 541 354 558 ts
367 529 511 570 ‘vqst'quam
533 526 640 566 cxchJir
657 537 692 555 ex
709 525 838 568 ephi-bris
849 526 935 567 Sosia.

191 571 246 601 111³
254 581 353 601 autem
364 573 489 600 narratio
502 591 508 602 ,
534 580 596 609 qua:
609 570 736 599 versatur
746 571 778 598 in
788 569 922 608 personis
933 567 1082 606 ejusmodi
1094 566 1147 599 est,

193 622 228 642 nt
238 615 270 642 in
280 623 312 642 ea
321 611 408 641 simul
419 622 489 642 cum
500 612 586 641 rebus
599 610 663 650 ipsis
675 611 866 651 personarum
878 609 1078 643 s:rmones,&
1088 611 1153 639 zmi-

197 656 241 684 mi
252 655 375 693 perspici
385 652 456 693 poffi
463 662 494 683 nt
504 673 511 686 ,
533 654 590 682 hoc
602 652 695 682 modo
707 663 713 680 :

216 696 297 724 Venit
315 695 354 723 ad
369 705 412 723 me
425 696 492 737 slepe
510 694 657 723 clamitans
670 715 677 727 ‚
699 693 783 734 chid
799 694 856 733 agis
874 692 987 722 Minu

217 739 273 765 Cur
289 736 374 775 perdu
389 737 583 776 adolefientem
601 734 693 764 nohis?
714 746 762 764 cur
781 739 882 764 amat?

216 781 271 806 Cur
287 782 391 819 potat?
415 789 464 807 cur
481 786 513 806 tu
531 779 570 806 lm
587 776 664 805 rebus
680 778 810 816 simmam
823 777 968 817 siaeggerts?

214 818 323 855 Vestitu
342 831 429 849 mmto
448 820 590 859 indulges,
609 819 733 847 mmmm
753 826 859 861 ineptus
877 829 911 846 es.

216 862 353 890 Nimium
372 862 427 904 ips}
443 862 529 890 durus
548 860 591 890 eff
607 868 701 901 preter
720 871 883 902 aeqtmmqm
902 859 936 892 cb·
957 859 1068 888 honum.

196 905 268 934 Hoc
278 905 310 933 in
318 914 426 945 genere
435 905 613 933 narrationis
624 904 717 933 multa
727 901 817 932 ineffe
828 903 915 932 debet
924 901 1154 945 festivitasoeon-

194 944 274 975 festa
284 955 324 975 ex
335 955 434 975 rerum
443 946 590 978 varietate,
601 946 773 975 animorum
785 942 1023 973 dissimilitudine
1035 964 1043 975 ,
1060 951 1155 983 gravi-

195 987 400 1020 tate‚lenitate‚
414 987 469 1027 spe,
483 995 576 1020 metu,
589 987 766 1026 suspicione,
779 983 934 1018 desiderio,
946 982 1155 1014 dissimulatio-

198 1038 250 1062 ne,
261 1038 371 1061 errore,
384 1028 595 1061 misericordia,
608 1027 736 1058 fortunae
746 1029 996 1058 commutatione,
1010 1025 1156 1072 insperato

198 1069 402 1100 incommodo
412 1091 420 1104 ,
435 1071 529 1100 subita
540 1070 640 1100 laetitia
650 1090 658 1103 ,
668 1069 804 1108 jucundo
814 1071 895 1098 exitu
907 1077 1016 1097 rerum.
1040 1070 1156 1096 Verum

198 1113 264 1142 haec
273 1121 311 1141 ex
320 1113 367 1141 his
375 1132 385 1145 ,
415 1122 479 1152 quae
489 1111 588 1152 postea
597 1112 633 1141 de
642 1112 812 1141 elocutione
823 1112 1031 1150 praecipientur
1040 1128 1048 1141 ,
1069 1117 1157 1137 orna-

199 1162 303 1183 menta
321 1153 485 1183 sumentur.
512 1156 603 1183 Nunc
613 1153 649 1182 de
660 1155 826 1182 narratione
836 1162 868 1182 ea
879 1173 886 1185 ,
907 1161 972 1192 qua:
982 1149 1071 1180 causae
1082 1158 1157 1178 con-

134 1209 155 1234 2
159 1211 181 1235 0
200 1197 277 1225 tinet
285 1194 502 1235 expofitionem
515 1216 522 1229 ,
535 1195 698 1225 dicendum
708 1194 833 1224 videtur.
858 1193 1081 1236 Oportetigitur
1089 1200 1155 1220 eam

147 2675 188 2698 21

200 1239 272 1267 treis
284 1237 389 1267 habere
401 1247 454 1270 res,
468 1246 499 1267 ut
509 1237 615 1269 brevis,
628 1245 774 1276 utaperta,
787 1235 989 1275 utprobabilis
999 1236 1043 1263 iit.
1063 1232 1157 1261 Brevis

200 1281 268 1311 erit,
281 1277 311 1312 fi,
323 1278 404 1308 unde
414 1277 527 1308 necess‘e
539 1278 581 1308 est
591 1299 598 1312 ‚
612 1278 682 1308 inde
692 1280 815 1308 initium
829 1278 981 1310 sumetur,
1004 1275 1037 1305 &
1047 1284 1111 1304 nori
1122 1273 1157 1319 ab

197 1321 312 1351 ultimo
331 1329 476 1360 repetetur
487 1341 494 1353 ,
516 1320 549 1350 &
559 1319 579 1350 si
590 1321 673 1360 cujus
683 1322 726 1349 rei
737 1320 803 1350 satis
814 1321 868 1349 erit
878 1319 1029 1348 summam
1039 1314 1156 1348 dixisie‚

199 1363 266 1400 ejus
276 1371 370 1401 partes
380 1372 444 1392 non
454 1362 601 1392 dicenmr.
625 1372 695 1392 nam
708 1361 781 1401 saepe
793 1362 858 1391 satis
867 1360 910 1390 est
921 1381 928 1394 ,
949 1358 1031 1404 q¹·¹.0d
1043 1357 1157 1388 fanum

201 1403 238 1433 sit
249 1424 257 1437 ,
269 1404 365 1433 dicere
376 1415 385 1437 3
405 1414 468 1434 non
478 1413 511 1434 ut
519 1414 634 1434 enarres
645 1424 653 1437 ‚
668 1402 927 1444 quemadmodum
938 1400 972 1431 sit
979 1400 1092 1431 faustum
1105 1410 1110 1428 ε
1126 1399 1158 1428 &

201 1444 226 1475 si
236 1455 299 1475 non
310 1445 427 1487 longius
440 1466 447 1479 ,
458 1445 547 1486 quam
559 1446 639 1486 quod
652 1446 724 1476 scitu
735 1455 809 1485 opus
820 1444 863 1475 est
873 1465 881 1478 ,
893 1447 925 1474 in
936 1442 1082 1473 narrando
1091 1451 1158 1488 pro-

200 1487 339 1518 cedetur:
359 1489 392 1518 &
402 1486 422 1517 si
434 1488 548 1517 nullam
559 1490 591 1517 in
602 1497 665 1517 rem
676 1487 762 1517 aliam
773 1485 940 1517 transibitur
952 1496 956 1514 :
976 1485 1010 1515 &
1031 1482 1052 1513 si
1062 1486 1102 1513 ita
1112 1483 1160 1512 di-

203 1538 298 1561 cetur,
310 1538 341 1559 ut
350 1539 570 1570 nonnunquam
582 1540 618 1559 ex
632 1539 679 1562 eo,
692 1529 774 1569 quod
784 1528 900 1559 dicitum
911 1526 955 1560 fit,
966 1526 1009 1560 id,
1020 1525 1102 1567 quod
1113 1524 1159 1554 di-

201 1570 290 1601 ftum
300 1581 364 1600 non
374 1570 408 1601 sit
417 1592 425 1604 ,
438 1571 634 1612 intelligatur:
655 1571 687 1601 &
698 1570 718 1600 si
728 1581 792 1601 non
804 1568 900 1600 mode>
911 1569 941 1599 id
953 1589 961 1602 ,
974 1567 1055 1610 quod
1065 1565 1159 1599 obest,

203 1611 314 1642 verum
325 1614 413 1642 etiam
425 1613 466 1646 id,
477 1613 557 1653 quod
568 1623 623 1643 nec
631 1611 716 1643 obest
726 1632 734 1646 ,
746 1623 801 1643 nec
810 1612 937 1651 adjuvat,
946 1609 1143 1651 praeteribitur
1155 1618 1161 1637 ;

202 1654 237 1684 δε
249 1652 269 1683 fi
279 1654 371 1684 semel
382 1665 477 1684 unum
488 1655 618 1698 quidque
629 1654 760 1684 dicetur:
790 1654 823 1684 &
833 1653 853 1683 si
864 1663 929 1683 non
937 1653 973 1683 ab
982 1662 1019 1682 eo
1030 1671 1039 1685 ,
1058 1652 1161 1698 inqu-0

201 1696 344 1736 proxime
355 1695 480 1726 desitum
492 1699 557 1730 erit,
571 1697 710 1736 deinceps
721 1697 889 1736 incipietur.
913 1698 956 1725 Ac
965 1693 1079 1738 multos
1089 1702 1161 1722 imi-

200 1740 276 1768 tatio
285 1738 434 1768 brevitatis
445 1738 565 1778 decipit,
577 1747 619 1772 ut,
631 1738 702 1769 curn
713 1739 742 1768 se
752 1738 867 1768 breveis
877 1745 982 1777 putent
991 1734 1048 1765 esse
1060 1755 1068 1769 ‚
1092 1735 1161 1781 lon—

201 1777 314 1820 giffimi
324 1778 381 1810 sint
393 1791 398 1809 :
424 1790 495 1810 cum
516 1781 587 1810 dent
599 1791 718 1821 operam
731 1800 739 1814 ‚
762 1789 794 1810 ut
804 1790 849 1810 res
859 1780 968 1809 multas
978 1777 1105 1807 breviter
1114 1775 1161 1823 di-

202 1830 272 1851 cant
281 1841 290 1854 ,
315 1825 329 1841 ²
341 1832 404 1852 non
415 1831 446 1851 ut
456 1824 586 1852 omnino
594 1833 698 1863 paucas
709 1832 754 1852 res
764 1821 883 1855 dicant,
909 1821 941 1851 &
959 1829 1022 1849 non
1040 1819 1160 1859 plureis,

203 1873 295 1904 quam
316 1861 428 1894 neceffe
449 1862 492 1893 fit.
526 1867 607 1894 Nam
624 1865 771 1906 plerisque
789 1863 916 1893 breviter
926 1862 1022 1892 dicere
1033 1860 1160 1892 videtur,

203 1907 258 1946 qui
275 1907 314 1934 ita
323 1905 411 1935 dicit:
432 1904 544 1935 Acceffi
553 1906 588 1936 ad
598 1907 698 1940 aedeis,
707 1915 833 1946 puerum
844 1906 965 1935 evocavi
978 1901 1145 1947 :respondit
1157 1910 1162 1929 z

204 1945 324 1987 quaesivi
335 1947 498 1977 dominum
513 1958 518 1976 z
538 1947 623 1978 domi
636 1950 754 1990 negavit
762 1945 829 1977 effe.
851 1944 910 1977 Hic
920 1966 929 1980 ,
942 1947 1055 1976 tametii
1065 1952 1108 1974 tot
1119 1952 1163 1973 res

202 1989 325 2018 brevius
335 1998 398 2018 non
407 1991 507 2028 potuit
514 1989 621 2024 dicere,
634 1999 746 2023 tamen,
758 1991 827 2031 quia
836 1989 901 2019 satis
911 1987 970 2018 fuit
980 1985 1096 2019 dixisse,
1107 1985 1163 2015 do-

204 2032 250 2059 mi
261 2032 379 2071 negavit
389 2029 447 2061 effe
458 2051 467 2065 ,
491 2030 524 2061 fit
532 2042 632 2062 rerum
644 2031 840 2062 multitudine
851 2031 970 2071 longus.
998 2032 1094 2069 Qijire
1106 2028 1164 2074 hoc

205 2082 326 2112 quoque
336 2074 370 2102 in
378 2082 484 2113 genere
493 2074 613 2104 vitanda
621 2073 664 2104 est
675 2074 824 2104 brevitatis
835 2074 976 2105 imitatio,
989 2071 1021 2100 &
1031 2079 1094 2100 non
1105 2079 1164 2098 mi-

205 2123 264 2143 nus
273 2123 372 2143 rerum
384 2124 447 2144 non
459 2113 681 2145 necessariarium
692 2135 700 2148 ,
722 2114 813 2154 quam
822 2115 982 2144 verborum
994 2110 1165 2155 multitud-i-

199 2165 245 2184 *ne
264 2155 515 2195 supersedendum
534 2155 586 2186 est.
614 2159 721 2196 Aperta
731 2164 829 2186 autem
840 2156 966 2185 narratio
976 2154 1085 2194 poterit
1094 2150 1162 2185 esse,

199 2194 238 2229 si,
251 2205 284 2226 ut
293 2196 425 2237 quidque
434 2195 569 2237 primum
579 2197 695 2238 gestum
705 2199 777 2230 erit,
793 2198 833 2227 ita
840 2194 976 2236 primum
986 2202 1163 2234 exponetur,

206 2239 242 2269 &
259 2248 359 2268 rerum
379 2249 411 2268 ac
429 2248 601 2278 temporum
623 2240 698 2270 ordo
709 2239 870 2270 servabitur
878 2258 887 2271 ,
908 2246 941 2267 ut
950 2239 988 2266 ita
998 2244 1162 2279 narrentur,

205 2288 241 2310 ut
258 2279 345 2320 gestae
354 2290 398 2310 res
412 2290 499 2310 erunt
510 2301 518 2314 ‚
538 2291 587 2311 aut
604 2291 636 2311 ut
655 2279 781 2322 potuiffe
799 2282 860 2321 geri
878 2279 1066 2310 videbuntur.
1104 2279 1163 2306 Hic

206 2320 455 2352 considerandum
473 2324 530 2352 erit
538 2343 547 2356 ,
569 2323 681 2364 nequid
699 2321 864 2363 perturbate
875 2342 884 2356 ,
904 2320 1016 2362 nequid
1026 2318 1163 2349 contorte

209 2363 333 2398 dicatur,
345 2373 383 2393 ne
394 2374 484 2405 quam
497 2366 528 2394 in
539 2365 628 2394 aliam
639 2375 702 2394 rem
714 2365 872 2395 transeatur
882 2383 891 2397 ,
902 2373 940 2393 ne
950 2363 985 2393 ab
995 2362 1107 2391 ultimo
1118 2370 1164 2389 re-

204 2414 320 2446 petatur
329 2425 337 2439 ,
355 2415 392 2436 ne
402 2405 437 2435 ad
447 2415 618 2438 extremum
627 2407 785 2447 prodeatur
793 2426 802 2440 ‚
815 2416 852 2435 ne
861 2404 933 2446 quid
945 2424 952 2438 ,
964 2403 1044 2445 quod
1054 2402 1088 2432 ad
1098 2411 1163 2448 rem

206 2449 361 2486 pertineat,
372 2457 571 2488 praetereatur:
593 2448 625 2478 &
635 2450 765 2479 omnino
775 2468 783 2482 ,
795 2458 860 2488 quae
868 2455 1011 2487 praecepta
1020 2445 1056 2475 de
1068 2444 1165 2474 brevi-

207 2497 264 2518 tate
276 2489 344 2518 sunt
356 2509 364 2522 ‚
383 2491 440 2520 hoc
458 2500 519 2531 quo
542 2501 579 2520 ue
598 2493 632 2520 in
651 2500 760 2532 genere
779 2491 847 2521 sunt
863 2486 1072 2519 conservanda.
1094 2493 1165 2533 nam

211 2540 302 2559 SAEPE
319 2541 364 2560 res
381 2541 485 2570 parurn
504 2501 547 2562 eilt
565 2532 718 2563 intellesm
737 2531 926 2573 longitudine
942 2531 1034 2570 magis
1046 2548 1053 2562 ³
1075 2537 1163 2568 quam

209 2571 385 2602 obscuritate
404 2576 589 2603 narrationis.
622 2576 665 2604 Ac
684 2574 781 2604 verbis
800 2582 919 2614 quoque
929 2570 1070 2601 dilucidis
1080 2578 1166 2599 uten-

211 2612 285 2642 dum
297 2613 354 2643 est:
378 2624 438 2654 quo
457 2615 493 2644 de
511 2626 618 2655 genere
637 2615 802 2646 dicendum
812 2614 895 2645 estin
904 2614 1054 2654 praeceptis
1065 2611 1166 2656 elocu-

210 2656 317 2684 tionis.
361 2654 511 2685 Probabilu
530 2659 584 2686 erit
601 2660 748 2692 narratio,
769 2656 788 2687 si
800 2659 833 2687 in
842 2666 875 2686 ea
883 2655 1065 2685 videbuntur
1073 2651 1165 2683 inefle

212 2706 255 2729 ea,
267 2706 330 2736 quae
342 2697 438 2726 solent
448 2707 581 2737 apparere
592 2700 623 2728 in
633 2700 754 2729 veritate
766 2711 771 2728 ;
791 2697 812 2728 si
830 2698 1021 2739 personarum
1040 2696 1167 2740 dignita-

211 2746 255 2768 tes
265 2738 467 2772 servabuntur,
480 2738 499 2768 fi
509 2741 599 2770 causae
609 2740 758 2770 &filorum
769 2739 935 2772 exstabunt,
947 2737 968 2767 si
978 2736 1063 2768 fuisse
1072 2736 1167 2767 racul-

210 2789 282 2809 tates
291 2779 424 2810 faciundi
435 2781 626 2815 videbuntur,
644 2781 664 2811 fi
675 2791 791 2822 ternpus
800 2779 984 2813 idoneum,si
995 2780 1078 2819 spatii
1088 2780 1166 2811 satis,

211 2820 233 2850 fi
253 2822 336 2851 locus
354 2831 540 2862 opportunus
557 2823 591 2853 ad
602 2824 726 2853 eandem
739 2835 803 2854 rem
815 2845 824 2858 ,
844 2834 900 2865 qua
909 2823 946 2852 de
956 2832 986 2851 re
996 2820 1167 2853 narrabitur,

208 2861 298 2892 fuifl'e
308 2862 494 2893 ostendetur:
515 2863 535 2893 si
544 2875 589 2894 res
600 2866 632 2895 &
641 2865 675 2894 ad
685 2876 789 2896 eorum
801 2887 810 2900 ,
831 2867 882 2907 qui
892 2872 979 2906 agent
990 2884 997 2897 ‚
1019 2871 1166 2895 naturam,

215 2908 229 2932 3
243 2904 274 2934 δε
283 2905 317 2934 ad
328 2905 411 2945 vulgi
421 2915 574 2935 rumorem
586 2926 594 2940 ,
607 2907 639 2936 δε
649 2907 683 2936 :id
695 2918 798 2936 eorum
810 2928 818 2941 ,
831 2909 882 2948 qui
893 2906 1017 2936 audiunt
1029 2925 1036 2938 ‚
1047 2905 1168 2945 opinio-

211 2955 285 2976 nem
295 2947 577 2977 accommodabitur.
599 2951 642 2978 Ac
652 2951 713 2978 veri
725 2949 848 2989 quidem
860 2947 966 2978 finiilis
975 2957 1012 2977 ex
1022 2948 1068 2976 his
1078 2947 1168 2976 ratio·
1188 2838 1194 2985 j
1211 2946 1328 2986 generis
1347 2944 1544 2986 admiscuisse.
1585 2948 1666 2976 Nam
1684 2957 1777 2989 genus
1796 2945 1839 2976 est
1857 2947 1998 2976 omnium
2016 2948 2175 2976 nimirum.

252 3083 261 3100 1
270 3095 275 3099 .
294 3077 345 3102 est'b
354 3076 428 3101 tzaris
436 3076 517 3106 nostrie
526 3078 633 3100 memoria
643 3076 754 3109 remora]
766 3075 910 3101 Lambinus
923 3094 931 3107 ,
950 3078 1058 3101 memoria
1072 3082 1167 3108 propter

210 3112 348 3138 &triclinium
359 3118 454 3136 remma.

247 3154 275 3174 ι.
294 3149 345 3178 Nm
354 3154 379 3173 ut
388 3156 489 3180 omnmo,
497 3147 565 3182 03¹⁵]
577 3146 654 3176 Fabr.
665 3147 693 3174 Sc
704 3148 786 3175 Grev.
798 3147 851 3174 haec
859 3147 994 3184 ignor-uit.
1004 3146 1168 3184 conspiciun-

1168 114 1703 164 Cicunonxs

1192 190 1280 222 nibus
1298 188 1356 221 effe
1373 193 1491 232 poterit.
1519 192 1598 225 Illud
1609 203 1707 225 autem
1717 203 1852 236 praeterea
1861 190 2043 225 considerare
2053 191 2153 235 opor-²

1191 232 1276 265 tebit,
1288 242 1326 262 ne
1337 241 1394 266 aut,
1406 243 1478 263 cum
1488 234 1563 265 obfit
1571 239 1698 266 narratio
1708 256 1717 270 ,
1728 246 1777 266 aut
1786 235 1857 266 cum
1866 237 1944 266 nihil
1953 234 2042 276 prosit
2052 257 2060 268 ,
2072 245 2143 265 tunc

1191 276 1410 313 interponatur:
1430 284 1480 305 aut
1488 286 1552 306 non
1563 278 1631 307 loco
1641 298 1649 311 ‚
1661 287 1710 308 aut
1720 288 1794 312 non,
1805 277 2063 319 quemadmodum
2074 286 2142 307 cau·-

1193 316 1219 346 sa
1228 314 1364 354 postulat,
1375 326 1514 346 narretur·
1535 318 1625 349 obest
1637 328 1711 353 tum,
1723 319 1794 349 cum
1805 318 1890 359 ipsius
1901 321 1942 349 rei
1952 318 2037 360 gestae
2048 328 2145 358 expo-

1192 355 1256 386 sitio
1279 367 1417 399 magnam
1436 361 1548 399 excipit
1557 358 1755 391 offensionem
1768 381 1776 395 ,
1795 371 1885 401 quam
1895 359 2144 401 argumentando,

1193 399 1226 428 ὃς
1244 399 1360 429 causam
1380 400 1495 440 agendo
1515 401 1603 431 leniri
1621 403 1777 442 oportebit.

1192 440 1383 470 membratim
1404 442 1553 482 oportebit
1571 446 1676 482 parteis
1694 446 1736 474 rei
1756 444 1842 483 gestae
1860 443 2023 484 dispergere
2035 445 2067 473 in
2077 452 2146 473 cau-

1193 482 1253 511 sam
1265 502 1273 514 ‚
1298 482 1331 511 &
1350 481 1385 511 ad
1397 492 1638 524 unamquamque
1648 485 1808 515 confestim
1817 487 1964 515 rationem
1974 495 2147 515 accommo-

1193 523 1259 553 dare
1271 543 1279 556 ,
1300 532 1333 553 ut
1350 524 1468 553 vulneri
1487 525 1592 564 praesto
1604 526 1836 556 medicamentum
1846 525 1879 556 sit
1889 527 1922 556 δε
1931 527 2038 556 odium
2048 525 2149 556 statim

1193 562 1325 594 defensio
1336 567 1461 605 mitiget.
1495 567 1583 596 Nihil
1594 567 1713 607 prodest
1724 570 1849 598 narratio
1859 577 1930 597 tunc
1940 587 1948 601 ,
1968 567 2040 598 cum
2050 568 2086 597 ab
2096 567 2148 597 ad-

1194 606 1327 636 versariis
1345 616 1375 635 re
1393 605 1521 647 exposita
1538 608 1637 638 nostra
1653 610 1733 638 nihil
1751 609 1873 639 interest
1881 610 1989 639 iterum
2001 630 2009 643 ,
2030 617 2078 639 aut
2088 609 2147 639 alio

1195 647 1289 677 modo
1298 657 1412 678 narrare
1424 659 1428 676 :
1450 648 1579 680 anteum
1589 650 1624 680 ab
1635 652 1671 680 iis
1683 671 1690 683 ‚
1703 653 1754 692 qui
1764 651 1889 680 audiunt
1899 671 1907 685 ,
1920 653 1958 680 ita
1968 660 2084 681 tenetur
2093 661 2148 680 ne-

1195 691 1366 730 gotit1m‚.ut
1376 689 1475 719 nostra
1484 692 1562 720 nihil
1572 690 1682 722 intersit
1691 703 1742 722 eos
1752 693 1811 722 alio
1820 692 1907 732 pacilo
1919 692 2035 722 docere.
2057 695 2111 763 Q
2130 692 2149 722 d

1195 730 1266 761 cum
1276 731 1424 765 acciderit,
1435 734 1565 762 omnino
1576 736 1741 764 narratione
1752 734 2001 773 supersedendum
2011 733 2061 764 est.
2105 736 2150 762 'on

1196 773 1250 801 [oco
1262 772 1370 802 dicitur
1379 793 1388 806 ,
1408 772 1479 803 cum
1490 784 1554 804 non
1563 776 1595 804 in
1605 786 1638 805 ea
1656 785 1735 816 parte
1754 778 1898 805 orationis
1916 775 2077 805 collocatur
2086 796 2094 809 ,
2115 777 2148 804 in

1217 824 1251 844 ua
1260 824 1304 843 res
1316 813 1444 854 postulat
1455 826 1460 843 :
1471 825 1532 856 quo
1542 816 1578 846 de
1590 827 1695 857 genere
1705 828 1825 858 agemus
1835 815 1987 851 tum‚cum
2000 817 2036 847 de
2048 817 2138 857 dispo

1195 825 1301 885 sitione
1321 855 1457 885 dicemus
1469 877 1476 889 ‚
1490 868 1560 887 nam
1572 859 1630 888 hoc
1639 859 1673 890 ad
1683 858 1907 899 dispositionem
1917 861 2053 899 pertinet.
2084 861 2152 888 Non

1173 925 1175 931 .
1193 897 1426 937 quemadmodum
1435 898 1655 940 caufizpostuskzt,
1666 909 1806 934 narratur,
1817 900 1888 931 eum
1897 901 1996 934 antid,
2008 900 2088 942 quod
2099 901 2152 931 ad-

1194 939 1319 968 versario
1329 939 1456 978 prodest,
1470 941 1602 971 dilucide
1613 942 1646 971 δε
1655 943 1758 972 ornate
1768 945 1930 983 exponitur
1940 963 1949 976 ‚
1969 953 2017 972 aut
2027 942 2057 972 id
2069 941 2150 983 quod

1194 980 1293 1019 ipsum
1303 981 1421 1019 adjuvat
1432 1001 1439 1013 .
1451 982 1574 1012 obscure
1584 983 1693 1014 dicitur
1702 1005 1710 1017 ,
1728 985 1765 1016 ,δε
1776 985 1966 1025 negligenter.
1990 987 2087 1025 Qare
2097 1004 2105 1017 2
2118 992 2152 1013 ut

1197 1023 1255 1051 lioc
1265 1024 1375 1051 vitium
1385 1025 1495 1053 vitetur
1503 1044 1511 1057 ,
1536 1027 1641 1055 omnia
1651 1025 1816 1067 torquenda
1825 1027 1893 1056 sunt
1901 1026 1935 1056 ad
1945 1025 2149 1056 commodum

1197 1063 1255 1093 suae
1263 1064 1365 1097 causae,
1376 1068 1530 1099 contraria,
1543 1076 1608 1107 quae
1617 1070 1757 1107 praeteriri
1764 1076 1914 1107 poterunt,
1924 1078 1981 1107 prae
1986 1067 2129 1097 tereundo
2142 1078 2151 1101 3

1196 1115 1260 1144 quae
1271 1105 1352 1134 illius
1362 1115 1460 1138 erunt,
1475 1107 1581 1137 leviter
1589 1109 1773 1149 attingendo,
1785 1109 1834 1139 sua
1842 1109 2001 1150 diligenter
2012 1129 2020 1143 ‚
2034 1110 2066 1139 δε
2075 1119 2151 1139 eno-

1195 1146 1260 1176 date
1271 1147 1427 1177 narrando.
1450 1151 1495 1177 Ac
1505 1148 1540 1178 de
1551 1153 1717 1180 narratione
1727 1150 1850 1190 quidem
1862 1152 1927 1181 satis
1937 1150 2055 1181 dietum
2066 1150 2153 1180 vide-

1196 1198 1250 1218 tur.
1274 1188 1414 1228 deinceps
1423 1189 1457 1218 ad
1467 1192 1645 1228 petitionem
1657 1193 1845 1222 transeamus.
1877 1195 1994 1223 RECTE
2011 1193 2153 1223 habitam

1198 1230 1281 1260 causa
1297 1232 1415 1269 partitio
1427 1251 1434 1263 ,
1456 1230 1603 1261 illustrem
1615 1252 1624 1266 ,
1647 1233 1681 1263 &
1690 1234 1872 1274 perspicuam
1883 1243 1976 1264 totam
1985 1232 2078 1264 efficit
2087 1244 2152 1265 ora-

1198 1274 1327 1302 tionem.
1352 1273 1423 1311 Ejus
1433 1281 1527 1312 partes
1538 1273 1603 1304 duae
1614 1275 1690 1308 sunt,
1702 1285 1827 1316 quarum
1838 1284 1958 1317 utraque
1968 1285 2149 1317 magnopere

1199 1314 1233 1343 ad
1243 1314 1432 1353 aperiendam
1443 1315 1558 1345 causam
1572 1335 1580 1349 ,
1602 1316 1635 1346 ὃς
1644 1317 1884 1348 constituendam
1895 1320 2023 1358 pertinet
2032 1327 2154 1348 contro-

1197 1354 1332 1385 verli-am.
1364 1359 1433 1385 Una
1441 1365 1504 1395 pars
1515 1356 1557 1387 est
1565 1378 1574 1391 ‚
1595 1368 1659 1399 quae
1671 1379 1679 1392 ,
1699 1359 1771 1400 quid
1781 1369 1852 1389 cum
1861 1359 2032 1391 adversariis
2041 1369 2153 1390 conve-

1200 1399 1260 1427 niat
1272 1417 1279 1430 ‚
1292 1397 1325 1427 &
1336 1397 1408 1438 quid
1418 1400 1451 1427 in
1461 1398 1658 1430 controversia
1666 1402 1851 1441 relinquatur
1862 1422 1868 1433 ,
1881 1401 2028 1432 ostendit:
2049 1411 2086 1431 ex
2096 1411 2155 1443 qua

1199 1448 1311 1469 certum
1324 1439 1468 1480 quiddam
1479 1438 1642 1482 designatur
1653 1442 1800 1476 auditori,
1821 1444 1854 1472 in
1872 1453 1933 1483 quo
1950 1445 2090 1472 animum
2100 1444 2155 1473 de-

1200 1481 1267 1511 beat
1275 1481 1382 1510 habere
1391 1491 1577 1521 occupatum.
1599 1484 1698 1514 Altera
1706 1483 1760 1517 est,
1773 1486 1807 1514 in
1815 1494 1872 1525 qua
1882 1495 1981 1514 rerum
1991 1495 2089 1515 earum
2096 1505 2103 1518 ‚
2117 1485 2155 1515 de

1200 1523 1308 1564 quibus
1319 1525 1431 1553 erimus
1441 1523 1550 1554 dicturi
1561 1545 1570 1558 ,
1585 1524 1715 1556 breviter
1724 1524 1871 1566 expositio
1880 1528 2002 1566 ponitur
2011 1525 2153 1556 distribu-

1200 1574 1227 1594 ta
1240 1575 1244 1593 :
1264 1574 1302 1594 ex
1321 1575 1377 1606 qua
1396 1564 1572 1600 conficitur,
1594 1576 1627 1597 ut
1646 1577 1738 1598 certas
1754 1570 1858 1597 animo
1868 1578 1913 1598 res
1922 1577 2018 1599 teneat
2026 1568 2154 1603 auditor,

1201 1607 1310 1648 quibus
1320 1606 1408 1636 dictis
1418 1608 1566 1649 intelligat
1573 1607 1638 1639 fore
1646 1619 1827 1649 peroratum.
1852 1612 1944 1640 Nunc
1961 1619 2085 1651 utroque
2105 1620 2157 1651 ge-

1201 1658 1271 1678 nere
1280 1650 1445 1688 partitionis
1455 1650 1715 1690 quemadmodum
1727 1653 1886 1682 conveniat
1895 1654 1939 1682 uti
1950 1672 1958 1685 ‚
1971 1652 2100 1682 breviter
2109 1651 2157 1682 di—

1202 1690 1334 1720 cendum
1343 1691 1470 1721 videtur.
1492 1694 1565 1734 Qae
1573 1695 1702 1732 pannio,
1711 1693 1784 1735 quid
1793 1694 2001 1728 conveniar,aut
2009 1693 2081 1735 quid
2091 1703 2157 1724 non

1203 1734 1374 1764 conveniat,
1386 1732 1532 1763 ostendit:
1543 1736 1606 1765 haec
1615 1735 1703 1766 debet
1712 1735 1800 1768 illud,
1811 1735 1892 1775 quod
1902 1738 2055 1769 convenit,
2066 1736 2156 1765 incli-

1204 1784 1272 1804 nare
1290 1773 1326 1804 ad
1346 1775 1404 1804 suae
1418 1775 1509 1806 causae
1519 1777 1720 1807 commodum
1731 1797 1739 1811 ,
1759 1778 1819 1806 hoc
1828 1776 1939 1807 modo:
1962 1776 2156 1807 Inter-feteam

1204 1825 1330 1846 matrem
1340 1815 1398 1846 effe
1407 1817 1422 1846 a
1435 1815 1499 1846 filio
1510 1837 1518 1851 ‚
1547 1821 1691 1849 convenit
1700 1820 1778 1848 mihi
1786 1828 1857 1848 curn
1866 1819 2045 1849 adversariis.
2077 1822 2156 1849 Item

1203 1858 1304 1887 contra
1312 1877 1321 1891 ,
1350 1857 1546 1889 Interfeewm
1555 1858 1614 1890 effe
1624 1860 1639 1891 ἐι
1650 1860 1872 1900 Clytaemnestra
1881 1863 2155 1901 Agamemnonem,

1204 1901 1356 1931 convenit.
1380 1910 1451 1930 nam
1463 1899 1512 1931 hic
1522 1910 1645 1943 uterque
1656 1902 1728 1932 &id
1738 1902 1846 1943 posuit,
1857 1902 1938 1942 quod
1948 1902 2157 1936 conveniebat,

1205 1942 1238 1971 δε
1256 1950 1357 1971 tamen
1375 1942 1433 1972 suae
1450 1943 1541 1973 causae
1559 1944 1727 1974 commodo
1741 1944 1901 1974 consuluit.
1924 1943 2044 1973 Deinde
2055 1964 2062 1977 ,
2083 1943 2158 1985 quid

1203 1982 1410 2014 controversiae
1420 1983 1463 2018 sit,
1469 1986 1647 2024 ponendum
1657 1985 1700 2016 est
1710 1988 1742 2016 in
1749 1985 1942 2026 judicationis
1952 1984 2137 2025 expositione
2149 1995 2157 2015 z

1203 2035 1269 2066 quae
1287 2026 1546 2066 quemadmodum
1564 2029 1768 2061 inveniretur,
1787 2027 1854 2057 ante
1873 2026 1989 2057 dietum
2006 2026 2058 2056 est.
2081 2029 2158 2069 Qae

1202 2076 1301 2097 autem
1320 2070 1438 2107 partitio
1454 2078 1555 2099 rerum
1575 2069 1761 2100 distributam
1781 2071 1916 2098 continet
1925 2066 2156 2107 expositionem,

1205 2110 1267 2138 haec
1277 2109 1383 2138 habere
1394 2109 1483 2139 debet
1491 2110 1665 2140 brevitatem
1678 2131 1686 2143 ‚
1705 2110 1926 2140 absolutionem
1940 2131 1947 2143 ‚
1968 2112 2156 2149 paucitatem.

1205 2150 1334 2178 Brevitas
1344 2149 1397 2182 est,
1408 2150 1490 2184 cum,
1502 2150 1557 2181 nifi
1567 2150 1759 2182 necessarium
1772 2171 1779 2185 ,
1795 2151 1916 2182 nullum
1926 2150 2082 2182 ass'umitur
2091 2162 2157 2182 ver-

1206 2191 1291 2220 bum.
1308 2193 1380 2221 Haec
1390 2202 1421 2221 in
1432 2194 1490 2221 hoc
1498 2203 1603 2232 genere
1614 2191 1727 2223 idcirco
1738 2193 1820 2223 utilis
1830 2192 1968 2234 estquod
1980 2194 2065 2223 rebus
2076 2192 2155 2234 ipfis,

1207 2233 1239 2262 &
1248 2233 1379 2272 partibus
1388 2234 1490 2266 causae,
1502 2244 1566 2264 non
1574 2235 1673 2264 verbis
1685 2255 1694 2268 ‚
1706 2245 1802 2275 neque
1811 2237 1958 2265 eXtraneis
1971 2244 2156 2266 ornamentis

1203 2276 1321 2304 animus
1339 2275 1481 2305 auditoris
1502 2276 1648 2306 tenendus
1667 2276 1719 2306 est.
1750 2275 1908 2316 ,Abfhlutio
1926 2275 1969 2306 est
1979 2297 1987 2310 ,
2007 2286 2058 2317 per
2067 2287 2158 2318 quam

1205 2317 1309 2346 omnia
1318 2335 1326 2348 ,
1338 2326 1402 2356 quae
1414 2317 1552 2348 incidunt
1560 2320 1592 2348 in
1603 2319 1720 2348 causam
1731 2338 1739 2352 ‚
1750 2328 1856 2359 genera
1866 2319 1926 2352 ,de
1937 2319 2044 2359 quibus
2054 2319 2158 2349 dicen-

1206 2358 1279 2388 dum
1290 2357 1342 2391 est,
1359 2358 1580 2398 amplcetimur.
1603 2362 1637 2390 in
1645 2370 1702 2401 qua
1711 2362 1869 2400 partitione
1878 2360 2045 2391 videndum
2055 2360 2108 2395 est,
2119 2371 2159 2391 ne

1206 2409 1254 2429 aut
1263 2400 1384 2440 aliquod
1393 2410 1486 2440 genus
1496 2402 1570 2431 utile
1581 2402 1764 2443 relinquatur
1772 2422 1780 2436 ,
1801 2412 1851 2433 aut
1859 2402 1924 2433 sero
1935 2411 2016 2433 extra
2025 2405 2158 2443 partitio-

1205 2451 1278 2471 nem
1290 2462 1298 2475 ,
1317 2441 1348 2471 id
1357 2442 1437 2482 quod
1449 2442 1668 2474 vitiofiffimum
1679 2454 1711 2474 ac
1720 2444 1920 2484 turpiffimum
1929 2445 1973 2475 est
1984 2465 1991 2479 ,
2004 2444 2158 2475 inferatur.

1207 2486 1341 2512 Pam-itas
1361 2487 1391 2514 in
1410 2487 1567 2523 partitione
1586 2487 1732 2520 servatur,
1754 2485 1775 2516 fi
1793 2497 1899 2529 genera
1918 2488 1976 2527 ipsa
1995 2497 2092 2518 rerum
2102 2497 2160 2527 po-

1208 2533 1320 2555 nuntur
1328 2546 1336 2559 ,
1358 2536 1454 2566 neque
1471 2527 1611 2567 permiste
1626 2538 1696 2558 cum
1706 2530 1836 2570 partibus
1846 2529 2045 2569 implicantur.
2076 2532 2158 2559 Nam

1207 2576 1300 2608 genus
1309 2567 1361 2601 est,
1373 2568 1454 2608 quod
1464 2569 1572 2609 plureis
1583 2573 1688 2611 parteis
1698 2571 1898 2610 ampleEtitur,
1909 2579 1942 2600 ut
1950 2571 2072 2601 animal.
2092 2573 2160 2601 Pars

1210 2608 1251 2639 cst
1262 2629 1270 2642 a
1292 2619 1357 2649 quae
1376 2610 1474 2641 subest
1485 2615 1604 2651 generi,
1627 2621 1658 2642 ut
1668 2623 1767 2654 equus.
1792 2612 1848 2643 Sed
1858 2612 1931 2652 saepe
1942 2612 2044 2642 eadem
2056 2622 2101 2642 res
2110 2612 2162 2642 alii

1208 2660 1312 2691 gemm,
1322 2653 1374 2681 alii
1382 2661 1444 2692 pars
1456 2652 1508 2683 est.
1532 2656 1613 2684 Nam
1625 2655 1721 2685 homo
1730 2675 1739 2689 ,
1751 2655 1888 2684 animalis
1897 2664 1961 2694 pars
1971 2653 2013 2684 est
2024 2665 2029 2683 :
2041 2654 2163 2684 Theba-

1805 402 1894 442 Qiod
1914 399 1985 432 cum
1995 401 2144 434 acciderit,
2157 400 2161 403 ’

2172 1205 2219 1230 22

1210 2694 1254 2726 ni,
1264 2702 1313 2723 aut
1323 2694 1449 2733 Troiani
1459 2705 1563 2735 genus.
1585 2697 1658 2726 Haec
1668 2696 1737 2726 ideo
1746 2695 2161 2738 diligentiusinduciturprae-
2181 2705 2222 2739 23

1210 2735 1341 2775 scriptio,
1353 2745 1385 2765 tit
1394 2737 1490 2777 aperte
1500 2737 1651 2767 intellecta
1659 2739 1788 2779 generali
1797 2739 1964 2778 partitione,
1974 2739 2103 2778 paucitas
2112 2748 2163 2779 ge-

1211 2786 1318 2806 nemrn
1338 2779 1370 2807 in
1388 2780 1544 2817 partitione
1562 2780 1669 2810 servari
1687 2778 1781 2820 poffit.
1805 2782 1886 2809 Nam
1906 2782 1959 2821 qui
1975 2785 2014 2810 ita
2030 2782 2177 2819 partitum-

1212 2817 1386 2852 Ostendam,
1397 2829 1515 2860 propter
1525 2821 1729 2861 cupiditatem,
1742 2821 1774 2851 &
1785 2821 1936 2852 audaciam
1948 2842 1956 2855 ,
1969 2822 2001 2851 &
2010 2823 2162 2851 avaritiam

1210 2860 1456 2894 adversariorum,
1468 2865 1573 2893 onmia
1580 2863 1778 2893 incommoda
1786 2863 1821 2893 ad
1830 2863 1968 2903 rempub.
1978 2862 2144 2903 pervenisse
2155 2873 2164 2893 t

1212 2903 1237 2932 is
1247 2912 1311 2932 non
1322 2903 1482 2936 intellexit,
1494 2906 1527 2933 in
1536 2907 1693 2944 partitione
1704 2926 1711 2939 ,
1733 2903 1866 2945 exposito
1875 2915 1980 2946 genere
1992 2924 2000 2937 ‚
2011 2913 2124 2944 partem
2134 2904 2164 2934 se

2062 2987 2167 3018 libidi-

713 3051 2008 3061 *ww

1215 3082 1259 3102 tur
1270 3076 1394 3102 tamenin
1407 3075 1474 3101 Pau.
1484 3074 1578 3110 absque
1588 3075 1692 3110 quibus,
1704 3077 1813 3103 omnino
1824 3077 1886 3101 item
1898 3075 2118 3101 externiinnss'em.

1253 3120 1278 3147 3.
1299 3115 1331 3137 E!
1341 3113 1375 3137 ad
1381 3113 1446 3145 ’νιιζρί
1456 3112 1594 3144 rumorem]
1614 3113 1758 3140 Lambinus
1769 3112 1842 3140 nobis
1854 3111 1964 3139 obtrusit
1977 3130 1984 3145 ,
1994 3114 2059 3145 τιιζςι
2068 3119 2148 3136 morem
2158 3120 2173 3147 .-¹

1215 3148 1303 3185 incpte
1315 3149 1342 3175 ὃ(
1353 3156 1448 3185 practer
1457 3146 1542 3176 editos
1553 3143 1721 3184 scriptosque.
1994 3160 2006 3186 χ
2074 3191 2084 3210 ¹
2110 3168 2168 3207 tw
