2337 3400
171 153 267 200 612
577 145 649 193 M.
729 136 1092 191 Tuntsstr

172 233 231 263 hoc
241 239 294 271 pro
304 227 402 259 nihilo
413 232 494 267 putas
505 223 549 262 (in
561 234 622 266 quo
633 223 773 266 equidem
783 233 837 264 pro
846 224 979 254 amicitia
989 230 1072 251 tuam
1083 219 1132 250 vi-

174 283 241 303 cem
252 272 352 301 dolere
366 268 460 309 soleo)
475 265 573 297 efferri
588 268 649 297 haec
664 265 740 296 foras
753 287 762 300 ,
775 267 807 296 δε
816 265 852 296 ad
861 265 966 306 populi
976 266 1070 294 Rom.
1082 271 1135 292 au-

177 316 234 344 reis
244 312 409 353 pervenire,
420 311 467 342 ei,
479 311 531 350 qui
542 310 658 349 primns
670 308 847 338 sententiam
858 308 987 339 dixerit,
999 304 1135 334 neminem

177 353 342 384 affsnsum?
363 351 444 393 quod
457 353 548 381 etiam
566 350 658 380 hodie
675 348 810 380 futurum
829 349 962 379 arbitror.
986 348 1135 387 Legiones

179 395 300 426 abducis
310 397 325 424 a
335 396 425 423 Bruto
435 394 528 434 quas?
544 401 654 432 nempe
663 401 710 422 eas
722 411 729 425 ,
745 400 815 432 quas
826 391 878 421 ille
888 391 925 421 ab
934 390 1063 420 Antonii
1075 388 1135 418 sce-

179 439 240 467 lere
257 438 378 468 avertit,
399 435 432 465 &
445 434 479 464 ad
493 444 589 474 remp.
605 434 654 465 sua
668 433 841 464 auetoritate
860 432 998 463 traduxit.
1022 429 1135 461 Rursus

179 480 270 520 igitur
285 480 332 508 vis
350 476 497 507 nudatum
517 476 605 506 illurn
619 496 627 509 ‚
647 484 733 516 atque
750 475 848 506 solum
866 474 882 505 a
900 484 962 516 rep.
973 473 1134 513 relegatum

179 519 286 550 videri.
308 522 372 549 Vos
381 527 478 549 autem
490 538 498 551 ,
511 520 577 548 P-C.
590 516 610 547 fi
621 519 793 547 MBrutum
805 516 1007 548 deserueritis,
1021 514 1054 543 δε
1067 522 1136 553 pro-

180 562 317 592 dideritis
328 581 336 594 ,
358 564 367 580 ¹
378 570 470 601 quem
488 560 609 590 tandem
627 561 728 589 civem
743 568 886 599 umquam
901 557 1067 588 ornabitis?
1087 555 1136 585 cui

179 604 319 634 favebitis
330 600 405 632 ?nifi
415 601 492 632 forte
502 611 554 631 eos
564 621 574 636 ‚
582 602 634 642 qui
644 601 780 631 diadema
790 600 988 640 imposuerint
1001 619 1008 631 ,
1019 597 1137 627 conser—

181 646 310 676 vandos:
331 654 384 674 eos
393 664 402 677 ,
416 645 466 684 qui
478 645 553 685 regis
566 653 681 674 nomen
691 641 861 673 sustulerint
872 662 879 675 ‚
897 639 1072 672 deserendos
1083 648 1139 678 pu-

181 689 260 718 titis.
285 690 328 716 Ac
337 686 372 716 de
383 685 570 726 hacquidem
584 685 688 715 divina
698 705 707 718 ,
727 693 813 725 atque
822 683 988 714 immortali
998 680 1084 711 laude
1093 682 1137 709 M.

182 731 267 759 Bruti
285 728 394 758 silebo:
415 737 480 768 quae
489 725 647 768 gratiffima
656 728 805 756 memoria
813 728 956 755 omnium
966 725 1079 754 civium
1093 723 1140 751 in-

184 771 263 802 clusa
275 791 284 804 ,
305 769 443 800 nondum
458 767 573 811 publica
589 767 763 797 auctoritate
779 767 878 797 testata
895 767 946 796 est.
970 768 1140 795 Tantamne

182 814 375 854 patientiam,
395 811 438 842 dii
455 813 547 841 boni!
568 819 679 841 tantam
699 810 961 841 moderationem,
981 814 1091 836 tantam
1108 806 1141 833 in

185 856 295 895 injuria
304 854 549 895 tranquillitatem
561 873 572 886 ,
583 853 615 882 &
625 850 801 881 modestiam
812 853 822 879 ?
832 853 884 891 qui
895 860 963 879 cum
976 857 1081 888 praetor
1092 855 1142 875 ur-

186 897 279 928 banus
290 895 361 926 esset
371 917 378 929 ‚
395 895 466 925 urbe
474 896 565 925 caruit
576 915 584 927 ,
593 895 643 934 jus
654 903 717 923 non
726 892 807 923 dixit
817 912 825 926 ‚
844 891 916 921 cum
928 890 1077 929 omnejus
1088 897 1142 928 po-

185 939 251 979 puli
262 941 355 968 Rom.
368 935 558 977 recuperass'et
571 947 576 965 ;
596 945 725 975 cumque
737 934 882 964 concriisu
896 931 1072 973 quotidiano
1087 931 1142 959 bo-

186 991 298 1011 norum
310 982 464 1012 omnium,
475 980 526 1019 qui
537 976 721 1008 admirabilis
732 976 764 1005 ad
777 985 846 1005 eum
860 973 923 1005 fieri
935 973 1057 1006 solebat,
1068 981 1141 1012 prae-

187 1021 322 1063 sidioque
333 1022 424 1051 Italiae
437 1018 552 1050 cunuae
569 1019 675 1058 saeptus
693 1016 790 1058 posset
808 1016 865 1047 ess'e
877 1037 892 1050 ‚,
906 1016 1009 1046 absens
1023 1015 1141 1054 judicio

186 1064 341 1095 bonorum
352 1062 491 1092 defensus
505 1059 562 1090 effe
576 1061 702 1094 maluit,
724 1060 813 1100 quam
824 1059 950 1099 praesens
964 1067 1071 1087 manu:
1090 1056 1142 1095 qui

186 1117 226 1136 ne
236 1106 434 1144 Apollinareis
449 1102 571 1143 quidem
590 1102 676 1132 ludos
689 1121 698 1136 ‚
719 1112 774 1142 pro
785 1102 832 1131 sua
845 1121 853 1134 ‚
875 1100 1039 1140 populique
1050 1100 1144 1142 Rom.

186 1148 327 1188 dignitate
338 1154 488 1186 apparatos
499 1165 508 1178 ,
523 1145 648 1184 praesens
658 1143 745 1177 fecit,
761 1152 798 1173 ne
809 1152 899 1183 quam
910 1145 990 1173 viam
1002 1142 1145 1181 pateface—

151 1198 175 1229 4
189 1199 231 1220 ret
251 1185 541 1219 sceleratissimorum
564 1186 728 1215 hominum
751 1185 890 1215 audaciae.
942 1185 1143 1224 Qamquam2

186 1233 240 1273 qui
259 1239 403 1271 umquam
421 1237 471 1258 aut
487 1227 568 1261 ludi,
591 1236 640 1257 aut
651 1227 714 1257 dies
726 1248 734 1261 ‚
753 1227 880 1257 laetiores
894 1224 1034 1256 fuerunt,
1053 1221 1143 1263 quam

187 1273 260 1303 esim
280 1274 319 1302 in*
330 1270 454 1313 singulis
470 1268 600 1300 versibus
617 1269 746 1309 populus
757 1270 849 1298 Rom.
866 1268 1003 1296 maximo
1017 1265 1146 1296 clamore,

189 1315 224 1347 &-
237 1313 342 1356 plausu
357 1314 437 1342 Bruti
457 1313 638 1341 memoriam
656 1310 905 1350 prosequebatur?
926 1318 1033 1347 corpus
1051 1306 1148 1336 aberat

187 1357 357 1386 liberatoris
367 1375 376 1388 ‚
397 1354 539 1384 libertatis
552 1355 699 1382 memoria
709 1352 806 1382 aderat
818 1362 823 1381 :
843 1353 875 1380 in
885 1361 942 1391 qua
955 1351 1036 1379 Bruti
1048 1350 1148 1389 imago

190 1399 274 1429 cerni
284 1397 450 1427 videbatur.
465 1398 504 1425 At
515 1396 596 1425 hunc
605 1395 651 1424 liis
662 1394 730 1434 ipsis
740 1393 882 1424 ludorum
893 1392 998 1422 diebus
1008 1390 1146 1421 videbam

192 1442 225 1470 in
245 1439 340 1469 insula
356 1435 506 1469 clariffimi
527 1436 738 1470 adolescentis,
760 1436 898 1468 Luculli,
921 1434 1083 1474 propinqui
1094 1432 1147 1464 sui,

190 1481 269 1512 nihil
280 1478 336 1510 nisi
348 1481 382 1510 de
401 1490 469 1520 pace
480 1500 488 1513 ,
510 1479 542 1509 ὃ(
552 1478 712 1510 concordia
722 1479 837 1510 civium
850 1479 1041 1517 cogitantem.
1067 1477 1149 1504 Eun-

191 1523 262 1554 dem
270 1523 334 1553 vidi
344 1522 444 1562 postea
452 1522 546 1552 Veliae
557 1541 565 1555 ,
579 1521 821 1554 cedentemltalia‚
835 1529 932 1560 nequa
941 1521 1069 1549 oriretur
1077 1515 1150 1546 belli

189 1565 290 1597 civilis
299 1565 383 1595 causa
390 1572 508 1604 propter
520 1563 556 1593 se.
576 1566 602 1592 O
612 1561 812 1603 speElaculum
823 1562 898 1591 illud
909 1570 974 1591 non
985 1557 1081 1590 modo
1092 1559 1149 1588 ho-

191 1607 328 1641 minibus
340 1626 348 1639 ‚
370 1605 418 1636 sed
430 1606 517 1635 undis
526 1603 593 1644 ipsis
605 1624 613 1637 ,
634 1604 815 1634 &litoribus
830 1602 1002 1633 lueiuosum
1013 1621 1022 1635 ,
1042 1600 1147 1632 cedere

189 1648 206 1679 ὲ
218 1650 309 1689 patria
317 1648 497 1678 servatorem
506 1647 570 1686 ejus
579 1666 589 1680 ‚
600 1655 720 1676 manere
734 1648 762 1675 in
773 1647 865 1686 patria
873 1644 1052 1685 perditores!
1065 1639 1149 1673 Caffii

191 1689 285 1721 claffis
304 1690 405 1730 paucis
423 1687 491 1728 post
511 1688 616 1718 diebus
634 1687 868 1729 consequebatur
885 1697 890 1715 :
912 1694 944 1716 ut
956 1696 1005 1716 me
1015 1684 1149 1725 puderet,

191 1734 299 1763 P-C.iri
310 1742 375 1761 cam
386 1730 492 1761 urbem
504 1730 607 1762 redire,
621 1739 657 1759 ex
668 1740 724 1771 qua
735 1729 780 1758 illi
791 1729 914 1760 abirent.
936 1727 1069 1767 Sed,quo
1079 1735 1151 1756 con-

191 1772 258 1804 silio
268 1773 421 1805 redierim,
431 1770 523 1802 initio
533 1770 653 1801 audistis
664 1792 671 1805 2
684 1770 750 1812 post
761 1770 829 1801 estis
839 1771 964 1811 experti.
989 1766 1150 1808 Exspecta—

193 1825 259 1846 tum
273 1818 362 1856 igitur
374 1823 493 1853 tempus
502 1814 518 1843 a
529 1815 620 1843 Bruto
629 1812 682 1843 est.
706 1823 777 1843 nam
792 1814 889 1853 quoad
906 1821 960 1842 vos
974 1821 1079 1840 omnia
1090 1810 1151 1849 pati

192 1858 292 1890 vidit,
312 1856 380 1886 usus
398 1854 441 1885 est
457 1855 516 1895 ipse
535 1855 706 1885 incredibili
719 1855 869 1894 patientia.
892 1852 1085 1893 posteaquam
1097 1860 1151 1880 vos

191 1900 225 1929 ad
239 1899 405 1930 libertatem
417 1895 644 1930 sensitereistos;
665 1895 793 1936 praesidia
807 1894 908 1926 vest-rae
927 1894 1054 1925 libertati
1068 1902 1149 1933 para-

192 1942 246 1971 vit.
270 1943 309 1970 At
319 1942 366 1970 cui
377 1939 461 1979 pesti,
471 1947 649 1980 qiiantaeque
659 1937 784 1968 restitit?
808 1938 838 1967 Si
850 1938 933 1966 enim
946 1936 1149 1967 C.Antonius‚

191 1982 273 2024 quod
291 1985 396 2012 animo
415 1980 599 2014 intenderat,
620 1978 758 2020 perficere
775 1976 915 2019 potuisset
927 1974 1079 2017 (potuisset
1099 1985 1152 2005 au-

193 2033 274 2057 tem,
295 2022 350 2054 nisi
370 2023 434 2063 ejus
453 2023 554 2053 sceleri
573 2031 668 2052 virtus
680 2022 814 2051 M-Bruti
829 2018 1000 2059 obstitiss'et)
1008 2017 1152 2048 Macedo-

193 2068 277 2097 niam
290 2086 298 2099 ‚
320 2065 493 2105 Illyricum,
515 2066 660 2094 Graeciam
672 2061 910 2103 perdidissemus.
934 2059 1004 2091 effer
1015 2060 1061 2090 vel
1072 2069 1152 2089 rece-

194 2108 349 2147 ptaculum
366 2107 453 2147 pulso
472 2107 611 2136 Antonio
629 2126 637 2139 ‚
665 2105 714 2135 vel
732 2114 817 2146 agger
836 2101 1042 2145 oppugnandae
1059 2102 1150 2132 Italiae

194 2150 324 2179 Graecia:
345 2158 410 2189 quae
420 2148 544 2189 quidem
556 2157 636 2178 nunc
647 2149 690 2176 M.
701 2149 783 2176 Bruti
796 2147 926 2186 imperio
937 2165 945 2180 ‚
965 2143 1148 2177 austeritate,

193 2193 289 2231 copiis
300 2200 362 2220 non
372 2189 515 2220 instruCta
524 2189 623 2219 solum
635 2209 643 2223 ,
653 2188 701 2219 sed
712 2191 801 2221 etiam
812 2196 914 2218 ornata
923 2207 931 2221 ,
942 2186 1038 2217 tendit
1047 2186 1150 2215 dexte-

193 2243 257 2263 ram
268 2233 357 2262 Italiae
370 2252 378 2266 ‚
393 2232 540 2272 suumque
549 2234 577 2262 ei
586 2229 756 2271 praesidium
766 2230 933 2270 pollicetur.
957 2227 1040 2269 quod
1050 2229 1102 2268 qui
1114 2228 1150 2257 ab

194 2275 251 2304 illo
269 2273 411 2304 ²abducit
425 2293 433 2305 ‚
457 2275 622 2303 exercitum
635 2292 643 2307 ,
664 2272 697 2301 ὃς
714 2271 880 2311 ῑεῖρεᾶυῐη
898 2270 1149 2311 pulcherrimum,

195 2313 406 2356 &praesidium
416 2313 619 2344 firmissimum
629 2313 736 2344 adimit
745 2313 926 2353 reipublicae.
938 2311 1087 2352 Equidem
1098 2321 1152 2340 cu-

197 2361 270 2398 pio,
292 2359 355 2387 haec
371 2355 599 2398 quamprimum
618 2356 788 2385 Antonium
808 2353 929 2386 audire,
950 2362 981 2382 ut
994 2352 1151 2392 intelligat,

195 2409 261 2435 non
272 2401 313 2428 D.
325 2400 448 2428 Brutum
460 2418 468 2431 ‚
483 2407 574 2438 quem
583 2397 663 2427 vallo
671 2395 866 2426 circumsedet
875 2414 883 2428 ,
899 2393 949 2424 sed
960 2393 1088 2432 seipsum
1099 2393 1150 2422 ob-

159 2460 178 2490 5
197 2440 292 2472 sideri.
338 2441 409 2470 Tria
417 2449 498 2469 tenet
508 2438 618 2479 oppida
627 2447 690 2468 toto
701 2440 733 2467 in
743 2437 814 2466 orbe
826 2444 968 2466 terrarum
980 2445 984 2462 τ
997 2434 1082 2464 habet
1094 2435 1152 2463 ini—

200 2480 389 2513 miciffimam
401 2481 530 2511 Galliam
544 2491 549 2509 :
570 2490 621 2510 eos
631 2481 717 2509 etiam
729 2499 738 2512 ,
758 2479 867 2518 quibus
878 2475 1065 2509 confidebat,
1080 2475 1153 2505 alie-

200 2523 334 2554 niffimos
343 2522 570 2563 Transpadanos
580 2532 584 2550 z
594 2522 678 2552 Italia
688 2523 791 2550 omnis
802 2518 904 2550 infesta
913 2517 970 2548 est:
983 2526 1090 2547 exterae
1101 2526 1154 2546 na-

201 2575 296 2595 tiones
315 2565 330 2595 a
347 2567 443 2605 prima
460 2574 510 2594 ora
521 2565 642 2594 Graeci'ae
659 2563 750 2603 usque
769 2561 803 2591 ad
818 2564 979 2602 AEgyptum
992 2579 1000 2592 ‚
1019 2561 1153 2599 optimo—

199 2617 268 2638 rum
280 2627 288 2640 ,
309 2607 342 2637 &
355 2605 588 2636 fortissimorum
602 2606 718 2635 civium
731 2606 867 2643 imperiis
878 2623 888 2636 ‚
909 2603 941 2632 8<
954 2598 1094 2641 praefidiis
1113 2610 1155 2630 te-

200 2657 320 2678 nentur.
344 2651 411 2678 Erat
425 2650 451 2677 ei
466 2648 528 2688 spes
542 2657 601 2676 una
613 2649 646 2676 in
656 2649 688 2676 C.
699 2646 856 2675 Antonio:
875 2646 927 2685 qui
948 2644 1078 2673 duorum
1096 2640 1155 2672 fra—

199 2699 280 2720 trum
291 2690 423 2720 aetatibus
434 2689 552 2719 medius
561 2687 737 2728 interjeEtus
749 2707 757 2720 ,
777 2687 857 2716 vitiis
872 2695 943 2716 cum
955 2694 1081 2725 utroque
1091 2693 1153 2714 cer-

203 2732 299 2766 tabat3
315 2734 366 2771 qui
378 2751 388 2765 2
406 2738 557 2772 tamquam
577 2729 783 2760 extruderetur
809 2729 824 2758 a
844 2728 944 2758 senatu
963 2729 995 2756 in
1015 2725 1156 2755 Macedo—

198 2775 286 2805 niam
297 2793 306 2807 ,
327 2774 359 2803 &
376 2783 438 2803 non
453 2781 555 2802 contra
563 2772 771 2811 prohiberetur
779 2767 926 2809 proficisci
939 2788 947 2802 ‚
969 2770 1008 2799 ita
1017 2769 1156 2797 cucurrit.

203 2817 277 2856 Qae
285 2813 443 2853 tempestas
452 2835 464 2848 ‚
479 2814 522 2844 dii
534 2813 720 2843 immortales
732 2832 740 2845 ‚
758 2822 823 2852 qua:
836 2810 958 2841 flamma
969 2830 978 2843 ‚
994 2820 1059 2850 quae
1068 2808 1158 2839 vasti-

202 2866 242 2886 tas
254 2877 263 2889 ‚
274 2866 339 2896 qua:
347 2855 436 2896 pestis
447 2858 568 2887 Graeciae
574 2853 691 2889 fuisset,
703 2852 759 2884 nisi
770 2853 956 2884 incredibilis
966 2872 974 2886 ,
991 2855 1002 2880 3
1013 2861 1045 2882 ac
1055 2851 1158 2881 divina

245 2976 267 2992 ι.
287 2968 359 2998 ,ligem
378 2968 470 2992 randem
489 2971 560 2993 civem
575 2978 686 3001 umquam
705 2969 838 2994 ornabitis?
859 2971 896 2993 cui
908 2967 1071 3000 sawbidst]
1092 2967 1135 2993 Est
1147 2967 1161 2992 a

198 3002 257 3044 Pul.
268 3001 318 3028 sec.
330 3002 442 3041 &libris
452 3003 573 3030 omnibus
586 3005 713 3030 Ferrarii.
736 3005 808 3041 prius
820 3003 934 3039 iiiipressi
945 3012 1057 3038 umquam
1066 3004 1163 3028 habebi·-

200 3047 232 3069 ηε
242 3048 306 3073 quum
317 3045 400 3064 ornem
415 3041 424 3064 ?

1178 260 1253 291 siffet
1267 263 1277 290 ?
1299 263 1373 309 Qum
1383 261 1508 292 celeritas
1517 265 1567 294 illa
1578 267 1678 297 Bruti?
1696 278 1760 309 quae
1769 271 1857 299 cui-a?
1874 278 1940 309 quae
1950 268 2063 297 virtus?
2086 270 2139 298 Et·

1180 301 1298 351 sitne-C.
1310 303 1433 350 quidem
1447 307 1574 336 Antonii
1587 309 1719 340 celeritas
1731 309 1954 340 contemnenda
1964 308 2006 339 est
2020 319 2026 337 τ
2043 317 2137 349 quem

1181 344 1236 375 nisi
1255 354 1287 392 in
1305 354 1354 389 vlia
1366 344 1489 391 'ca-ducae
1506 348 1680 380 hereditates
1700 351 1907 384 retardassent,
1927 348 2037 381 voiass'e
2051 360 2134 384 eum,
2260 370 2275 376 e

1182 396 1245 433 non
1255 395 1308 416 iter
1316 385 1416 433 iecisie
1427 387 1548 418 diceres.
1566 390 1650 421 Alios
1659 392 1694 422 ad
1705 395 1847 433 negotium
1853 392 2000 436 publicum
2010 394 2051 421 ire
2062 392 2135 422 cum

1179 438 1318 468 cupimus
1330 448 1338 461 ‚
1357 437 1412 476 vut
1427 429 1559 461 solemus
1575 433 1747 463 exrrudere:
1766 436 1847 466 hunc
1859 438 2020 465 retinentes
2030 433 2137 463 exclu-

1181 469 1280 517 simus.
1304 473 1344 500 At
1360 470 1433 518 quid
1451 474 1479 501 ei
1494 481 1565 502 cum
1576 474 1753 513 Apollonia?
1778 477 1850 517 quid
1866 487 1935 507 cum
1949 476 2139 516 Dyrrachio?

1180 511 1253 552 quid
1265 521 1333 542 cum
1346 513 1468 551 Illyrico
1480 515 1490 542 ?
1508 514 1581 554 quid
1592 525 1662 545 cum
1674 519 1703 546 P.
1714 520 1829 548 Vatinii
1848 519 2034 558 imperatoris
2053 526 2138 547 exer-

1179 553 1474 600 cituisiiccedebanut
1482 555 1543 594 ipse
1553 556 1852 591 dicebat‚H0rtenfio.
1861 562 1940 589 Ceiri
1952 558 2025 590 fines
2036 561 2140 588 Mace-

1181 595 1280 625 donia:
1292 615 1300 628 ‚
1321 605 1396 625 certa
1409 596 1566 631 conditiO,
1575 602 1696 628 4certus
1708 609 1768 630 erat
1781 603 1870 631 etiarn
1883 601 1965 631 illius
1980 602 2139 630 exercitus.

1181 646 1251 684 cum
1262 637 1383 677 Illyrico
1397 637 1480 671 verb,
1493 639 1525 668 &
1535 649 1606 669 cum
1616 642 1729 671 Vatinii
1742 642 1913 682 legionibus
1923 642 1994 682 quid
2006 652 2064 672 erat
2074 644 2140 671 An-

1182 682 1295 726 tomo?
1324 682 1364 709 At
1380 689 1418 709 ne
1435 682 1526 711 Bruto
1545 680 1680 721 quidem.
1704 682 1734 712 id
1754 685 1837 713 eniin
1855 682 1971 713 fortass‘e
1991 684 2140 723 quispiam

1183 721 1341 760 improbus
1360 721 1479 751 dixerit.
1512 725 1627 753 omnes
1644 724 1795 765 legiones,
1817 734 1924 755 omnes
1942 734 2033 764 copiae
2045 744 2053 758 ‚
2073 735 2139 764 quae

1183 762 1295 802 ubique
1307 763 1392 809 sunt,
1407 763 1504 804 populi
1514 765 1718 804 Romanifimr.
1741 777 1838 807 neque
1848 768 1892 796 hae
1903 767 2035 807 legiones
2048 785 2056 798 ,
2074 775 2143 805 quae

1186 806 1231 851 M?
1245 807 1416 851 Antonium
1435 806 1637 846 reliquerunt,
1658 810 1785 838 Antonii
1799 807 1898 848 potius
1910 828 1918 842 ,
1938 806 2027 849 quam
2043 809 2142 846 reipu-

1184 845 1269 892 blicae
1278 844 1365 893 fuisse
1377 846 1527 893 dicuntur.
1552 859 1571 878 0
1583 859 1609 879 M
1619 859 1640 878 Ν
1651 859 1670 878 ε
1690 860 1710 879 Ε.
1720 860 1740 879 N
1752 861 1762 879 1
1775 861 1801 880 M
1820 852 1967 880 exercitus
1977 869 1985 883 ,
2001 849 2034 879 δε
2046 850 2142 888 impe-

1185 897 1236 926 rii]
1244 897 1277 916 us
1287 896 1401 918 amittit
1411 889 1435 917 is
1447 909 1454 922 ,
1491 891 1521 919 ui
1533 900 1569 919 eo
1580 892 1708 930 imperio
1718 911 1726 925 ,
1739 892 1771 922 δε
1780 894 1913 922 exercitu
1922 890 2140 930 rempublicam

1185 938 1344 976 oppugnat.
1367 929 1457 973 Qod
1482 932 1559 971 iipsa
1568 932 1857 973 respub.judicai·ct,
1876 942 1924 963 aut
1937 931 1957 962 si
1971 942 2079 962 omnes
2093 932 2140 972 jus
2162 933 2186 967 6

1185 970 1310 1018 decretis
1320 981 1383 1011 ejus
1394 973 1580 1018 statueretur:
1593 977 1782 1009 Antonione.
1794 985 1831 1005 an
1842 978 1932 1005 Bruto
1942 975 2075 1016 legiones
2086 983 2142 1014 po-

1185 1013 1249 1052 puli
1259 1014 1353 1042 Rom.
1364 1013 1565 1055 adjudicaret?
1587 1016 1670 1046 Alter
1677 1017 1827 1048 advolarat
1841 1016 1939 1047 subito
1952 1018 1986 1046 ad
1999 1016 2145 1056 direptio-

1187 1063 1258 1083 nem
1272 1073 1280 1087 ‚
1300 1053 1472 1102 pestemque
1490 1057 1642 1088 sociorum
1657 1078 1666 1092 ‚
1685 1068 1718 1089 ut
1736 1069 1923 1100 quacumque
1941 1061 2015 1091 iret,
2037 1059 2145 1088 omnia.

1187 1094 1310 1143 yastaret
1320 1114 1329 1128 ‚
1344 1096 1503 1135 diriperet,
1517 1098 1658 1129 auferret:
1677 1103 1811 1130 exercitu
1821 1101 1925 1140 populi
1936 1102 2028 1130 Rom.
2041 1108 2146 1130 contra

1186 1137 1285 1176 ipsum
1296 1138 1443 1176 populum
1453 1140 1547 1168 Rom.
1559 1149 1698 1170 uteretur.
1709 1143 1781 1171 alter
1790 1152 1855 1171 eam
1866 1141 1918 1171 fibi
1928 1142 2023 1182 legem
2039 1140 2110 1170 statu
2116 1151 2149 1170 e-

1187 1187 1248 1210 rat,
1261 1186 1294 1225 ut
1303 1188 1526 1225 atquocumque
1535 1180 1660 1212 venisset
1677 1203 1686 1216 ‚
1699 1183 1751 1212 lux
1761 1182 1860 1220 vemffe
1869 1183 2005 1223 quaedam
2016 1201 2025 1215 ‚
2037 1182 2069 1212 ὃς
2081 1182 2146 1221 spes

1188 1220 1287 1266 salutis
1297 1221 1456 1257 videretur.
1481 1222 1611 1262 denique
1624 1224 1698 1254 alter
1710 1225 1745 1255 ad
1760 1225 1950 1254 evertendam
1965 1233 2058 1263 rem-p.
2070 1233 2146 1263 pt·ae-

1189 1260 1264 1307 sidia
1276 1262 1423 1302 quaerebat
1432 1282 1440 1295 1
1460 1263 1533 1293 alter
1545 1265 1580 1294 ad
1592 1266 1840 1296 conservandam.
1864 1269 1894 1296 N
1898 1276 1930 1296 ec
1940 1264 2011 1296 vero
2022 1275 2076 1295 nos
2087 1265 2147 1295 hoc

1191 1313 1284 1345 magis
1294 1303 1573 1346 videbamus‚quain
1585 1306 1637 1346 ipsi
1648 1308 1762 1338 milites
1773 1319 1778 1336 :
1789 1308 1805 1338 a
1814 1308 1923 1349 quibus
1933 1317 2010 1337 tanta
2020 1307 2144 1346 injudi-

1187 1345 1282 1394 cando
1292 1345 1448 1386 prudentia
1459 1357 1522 1377 non
1533 1357 1592 1379 erat
1601 1348 1786 1388 postulanda.
1808 1353 1885 1380 Cum
1896 1360 1930 1379 vx
1941 1359 1951 1378 1
1961 1349 2148 1379 ‚conortibus

1192 1387 1244 1418 isse
1254 1388 1450 1435 Apolloniam
1466 1389 1566 1420 scribit
1574 1393 1744 1422 Antonium
1758 1412 1766 1425 ,
1789 1394 1840 1432 qui
1852 1392 1914 1431 jam
1928 1401 1977 1421 aut
1989 1400 2089 1430 captus
2103 1390 2147 1421 est

1192 1430 1282 1470 (quod
1295 1429 1337 1459 dii
1349 1429 1490 1470 dent)·aut
1498 1432 1576 1462 certe
1587 1434 1684 1463 homo
1695 1433 1880 1464 verecundus
1891 1435 1923 1463 in
1933 1435 2149 1463 Macedoniam.

1192 1481 1256 1502 non
1265 1472 1379 1502 accedit
1388 1492 1396 1506 ‚
1419 1483 1456 1502 ne
1465 1483 1568 1504 contra
1578 1478 1608 1504 S.
1620 1478 1651 1505 C.
1664 1474 1762 1506 fecisse
1774 1476 1917 1506 videatur.
1942 1473 2085 1504 Dele6his
2095 1475 2148 1504 ha-

1194 1514 1273 1544 bitus
1285 1516 1317 1544 in
1328 1514 1504 1546 Macedonia
1518 1515 1559 1546 est
1572 1516 1694 1548 summo
1704 1516 1905 1560 QHorggpsii
1918 1516 2018 1546 studio
2027 1535 2036 1550 ‚
2056 1516 2088 1546 ὅτ.
2098 1517 2149 1545 in-

1191 1555 1310 1602 dustria.
1332 1557 1417 1596 cujus
1429 1559 1567 1587 animum
1583 1560 1734 1600 egregium
1747 1579 1755 1593 ‚
1774 1558 2093 1600 dignumque&ips0‚
2115 1557 2151 1588 δε

1193 1598 1357 1638 majoribus
1370 1599 1433 1637 ejus
1446 1608 1483 1628 ex
1494 1600 1576 1629 Bruti
1586 1600 1691 1630 litteris
1699 1601 1860 1640 perspicere
1869 1598 2017 1640 potuistis.
2040 1600 2150 1639 Legio,

1191 1649 1281 1681 quain
1293 1642 1328 1670 L.
1338 1640 1407 1670 Piso
1419 1640 1563 1674 ducebat,
1583 1641 1694 1682 legatus
1708 1644 1855 1675 Antonii,
1877 1642 2015 1672 Ciceroni
2035 1640 2062 1670 se
2081 1640 2151 1670 lilio

1195 1691 1266 1712 meo
1276 1681 1405 1712 tradidit.
1427 1684 1587 1723 equitatus,
1598 1686 1649 1724 qui
1661 1686 1692 1713 in
1702 1686 1814 1724 Syriam
1825 1682 1986 1714 ducebatur
1994 1681 2147 1722 bipertito,

1194 1724 1342 1754 altereum
1354 1744 1362 1757 2
1383 1723 1398 1753 a
1408 1734 1468 1765 quo
1478 1724 1638 1755 ducebatur
1647 1745 1655 1759 ‚
1674 1727 1834 1766 reliquitin
1844 1723 1993 1756 Theflalia
2003 1743 2012 1756 2
2030 1723 2150 1764 seseque

1194 1765 1229 1796 ad
1241 1767 1365 1795 Brutum
1385 1767 1532 1796 contulit:
1551 1767 1677 1797 alterurn
1697 1770 1730 1797 in
1743 1767 1920 1797 Macedonia
1929 1766 2153 1796 Cn.D0mitius

1194 1807 1364 1837 adolescens
1376 1807 1493 1837 summa
1503 1809 1609 1838 virtute
1621 1828 1628 1842 ‚
1642 1809 1674 1838 ὅ(
1683 1808 1847 1839 constantia
1857 1828 1866 1842 ,
1880 1807 1916 1838 ab
1927 1808 2021 1848 legato
2030 1808 2151 1846 Syriaco

1195 1848 1328 1878 abduxit.
1352 1851 1382 1878 P.
1394 1858 1493 1879 autern
1504 1851 1661 1883 Vatinius,
1681 1852 1734 1891 qui
1753 1851 1785 1880 δε
1803 1859 1887 1880 antea
1904 1850 1966 1882 iure
1984 1848 2115 1878 laudatus
2133 1847 2151 1878 ὲ

1196 1890 1285 1920 nobis
1295 1910 1303 1924 ‚
1317 1889 1349 1920 &
1362 1891 1418 1920 hoc
1427 1899 1560 1931 tempore
1572 1891 1681 1922 merito
1692 1892 1855 1922 laudandus
1865 1890 1907 1921 est
1917 1911 1927 1925 ‚
1945 1892 2060 1931 aperuit
2069 1892 2150 1929 Dyr-
2170 1905 2172 1908 v

1196 1933 1287 1962 rachii
1305 1940 1403 1972 portas
1421 1933 1531 1966 Bruto,
1552 1933 1585 1964 δε
1603 1936 1770 1964 exercitum
1789 1933 1919 1964 tradidit.
1942 1936 2043 1963 Tenet
2058 1933 2152 1972 igitur

1194 1974 1323 2014 populus
1338 1976 1495 2004 Romanus
1510 1975 1720 2005 Macedoniam
1733 1996 1741 2009 ,
1763 1984 1844 2005 tenet
1855 1975 2009 2015 Illyricum
2022 1994 2031 2007 ,
2053 1982 2153 2003 tuetur

1198 2018 1345 2046 Graeciam
1356 2026 1362 2044 :
1373 2015 1480 2046 nostrae
1490 2016 1558 2046 sunt
1566 2017 1701 2059 legiones
1710 2038 1717 2051 ‚
1732 2017 1829 2048 nostra
1839 2017 2066 2047 levisarmatura
2075 2035 2083 2049 ‚
2093 2024 2155 2045 no-

1197 2056 1254 2088 ster
1267 2059 1413 2098 equitatus
1424 2078 1432 2092 ‚
1455 2068 1650 2099 maximeque
1668 2059 1768 2090 noster
1785 2058 1827 2089 est
1836 2061 1960 2092 Brutus,
1979 2058 2153 2097 semperque

1196 2098 1306 2133 noster,
1317 2099 1388 2130 cum
1400 2100 1448 2130 sua
1458 2099 1703 2132 excellentiffima
1711 2103 1821 2132 virtute
1832 2100 1944 2141 reipub.
1957 2109 2043 2130 natus
2053 2119 2061 2132 ‚
2082 2107 2149 2128 tum

1189 2142 1256 2181 fato
1265 2141 1387 2183 quadam
1395 2144 1510 2182 paterni
1522 2162 1530 2176 ‚
1547 2145 1732 2184 maternique
1740 2145 1856 2185 generis
1868 2143 1921 2176 ,δε
1932 2141 2078 2171 nominis.
2101 2139 2149 2169 Ab
2174 2149 2191 2182 7

1198 2185 1255 2214 huc
1264 2193 1353 2224 igitur
1362 2184 1518 2225 quisquam
1529 2184 1642 2215 benum
1654 2188 1751 2219 timet,
1760 2187 1813 2225 qui
1823 2193 1981 2224 antequam
1992 2192 2047 2212 nos
2057 2181 2087 2211 id
2097 2191 2151 2211 co.—

1196 2225 1253 2256 affi
1264 2226 1447 2265 suscepimus
1458 2245 1466 2258 ,
1486 2228 1518 2255 in
1532 2236 1600 2266 pace
1609 2228 1706 2266 j'acere
1715 2246 1723 2260 ,
1744 2228 1833 2267 quarn
1844 2227 1878 2255 in
1887 2224 1967 2254 bello
1976 2225 2074 2264 vigere
2084 2232 2154 2252 ma-

1196 2268 1274 2297 luit?
1292 2277 1472 2308 quamquam
1490 2268 1543 2296 ille
1561 2268 1685 2308 quidem
1701 2277 1869 2308 numquam
1893 2267 1999 2301 iacuit,
2019 2275 2074 2295 nec
2091 2266 2151 2295 hoc

1195 2309 1296 2339 cadere
1306 2309 1433 2338 verbum
1448 2311 1480 2338 in
1495 2317 1606 2338 tantam
1615 2310 1735 2338 virtutis
1745 2307 1941 2348 praestantiarn
1951 2305 2056 2347 potest.
2080 2309 2151 2337 Erat

1196 2352 1281 2380 enim
1295 2351 1328 2379 in
1341 2348 1624 2380 defideriocivitatis
1634 2369 1642 2383 2
1664 2352 1695 2379 in
1706 2360 1757 2379 ore
1768 2369 1777 2383 ,
1797 2351 1830 2379 in
1844 2349 1981 2379 sermone
1995 2349 2150 2378 omnium.

1195 2395 1330 2421 Tantum
1341 2400 1441 2420 autem
1453 2390 1573 2420 aberata
1585 2391 1665 2420 bello
1677 2411 1685 2424 ,
1697 2399 1729 2420 ut
1740 2411 1748 2423 ‚
1758 2390 1829 2421 ciim
1842 2390 2001 2431 cupiditate
2011 2389 2156 2420 libertatis

1196 2433 1278 2462 Italia
1287 2431 1541 2464 ardei·et,det'uerit
1548 2434 1662 2462 civium
1673 2431 1778 2462 studiis
1788 2432 1994 2473 potius‚quam
2006 2442 2058 2462 eos
2067 2433 2100 2461 in
2108 2441 2154 2462 at-

1199 2483 1322 2503 morum
1333 2474 1495 2503 discrimen
1505 2473 1670 2504 adduceret.
1690 2477 1788 2515 Itaque
1799 2475 1845 2504 illi
1856 2472 1944 2514 ipsi,si
1958 2476 2010 2514 qui
2019 2473 2154 2513 sunt,qui

1198 2516 1365 2545 tarditatem
1386 2517 1468 2545 Eruti
1486 2515 1702 2555 reprehendant
1711 2536 1719 2549 ,
1740 2525 1839 2546 tamen
1859 2516 1951 2545 iidem
1971 2515 2155 2545 moderatio·

1199 2558 1520 2597 nem‚patientiamque
1534 2557 1751 2588 mirantur.Sed
1764 2559 1825 2596 jam
1839 2557 2016 2598 video‚quid
2026 2557 2154 2597 loquan-

1200 2608 1256 2629 tur.
1270 2609 1340 2640 neqj
1351 2601 1435 2628 euim
1446 2599 1478 2628 id
1488 2600 1604 2629 occulte
1614 2598 1847 2629 faciunt-timere
1857 2600 1886 2629 se
1895 2599 2010 2633 dicunt,
2021 2607 2157 2639 quomo-

1200 2640 1239 2670 do
1252 2639 1347 2670 ferant
1361 2643 1491 2670 veterani
1503 2659 1511 2673 ,
1531 2642 1696 2671 exercitum
1710 2643 1834 2670 Brutum
1846 2641 1961 2671 habere.
1985 2638 2072 2682 Qafi
2082 2637 2155 2669 verb

1199 2682 1362 2723 quidquam
1374 2680 1485 2712 intersit
1499 2684 1574 2712 inter
1583 2685 1727 2716 AHirtii,
1737 2680 2160 2716 C.Pansae,D.Bruti,c.Caesa-

1199 2727 1250 2758 ris,
1262 2725 1295 2754 δε
1305 2726 1385 2754 hunc
1393 2726 1560 2754 exercitum
1573 2725 1715 2755 M.Bi·uti.
1737 2726 1818 2754 Nam
1830 2723 1850 2753 si
1881 2733 1998 2754 uattuor
2006 2725 2157 2753 exercitus

1172 139 1214 187 C
1251 153 1270 185 1
1305 152 1334 185 c
1370 151 1398 186 Ε
1435 155 1470 188 n
1505 159 1533 189 o
1552 144 1608 191 'N
1644 138 1665 192 i
1699 160 1718 192 s
2237 129 2255 144 ⁶

1179 220 1272 250 virtus
1281 216 1406 249 furentis
1415 220 1552 253 hominis
1562 234 1717 260 conatum,
1727 233 1812 267 atque
1824 224 1975 257 audaciam
1985 223 2138 265 compres-

2330 1429 2337 1685 m—*mss
2331 1318 2334 1420 Α-
2327 886 2334 1311 —0————-——-—-—

1202 2809 1335 2838 libertate
1345 2817 1427 2838 arma
1439 2816 1582 2847 ceperunt
1593 2818 1598 2835 :
1610 2807 1682 2847 quid
1693 2807 1800 2840 est,cur
1809 2808 1858 2836 hic
1867 2808 1998 2835 M.Bruti
2009 2806 2159 2835 exercitus

1203 2860 1267 2881 non
1285 2851 1317 2880 in
1337 2849 1441 2880 eadem
1458 2848 1541 2879 causa
1553 2857 1713 2888 reponatur
1729 2851 1739 2878 ?
1760 2851 1800 2879 At
1810 2849 1894 2878 enim
1904 2849 2049 2878 veteranis
2059 2847 2159 2918 [ἕρε-

2108 2897 2159 2918 um

1205 2965 1378 3001 adstipulatur
1390 2964 1446 2990 Pal.
1457 2962 1506 2988 sec.
1525 2962 1582 2988 alia:
1592 2961 1652 2987 edd.
1666 2964 1748 2987 virtus
1757 2962 1859 2995 Caesaris.
1882 2971 2030 2997 perperam.
2050 2960 2161 2988 Lambi-

1205 3012 1252 3028 mis
1263 3000 1360 3031 edidit,
1372 3004 1455 3025 virtue
1466 3003 1503 3025 M.
1515 3001 1588 3024 Bruti
1596 2998 1714 3029 Cremonis,
1724 2997 1756 3023 ab
1767 2998 1874 3032 ingenio
1887 2997 1984 3024 forliin.

1238 3045 1266 3070 4.
1286 3040 1372 3062 Certus
1381 3042 1435 3061 erat
1444 3037 1514 3059 etiam
1523 3035 1588 3059 illim
1597 3034 1737 3066 exercitum—1
1754 3034 1819 3059 Pali.
1832 3034 1905 3060 Hitt.
1917 3035 1944 3059 &
1955 3033 2021 3060 oum
2032 3031 2160 3069 impreffi',

237 3083 265 3100 2.
285 3075 403 3101 <Abducit
414 3077 539 3099 exercitum
551 3094 558 3106 ,
569 3076 598 3105 όν
608 3078 732 3108 respersum
739 3077 920 3109 pulcerrimum,
930 3075 998 3108 &c.]
1021 3074 1091 3100 Iliiid
1105 3094 1113 3106 ‚
1133 3075 1162 3104 (ἔγ
1202 3075 1317 3106 cerriffimo
1335 3072 1396 3097 modo
1406 3077 1457 3096 erar
1471 3073 1540 3095 etiam
1550 3072 1613 3095 istim
1632 3079 1694 3095 cxcv.
1713 3077 1739 3095 at
1750 3071 1824 3096 Man.
1836 3069 1864 3095 δε
1874 3069 1968 3095 Lanib.
1979 3069 2162 3105 publicarunt,

202 3112 326 3144 respec'ffnm
337 3109 461 3136 inscrtum
473 3113 486 3135 e
500 3110 627 3136 Romanis
638 3111 715 3137 codd.
728 3114 742 3137 ὰ
755 3113 856 3138 Ιῗςιζῑτηο
870 3131 876 3143 ,
888 3111 992 3137 monuit
1003 3120 1045 3137 ine
1056 3110 1125 3137 libro
1138 3119 1158 3136 i.

204 3144 312 3173 Nodor.
323 3146 412 3172 Cicer.
423 3154 479 3180 cap.
496 3154 536 3178 ¹5·
549 3146 637 3172 Andr.
648 3147 783 3173 Scliotriis.

1203 3115 1280 3134 certus
1293 3127 1301 3139 ‚
1315 3107 1409 3141 fimodb
1420 3112 1472 3131 crat
1490 3107 1551 3130 ulli-15
1560 3109 1694 3137 exercitur,¹
1715 3105 1794 3131 secuti
1807 3112 1870 3140 puto
1883 3106 1912 3131 P.
1923 3104 2073 3131 Vitiarium
2087 3124 2094 3137 ‚
2114 3104 2160 3139 qui

1204 3144 1251 3170 lib.
1263 3152 1309 3170 xv,
1319 3152 1374 3178 cap.
1389 3151 1431 3167 iz.
1443 3140 1585 3176 legendum
1596 3141 1714 3169 censebat
1727 3161 1735 3175 ‚
1747 3148 1825 3168 cei-tm
1836 3141 1938 3177 (simodo
1945 3148 2005 3176 erat)
2019 3143 2089 3167 eriam
2098 3142 2161 3166 iuius

241 3190 268 3221 3.
288 3185 336 3211 <Ac
347 3182 431 3210 divina
442 3182 656 3216 virtut,fitrentis,
667 3183 735 3219 &ej
759 3183 801 3211 Est
813 3184 828 3211 a
842 3182 915 3210 libris
927 3182 1054 3215 Ferrarii,
1065 3181 1161 3219 quibus
1200 3182 1328 3207 exercittae.
1346 3179 1368 3207 is
1387 3176 1550 3205 consulatur.

1201 2766 1273 2800 ii‚de
1284 2767 1393 2807 quibus
1402 2765 1479 2798 dixi,
1492 2775 1644 2805 propterea
1654 2766 1819 2800 laudantur,
1832 2776 1870 2805 qu
1896 2765 1913 2794 d
1923 2774 1977 2804 pro
1988 2766 2154 2804 pop.Rom.

2054 3220 2078 3239 1.
2090 3213 2164 3238 socn-
