2337 3400
129 1998 170 2028 35

162 129 263 195 73&
580 119 1087 171 M.Tut.r.11

165 213 221 245 vit,
235 211 262 241 se
272 210 409 240 daturum
422 212 543 247 operam
555 223 563 238 ‚
573 214 613 235 ne
623 205 655 234 in
666 202 718 234 suo
729 200 886 238 consulatu
897 198 976 229 mihi
987 194 1124 229 succeda-

165 263 223 284 tur.
248 255 310 291 Ego
320 249 408 290 porro
419 258 481 278 non
494 269 502 282 ‚
524 246 643 277 medius
659 244 746 275 fidius
758 264 767 278 ,
787 242 949 284 cupiditate
961 240 1126 281 provinciae

171 294 295 335 produci
319 293 440 332 longius
462 290 586 330 spatium
611 289 687 318 mihi
705 287 787 317 volo.
807 295 879 316 narn
900 284 978 313 mihi
995 281 1054 312 fuit
1073 279 1125 311 ista

170 334 324 376 provincia
336 333 423 372 plena
433 332 543 362 laboris
557 351 565 365 ,
576 329 714 371 periculi,
726 328 917 359 detrimenti,
937 327 1011 365 Qae
1021 333 1077 365 ego
1089 332 1126 353 ne

172 376 276 407 {rostri
288 375 524 407 subierim‚neve
533 371 722 413 priusquam
734 370 872 411 reliquias
883 377 956 398 meae
966 366 1130 407 diligentia

174 419 337 458 consequar
348 436 356 450 ,
376 416 520 446 decedere
530 424 616 457 cogar
627 434 635 448 ‚
650 412 736 443 valde
749 412 865 442 laboro.
890 413 970 440 Nam
987 407 1005 438 fi
1016 406 1128 448 potuis-

175 461 236 491 sem
256 480 264 494 ,
286 469 375 500 quam
390 467 545 499 exegeram
555 458 712 497 pecuniam
725 475 733 489 ‚
745 453 914 484 universam
927 453 1045 496 mittere
1059 461 1063 479 :
1077 459 1132 489 po-

177 501 317 532 stularem
331 521 339 534 ‚
356 510 387 530 ut
399 502 476 530 mihi
491 498 700 530 succederetur.
724 499 827 530 Nunc,
842 494 925 536 quod
939 491 1035 524 Castro
1051 491 1132 524 dedi,

177 543 260 585 quod
281 542 430 574 Trebonii
450 551 546 572 morte
564 540 737 573 amisimus,
758 537 841 580 quod
859 546 951 568 etiam
960 535 1135 566 crudelitate

178 585 347 616 Dolabellae
366 605 375 618 ‚
394 594 443 615 aut
464 582 588 625 perfidia
605 592 711 613 eorum
729 591 781 622 qui
803 581 879 610 mihi
901 577 991 608 fidem
1005 597 1014 609 ‚
1034 578 1136 615 reique

177 628 306 669 publicae
325 637 388 656 non
409 625 626 666 praestiterunt:
646 623 675 655 id
695 623 859 663 consequi,
880 618 1042 650 &reficere
1052 618 1133 647 volo.

179 669 269 710 Qod
280 670 365 699 aliter
377 679 440 698 non
450 667 547 708 potest
558 667 643 700 fieri,
667 663 719 696 nisi
731 666 855 705 spatium
869 663 1009 692 habuero.
1030 659 1060 689 id
1075 679 1084 692 ,
1105 668 1136 688 ut

178 722 230 752 per
240 721 268 741 te
278 711 442 751 consequar
453 731 460 744 ‚
472 711 565 741 velim
578 730 586 743 ,
598 718 630 739 ut
641 709 716 738 solet
729 729 737 741 ,
750 707 803 736 tibi
814 715 890 736 curae
902 702 944 733 sit.
969 706 1033 743 Ego
1044 700 1136 731 mede

179 764 241 793 rep.
260 762 336 793 puto
353 751 412 782 else
431 754 574 782 meritum
589 771 599 786 2
619 759 652 780 ut
672 760 734 779 non
750 748 912 788 provincia:
924 744 1008 775 istius
1022 741 1138 773 benefi-

179 798 262 825 cium
273 794 442 835 exspechn'e
452 794 575 824 debeam
587 814 594 827 ‚
606 793 653 823 sed
663 801 791 823 tantum,
802 797 947 830 quantuni
957 784 1067 817 Cassius
1078 805 1086 819 ‚
1106 784 1139 814 &

181 839 285 871 Bruti,
303 847 366 866 non
388 837 486 867 solum
506 835 588 866 illius
605 834 674 864 faeti
687 853 694 866 ‚
715 832 899 872 periculique
910 829 1066 861 societate,
1091 826 1138 856 sed

180 881 271 909 etiam
285 879 373 919 hujus
384 880 529 918 temporis
539 877 638 907 studio
649 896 656 908 ,
674 876 706 904 &
719 877 836 904 virtute.
860 873 977 902 Primus
988 871 1072 899 enim
1083 878 1140 910 ego

182 922 261 962 leges
283 922 453 951 Antoninas
474 919 550 960 fregi
570 929 575 947 t
599 920 714 958 primus
737 917 900 955 equitatum
920 912 1087 942 Dolabellae
1105 909 1141 940 ad

181 973 278 1003 remp.
290 960 576 1001 ti·aduxi‚Caffioque
585 958 690 990 tradidi
703 970 708 987 :
719 959 837 998 primus
848 954 975 986 dileSlfius
986 953 1076 999 habui
1086 962 1140 993 pro

181 1005 275 1036 salute
302 1007 445 1034 omnium
472 1012 575 1033 contra
599 1001 841 1036 coniurationem
868 995 1120 1028 sceleratistimam
1134 1005 1139 1024 :

182 1047 264 1077 solus
276 1045 372 1077 Cassio
384 1065 392 1078 ,
406 1046 437 1075 δε
450 1048 523 1084 reip.
535 1045 648 1084 Syriam
660 1062 668 1076 ‚
682 1040 888 1081 exercitusque
899 1061 907 1074 ,
919 1040 970 1079 qui
982 1038 1025 1068 ibi
1041 1045 1132 1070 erant,

181 1090 342 1129 conjunxi.
367 1090 448 1117 Nam
461 1085 514 1116 nisi
526 1096 580 1126 ego
591 1094 704 1115 tantam
718 1085 876 1124 pecuniam
888 1104 898 1117 ‚
921 1090 1057 1120 tantaque
1067 1089 1139 1119 prae-
1162 1096 1165 1107 i

182 1129 253 1160 sidia
267 1150 275 1163 ,
301 1129 333 1160 8<
351 1138 411 1159 tam
430 1129 564 1159 celeriter
582 1126 678 1158 Cass'io
695 1123 840 1156 dedissem
853 1135 858 1153 :
873 1134 911 1154 ne
921 1123 1007 1153 ausus
1016 1121 1141 1162 quidem

182 1170 252 1201 ess'et
268 1174 311 1201 ire
334 1173 367 1201 in
386 1172 518 1211 Syriam:
544 1170 577 1200 &
597 1179 679 1199 nunc
698 1178 762 1198 non
779 1169 897 1197 minora
906 1164 1035 1205 pericula
1044 1161 1143 1201 reipa

181 1213 343 1243 Dolabella
353 1213 496 1243 instarent
506 1233 514 1246 ‚
531 1211 624 1253 quam
634 1211 670 1241 ab
681 1211 830 1240 Antonio.
855 1211 953 1248 Atque
965 1207 1027 1236 haec
1036 1204 1143 1234 omnia
1165 1209 1166 1215 ¹

180 1257 208 1285 is
226 1254 283 1285 feci
296 1275 304 1288 ‚
326 1258 379 1296 qui
406 1254 514 1286 sodalis
526 1274 534 1288 ,
555 1254 588 1284 &
609 1250 858 1283 familiarissimus
873 1248 1039 1279 Dolabella:
1052 1255 1141 1276 eram:

179 1295 450 1337 conjun&issimus
468 1297 612 1338 sanguine
631 1295 796 1325 Antoniis:
813 1292 1003 1332 provinciam
1023 1297 1143 1330 quoque

178 1340 308 1370 illorum
328 1339 477 1370 beneficio
497 1338 644 1368 habebam
661 1347 667 1366 2
690 1336 741 1367 sed
753 1329 903 1377 παπ-ξιῶι
917 1332 1007 1374 ἐμὼ.)
1020 1331 1143 1372 1.(9ῖὶλκον

180 1386 310 1434 φιλῶν,
328 1387 474 1418 omnibus
491 1388 570 1416 meis
588 1386 703 1416 bellum
723 1386 843 1424 primus
856 1381 967 1413 indixi.
1001 1382 1074 1422 Hpec
1092 1377 1144 1408 etsi

179 1437 279 1468 adhuc
298 1447 363 1468 non
386 1447 568 1477 magnopere
583 1438 661 1466 mihi
672 1433 770 1466 tulisse
779 1432 914 1464 faustum
924 1430 1144 1462 animadverm,

180 1488 285 1510 tamen
305 1490 368 1509 non
381 1479 505 1519 despero
522 1489 528 1508 t
548 1489 603 1509 nec
613 1477 796 1518 defatigabor
806 1484 980 1516 permanere
991 1493 1004 1506 ,.
1021 1482 1086 1502 non
1098 1471 1145 1501 so-

183 1520 252 1552 lum
263 1522 297 1550 in
308 1520 407 1551 studio
417 1521 560 1551 libertatis
571 1540 579 1553 ‚
600 1520 649 1550 sed
661 1521 752 1549 etiam
764 1520 797 1548 in
809 1517 908 1547 labore
920 1536 928 1550 ‚
949 1516 981 1546 ὅ(
996 1514 1144 1555 periculis.

185 1567 329 1594 Attamen
348 1561 368 1592 fi
379 1564 470 1593 etiam
483 1563 580 1603 aliqua
590 1559 768 1604 gloriajusta
778 1580 789 1593 ,
806 1559 839 1589 ὃς
852 1560 958 1588 merita
968 1555 1144 1598 provocabi-

187 1614 277 1639 mur,
298 1604 412 1635 senatus
427 1624 438 1638 ‚
458 1604 491 1635 &
509 1606 620 1645 optimi
642 1603 785 1643 cujusque
803 1599 930 1631 officiis:
952 1600 1064 1638 majore
1076 1607 1145 1628 cum

186 1645 363 1677 auetoritate
378 1646 456 1686 apud
473 1655 587 1677 ceteros
607 1647 719 1676 erimus
730 1665 743 1678 ,
763 1644 795 1674 &
807 1653 843 1673 eo
854 1643 920 1682 plus
930 1638 1063 1681 prodess'e
1073 1641 1145 1679 reip.

185 1690 366 1730 poterimus.
390 1689 503 1718 Filium
529 1697 637 1721 tuum,
660 1686 696 1717 ad
716 1684 1004 1716 Brutumcumveni
1018 1702 1026 1717 ‚
1045 1681 1147 1712 videre

187 1740 251 1761 non
268 1733 377 1770 potui,
396 1729 465 1760 ideo
485 1729 570 1771 quod
589 1731 696 1769 jamin
709 1728 834 1762 hiberna
843 1736 913 1757 cum
925 1724 1080 1766 equitibus
1091 1732 1149 1753 erat

186 1771 350 1813 profecfkus.
373 1771 431 1802 Sed
441 1791 450 1805 ,
471 1771 590 1801 medius
604 1769 694 1801 fidius
705 1789 714 1804 ,
733 1779 766 1800 ea
775 1767 832 1799 effe
844 1778 913 1798 eum
925 1768 1072 1807 opinione
1083 1785 1091 1799 ‚
1117 1765 1149 1794 ὃς

188 1823 247 1847 ωε,
261 1814 293 1844 &
303 1812 402 1853 ipsius,
413 1813 487 1843 &in
498 1815 607 1853 primis
618 1822 685 1842 mea
692 1811 788 1844 causa,
800 1809 925 1850 gaudeo.
950 1810 1055 1838 Fratris
1065 1808 1150 1836 enim

185 1856 255 1886 loco
279 1857 357 1885 mihi
377 1854 437 1888 est,
459 1857 512 1896 qui
532 1865 571 1884 ex
589 1863 617 1884 te
629 1863 740 1888 natus,
754 1862 842 1894 teque
858 1851 968 1892 dignus
986 1849 1039 1880 est.
1065 1848 1150 1879 Vale.

186 1899 230 1928 D.
245 1907 319 1927 1111.
336 1897 545 1939 Kalend-jun.
557 1899 664 1937 Pergae.

274 1983 638 2014 P.LENTULUS‚
669 1977 1071 2017 C.F.PROQUAEST.

314 2034 493 2064 PROPR.
518 2029 1040 2062 coss.1›RAETT.·rR1131;.

414 2086 481 2115 PL.
513 2086 619 2114 SEN.
643 2083 775 2121 P.Q.R.
807 2083 826 2111 s
849 2082 933 2110 en.

250 2140 264 2168 1
278 2137 382 2168 valetis
395 2157 402 2171 ,
423 2137 570 2178 liberique
581 2147 611 2167 v.
626 2146 656 2167 v.
669 2147 696 2166 B.
707 2145 738 2165 P..
754 2145 785 2165 v.
797 2133 911 2165 Scelere
922 2130 1091 2162 Dolabellae
1102 2139 1157 2170 op-

250 2178 342 2219 prefl'a
363 2178 430 2210 Asia
441 2199 449 2213 ‚
468 2181 501 2209 in
520 2181 693 2220 proximam
716 2177 907 2218 provinciam
931 2173 1155 2205 Macedoniam,

190 2220 380 2263 praefidiaque
395 2223 465 2261 reip.
488 2231 555 2262 quae
576 2223 618 2250 M.
630 2222 737 2250 Brutus
749 2239 760 2253 ,
776 2229 806 2249 v.
820 2228 852 2247 cz.
866 2216 985 2248 tenebat
995 2236 1003 2250 ‚
1023 2225 1072 2245 me
1083 2224 1158 2244 con—

190 2264 264 2293 tuli:
288 2263 361 2293 &id
371 2265 416 2303 egi
428 2283 436 2296 ,
458 2272 490 2293 ut
501 2283 509 2295 ‚
529 2272 581 2302 per
600 2272 676 2303 quos
689 2260 848 2292 celerrime
859 2257 976 2300 poffent
987 2255 1078 2291 „Afia
1088 2265 1159 2296 pro-

190 2306 293 2336 vincia
304 2325 312 2338 ‚
334 2305 548 2346 veStigaliaque
568 2306 601 2333 in
615 2303 742 2333 vestram
753 2300 932 2342 potestatem
941 2299 1153 2339 redigerentur-

192 2347 285 2389 Qod
295 2346 366 2377 cum
378 2344 575 2386 pertimuisset
583 2344 743 2375 Dolabella
753 2364 768 2377 ,.
784 2342 892 2373 vastata
901 2342 1058 2382 provincia
1067 2360 1081 2373 ‚.
1090 2349 1159 2370 cor-

190 2391 284 2429 reptis
301 2388 517 2429 veitigalibus,
537 2386 686 2427 praecipue
703 2385 823 2416 civibus
842 2384 993 2414 Romanis
1011 2381 1157 2412 omnibus

192 2429 394 2462 crudeliffime
404 2429 561 2460 denudatis
572 2449 581 2462 ,
596 2439 627 2459 ac
637 2427 802 2459 divenditis
814 2446 822 2460 ‚
835 2424 1018 2465 celeriusque
1029 2421 1094 2453 Asia
1104 2432 1159 2452 ex-

193 2470 316 2504 ceffiffet
327 2493 336 2505 ‚
356 2482 445 2513 quam
454 2471 491 2502 eo
501 2470 671 2512 praefidium
680 2468 785 2500 adduci
795 2464 936 2508 potuisset
949 2476 954 2494 ·.
966 2466 1079 2495 diutius
1089 2473 1158 2493 mo-

193 2516 269 2548 rari,
285 2524 334 2545 aut
344 2512 513 2554 exspeE’mre
525 2511 696 2553 praesidium
707 2521 771 2541 non
782 2507 897 2540 necesse
906 2507 1012 2538 habui:
1025 2506 1057 2536 &
1067 2506 1158 2546 quam

194 2556 329 2597 primurn
340 2556 375 2587 ad
388 2565 494 2586 meum
504 2554 643 2585 officium
653 2574 661 2588 ‚
674 2551 891 2584 revertendum-
899 2551 976 2580 mihi
987 2547 1046 2579 efle
1055 2546 1160 2578 existi-

194 2599 274 2629 mavi
289 2621 297 2633 ,
309 2607 341 2628 ut
353 2599 386 2628 δε
395 2598 509 2638 reliqua
517 2596 674 2638 veffigalia
683 2597 836 2636 exigerem
846 2613 855 2628 ,
867 2594 900 2624 &
909 2612 918 2627 ,
929 2601 1022 2633 quam
1034 2589 1160 2630 deposui

195 2643 353 2682 pecuniam
365 2661 374 2674 ‚
395 2640 569 2681 colligerem
582 2649 587 2668 :
606 2637 756 2679 quidquid
776 2646 815 2667 ex
835 2645 868 2666 ea
884 2643 1056 2674 correptum
1076 2630 1157 2665 esset,

194 2692 245 2714 aut
265 2692 399 2723 quorum
419 2681 451 2712 id
470 2682 556 2721 culpa
571 2679 738 2713 accidisset,
757 2677 974 2720 cognoscerem.
989 2675 1081 2717 quam
1095 2676 1156 2714 pri-

197 2725 285 2755 mum
299 2746 307 2758 ,
328 2725 361 2754 δε
373 2734 429 2754 vos
442 2723 478 2753 de
492 2725 579 2753 omni
596 2733 625 2752 re
632 2721 922 2753 faceremcertiores.
946 2719 1074 2748 Interim
1082 2716 1155 2747 cum

196 2776 247 2804 per
260 2766 368 2797 insulas
378 2768 411 2796 in
426 2764 524 2795 Asiam
539 2766 609 2795 navi
649 2766 693 2794 nti
704 2763 780 2792 mihi
791 2763 964 2792 nuntiatum
977 2758 1047 2790 esset
1058 2779 1066 2792 ,
1088 2758 1160 2788 clas-

199 2808 430 2839 semDolabellae
445 2809 475 2839 in
485 2809 576 2848 Lycia
585 2817 600 2837 e
627 2805 856 2846 &Rhodiosque
867 2805 970 2834 naveis
978 2801 1161 2842 complureis

242 2968 266 2985 1.
285 2960 381 2984 Rhodios
393 2968 471 2985 autem
480 2968 553 2987 tanta
562 2964 588 2986 in
593 2962 723 2994 pra-vitate
733 2956 923 2991 animadverti]
947 2957 973 2984 N
978 2968 1012 2985 on
1023 2957 1118 2985 dubito
1128 2957 1162 2985 de

202 2997 315 3023 veritate
326 2995 403 3029 hujus
413 2996 536 3023 lec‘tionis
549 3008 555 3023 2
569 3006 650 3032 quum
661 2996 794 3032 superiore
807 2996 922 3031 Epistola
931 2994 1050 3022 dixerit:
1072 2995 1162 3021 Eadem

196 3031 307 3065 Jiaeperlaisi
317 3034 475 3071 inpravitate
493 3040 605 3058 uruntur.
625 3034 708 3059 Certe
720 3032 865 3068 agnoscunt
884 3032 957 3058 illam
968 3032 1089 3058 Vaticani
1113 3040 1162 3057 ex-

201 3075 291 3106 cerpta
303 3085 311 3098 ‚
322 3076 407 3103 prima
417 3067 501 3093 cdi-‘10
512 3087 520 3099 ,
540 3078 625 3103 neque
636 3068 707 3094 secus
717 3068 895 3095 Gruterianus
907 3070 934 3094 δέ
947 3067 1162 3099 stewechianus,

201 3103 248 3129 nisi
259 3104 328 3139 quod
340 3102 550 3139 praepositionem
562 3107 587 3129 in
596 3104 744 3131 omiserint.
757 3105 892 3131 Palatinus
904 3104 1017 3140 primus,
1029 3103 1166 3130 ficuevul-

200 3146 268 3174 gatae
282 3158 289 3172 ,
307 3139 577 3179 tantdlimporrunitare.
598 3140 760 3167 Gulielmius
772 3160 781 3173 ‚
793 3140 865 3176 quod
877 3141 1067 3176 Hittorpianns
1078 3139 1163 3166 codex

199 3176 314 3205 nostram
325 3175 470 3205 lechonem
488 3174 596 3205 haberet
608 3194 616 3208 ‚
638 3176 746 3210 putabat
758 3195 766 3210 ‚
787 3180 812 3203 in
817 3181 968 3210 promittite.
990 3175 1087 3204 Paullo
1100 3175 1164 3203 vero

1155 113 1696 165 CICER0N1S

1170 192 1328 225 instru&as
1341 214 1349 229 ‚
1372 194 1406 226 &
1423 203 1532 236 paratas
1549 198 1583 228 in
1600 208 1672 239 aqua
1690 197 1816 230 habere:
1834 207 1905 230 cum
1924 198 1971 230 his
1989 200 2136 235 navibus,

1171 246 1242 278 quas
1260 245 1311 267 aut
1331 246 1454 268 mecum
1473 238 1674 275 adduxeram,
1696 251 1746 272 aut
1764 251 1983 282 comparaverat
2003 242 2137 273 Patiscus·

1172 277 1355 326 proquazstor
1365 300 1372 313 ,
1389 280 1485 309 homo
1493 281 1570 310 mihi
1580 280 1650 311 cum
1659 282 1859 314 familiaritate
1868 304 1876 318 ‚
1886 293 1952 314 tum
1961 286 2050 314 etiam
2064 284 2133 314 sen-

1174 319 1251 351 sibus
1269 331 1300 367 in
1311 331 1371 361 rep.
1394 321 1676 361 conjunfitiffimus,
1695 326 1842 356 Rhodum
1851 328 1958 356 reverti
1970 346 1978 359 ‚
1998 324 2131 356 confisus

1172 362 1349 394 auetoritate
1359 362 1451 393 vestra
1462 383 1470 397 ‚
1483 364 1656 405 senatusque
1665 367 1804 397 consulto
1816 388 1824 401 ,
1836 378 1897 408 quo
1908 368 2024 399 hostem
2036 368 2132 398 Dola-

1175 405 1285 435 bellam
1303 404 1491 445 judicaratis:
1512 405 1623 436 soedere
1643 417 1762 448 quoque
1776 428 1785 442 ‚
1804 410 1886 450 quod
1904 420 1974 440 curn
1995 411 2041 440 his
2057 431 2064 443 ‚
2086 412 2131 439 M.

1179 447 1324 476 Marcello
1340 467 1348 480 ,
1366 450 1426 477 Ser.
1437 447 1570 487 Sulpicio
1590 458 1772 479 renovatum
1789 460 1848 480 erat
1864 463 1869 480 ;
1887 462 1948 492 quo
1967 453 2134 490 juraverant

1178 487 1314 522 Rhodii,
1325 489 1447 519 eosdem
1457 488 1567 520 hosteis
1577 490 1604 520 se
1615 491 1768 521 habituros
1779 511 1788 525 ‚
1799 502 1873 532 quos
1883 497 1909 523 S.
1923 497 1951 524 Ρ.
1962 497 1999 532 Q.
2011 497 2048 524 R.
2061 496 2136 536 Qae

1180 540 1225 560 res
1239 540 1295 560 nos
1309 530 1629 562 vehementerfefellit.
1653 535 1788 563 Tantum
1800 535 1884 564 enim
1894 535 2006 569 abfuit,
2023 545 2054 566 ut
2064 538 2136 565 illo-

1181 583 1212 603 ru
1219 583 1247 602 m
1258 571 1391 612 praesidio
1401 573 1532 604 nostram
1543 572 1731 604 firmaremus
1740 573 1858 605 class'em
1870 596 1877 609 ‚
1888 585 1920 606 ut
1928 579 2017 607 etiarn
2026 577 2139 608 &Rho-

1180 615 1238 645 diis
1257 615 1326 645 urbe
1339 636 1348 649 ‚
1369 625 1455 655 portu
1468 636 1476 649 ‚
1497 615 1623 646 statione
1635 637 1645 649 ‚
1664 627 1729 658 quae
1749 626 1831 647 extra
1851 618 1956 648 urbem
1971 619 2031 653 est,
2051 630 2138 650 com·-

1184 667 1283 687 meatu
1293 677 1301 691 ,
1319 667 1390 698 aqua
1400 657 1529 699 denique
1538 658 1770 698 prohiberentur
1778 658 1874 689 nostri
1884 660 2011 690 milites:
2021 671 2078 691 nos
2087 664 2144 692 vix

1183 698 1235 739 ipsi
1254 698 1376 740 singulis
1395 709 1464 730 cum
1485 701 1646 740 navigiolis
1664 702 1873 741 reciperemur.
1928 703 2141 744 uamindigni-

1183 750 1271 771 tatem
1283 762 1291 775 ‚
1311 742 1613 783 diminutionemque
1624 742 1785 783 majestatis
1795 763 1803 776 ,
1818 753 1882 773 non
1892 744 1990 774 solum
1999 745 2074 785 juris
2084 754 2143 775 no—

1185 782 1252 816 stri,
1273 783 1321 814 sed
1332 786 1551 824 etiamimperii
1567 804 1575 817 ‚
1599 785 1867 826 populiqueRom.
1880 785 2146 820 idcircotulimus„v

1184 824 1265 865 quod
1281 827 1453 871 interceptis
1472 828 1578 856 litteris
1589 836 1789 867 cognoramus
1801 847 1808 860 ‚
1829 828 2023 858 Dolabellam
2034 848 2043 862 ,
2059 827 2078 858 fi
2090 828 2143 858 de-

1184 867 1319 907 sperasset
1330 868 1366 898 de
1376 870 1457 908 Syria
1469 888 1477 901 ‚
1500 871 1690 911 AEgyptoque
1703 890 1712 902 ‚
1723 869 1804 910 quod
1815 869 1928 900 necess'e
1937 880 1996 900 erat
2008 869 2070 900 fieri
2079 890 2087 904 ‚
2108 871 2142 901 in

1183 912 1285 940 naveis
1301 920 1372 940 cum
1389 910 1536 944 omnibus
1550 911 1806 945 suisium-ombus,
1824 921 1910 953 atque
1920 913 2008 942 omni
2018 914 2145 952 pecunia

1182 952 1380 983 conscendere
1391 950 1449 982 effe
1457 962 1591 993 paratum
1604 973 1612 986 ,
1622 953 1800 994 Italiamque
1808 963 1905 993 petere
1917 954 2044 985 :idcirco
2053 955 2147 984 etiam

1185 997 1286 1024 naveis
1305 996 1453 1024 onerarias
1463 1015 1472 1029 ,
1491 1004 1616 1035 quarum
1627 997 1730 1025 minor
1739 996 1824 1025 nulla
1832 1005 1890 1025 erat
1900 995 1996 1026 duum
2008 996 2148 1026 millium*

1184 1035 1367 1076 amphorfim
1383 1056 1391 1069 ,
1415 1036 1578 1066 contractas
1592 1056 1601 1070 ,
1625 1038 1657 1066 in
1677 1039 1769 1076 Lycia
1782 1037 1797 1067 a
1817 1035 1903 1067 classe
1921 1039 1984 1077 ejus
2004 1037 2143 1068 obsideri.

1188 1080 1286 1117 Hujus
1295 1079 1338 1107 rei
1349 1080 1458 1107 timore
1468 1098 1475 1111 ‚
1492 1087 1586 1117 patres
1595 1079 1755 1118 conscripti
1765 1098 1772 1111 2
1785 1081 1912 1119 percitus
1922 1100 1930 1114 ‚
1942 1078 2065 1116 iniurias
2079 1089 2147 1119 per·
2163 1090 2166 1092 “

1183 1121 1264 1160 peti,
1282 1120 1313 1149 ὃς
1325 1129 1394 1148 curn
1409 1120 1596 1149 contumelia
1604 1122 1693 1150 etiam
1706 1120 1803 1150 nostra
1813 1123 1916 1152 omnia
1927 1117 2009 1161 prius
2017 1122 2153 1160 experiri.

1186 1162 1291 1191 malui.
1315 1163 1417 1201 Itaque
1435 1161 1470 1191 ad
1488 1161 1614 1190 illorum
1629 1163 1822 1191 voluntatem
1842 1163 2032 1193 introduEtus
2051 1166 2083 1193 in
2099 1173 2149 1192 ur-

1186 1204 1255 1234 bem
1270 1223 1278 1236 ,
1305 1202 1337 1232 &
1357 1205 1390 1232 in
1411 1203 1546 1232 senatum
1567 1213 1672 1233 eorum
1685 1223 1693 1237 ‚
1713 1203 1803 1243 quam
1815 1203 2040 1245 diligentissime
2050 1206 2148 1244 potui,

1184 1246 1299 1277 causam
1312 1246 1383 1284 reip.
1407 1246 1467 1285 egi:
1485 1245 1714 1286 periculumque
1722 1255 1815 1275 omne
1826 1245 2055 1286 ,quodinstaret
2065 1266 2072 1279 ,
2083 1244 2101 1275 fi
2112 1244 2151 1275 il-

1187 1289 1214 1317 le
1234 1288 1308 1317 latro
1328 1296 1399 1316 cum
1419 1287 1565 1317 omnibus
1576 1287 1635 1317 suis
1647 1288 1749 1317 naveis
1759 1287 1993 1322 conscendiffet,
2013 1288 2166 1328 exposui„

1190 1334 1199 1349 ¹
1211 1329 1352 1360 Rhodios
1362 1337 1462 1359 autem
1474 1338 1552 1359 tanta
1562 1330 1594 1359 in
1603 1331 1745 1369 pravitate
1753 1330 1953 1360 animadverti
1963 1350 1971 1364 ,
1987 1339 2020 1360 ut
2030 1331 2159 1360 omneis

1190 1371 1339 1402 firmiores
1351 1380 1488 1411 putarent
1498 1391 1508 1404 ‚
1520 1372 1610 1411 quam
1623 1371 1720 1401 bonos
1733 1382 1738 1400 :
1758 1382 1790 1402 ut
1800 1373 1875 1402 hanc
1884 1372 2079 1403 concordiam
2091 1391 2099 1405 ,
2116 1371 2151 1402 &

1189 1415 1444 1454 conspirationem
1463 1415 1606 1442 omnium
1622 1413 1764 1443 ordinum
1779 1414 1815 1444 ad
1826 1413 2048 1444 defendendam
2061 1414 2154 1443 liber-

1188 1465 1278 1488 tatem
1290 1476 1300 1489 ,
1314 1454 1462 1495 propense
1477 1465 1542 1485 non
1555 1455 1708 1485 crederent
1719 1454 1776 1485 esse
1786 1455 1894 1486 faustam
1907 1467 1911 1485 :
1928 1465 1960 1486 ut
1971 1454 2155 1496 patientiam-

1193 1500 1308 1529 senatus
1322 1517 1333 1531 ,
1351 1497 1384 1527 &
1405 1499 1515 1536 optimi
1529 1497 1671 1538 cujusque
1685 1507 1806 1528 manere
1819 1500 1910 1528 etiarn
1926 1508 2007 1528 nunc
2017 1496 2154 1528 confide-

1191 1550 1275 1574 rent,
1294 1550 1351 1570 nec
1368 1537 1495 1579 potuisse
1513 1539 1619 1568 audere
1632 1549 1817 1579 quemquam
1829 1540 2023 1570 Dolabellam
2035 1539 2153 1571 hostem

1188 1582 1338 1624 judicare:
1360 1591 1392 1611 ut
1402 1581 1533 1621 denique
1545 1590 1649 1610 omnia
1661 1600 1669 1613 ,
1687 1590 1753 1620 quae
1762 1582 1895 1621 improbi
1908 1581 2059 1623 fingebant
2069 1601 2078 1615 ‚
2090 1590 2156 1610 ma-

1192 1628 1236 1668 gis
1245 1635 1313 1654 vera
1323 1622 1532 1654 existimarent
1543 1643 1550 1655 ‚
1565 1622 1657 1662 quam
1670 1632 1736 1662 quae
1748 1624 1815 1653 vere
1830 1622 1905 1653 fasta
1916 1633 1997 1653 erant
2009 1643 2016 1656 ‚
2028 1623 2060 1652 &
2072 1622 2087 1652 a
2096 1632 2156 1652 no—

1195 1670 1238 1698 bis
1253 1666 1445 1696 docebantur.
1471 1666 1537 1705 (Qa
1548 1673 1650 1693 mente
1662 1674 1751 1694 etiam
1763 1674 1829 1695 ante
1840 1663 1977 1695 nostrum
1988 1664 2154 1694 adventum

1191 1709 1256 1750 post
1265 1708 1415 1738 Trebonii
1435 1704 1671 1745 indigniffimam
1681 1707 1794 1736 caedem
1807 1727 1817 1739 ‚
1833 1716 1986 1747 ceteraque
1995 1715 2056 1740 tot,
2077 1715 2156 1736 tam-

1192 1761 1250 1793 que
1270 1749 1381 1779 nefaria
1401 1747 1531 1778 facinora
1546 1767 1554 1780 ,
1575 1747 1653 1777 binae
1672 1747 1812 1786 profeaae
1826 1757 1907 1778 erant
1917 1749 1953 1778 ad
1964 1748 2157 1778 Dolabellam

1197 1793 1358 1833 legationes
1369 1799 1475 1819 eorum
1487 1809 1494 1822 ,
1515 1789 1546 1818 δε
1555 1789 1679 1830 quidem
1691 1800 1774 1819 novo
1786 1790 1930 1829 exemplo
1943 1810 1951 1822 ‚
1965 1799 2069 1819 contra
2078 1790 2158 1829 leges

1196 1835 1329 1875 ipsorum
1342 1852 1350 1865 ‚
1366 1831 1597 1872 prohibentibus
1607 1832 1644 1860 iis
1656 1850 1663 1863 2
1676 1833 1803 1872 quitum
1813 1831 2000 1873 magistratus
2009 1831 2162 1873 gerebant,

1200 1879 1272 1907 Haec
1284 1895 1292 1908 ‚
1313 1872 1372 1904 sive
1391 1876 1499 1903 timore
1511 1892 1520 1906 ,
1542 1875 1585 1911 (ut
1604 1872 1755 1913 didhtant)
1766 1873 1802 1903 de
1814 1877 1890 1915 agris
1901 1893 1909 1907 ,
1929 1883 2004 1914 quos
2016 1877 2048 1902 in
2058 1874 2166 1903 conti-

1200 1920 1284 1949 nenti
1296 1916 1407 1946 habent
1418 1936 1427 1949 ,
1447 1918 1464 1934 2¹
1473 1913 1531 1944 five
1542 1914 1642 1944 furore
1654 1934 1662 1948 >
1682 1914 1740 1945 five
1749 1918 1888 1956 patientia
1896 1920 2059 1956 paucorum
2071 1935 2079 1948 ‚
2095 1914 2161 1956 (qui

1202 1961 1234 1991 δε
1253 1958 1340 1990 antea
1360 1960 1421 1998 pari
1437 1957 1626 1987 contumelia
1643 1959 1724 1987 viros
1742 1956 1917 1988 clariffimos
1930 1956 2109 1991 affecerant,
2129 1957 2169 1986 Sc

1201 2012 1282 2033 nunc
1296 2002 1449 2030 maximos
1462 1998 1648 2041 magistratus
1659 2002 1805 2041 gerenteis
1827 2000 1914 2030 nullo
1925 1999 2067 2039 exemplo
2078 2019 2086 2033 ,
2108 2008 2163 2029 ne-

1202 2055 1260 2086 que
1274 2042 1369 2074 vestra
1379 2052 1415 2072 ex
1427 2051 1505 2081 parte
1517 2061 1525 2075 ,
1546 2051 1643 2082 neque
1655 2040 1759 2072 nostro
1769 2042 1959 2082 praesentium
1972 2062 1980 2075 ‚
1995 2051 2093 2082 neque
2103 2042 2166 2070 im-

1205 2087 1337 2117 minenti
1353 2085 1462 2117 Italiae,
1483 2084 1609 2125 urbique
1629 2083 1737 2114 nostrae
1754 2084 1907 2124 periculo,
1928 2084 2009 2113 fiille
2021 2081 2167 2123 parricida

1203 2139 1275 2160 cum
1286 2128 1345 2158 suis
1355 2127 1519 2157 latronibus
1530 2146 1539 2160 ,
1558 2124 1684 2156 navibus
1698 2136 1736 2156 ex
1751 2124 1816 2156 Asia
1827 2146 1835 2160 ,
1858 2128 2001 2167 Syriaque
2013 2124 2166 2164 expulsus,

1204 2171 1320 2202 Italiam
1338 2166 1455 2209 petisset
1467 2190 1479 2203 ‚
1496 2168 1610 2198 mederi
1632 2167 1703 2198 cum
1723 2167 1810 2198 facile
1830 2167 1948 2208 pofl'ent
1960 2187 1969 2201 ‚
1991 2166 2165 2197 noluerunt.

1206 2212 1378 2244 Nonnullis
1400 2212 1490 2241 etiam
1513 2209 1566 2251 ipsi
1589 2209 1774 2251 magistratus
1792 2210 1953 2240 veniebant
1969 2210 2001 2238 in
2022 2207 2168 2248 suspicio-

1205 2264 1278 2285 nem
1289 2274 1300 2286 ,
1317 2251 1475 2292 detinuisse
1495 2262 1570 2287 nos,
1590 2253 1622 2283 &
1633 2250 1864 2286 demoratiess'e,
1884 2251 1958 2282 dum
1969 2248 2060 2280 claffis
2071 2250 2167 2279 Dola-

1205 2297 1293 2328 bellae
1310 2297 1419 2325 certior
1437 2293 1521 2325 fieret
1530 2295 1566 2325 de
1575 2295 1705 2325 adventu
1716 2293 1829 2324 nostro.
1853 2296 1950 2334 Qam
1963 2292 2166 2329 suspicionem

1209 2340 1377 2370 consecuta:
1396 2347 1441 2366 res
1459 2337 1576 2377 aliquot
1593 2345 1756 2366 auxerunt:
1777 2335 1914 2365 maxime
1925 2332 2008 2375 quod
2019 2332 2118 2363 subito
2127 2342 2168 2363 ex

1209 2381 1302 2419 Lycia
1314 2382 1381 2409 Sex.
1392 2379 1506 2408 Marius
1515 2399 1528 2412 ,
1537 2377 1570 2407 &
1579 2380 1615 2407 C.
1625 2379 1727 2408 Titius
1740 2398 1751 2411 ,
1763 2377 1849 2418 legati
1859 2375 2038 2409 Dolabellae‚
2052 2374 2068 2405 a
2080 2372 2166 2405 classe

1206 2418 1401 2452 discesserunt
1411 2439 1420 2453 ‚
1431 2422 1559 2461 navique
1571 2420 1660 2461 longa
1669 2418 1876 2460 profugerunt,
1884 2419 2029 2448 onerariis
2042 2415 2167 2447 reliffls:

1209 2465 1241 2493 in
1255 2462 1365 2503 quibus
1374 2461 1552 2502 colligendis
1562 2471 1626 2491 non
1638 2463 1805 2491 minimum
1817 2462 1962 2501 temporis
1973 2479 1981 2493 ‚
1995 2459 2167 2499 laborisque

1207 2503 1447 2536 consumserunt.
1471 2506 1573 2545 Itaque
1584 2514 1654 2534 cum
1665 2503 1702 2533 ab
1712 2503 1824 2534 Rhodo
1835 2512 1905 2533 cum
1916 2504 1965 2535 iis,
1976 2510 2047 2542 quas
2056 2500 2168 2532 habue-

1209 2556 1309 2577 ramus
1321 2566 1330 2580 ,
1350 2545 1476 2576 navibus
1487 2567 1503 2579 ‚.
1511 2547 1543 2576 in
1558 2547 1682 2586 Lyciam
1691 2543 1875 2575 venissemus
1884 2564 1892 2578 ,
1904 2547 2006 2574 naveis
2015 2543 2173 2574 onerarias

1190 2607 1193 2609 ·
1209 2587 1593 2629 recepimu32dominisque
1605 2587 1789 2618 restituimus
1801 2598 1806 2616 :
1820 2584 2058 2627 idemque‚quod
2069 2585 2169 2614 maxi-

1210 2630 1260 2661 me
1272 2630 1448 2661 verebamur
1460 2651 1468 2663 ,
1487 2640 1525 2660 ne
1535 2627 1630 2670 poss'et
1639 2629 1799 2660 Dolabella
1807 2639 1876 2659 cum
1888 2629 1946 2659 suis
1957 2625 2122 2657 latronibus
2134 2627 2168 2655 in

1208 2673 1326 2704 Italiam
1341 2673 1445 2702 venire
1454 2692 1462 2706 ,
1474 2674 1580 2702 timere
1594 2672 1629 2703 de
1636 2670 1747 2702 fiimus.
1765 2669 1883 2702 claffem
1895 2669 2061 2710 fugientem
2069 2666 2168 2707 perse-

1209 2717 1271 2746 cuti
1281 2715 1384 2745 sumus
1394 2714 1486 2755 usque
1495 2714 1595 2745 Sidam
1608 2735 1623 2748 ,,
1637 2724 1702 2756 quae
1712 2722 1845 2744 extrema
1860 2713 1942 2752 regio
1953 2709 1995 2740 est
2003 2710 2168 2749 provinciae

1210 2767 1296 2787 meae.
1316 2757 1362 2787 Ibi
1377 2758 1508 2798 cognovi
1520 2776 1529 2790 ‚
1547 2766 1660 2796 partem
1679 2757 1805 2786 navium
1825 2752 1993 2783 Dolabellae
2004 2749 2172 2792 diffugisse,-

1211 2800 1340 2841 reliquas
1357 2800 1472 2838 Syriam
1490 2818 1500 2833 ,
1525 2800 1718 2839 Cyprumque
1735 2794 1859 2837 petiiffe.
1883 2794 2001 2834 Qbus
2019 2791 2168 2841 disje65i32

2096 2844 2169 2865 cum

1206 2957 1263 2994 post
1274 2957 1399 2988 malebat,
1410 2960 1468 2989 Pop.
1480 2959 1545 2981 Romc
1552 2955 1623 2988 pens}
1631 2963 1676 2979 non
1686 2954 1816 2979 crederent.

1243 3003 1272 3020 2.
1291 2993 1488 3026 Shefurorefive
1501 2990 1624 3024 patientia*
1639 2989 1795 3023 paenorum]
1817 2990 1858 3015 Ita
1869 2987 1953 3015 codex
1964 2986 2106 3013 Medicaeus
2117 3005 2126 3019 ,
2137 2991 2168 3014 ut

1208 3037 1282 3057 notat
1293 3029 1421 3064 Egnatius
1433 3047 1441 3060 ‚
1462 3027 1546 3054 nihilo
1557 3033 1644 3052 tamen
1666 3027 1750 3052 minus
1770 3025 1816 3051 ille
1836 3024 2099 3057 emendaratpotcntia
2110 3041 2118 3055 ,
2136 3029 2169 3049 nt

1208 3067 1294 3102 postea
1304 3065 1330 3091 in
1350 3073 1441 3091 omnes
1461 3062 1592 3090 editiones
1614 3062 1727 3098 irrepsit.
1747 3061 1797 3087 Sed
1806 3063 1925 3094 patientia
1943 3058 2088 3095 agnoscunt
2097 3057 2168 3085 Pali.

1207 3101 1386 3128 Gruter-ianus
1398 3120 1406 3132 ‚
1435 3100 1463 3126 δί
1483 3099 1557 3125 recte
1575 3108 1608 3125 ex
1632 3099 1682 3124 illo
1702 3096 1879 3125 laudatissimo
1907 3095 2000 3122 codice
2027 3095 2104 3121 illam
2127 3094 2167 3120 le·

1206 3137 1324 3164 &ionem
1340 3137 1369 3165 in
1379 3136 1423 3165 sua
1432 3135 1552 3165 editione
1564 3134 1713 3169 victorius,
1723 3133 1854 3170 habetque
1864 3132 1974 3161 eandem
1984 3131 2068 3160 editio
2079 3136 2168 3157 veter-

1208 3173 1288 3202 rima.
2067 3209 2078 3231 ι
2100 3199 2162 3235 Clas
