2250 3358
0 2922 2 3024 l

12 326 17 512 ι

8 643 14 944 l

711 138 1087 195 His’r

1168 161 1203 197 0
1279 159 1321 198 R
1397 159 1422 198 1
1499 161 1555 199 A.
2032 164 2117 221 ¹‚43

130 237 337 277 institutum.
365 231 517 270 Calenus
538 229 627 284 apud
640 229 794 266 Dionem
810 228 867 264 lib.
883 231 937 270 46.
950 229 995 263 ait
1008 252 1018 266 ‚
1045 231 1096 264 M.
1148 231 1194 267 fio
1208 233 1397 270 accusatam
1412 235 1447 270 &
1459 234 1687 282 vituperamur
1699 256 1708 270 ‚
1722 231 1789 281 ipse
1802 229 1979 274 defendit,
1993 234 2027 271 &
2040 237 2115 271 col«

131 287 289 325 Tullium
301 284 419 320 exacta
441 292 538 318 aetate
559 280 733 327 virginem
746 278 881 314 duxisse
895 301 904 315 ‚
929 273 980 310 ἷίοι
1003 272 1046 310 οἰκ
1070 278 1096 312 ‘1³

129 336 217 374 έσίαις
229 326 438 377 &reio-pff&
450 323 636 378 >finalia-:quit
646 328 737 363 illius
754 325 973 363 facultatibus
986 326 1017 360 le
1031 338 1097 361 aere

125 386 236 422 alieno
250 378 661 426 liberaret.Qintiliaiius
673 377 872 423 lib-6.cap.4.
890 374 1017 428 Cicero
1031 375 1095 409 ob-

118 431 352 483 jurgantibus,
368 429 464 479 quod
477 429 714 475 sexagenarius
728 425 905 478 l'opilliam
920 424 1093 471 virginem

122 481 272 521 duxisset
284 506 294 522 ,
322 480 406 515 Cras
420 478 546 513 mulier
557 476 621 513 erit
635 502 645 518 ,
668 475 783 524 inquit
821 474 881 509 hb.
903 486 954 509 12.
968 473 1011 508 ad
1023 475 1092 526 Att-

121 530 216 579 epist.
231 542 288 575 27.
314 528 459 564 Publilia
471 527 676 563 nominatur
688 550 698 564 ‚
712 537 818 578 quam
831 522 1017 559 secundam
1030 523 1093 557 Ci-

121 579 257 616 ceronis
270 590 419 615 uxorem
430 576 527 613 fuiffe
538 575 698 611 homines
717 574 811 609 doeh
830 571 1013 608 affirmant.
1042 573 1094 606 De

121 629 175 664 liis
199 627 329 676 nuptiis
355 627 438 662 cuin
461 625 626 661 Ciceroni
647 625 713 659 Cn.
728 623 884 658 Plancius
903 620 1093 673 gratulatus

120 677 223 716 esset,
252 677 379 712 Cicero
403 677 450 711 ita
471 673 665 721 respondit,
687 670 842 720 epist.i4.
856 670 956 723 lib-4.
971 670 1089 723 Famil.

121 725 229 774 Qod
244 725 328 762 mihi
341 725 383 761 de
395 737 436 760 eo
448 747 458 762 ,
485 723 580 771 quod
592 734 721 769 egerim
738 747 746 761 ‚
769 719 951 767 gratularis
966 732 972 754 ε
997 731 1031 754 te
1046 730 1092 754 ita

121 776 211 811 velle
234 776 332 811 certo
351 774 419 809 scio
434 786 442 808 ε
465 772 520 807 sed
532 784 596 818 ego
610 782 681 806 tam
695 771 817 805 misero
831 781 990 816 tempore
1004 769 1090 803 nihil

117 824 205 860 novi
229 822 363 859 consilii
385 820 568 869 cepissem,
592 819 655 855 nisi
677 820 714 854 in
741 817 854 855 reditu
878 830 957 854 meo
979 818 1090 853 nihilo

122 873 283 909 meliores
304 884 357 908 res
379 869 582 906 domesticas
596 896 604 909 ‚
629 881 732 918 quarn
755 868 911 916 rempub.
925 866 1090 902 offendis-

118 922 197 957 sem.
225 923 288 958 &c.
318 922 402 956 Non
427 919 472 955 ita
496 918 612 955 multo
636 918 734 967 post,
758 922 863 966 quam
877 917 1004 953 Cicero
1023 918 1089 952 Pu-

116 971 245 1006 bliliam
258 969 417 1010 duxerat,
430 968 550 1004 Tullia
566 967 636 1003 fiha
649 968 739 1015 apud
754 967 945 1003 Lentulum
956 966 1091 1013 pariens

118 1018 257 1054 deceffit
270 1044 280 1060 ‚
296 1028 335 1054 ut
348 1018 550 1054 Plutarchus
563 1017 688 1052 scribit.
714 1016 882 1052 Asconius
895 1028 1037 1064 quoque
1052 1015 1087 1049 in

116 1067 296 1105 Pisonem,
320 1066 431 1103 filiam
454 1065 637 1102 Ciceronis
663 1066 754 1113 apud
777 1067 811 1100 P.
825 1065 1019 1116 Lentulum
1045 1077 1087 1101 ex

112 1126 212 1166 partu
225 1115 395 1152 deccffiffe
408 1140 417 1154 ‚
430 1115 487 1152 ait.
511 1117 652 1162 Propter
667 1115 793 1151 Tulliae
807 1125 946 1162 partum
960 1114 1086 1149 Cicero

115 1166 146 1201 ie
159 1168 283 1201 Romae
307 1165 417 1201 teneri
440 1164 541 1201 initio
562 1165 640 1200 belh
654 1163 883 1212 Hispaniensis
906 1163 1022 1199 scribit
1046 1163 1087 1199 ad

114 1217 164 1252 Le
190 1225 260 1251 tam
272 1213 365 1262 epist.
375 1226 425 1258 19.
439 1214 532 1250 lib.6.
545 1214 664 1252 Famil.
691 1213 864 1250 Lentulus
878 1212 967 1261 apud
981 1225 1085 1262 quem

115 1264 234 1300 Tullia
245 1263 383 1300 decessit
393 1289 402 1304 ,
416 1263 465 1298 est
477 1263 703 1299 P-Cornelius
717 1262 896 1299 Dolabella
907 1287 916 1301 ‚
929 1263 988 1311 qui
1001 1275 1083 1298 cum

114 1313 245 1349 Caesare
257 1313 294 1348 in
305 1312 466 1361 Hispania
476 1323 547 1348 erat
560 1338 569 1353 ‚
584 1324 623 1349 ut
636 1313 762 1348 Cicero
780 1311 898 1360 Philip.
919 1324 948 1355 2.
964 1314 998 1348 ὅτ
1010 1312 1084 1360 epi-

113 1361 278 1398 stolarum
299 1361 340 1397 ad
355 1362 511 1397 Atticum
533 1361 591 1397 lib.
610 1374 661 1406 13.
686 1361 848 1397 ostendit.
879 1363 1000 1410 Itaque
1023 1362 1082 1397 de-

138 1411 251 1447 lorans
267 1410 394 1447 Tulhae
411 1421 562 1446 mortem
585 1411 627 1447 ad
648 1411 749 1447 illum
770 1409 897 1458 scripsit
917 1410 1013 1458 epst.
1033 1423 1042 1446 1
1059 1424 1084 1446 i.

111 1459 209 1503 lib.9.
222 1461 247 1495 F
248 1459 341 1495 amil'.
365 1463 508 1507 Qanto
522 1459 645 1496 dolore
658 1470 798 1509 propter
808 1460 991 1496 interitum
1005 1458 1084 1495 fiiiae

112 1507 289 1545 carissimae
300 1509 460 1545 exarlerit
473 1533 482 1547 ‚
506 1508 572 1557 ipse
584 1509 736 1545 ostendit
757 1509 794 1544 in
807 1509 955 1557 epistolis
967 1533 978 1548 ‚
1002 1522 1083 1557 quas

111 1568 189 1594 tum
203 1557 244 1593 ad
257 1557 414 1594 Atticum
426 1556 518 1594 misit
531 1583 540 1600 ‚
563 1561 596 1596 ὃς
619 1558 753 1596 exstant
774 1558 834 1595 lib.
853 1571 904 1594 12.
920 1560 953 1594 ὅ(
973 1570 983 1593 1
998 1571 1024 1601 3.
1042 1558 1083 1594 ad

113 1607 220 1643 Attic.
260 1607 425 1656 Undique
448 1617 525 1644 turn
549 1608 773 1656 philosophos
805 1607 848 1643 ad
871 1607 1082 1643 Ciceronem

116 1655 316 1692 consolandi
329 1657 437 1704 gratia
447 1656 660 1696 convenisse,
674 1658 876 1693 Plutarchus
890 1658 1014 1693 auctor
1026 1656 1085 1692 est.

115 1704 210 1741 Misit
233 1705 276 1742 ad
289 1705 450 1742 Tullium
472 1707 716 1743 consolatorias
741 1706 854 1742 literas
872 1707 1060 1742 M.Brutus
1073 1732 1082 1747 ‚

113 1753 364 1802 epist.8.lib.12.
379 1754 421 1791 ad
434 1756 547 1792 Attin
560 1757 680 1797 Bruto,
696 1758 731 1793 ὃ(
742 1755 874 1805 epist.9.
885 1755 928 1791 ad
939 1756 1081 1791 ΜΒΝ]-

113 1813 203 1839 tum.
229 1805 301 1842 Ser.
313 1804 455 1853 Sulpicii
469 1805 660 1841 consolatio
673 1804 781 1842 exstat
793 1830 802 1844 ‚
823 1804 916 1852 epist.
930 1816 961 1847 5.
976 1803 1031 1842 lib.
1049 1816 1081 1850 4.

115 1851 301 1889 Fami1.cui
315 1853 441 1889 Cicero
454 1854 548 1903 epist.
559 1855 711 1904 sequenti
724 1854 916 1903 respondet.
939 1856 978 1889 L.
989 1866 1080 1903 quo-

114 1913 184 1949 que
197 1900 366 1950 Luccejus
378 1903 588 1940 Ciceronem
602 1917 664 1952 per
675 1904 786 1940 literas
798 1903 991 1939 consolatus
1004 1902 1080 1938 fuit.

113 1949 214 1996 eique
229 1951 411 1997 respondet
421 1952 535 1999 epist-1
548 1965 574 1996 3.
589 1953 645 1989 lib.
650 1965 681 1994 5.
694 1953 813 1988 Famil.
823 1954 989 1988 Praeterea
1001 1952 1081 1987 Cae-

112 1997 163 2033 sai·
174 1998 301 2034 litteras
313 2000 558 2036 consolatorias
575 2001 684 2048 pridie
699 2001 774 2037 Kal.
787 2001 870 2036 Maii
883 1999 1010 2048 Hispali
1023 2000 1082 2035 de-

115 2045 169 2081 dit
181 2046 482 2094 ‚epist-19.lib.13.
497 2049 538 2084 ad
552 2051 622 2085 Att.
635 2048 691 2085 sed
704 2075 712 2089 ‚
736 2049 818 2084 cum
833 2061 979 2084 omnem
994 2061 1082 2083 con-

112 2094 317 2131 solationem
331 2095 487 2131 vinceret
498 2096 649 2137 dolor,se
659 2097 727 2144 ipse
749 2109 808 2144 per
820 2097 947 2132 litteras
959 2097 1084 2131 conso-

112 2143 201 2179 latus
215 2143 263 2179 est
276 2169 285 2185 ‚
300 2142 496 2192 scripsitque
508 2144 638 2180 librum
650 2170 657 2183 ‚
674 2157 781 2193 quem
793 2144 1082 2184 consolationem,

113 2192 170 2229 vel
189 2193 233 2228 de
253 2193 350 2229 lustu
372 2192 566 2229 minuendo
587 2193 756 2241 inscripsit
771 2192 827 2229 lib.
844 2205 895 2229 12.
908 2195 943 2229 &
962 2205 1013 2236 13.
1041 2192 1082 2228 ad

114 2244 184 2278 Att-
200 2245 253 2278 Ex
266 2242 335 2277 hoc
347 2242 404 2278 lib.
417 2242 618 2279 La&antitis
630 2243 688 2278 lib.
704 2255 729 2278 1.
744 2244 779 2278 ὃς
797 2254 825 2286 3.
850 2242 962 2278 multa
973 2241 1081 2278 addu-

114 2290 172 2327 cit.
206 2290 465 2327 Consolationis
488 2291 554 2327 suae
580 2291 741 2329 meminit
765 2291 870 2327 etiam
894 2291 1020 2327 Cicero
1046 2291 1083 2326 in

115 2339 324 2376 Tusculanis
348 2340 539 2388 aliquoties.
573 2343 608 2377 δε
632 2343 668 2377 in
692 2340 842 2376 secundo
867 2340 910 2376 de
930 2340 1085 2376 Divinat.

113 2387 181 2424 sic:
211 2390 302 2424 Nam
324 2389 409 2437 quid
430 2402 496 2437 ego
518 2389 562 2425 de
576 2390 827 2426 Consolatione
847 2389 988 2426 dicam?
1008 2401 1084 2438 quae

115 2437 204 2473 mihi
217 2437 358 2486 quidem
372 2438 433 2487 ipsi
445 2438 523 2475 sane
536 2438 752 2488 aliquantum
765 2439 927 2474 medetur
938 2465 947 2480 ,
963 2439 1085 2474 ceteris

115 2486 199 2522 item
222 2486 373 2523 multum
387 2488 608 2535 profuturam
629 2500 725 2536 puto.
753 2487 959 2524 Plutarchus
979 2488 1084 2526 addit,

116 2535 327 2572 Ciceronem
340 2536 494 2573 Publiliae
508 2538 676 2574 nuntium
698 2536 860 2574 remisiffe
873 2563 881 2578 ‚
906 2537 1002 2586 quod
1016 2536 1085 2573 visa

115 2584 196 2620 esset
209 2585 335 2620 Tulliae
355 2596 472 2621 morte
492 2586 608 2622 laetari·
636 2587 743 2622 Unde
764 2586 967 2634 negotium,
988 2585 1083 2635 quod

114 2643 197 2671 cum
209 2633 361 2670 Publilio
381 2635 522 2676 habuit,
546 2635 589 2671 de
610 2636 782 2672 solutione
804 2635 895 2671 dotis
914 2635 1013 2671 fuisse
1029 2636 1084 2671 vi-

115 2681 217 2718 detur
229 2683 288 2721 lib.
300 2696 310 2719 1
323 2696 351 2727 3·
363 2686 399 2720 δε
415 2687 466 2723 16.
481 2683 522 2720 ad
535 2687 604 2720 Att.
624 2685 702 2721 Post
716 2685 842 2721 Tulliae
856 2695 1007 2721 mortem
1021 2685 1084 2720 Ci-

115 2735 196 2766 cero
207 2731 315 2767 domo
328 2732 438 2769 abfuit
449 2759 459 2773 ‚
484 2735 518 2770 &
531 2733 662 2771 Asturae
676 2745 778 2783 atque
792 2734 826 2769 iii
850 2734 971 2770 ceteris
995 2734 1083 2770 villis

116 2779 305 2817 maximam
319 2792 449 2829 partem
467 2783 549 2818 anni
571 2783 605 2818 in
628 2783 852 2832 philosophiae
866 2782 986 2819 studiis
999 2795 1083 2818 con-

116 2828 267 2878 sumpsit.
295 2831 388 2866 Cum
409 2831 505 2867 enim
523 2831 707 2868 dominatu
728 2834 835 2868 unius
852 2832 974 2868 omnia
985 2844 1084 2868 tene-

117 2888 259 2917 rentur,
281 2878 322 2914 ad
334 2879 585 2928 philosophiam
598 2907 606 2922 ‚
633 2882 690 2918 cui
711 2882 865 2917 multum
890 2881 1085 2918 adolescens

116 2925 267 2962 discendi
280 2928 376 2964 causa
387 2930 554 2978 temporis
568 2930 736 2967 tribuerat
749 2957 758 2972 ,
781 2930 812 2965 se
825 2931 942 2967 retulit
955 2957 964 2972 ‚
988 2933 1022 2967 &
1035 2931 1082 2966 sa-

117 2975 252 3023 pientiae
266 2975 419 3013 studium
443 2978 552 3026 longo
573 2979 758 3016 intervallo
773 2979 1007 3016 intermissum
1030 2992 1086 3016 re-

117 3025 258 3059 vocavit
268 3048 277 3062 ‚
291 3026 469 3063 Tiiscul.i.
482 3029 514 3064 &
527 3027 571 3063 de
585 3028 692 3065 Offic.
706 3042 736 3067 2.
752 3033 870 3077 Qare
883 3030 966 3065 cum
982 3054 991 3070 ,
1008 3041 1084 3078 quae

116 3069 138 3106 ὲ
162 3072 290 3108 Graecis
320 3074 467 3114 summis
502 3078 704 3113 auctoribus
737 3077 917 3115 memoriae
950 3078 1086 3126 prodita

117 3130 214 3155 erant
227 3146 235 3161 ‚
255 3132 293 3157 ea
307 3124 437 3159 Latinis
449 3125 570 3161 litteris
585 3126 754 3162 illustrare
767 3127 870 3163 vellet
884 3141 891 3162 ε
925 3129 1083 3163 Horten-
1099 3124 1106 3212 l

118 3165 204 3204 fium
217 3169 342 3218 scripsit
352 3196 365 3214 5
374 3185 444 3221 quo
457 3174 494 3210 in
506 3174 598 3211 libro
608 3175 863 3225 philosophiam
874 3177 915 3214 ab
927 3178 1083 3214 Horten-

1143 280 1316 324 laudavst,
1341 295 1381 320 ut
1406 283 1548 320 testatur
1568 282 1683 331 primo
1708 282 1750 317 de
1774 281 1926 318 Finibus.
1960 283 2114 330 ejusdem

1142 331 1275 365 mentio
1290 331 1338 367 est
1353 333 1496 370 Tulcul.
1513 332 1656 377 3.&11b.
1672 344 1702 367 2·
1723 330 1766 366 de
1781 330 1937 367 Divinat.
1965 332 2018 368 his
2033 346 2116 370 ver«

1141 376 1190 411 bis
1208 391 1213 412 :
1243 380 1425 416 Cohortati
1440 382 1557 418 sumus
1571 407 1579 422 ,
1605 391 1644 417 ut
1666 380 1820 417 maxime
1842 380 2021 428 potuimus
2037 408 2046 423 ‚
2069 383 2113 419 ad

1139 426 1363 474 philosophiae
1377 429 1530 466 studium
1547 432 1582 466 in
1598 443 1640 466 eo
1654 430 1742 466 libro
1755 453 1765 468 ‚
1791 430 1851 478 qui
1867 430 1915 465 est
1929 430 2111 479 inscriptus

1138 475 1356 512 Hortenfius.
1386 478 1489 524 hujus
1512 479 1587 515 libri
1612 479 1762 515 lestione
1785 481 1826 514 D.
1840 479 2055 526 Augustinus
2078 482 2111 518 se

1137 524 1177 558 ad
1193 536 1282 560 verae
1296 549 1306 562 ‚
1321 526 1390 560 hoc
1404 526 1451 560 est
1465 551 1475 564 ‚
1493 528 1696 565 Christianae
1709 528 1934 578 philosophiae
1946 540 2109 566 content·

1141 573 1332 619 plutionern
1355 575 1536 611 incensum
1560 577 1656 613 fuisse
1671 605 1680 618 ,
1708 578 1841 627 aliquot
1862 578 1948 614 locis
1972 579 2109 615 fatetur.

1137 622 1271 658 Deinde
1285 646 1293 659 ‚
1317 634 1356 658 ut
1376 623 1424 658 est
1438 624 1588 659 secundo
1607 626 1648 661 de
1660 628 1780 663 Divin.
1796 627 1892 676 quod
1903 640 2014 675 genus
2027 630 2108 677 phi-

1137 671 1339 718 losophandi
1363 672 1511 708 minime
1530 685 1692 721 arrogans
1705 700 1713 713 ‚
1734 676 1956 725 maximeque
1971 680 2005 714 ὅ(
2017 691 2106 714 con«

1136 720 1224 756 stans
1247 724 1281 757 Sc
1303 721 1439 769 elegans
1459 722 1684 758 arbitraretur
1700 748 1707 761 ‚
1727 735 1878 772 quatuor
1891 726 2108 763 Academicis

1135 769 1229 806 libris
1252 770 1413 807 ostendit.
1439 771 1621 818 Scriplemt
1644 783 1759 808 autem
1785 774 1938 821 primum
1959 775 2048 812 duos
2064 777 2106 812 li-

1136 818 1216 855 bros
1229 820 1456 856 Academicos
1467 845 1475 859 ‚
1491 823 1524 857 δῖ
1539 834 1652 856 unum
1667 822 1831 858 Catulum
1845 848 1854 862 ‚
1868 824 2015 861 alterum
2029 828 2105 862 Lu-

1133 868 1268 904 cullum
1284 869 1475 917 appellavit.
1503 883 1657 918 quorum
1675 870 1846 919 posterior
1857 872 1969 909 adhuc
1983 874 2102 911 exstat:

1134 917 1176 953 de
1199 931 1270 967 quo
1294 919 1498 955 Plutarchus
1521 920 1557 954 in
1584 919 1653 955 vita
1679 920 1828 955 Luculli.
1867 921 1991 958 deinde
2025 925 2107 972 quia

1181 968 1239 1022 (92³
1257 968 1291 1002 τὲ
1313 971 1432 1009 mein-cv
1458 968 1662 1009 videbatur,
1690 968 1786 1019 quod
1807 981 1877 1005 erat
1901 971 2106 1009 hominibus

1133 1029 1206 1052 non
1221 1017 1361 1065 ignota,
1386 1031 1459 1053 non
1473 1017 1530 1053 illa
1542 1017 1685 1066 quidem
1698 1013 1908 1053 oa'mud‘dbx'oa
1920 1045 1928 1060 ,
1945 1021 2046 1056 sedin
2062 1023 2103 1058 iis

1132 1065 1233 1102 rebus
1249 1062 1398 1113 οἰνιξιψίοι
1413 1093 1422 1108 ,
1445 1067 1580 1103 eosdem
1597 1067 1673 1103 illos
1685 1069 1860 1104 sermones
1873 1068 1914 1104 ad
1929 1070 2102 1107 Catonern

1133 1116 1352 1164 Brutumque
1367 1116 1551 1152 transtulit.
1577 1116 1632 1152 sed
1647 1117 1848 1153 admonitus
1861 1118 1903 1153 ab
1916 1118 2032 1154 Attico
2046 1131 2102 1155 to*

1129 1176 1200 1200 tani
1223 1165 1318 1201 illam
1334 1165 1563 1201 Academicen
1586 1166 1742 1208 σωίπεξιν
1757 1167 1798 1202 ab
1811 1167 2014 1203 hominibus
2036 1182 2104 1204 no·-

1128 1213 1298 1250 bilissimis
1311 1214 1459 1255 abstulit,
1473 1214 1719 1264 transtulitque
1731 1215 1771 1252 ad
1787 1217 2036 1254 M-Varronem
2046 1242 2054 1256 ‚
2067 1221 2104 1255 ἅ·

1129 1276 1171 1299 ex
1184 1263 1322 1300 duobus
1336 1263 1431 1300 libris
1444 1265 1596 1301 contulit
1608 1265 1643 1300 in
1658 1276 1827 1313 quatuor,
1841 1265 1898 1301 lib.
1912 1278 1922 1300 1
1935 1277 1961 1309 3·
1971 1267 2013 1302 ad
2026 1271 2087 1303 Att
2097 1295 2105 1302 .

1129 1312 1222 1360 epist.
1246 1326 1253 1348 ι
1266 1326 1295 1349 2.
1313 1326 1323 1349 1
1338 1326 1363 1358 3-
1378 1316 1412 1350 8<
1428 1326 1478 1355 15.
1491 1324 1593 1363 atque
1605 1327 1647 1351 ex
1660 1315 1712 1349 his
1726 1326 1876 1363 quatuor
1889 1314 1983 1350 libris
1996 1317 2100 1363 primi

1127 1373 1266 1399 tantum
1279 1363 1446 1411 particula
1459 1363 1582 1399 exstat.
1609 1363 1747 1412 Scripsit
1767 1375 1843 1400 tum
1868 1365 1972 1400 etiam
1996 1376 2034 1401 ut
2055 1379 2101 1403 ex

1129 1411 1247 1448 iisdem
1273 1412 1422 1458 epistolis
1439 1411 1666 1460 cognoscitur
1683 1439 1692 1453 ‚
1717 1413 1760 1448 de
1781 1412 1920 1451 finibus,
1947 1418 2102 1462 cumque

1129 1460 1402 1497 fundamentum
1427 1461 1507 1497 esset
1520 1462 1744 1510 philosophiae
1757 1461 1909 1510 positum
1924 1463 1959 1498 in
1972 1463 2101 1500 finibus

1127 1510 1309 1547 bonorum
1332 1513 1366 1547 δε
1386 1511 1561 1547 malorum
1587 1537 1596 1551 ‚
1630 1523 1857 1560 perpurgatus
1880 1511 1929 1547 est
1951 1513 1977 1549 is
2001 1512 2099 1550 locus

1127 1559 1283 1609 quinque
1304 1559 1398 1596 libris
1413 1585 1422 1599 ‚
1445 1572 1485 1596 ut
1509 1560 1595 1609 quid
1618 1560 1638 1597 a
1661 1563 1849 1610 quoque&
1869 1560 1955 1609 quid
1976 1573 2101 1600 contra,

1126 1622 1301 1658 quemque
1317 1609 1564 1656 Philosophum
1589 1610 1783 1651 diceretur,
1807 1610 1955 1658 intelligi
1977 1612 2098 1660 poffet,

1127 1658 1183 1694 lib.
1192 1672 1222 1694 2.
1238 1659 1281 1694 de
1293 1658 1443 1695 Divinat.
1468 1661 1518 1696 Ita
1529 1670 1646 1696 autem
1659 1659 1812 1695 confecit
1823 1660 1979 1709 quinque
1992 1660 2100 1697 libros

1128 1703 1201 1744 w&
1213 1707 1311 1742 τελῶν
1325 1732 1334 1746 ,
1347 1719 1385 1744 ut
1400 1709 1570 1756 Epicurea
1583 1711 1813 1758 L.Torquato
1825 1735 1833 1750 ‚
1845 1710 1961 1746 Stoica
1974 1711 2100 1746 M.Ca-

1125 1756 1224 1798 toni,
1239 1753 1479 1800 «ὲὲιπατηῖωωὲ
1491 1760 1542 1794 Μ.
1555 1757 1668 1794 Pisoni
1682 1758 1777 1800 daret
1788 1784 1796 1799 ,
1813 1757 2099 1806 epist-18.lib-13.

1125 1805 1166 1841 ad
1180 1808 1250 1843 Att.
1277 1806 1416 1855 Scripsit
1430 1807 1555 1843 eodem
1569 1818 1727 1855 tempore
1742 1808 1994 1844 Laudationem
2010 1810 2100 1844 Por-

1124 1855 1186 1890 ciae
1198 1879 1208 1893 ‚
1226 1856 1350 1892 sororis
1364 1858 1414 1892 M.
1426 1857 1570 1892 Catonis
1583 1881 1593 1895 ‚
1607 1858 1641 1892 ὃς
1655 1857 1775 1894 uxoris
1790 1860 1828 1893 L.
1841 1857 1988 1893 Domitii
2002 1859 2096 1894 Ahe-

1124 1904 1271 1940 nobarbi
1286 1929 1296 1944 ‚
1308 1904 1403 1954 epist.
1422 1909 1472 1949 36.
1486 1908 1521 1942 8<
1534 1918 1591 1950 47.
1604 1905 1663 1941 lib.
1683 1906 1788 1950 13.ad
1801 1909 1870 1942 Att-
1893 1906 1971 1955 Jam
1983 1908 2001 1943 a
2013 1907 2096 1943 scri-

1127 1953 1192 2001 ptis
1214 1954 1282 1990 alio
1307 1954 1526 1990 transeamus.
1553 1954 1632 1990 Post
1646 1955 1774 1991 Tulliae
1793 1966 1945 1991 mortem
1959 1956 2098 1992 Tullius

1127 2004 1175 2037 M.
1190 2004 1228 2038 F.
1250 2003 1400 2039 Athenas
1423 2016 1507 2039 cum
1522 2006 1560 2040 L.
1576 2003 1699 2038 Tullio
1723 2007 1895 2040 Montano
1919 2005 2098 2052 profestus

1126 2049 1185 2085 est.
1212 2050 1249 2085 in
1273 2049 1343 2086 fine
1366 2051 1425 2087 lib.
1444 2064 1492 2086 12.
1517 2051 1556 2086 ad
1571 2051 1673 2086 AttiC·
1687 2054 1780 2087 Sei-v.
1796 2053 1970 2099 Sulpicius
1984 2053 2098 2090 adhuc

1128 2098 1262 2134 Achaiae
1276 2110 1418 2146 praeerat
1430 2125 1438 2139 ‚
1453 2111 1555 2148 atque
1568 2099 1678 2146 pridie
1693 2100 1932 2149 Kalend-lun.
1949 2103 2096 2139 Athenis

1126 2146 1167 2180 ad
1181 2146 1391 2182 Ciceronem
1404 2147 1499 2183 dedit
1510 2148 1620 2195 epist.i
1634 2161 1662 2184 2.
1675 2148 1765 2193 lib.4·
1779 2151 1870 2185 Fam.
1883 2150 1918 2185 in
1933 2163 2000 2199 qua
2012 2164 2094 2187 eum

1126 2194 1311 2230 certiorem
1325 2195 1404 2232 facit
1416 2195 1458 2232 de
1473 2197 1692 2233 M-Marcello
1707 2224 1715 2238 ‚
1730 2199 1788 2247 qui
1803 2199 1821 2234 a
1834 2199 1994 2247 PMagio
2007 2201 2095 2236 Chi-

1127 2243 1210 2279 lone
1221 2243 1354 2280 occisus
1367 2255 1437 2281 erat
1451 2270 1459 2283 ‚
1475 2247 1597 2282 Livius
1607 2247 1666 2283 lib.
1686 2259 1695 2282 1
1710 2251 1760 2289 1'5.
1785 2248 1911 2284 Cicero
1924 2248 2019 2297 epist.
2040 2262 2094 2286 io.

1128 2294 1162 2329 ὃς
1180 2305 1229 2329 11.
1253 2293 1313 2329 lib.
1335 2306 1385 2338 ¹3·
1410 2294 1449 2330 ad
1464 2295 1569 2331 Attic-
1594 2297 1849 2345 A.Torquatus
1872 2310 1914 2333 eo
1937 2309 2097 2346 tempore

1128 2342 1270 2378 Athenis
1282 2343 1455 2380 exsulabat
1466 2368 1476 2383 ‚
1487 2344 1528 2380 ad
1542 2357 1647 2393 quem
1660 2345 1737 2381 sunt
1749 2346 1929 2382 Ciceronis
1942 2348 2092 2396 epistolae

1129 2390 1221 2426 lib.6.
1236 2392 1354 2427 Famil.
1371 2395 1410 2428 In
1425 2404 1546 2441 quarta
1557 2394 1652 2442 epist.
1667 2396 1806 2430 Servius
1821 2396 1963 2432 Athenis
1975 2396 2093 2432 disces-

1129 2439 1199 2476 siffe
1222 2439 1363 2477 dicitur·
1393 2443 1503 2478 Caesiir
1517 2443 1658 2479 interim
1672 2443 1797 2480 liberos
1811 2445 2011 2492 Pompeiiin
2026 2446 2093 2482 Hi·
2121 2457 2124 2459 ’

1127 2489 1238 2536 spania
1251 2490 1335 2526 vicit
1351 2504 1357 2526 ε
1376 2491 1394 2526 ἐ
1408 2492 1534 2539 quibus
1547 2495 1670 2529 Sextus
1683 2493 1839 2540 profugit
1852 2519 1859 2533 ,
1875 2495 1993 2530 Cneus
2006 2495 2094 2542 prid.

1128 2537 1513 2587 1·d.Apri1.inte1·fe&us
1536 2541 1585 2576 est
1607 2542 1749 2577 aii-flore
1761 2542 1889 2578 Hirtio.
1916 2544 2096 2580 Dolabella

1127 2587 1207 2623 inde
1230 2588 1267 2624 in
1290 2589 1423 2625 Italiam
1453 2589 1629 2637 profestus
1653 2616 1662 2631 ,
1697 2590 1738 2626 ad
1762 2591 1974 2629 Ciceronem
1998 2592 2094 2641 Majo

1127 2637 1243 2673 mense
1255 2649 1374 2677 venit,
1397 2638 1493 2687 epist.
1513 2642 1544 2674 8.
1558 2639 1616 2674 lib.
1636 2651 1686 2683 13.
1707 2639 1747 2676 ad
1762 2642 1832 2677 Att.
1847 2641 1958 2677 Caesar
1969 2641 2094 2678 deinde

1129 2687 1165 2722 in
1193 2687 1317 2723 urbem
1341 2688 1457 2723 mense
1481 2688 1629 2724 Ouobri
1651 2689 1814 2728 revertit,
1838 2699 1878 2725 ut
1899 2692 2097 2727 Paterculus

1127 2735 1222 2772 lib.2.
1236 2737 1361 2773 scribit.
1390 2737 1496 2772 Initio
1508 2735 1582 2785 ejus
1595 2737 1720 2774 niensis
1733 2751 1815 2775 eum
1832 2740 2006 2776 revertisse
2018 2766 2026 2782 ‚
2049 2753 2094 2778 ex

1127 2784 1190 2823 iis,
1212 2798 1289 2833 quae
1302 2786 1494 2835 sequuntur
1507 2810 1516 2824 ‚
1538 2786 1652 2823 disces.
1681 2789 1721 2823 In
1739 2789 2006 2836 triumphalibus
2025 2788 2094 2825 fra-

1126 2836 1278 2881 gmentis
1289 2835 1487 2871 tabularum
1498 2835 1775 2884 Capitolinarum
1789 2837 1849 2873 scri
1855 2849 1953 2886 ptum
1967 2838 2033 2876 est,
2048 2839 2103 2886 Q

1128 2883 1271 2920 Fabium
1287 2884 1488 2920 Maximum
1502 2896 1578 2920 cos.
1591 2899 1685 2921 anno
1698 2897 1857 2922 Dccviii-
1879 2899 1922 2923 ex
1936 2886 2096 2935 Hispania

1129 2943 1180 2967 111.
1198 2932 1247 2968 ld.
1273 2934 1404 2970 Ostob,
1428 2933 1662 2981 triumphasse.
1691 2935 1812 2970 Fabius
1834 2935 1951 2972 autem
1974 2935 2096 2971 consul

1129 2994 1202 3016 non
1227 2981 1316 3022 suit,
1340 2981 1402 3017 nisi
1424 2982 1500 3031 post
1524 2983 1662 3019 Caesaris
1686 2984 1837 3020 reditum
1859 2997 1902 3021 ex
1925 2984 2097 3033 Hispania.

1129 3030 1240 3066 Caesar
1262 3030 1358 3066 enim
1379 3031 1415 3066 in
1440 3032 1563 3068 urbem
1585 3033 1740 3069 reversus
1760 3034 1941 3069 consulatu
1954 3034 1985 3069 se
1998 3033 2094 3069 abdi·

1129 3079 1221 3114 cavit
1236 3105 1244 3120 ‚
1259 3080 1340 3116 &in
1357 3079 1530 3130 reliquum
1543 3082 1625 3117 anni
1638 3082 1854 3128 Qabium‚
1868 3082 2095 3119 &C-Trebo-

1127 3127 1228 3163 nium
1241 3127 1394 3168 suffecit,
1424 3131 1565 3166 au&ore
1577 3131 1829 3174 Dionelib.43.
1859 3130 2098 3179 atquehisunt

1128 3176 1297 3216 Consules
1313 3202 1324 3220 2
1346 3190 1435 3228 quos
1450 3180 1624 3263 Caesaremf
1638 3179 1688 3273 in>
1696 3190 1819 3228 quarto
1832 3178 2022 3230 Consulatu
2038 3176 2099 3211 fibi

1582 3230 1593 3272 (
1645 3239 1664 3263 ε.
1989 3236 2098 3262 inter-
