2339 3379
601 120 862 175 ORA'trio
905 138 1024 172 PRO
1065 123 1134 174 T.
1170 129 1383 175 Animo
1429 131 1705 186 MtLomt.
2056 154 2142 206 553

179 210 274 254 quem
285 209 365 242 Idem
375 205 409 240 in
419 205 527 240 Clodio
544 217 607 239 non
616 206 817 237 dubitandum
830 216 836 235 :
861 210 871 226 ¹
885 208 959 247 quin
972 206 999 236 se
1024 206 1075 236 ille
1091 208 1141 236 in·
1190 209 1253 238 mul
1265 209 1421 251 obsignavi
1431 222 1500 244 cum
1511 216 1636 248 Clodio:
1661 218 1872 252 testamentum
1881 226 1980 253 autem
1989 216 2086 262 palam
2096 221 2143 252 fe-

180 253 308 284 terfe&o
322 252 440 283 Milone
449 271 458 284 ‚
477 259 666 291 regnaturum
677 251 811 289 putaret?
832 248 934 290 Quid?
958 248 1038 288 quod
1054 257 1140 287 caput
1186 260 1272 284 cerat,
1285 252 1318 281 &
1327 253 1415 283 illum
1427 255 1618 292 heredem&
1627 271 1677 291 me
1684 262 1840 303 scripserat.
1851 267 1950 305 Qem
1960 264 2055 304 pridie
2065 265 2139 295 hora

183 295 310 326 audaciae
321 293 380 326 est,
392 292 523 332 judices:
544 296 612 332 quis
624 293 753 332 ignorat,
774 299 950 320 ΜΑκιΜΑΜ
961 289 1135 319 illecebram
1187 294 1270 332 tertia
1279 295 1411 324 animam
1423 296 1575 329 efflantem
1585 301 1749 343 reliquisset
1758 326 1767 339 ‚
1785 316 1855 335 eum
1867 314 2024 336 mortuum
2032 305 2140 346 postri'-

184 334 410 375 essbpeccandi,
431 335 618 372 impunitatis
628 334 734 372 spem?
755 335 792 362 In
804 342 870 362 uti-0
880 334 969 372 igitur
978 331 1109 376 haecytuit
1124 335 1134 360 ἓ
1184 333 1232 361 die
1242 334 1313 364 hora
1325 335 1441 366 decima
1455 339 1584 381 denique
1603 345 1629 372 ei
1647 347 1857 378 nuntiabatur?
1878 351 1941 388 Age
1953 367 1962 381 ,
1984 346 2017 377 sit
2035 351 2076 377 ita
2091 347 2136 378 fa-
2161 355 2200 388 19

184 379 219 407 in
229 376 370 406 Milone?
389 376 442 415 qui
455 377 543 405 etiam
555 385 636 405 nunc
645 384 712 404 reus
722 373 765 404 est
775 373 855 406 faeti,
867 382 915 403 aut
923 372 1052 412 praeclari
1064 391 1073 404 ‚
1086 379 1135 400 aut
1184 372 1267 403 etum
1281 385 1286 403 2
1309 385 1375 415 quae
1384 378 1466 409 causa
1476 400 1484 412 ‚
1495 391 1546 412 cur
1556 385 1688 416 Romam
1698 391 1884 428 properaret?
1905 390 1998 418 curin
2008 376 2134 420 nodkm

184 417 262 449 certe
272 415 445 446 necessarii?
462 425 498 445 an
509 418 542 445 in
553 417 683 446 Clodio?
699 418 752 456 qui
765 418 803 445 ita
814 414 942 453 judicia»
956 421 1137 452 poenamque
1183 413 1210 443 se
1226 417 1408 454 conjiceret?
1431 424 1444 446 5
1461 422 1534 461 quid
1553 423 1692 457 afferebat
1708 430 1791 460 causa
1808 430 2029 460 festinationis?
2050 429 2134 471 quod

183 458 391 491 contemserat,
400 466 432 487 ut
442 467 511 487 eum
523 458 601 487 nihil
611 457 779 490 delesstaiet,
790 456 872 497 quod
882 465 931 485 aut
943 463 991 494 per
1000 461 1135 482 naturam
1179 455 1264 484 hei-es
1273 459 1351 486 erat?
1372 461 1508 498 primum
1525 474 1585 495 erat
1606 469 1683 497 nihil
1695 489 1703 503 ,
1724 481 1776 501 cur
1785 478 1926 512 properato
1949 481 2023 511 opus
2043 470 2113 502 effet
2126 482 2133 488 ·

176 501 226 540 fas
235 497 320 532 esset,
343 508 392 529 aut
402 509 454 538 per
470 499 548 539 leges
558 501 680 529 liceret?
701 498 757 529 Sed
767 498 839 539 quid
856 507 911 537 ego
921 504 1112 537 argumentor
1122 498 1134 524 Ξ
1178 495 1286 526 deinde
1297 517 1306 530 .
1320 497 1338 527 si
1347 501 1418 539 quid
1431 501 1510 532 effet-
1522 507 1593 545 quid
1603 509 1722 541 tandem
1733 521 1811 546 erat,
1823 513 1903 554 quod
1914 523 1946 543 ea
1956 513 2046 543 noete
2055 495 2133 544 con-

179 540 253 581 quid
263 541 346 580 plura
356 540 474 580 disputo
486 543 496 570 ?
515 551 541 571 te
552 562 561 574 ‚
581 542 722 581 Q-Petilli'
737 561 745 573 ,
764 539 882 580 appello
892 558 900 571 ,
913 547 1065 583 optimum
1078 557 1087 570 .
1101 536 1134 567 δί
1177 537 1258 577 sequi
1267 537 1362 583 poss‘et
1374 559 1382 573 ‚
1393 551 1542 575 amitteret
1558 558 1655 579 autem
1667 572 1676 584 ‚
1696 551 1715 581 fi
1724 553 1866 593 postridie
1886 554 1974 584 mane
1994 557 2129 585 Romam

177 580 373 612 fortiffimum
385 584 484 612 civem
497 592 541 612 :te
553 603 560 616 ,
574 585 617 613 M.
629 585 714 615 Cato,
725 581 832 612 testor:
854 589 931 620 quos
942 580 1020 625 mihi
1028 578 1131 625 divina
1180 579 1326 611 venisiet?
1348 585 1444 622 Atque
1453 603 1461 617 ,
1483 595 1515 615 ut
1528 588 1573 617 illi
1587 591 1753 624 nocturnus
1764 595 1799 625 ad
1818 596 1922 626 urbem
1932 596 2076 626 adventus
2085 598 2134 626 v'r-

164 623 314 664 ‘quaedam
335 625 395 653 sors
413 624 628 663 deditjudices,
653 627 716 653 Vos
730 633 767 653 ex
782 625 828 652 M.
841 625 976 652 Favonio
995 619 1129 666 audistis,
1180 620 1285 650 tandus
1295 625 1407 666 pot—ms,
1419 626 1509 664 quam
1518 634 1701 667 expetendus
1709 635 1766 666 fuit
1779 648 1784 665 z
1807 636 1845 667 fic
1856 639 1989 671 Miloni,
2003 648 2072 668 cum
2083 640 2134 669 jn-

177 665 321 695 Clodium
338 664 392 695 sibi
402 664 510 696 dixisse
521 685 529 699 ‚
549 666 582 696 &
592 665 713 696 audistis
724 685 732 699 ,
753 667 825 694 vivo
839 662 948 692 Clodio
963 669 1129 700 periturum
1176 660 1294 691 fidiator
1303 661 1374 693 esset
1384 683 1392 697 ‚
1411 664 1432 694 sl
1442 667 1531 697 illum
1542 670 1577 699 ad
1590 672 1694 703 urbem
1709 677 1801 707 noch,
1820 678 2000 709 accessurum
2010 680 2117 710 &jebar

176 707 331 737 Milonem
349 707 457 737 triduo.
480 707 545 747 post
563 708 646 737 diem
657 709 777 737 tertium
797 703 874 745 gesta
892 712 937 749 re?
955 701 998 732 est
1010 721 1019 735 t
1036 702 1129 749 ‚quam
1175 701 1739 750 snbfidendum’asqueexspestffldvm
1751 718 1816 749 fuit.
1840 720 1944 754 1105ch
1963 699 2130 754 invidioso:

177 747 300 778 dixerat.
323 748 402 778 Cum
427 749 478 778 ille
496 759 561 779 non
579 749 726 778 dubitaret
741 754 862 786 apertre·
885 743 958 783 qffld
976 751 1127 789 cogitaret,
1176 743 1208 773 &
1219 744 1312 784 Pleno
1324 746 1473 778 latronum
1484 751 1516 780 in
1528 752 1595 782 loco
1610 756 1768 789 occidiflzz.
1792 770 1884 791 nemo
1894 773 1921 791 ei
1932 772 1968 792 ne
1990 766 2051 793 anti
2062 773 2128 793 non
2145 764 2147 766 ’

119 802 132 827 1
143 803 161 836 7
177 799 231 820 vos
244 789 367 830 potestis
377 790 521 823 dubitare,
531 789 603 830 quid
613 789 735 819 fecerit?
756 784 1025 831 Quemadmodum
1036 792 1126 825 igitur
1173 785 1359 821 credidisset,
1382 798 1473 828 quem
1486 790 1543 822 effe
1553 803 1661 825 omnes
1670 798 1783 829 salvum
1796 820 1804 833 ,
1816 804 1905 832 etiam
1917 773 2127 838 congiitencem.

176 841 248 862 eum
260 832 322 862 dies
334 842 397 861 non
410 829 760 870 fefellitedixiequidem
772 825 877 857 modo.
897 826 1061 872 Distatoris
1071 827 1128 871 La·
1171 827 1288 858 volunt.
1319 828 1507 863 Sustinuiss'et
1522 836 1581 865 hoc
1599 840 1712 869 crimen
1730 842 1864 880 primum
1883 845 1944 883 ipse
1961 846 2013 875 ille
2034 846 2125 875 iatro-

174 875 286 904 nuvini
296 872 364 903 stata
372 871 510 902 sacrificia
518 870 612 904 noffe,
624 871 738 911 negotii
748 870 917 899 niiiilerat.v
927 868 1004 898 vidit
1014 866 1128 897 necesse
1171 878 1246 898 num
1257 871 1420 901 occultator
1431 893 1440 906 ,
1459 874 1491 904 δε
1501 885 1661 917 receptator
1676 881 1750 910 locus
1762 903 1770 916 ,
1789 885 1861 913 dum
1872 895 1967 926 neque
1980 895 2060 917 muta
2075 888 2123 917 so«

174 913 234 945 efl'e
251 916 366 945 Miloni
381 912 527 953 proficisci
541 914 714 943 Lanuvium
723 912 779 941 illo
791 911 874 950 ipso,
898 919 959 950 quo
975 908 1127 949 Profe&us
1170 910 1268 940 litudo
1286 911 1457 948 indicasset,
1477 926 1574 958 neque
1592 930 1666 951 caeca
1684 933 1749 953 nox
1768 924 1939 956 ostendiss'et
1953 929 2102 958 Milonem
2117 939 2123 944 ·

173 956 227 989 est,
238 955 298 986 die.
320 958 417 995 itaque
427 957 591 985 antevertit.
619 957 659 984 At
671 964 731 994 quo
745 952 814 983 die?
837 961 898 992 quo
908 970 917 984 ‚
931 960 964 981 ut
972 959 1039 982 ante
1048 950 1124 984 dixi,
1168 949 1183 971 ⁶
1194 952 1303 983 deinde
1316 954 1367 984 ubi
1382 957 1472 986 multi
1485 958 1521 988 ab
1531 961 1586 990 illo
1597 964 1701 994 violati
1711 985 1721 998 ‚
1740 966 1855 1006 spoliati
1867 987 1875 1001 ,
1894 968 1982 997 bonis
1998 953 2123 1009 expum-

171 995 471 1028 insaniffimaconcio
480 995 515 1026 ab
524 994 616 1035 ipfius
625 996 808 1026 mercenario
818 993 940 1024 tribuno
947 993 987 1033 pl.
999 991 1041 1023 est
1051 1002 1126 1022 con·
1170 994 1259 1024 multi
1277 997 1368 1026 etiarn
1384 998 1445 1028 haec
1456 1000 1595 1032 timentes
1613 1006 1645 1034 in
1664 1006 1864 1046 suspicionem
1883 1009 2036 1040 caderent-
2061 990 2123 1041 tota,

137 1066 141 1070 .
170 1040 275 1069 citata:
296 1048 386 1078 quem
398 1037 481 1067 diem
490 1037 554 1071 ille,
564 1048 655 1079 quam
665 1039 848 1067 concionem
858 1055 867 1069 ‚
879 1044 955 1075 quos
965 1034 1123 1067 clamores,
1167 1035 1296 1077 denique
1314 1047 1361 1067 rea
1373 1042 1509 1071 citaretur
1520 1045 1644 1076 Etruria.
1672 1052 1769 1090 Atque
1787 1051 1843 1080 1110
1859 1050 1908 1082 ὼε
1923 1051 2003 1081 ρει-[ὲ
2023 1035 2122 1083 Aricia

170 1079 227 1110 nisi
236 1079 272 1109 ad
282 1081 444 1120 cogitatum
453 1078 568 1109 facinus
578 1087 798 1119 approperaret,
809 1086 977 1117 numquam
987 1076 1124 1116 reliquis-
1168 1077 1286 1108 rediens
1299 1084 1313 1108 7
1323 1079 1449 1112 devertit
1459 1084 1583 1115 Clodius
1596 1088 1630 1117 ad
1642 1089 1670 1119 se
1684 1092 1846 1122 Albanum.
1870 1092 1961 1131 Quod
1972 1092 2027 1123 nifi
2037 1095 2123 1124 sciret

169 1121 219 1151 stt.
246 1123 324 1161 Ergo
333 1121 378 1151 illi
389 1130 427 1150 ne
437 1121 519 1151 causa
528 1122 652 1162 quidem
662 1122 778 1150 itineris
789 1139 799 1154 ‚
809 1121 899 1149 etiam
909 1118 1124 1149 causamanen-
1167 1120 1247 1150 Milo
1259 1140 1268 1154 2
1284 1121 1375 1152 illum
1385 1125 1492 1155 Aricssae
1502 1125 1588 1157 t‘uiss'e
1599 1149 1607 1162 a
1630 1130 1766 1171 suspicari
1778 1143 1879 1164 tamen
1892 1135 2012 1169 debuit,
2032 1145 2116 1169 eum,

168 1162 202 1192 di
213 1172 220 1191 ε
242 1163 354 1192 Miloni
365 1162 508 1193 manendi
518 1163 600 1193 nulla
609 1161 730 1193 facultas
740 1181 748 1195 ‚
759 1160 891 1193 exeundi
901 1170 966 1190 non
982 1160 1064 1190 causa
1077 1160 1124 1189 so·
1164 1161 1275 1192 etiamsi
1285 1165 1420 1195 Romam
1429 1166 1485 1196 ilio
1494 1167 1542 1198 die
1552 1174 1658 1201 reverti
1668 1174 1756 1205 vellet
1767 1195 1774 1208 ‚
1786 1175 1820 1206 ad
1830 1176 1934 1206 villam
1947 1176 2040 1211 suam,
2052 1187 2119 1218 qua:

169 1203 249 1237 him,
262 1203 407 1234 sedetiam
416 1202 572 1234 neceffitas
580 1204 647 1234 fuit.
671 1203 763 1241 Quid,
775 1201 806 1236 fi,
817 1202 911 1232 utille
921 1201 1016 1235 scivit,
1028 1201 1124 1231 Milo·
1167 1206 1246 1234 viam
1257 1212 1404 1246 tangeret,
1422 1207 1624 1241 deversurum.
1647 1224 1699 1244 cur
1716 1226 1813 1257 neque
1829 1227 1896 1247 ante
1910 1220 2037 1248 occurrit
2077 1229 2119 1249 ne

171 1256 246 1276 nem
257 1246 319 1275 fore
329 1256 366 1276 eo
376 1246 467 1276 diein
477 1255 523 1276 via
534 1265 543 1278 »
562 1244 600 1276 sic
611 1246 753 1276 Clodium
766 1245 845 1274 Milo
853 1254 892 1273 ne
901 1243 1036 1283 suspicari
1055 1244 1123 1284 qui-
1164 1245 1216 1275 ille
1235 1247 1267 1276 in
1287 1247 1359 1278 villa
1376 1247 1529 1281 resideret:
1554 1263 1608 1284 nec
1619 1265 1656 1285 eo
1675 1257 1708 1286 in
1727 1257 1795 1288 loco
1814 1259 1960 1292 subsedit,
1980 1240 2052 1300 qui),
2064 1261 2118 1292 ille:

170 1287 241 1317 dem
252 1289 370 1327 potuit?
391 1286 529 1318 Primum
540 1297 640 1328 quaero
649 1307 658 1321 ,
670 1285 721 1328 qui
731 1287 803 1316 scire
814 1286 953 1326 potuerit.
975 1283 1056 1326 quod
1067 1294 1122 1315 vos
1164 1285 1259 1317 noctu
1274 1298 1414 1320 venturus
1424 1290 1516 1322 ess'et?
1537 1296 1634 1326 Video
1643 1298 1738 1329 adhuc
1748 1299 1880 1331 constare
1892 1304 1997 1331 omnia
2005 1322 2014 1335 ,
2030 1303 2119 1342 jndi-

167 1329 253 1359 idem
263 1339 296 1359 in
311 1328 420 1359 Clodio
432 1339 561 1370 quaerere
579 1339 643 1359 non
660 1328 795 1368 potestis.
820 1337 852 1357 ut
867 1329 952 1357 enim
963 1328 1120 1371 neminem
1164 1338 1231 1359 ces:
1256 1331 1370 1361 Miloni
1385 1334 1475 1363 etiam
1491 1336 1563 1366 utile
1573 1336 1659 1369 fuisse
1669 1340 1809 1371 Clodium
1829 1343 1948 1373 vivere·
1971 1343 2018 1373 illi
2027 1344 2062 1374 ad
2072 1353 2104 1374 ea

168 1371 263 1400 alium
271 1390 281 1404 7
300 1368 353 1400 nifi
364 1373 400 1400 Τ4
413 1373 546 1401 Patinam
557 1391 566 1404 2
582 1369 849 1401 familiariffimum
860 1369 948 1399 suum
959 1388 968 1402 2
983 1367 1118 1409 rogaflet,
1165 1380 1230 1412 quae
1239 1375 1438 1413 concupierat,
1450 1377 1668 1415 optatissimum
1679 1384 1835 1414 interitum
1845 1368 1974 1415 Milonis
1987 1395 1993 1414 ;
2008 1364 2118 1416 odium}

167 1412 242 1442 scire
249 1414 349 1451 potuit
357 1431 365 1445 ,
384 1413 440 1441 iilo
450 1413 514 1452 ipso
524 1412 572 1442 die
582 1413 712 1442 Lanuvii
723 1411 738 1443 ὲ
754 1411 899 1442 d16tatore
908 1411 1028 1441 Milone
1034 1410 1121 1450 prodi
1164 1411 1253 1443 tuisse
1263 1415 1344 1444 illius
1354 1417 1387 1445 in
1396 1417 1476 1447 hunc
1489 1420 1720 1457 acerbiffimum,
1733 1427 1767 1455 in
1776 1426 1865 1456 illurn
1877 1427 1966 1466 hujus
1975 1427 2096 1456 nullum
2109 1438 2116 1442 ·

167 1452 324 1483 flaminem
336 1452 450 1483 neccfl'e
467 1451 537 1484 esse.
560 1454 702 1484 sederant
712 1455 855 1493 permulti
871 1453 941 1486 alii,
962 1461 999 1482 ex
1009 1451 1118 1492 quibus
1162 1455 1413 1486 consuetudinem
1432 1459 1513 1490 illius
1533 1472 1705 1502 perpetuam
1726 1468 1761 1496 in
1779 1470 1810 1497 vi
1828 1467 1984 1498 inferenda
1995 1480 2004 1502 5
2026 1450 2120 1508 hujtss

165 1494 199 1524 id
209 1493 354 1524 facillime
364 1495 435 1525 scire
443 1493 553 1535 posset:
566 1505 674 1526 omnes
683 1496 794 1526 scilicet
803 1494 968 1526 Lanuvini.
995 1493 1075 1523 Milo
1084 1493 1120 1523 de
1163 1504 1278 1527 tantum
1296 1500 1331 1528 in
1343 1500 1512 1538 repellenda
1528 1514 1533 1532 :
1555 1514 1686 1537 mortem
1699 1508 1735 1537 ab
1754 1509 1810 1538 illo
1830 1509 2037 1540 denuntiatam
2054 1510 2117 1539 Mi-

166 1535 268 1566 Clodii
283 1536 379 1566 reditu
395 1537 476 1567 unde
484 1536 640 1578 quaefivit?
661 1535 808 1578 quaesierit
816 1537 895 1567 sane.
915 1535 1016 1566 videte
1027 1555 1035 1568 ‚
1046 1535 1119 1575 quid
1164 1539 1239 1572 loni,
1250 1539 1283 1570 &
1292 1540 1464 1579 praedictam
1475 1545 1573 1583 palam
1585 1558 1593 1580 ς
1611 1549 1689 1578 nihil
1700 1559 1845 1590 umquam
1855 1551 1992 1581 auditum
2004 1560 2041 1581 ex
2051 1552 2117 1581 Mi..

164 1577 254 1609 vobis
263 1578 503 1618 largiar-servum
514 1581 616 1613 etiam,
629 1588 661 1609 ut
669 1583 783 1612 Arrius,
793 1587 880 1608 meus
889 1579 1015 1611 amicus.
1028 1577 1119 1611 dixit,
1163 1580 1250 1610 lone:
1272 1581 1471 1621 profectionis
1480 1587 1568 1625 hujus
1581 1588 1663 1619 diem
1683 1591 1729 1620 illi
1739 1599 1849 1621 notum
1861 1603 1871 1625 ;
1891 1591 2022 1622 reditum
2032 1593 2116 1622 illius

163 1620 316 1661 corruperit
356 1622 458 1661 Legite
492 1619 665 1651 testimonia
689 1620 809 1651 testium
831 1618 1007 1650 vestrorum.
1040 1619 1120 1649 dixit

164 1663 181 1682 ²
190 1664 222 1692 C.
238 1660 393 1696 Caffinius,
403 1672 607 1704 cognomento
617 1662 703 1693 Scola
712 1682 720 1697 ,
731 1663 913 1692 Interamnis
926 1665 938 1688 3
948 1660 1117 1692 familiaris-

162 1701 273 1736 simus,
294 1703 418 1734 &idem
427 1715 530 1735 comes
546 1708 577 1735 P.
592 1705 711 1735 Clodii:
735 1705 781 1743 cuj
788 1713 821 1733 us
834 1702 1016 1743 jampridem
1034 1701 1116 1733 testi-

162 1746 273 1774 monio
291 1745 413 1775 Clodius
429 1747 531 1776 eadem
543 1747 614 1777 hora
625 1749 808 1777 Interamna:
817 1744 911 1775 fuerat
921 1765 930 1778 ,
950 1745 983 1775 &
992 1746 1113 1778 Romae,

161 1788 195 1816 P.
205 1785 349 1816 clodi-um
359 1787 415 1816 illo
425 1787 473 1818 die
483 1790 515 1818 in
525 1788 643 1819 Albano
653 1788 829 1818 mansurum
838 1785 926 1816 fuifl'e
937 1786 1004 1816 :sed
1014 1785 1114 1816 subito

161 1828 190 1857 ei
205 1825 261 1857 efle
272 1830 454 1862 nuntiatum,
466 1832 577 1869 Cyrum
588 1828 794 1870 ArchiteEtum
804 1827 861 1858 elle
870 1837 1028 1857 mortuum
1039 1838 1045 1857 ε
1061 1830 1116 1858 ita—

161 1879 220 1909 que
230 1871 363 1900 Romam
372 1871 492 1910 repente
513 1870 696 1901 constituiffe
709 1869 867 1910 proficisci.
890 1869 971 1899 dixit
984 1870 1041 1899 hoc
1060 1879 1113 1899 co-

102 1914 143 1948 18
164 1920 228 1940 mes
243 1912 318 1940 item
333 1913 362 1940 P.
375 1911 493 1945 Clodii,
512 1915 545 1942 C.
557 1913 692 1942 Clodius.
715 1910 1112 1951 videie‚judices,quantae

160 1962 206 1982 res
217 1953 263 1981 his
276 1951 461 1982 testimoniis
478 1951 534 1983 fint
550 1953 704 1983 confectae.
727 1955 860 1992 primum
879 1952 956 1981 certe
973 1952 1112 1982 liberatur

1162 1622 1382 1671 hmi‘i'gssffium
1398 1624 1497 1656 fuiss'e.
1520 1629 1611 1669 hujus
1621 1633 1677 1661 iter
1688 1631 1905 1668 necess'arium;
1926 1634 2007 1664 illius
2023 1636 2115 1664 etiam

1160 1672 1263 1703 potius
1272 1665 1406 1712 alienum
1418 1677 1424 1696 :
1446 1668 1528 1700 hunc
1539 1680 1598 1711 prae
1610 1672 1637 1702 se
1647 1672 1745 1704 tuliffe
1758 1695 1766 1707 ,
1778 1675 1806 1705 se
1816 1675 1871 1705 illo
1881 1675 1930 1706 die
1939 1678 2041 1707 Roma
2049 1678 2114 1706 exi-

1161 1714 1282 1754 turum)
1299 1707 1389 1737 illum
1398 1718 1435 1754 eo
1446 1709 1494 1740 die
1505 1712 1533 1742 se
1543 1712 1734 1746 diffiniuiaffe
1744 1716 1910 1747 rediturum
1922 1728 1928 1747 :
1952 1719 2034 1748 hunc
2044 1718 2116 1748 nul-

1160 1748 1273 1795 lius-rei
1287 1749 1413 1780 mutafle
1420 1751 1580 1785 consilium
1591 1753 1601 1790 ς’
1623 1756 1712 1787 illum
1723 1760 1838 1789 causam
1848 1759 1986 1789 mutandi
1996 1759 2115 1790 consilii

1158 1787 1276 1820 finxisse
1288 1801 1293 1819 2
1305 1792 1392 1826 huic,
1404 1791 1425 1822 si
1434 1793 1632 1832 insidiaretur,
1647 1798 1771 1829 ῃοᾶεῐη
1781 1810 1872 1841 prope
1885 1800 1991 1832 urbem
2005 1802 2111 1842 exspe-

1158 1830 1296 1862 &andam
1309 1844 1318 1866 5
1329 1833 1386 1867 illi,
1398 1837 1486 1866 etiam
1498 1836 1519 1866 fi
1535 1839 1617 1869 hunc
1627 1850 1690 1870 non
1700 1843 1819 1872 timeret
1830 1862 1839 1875 ‚
1855 1851 1956 1872 tamen
1964 1842 2109 1874 accessum

1156 1872 1190 1919 ad
1203 1873 1309 1903 urbem
1319 1875 1504 1908 noeturnum
1513 1879 1821 1913 tuiss'emetuendum.
1845 1884 2009 1914 Videamus
2028 1894 2109 1915 nunc
2131 1894 2175 1919 20

1155 1913 1197 1947 id,
1207 1914 1289 1954 quod
1298 1925 1387 1961 caput
1395 1917 1437 1948 est
1449 1929 1454 1947 ε
1477 1920 1562 1950 locus
1569 1922 1605 1951 ad
1620 1921 1740 1953 infidias
1750 1925 1801 1953 ille
1816 1925 1888 1965 ipse,
1901 1926 1953 1956 ubi
1965 1925 2110 1967 congreffi

202 1996 205 2000 ι
478 1996 482 2000 y
897 1995 900 1998 ,
1022 1995 1026 1999 .
1086 1996 1090 1999 v
1154 1955 1231 2002 sunt,
1247 1965 1304 1986 utri
1314 1957 1434 1988 tandem
1444 1959 1646 2002 fueritapti'or.
1679 1964 1714 1994 1d
1724 1964 1806 1998 vero,
1814 1968 1823 2005 j
1829 1967 1939 2001 udices,
1951 1969 2042 1998 etiam
2052 1968 2109 1998 du-

160 1995 251 2026 Milo,
263 2003 326 2023 non
335 2004 372 2024 eo
380 1992 506 2024 confilio
514 1994 663 2034 profectus
671 1992 729 2024 esse
739 2014 747 2026 ,
772 2003 804 2023 ut
816 1992 1001 2023 insidiaretur
1019 2003 1052 2023 in
1062 2003 1110 2024 via
1154 1997 1310 2038 bitandum
1319 2018 1328 2031 ‚
1345 1999 1378 2029 δε
1388 2000 1500 2031 diutius
1509 2005 1703 2035 cooitandum
1718 2006 1782 2037 est?
1805 2012 1883 2038 Ante
1892 2007 2024 2039 fundum
2035 2010 2111 2039 Clo-

159 2035 270 2065 Clodio
287 2045 291 2064 :
312 2038 422 2076 quippe
437 2037 489 2077 qui
503 2037 531 2066 ei
548 2036 657 2066 obvius
670 2035 789 2066 futurus
805 2037 936 2064 omnino
952 2044 1017 2064 non
1034 2043 1106 2065 erat⁴
1152 2038 1213 2068 dii:
1235 2040 1456 2079 quoinfund0‚
1467 2030 1587 2084 propt'er
1595 2047 1712 2078 insanas
1723 2049 1789 2079 illas
1798 2049 2032 2081 substructiones
2061 2050 2110 2081 fa-

156 2076 266 2106 deinde
278 2077 353 2115 (non
364 2078 447 2107 enim
457 2077 547 2108 video
556 2097 564 2111 ,
575 2088 626 2108 cur
636 2087 699 2108 non
709 2087 814 2107 meum
826 2087 946 2117 quoque
962 2086 1045 2118 agam
1056 2087 1110 2106 ne·
1150 2080 1208 2110 cile
1221 2080 1308 2110 mille
1320 2083 1485 2114 hominum
1499 2087 1664 2118 versabatur
1683 2090 1859 2121 valentium.
1884 2087 1897 2110 ⁸
1908 2092 1990 2122 edito
2002 2072 2108 2124 ad'ver-

153 2119 288 2159 gotium)
302 2118 390 2152 scitis,
398 2121 410 2158 j
415 2119 516 2149 udices
524 2139 532 2153 ,
542 2118 639 2153 fuiss'e,
651 2121 704 2160 qui
717 2121 749 2148 in
758 2120 811 2148 hac
821 2127 974 2159 rogatione
984 2118 1108 2148 suaden-
1154 2121 1219 2151 farii
1228 2131 1314 2163 atque
1325 2125 1424 2163 excelsi)
1434 2125 1490 2155 loco
1502 2128 1685 2168 superiorem
1696 2132 1724 2162 se
1734 2131 1798 2162 fore
1807 2134 1930 2173 putabat
1950 2135 2030 2164 Milo
2070 2119 2105 2166 δὲ

153 2159 191 2189 da
200 2159 345 2193 dicerent,
356 2160 483 2190 Milonis
493 2171 580 2190 manu
587 2161 699 2191 caedem
710 2159 768 2190 esse
777 2159 886 2190 fafitam
895 2179 904 2194 ,
915 2159 1023 2200 confilio
1034 2159 1107 2190 verb
1149 2163 1190 2193 ob
1200 2174 1266 2194 earn
1277 2174 1341 2195 rem
1356 2176 1429 2196 eum
1439 2168 1544 2199 locum
1555 2171 1591 2201 ad
1608 2181 1646 2211 pu
1671 2183 1740 2203 nam
1760 2173 1951 2214 potiffimum
1961 2155 2086 2217 elegerat
2094 2178 2107 2205 ἒ

155 2202 280 2240 majoris
296 2202 433 2240 aiicujus.
457 2202 605 2232 Videlicet
614 2203 820 2232 melatronem
832 2221 840 2235 ,
858 2212 891 2231 ac
909 2200 1043 2232 sicarium
1055 2201 1105 2231 ab-
1149 2214 1186 2234 an
1201 2206 1234 2235 in
1244 2216 1281 2236 eo
1302 2207 1369 2237 loco
1385 2207 1428 2238 est
1438 2210 1540 2249 potitis
1558 2183 1740 2253 exspegtatus
1748 2217 1784 2246 ab
1794 2226 1831 2246 eo
1842 2236 1852 2251 ,
1871 2220 1924 2258 qui
1936 2216 2026 2257 ipfius
2043 2218 2104 2247 loci

149 2241 224 2284 Jeeh'
235 2244 370 2272 hominis
381 2263 389 2275 ,
407 2243 440 2273 &
448 2244 556 2282 perditi
564 2244 778 2274 describebant.
796 2244 902 2284 Jacent
915 2244 973 2273 suis
984 2242 1107 2273 testibus
1153 2247 1203 2286 spe
1211 2246 1306 2277 facere
1316 2250 1467 2289 impetum.
1477 2254 1634 2293 cogitarat?
1655 2258 1716 2287 Res
1725 2257 1869 2297 loquitur,
1881 2258 2011 2298 judices,
2023 2260 2084 2300 ipsa
2097 2270 2102 2288 :

152 2286 195 2317 ii,
206 2286 258 2324 qui
268 2284 410 2314 Clodium
420 2294 530 2323 negant
547 2295 584 2314 eo
595 2285 643 2315 die
652 2288 787 2316 Romam
796 2304 807 2318 ‚
826 2288 844 2311 4
852 2282 908 2314 nisi
919 2285 956 2314 de
965 2287 1043 2324 Cyto
1054 2295 1106 2315 au·
1149 2298 1214 2328 quae
1225 2289 1340 2329 semper
1358 2292 1437 2322 valet
1456 2293 1634 2332 plui-imiimi.
1658 2300 1688 2328 Si
1706 2299 1768 2329 haec
1779 2309 1844 2330 non
1862 2299 1941 2341 gesta
1950 2301 2102 2335 audiretis.

153 2324 258 2358 disset,
278 2324 364 2356 fuifl'e
380 2325 557 2357 rediturum.
580 2327 753 2366 Respiravi:
777 2325 918 2356 liberatus
932 2326 1017 2357 sum:
1039 2336 1104 2356 non
1147 2330 1196 2360 sed
1206 2329 1286 2369 pidia
1304 2331 1462 2363 videretis:
1482 2343 1583 2368 tamen
1594 2348 1742 2378 appareret
1754 2359 1762 2374 ‚
1782 2350 1846 2372 uter
1856 2340 2102 2375 ess‘et'insidiator,

151 2376 274 2400 vereor,
287 2377 324 2397 ne
336 2388 344 2401 ‚
362 2367 442 2408 quod
454 2378 492 2398 ne
501 2368 637 2408 suspicari
645 2367 769 2409 quidem
779 2369 931 2407 potuerim
942 2387 951 2401 ,
962 2367 1064 2398 videar
1073 2367 1104 2398 id
1148 2380 1213 2401 uter
1224 2373 1301 2401 ni'nil
1311 2376 1452 2414 cogitaret
1462 2377 1533 2407 mali
1543 2398 1551 2412 ,
1573 2378 1644 2410 esim
1655 2381 1728 2412 alter
1735 2383 1891 2413 veheretur
1901 2385 1933 2413 in
1943 2383 2031 2413 rheda
2041 2393 2102 2423 pae-

148 2407 298 2450 cogitasse.
321 2411 353 2439 N
356 2419 415 2439 unc
424 2410 503 2449 perse
526 2420 577 2440 uar
592 2419 687 2440 cetera
702 2420 708 2439 z
730 2419 801 2440 nam
811 2409 1040 2439 occurritillud:
1064 2420 1103 2440 ne
1144 2413 1274 2447 nuiatus,
1285 2416 1344 2445 una
1353 2415 1466 2448 sederet
1476 2428 1561 2449 uxor.
1573 2422 1763 2462 quidhorum
1775 2434 1838 2454 non
1850 2424 2103 2465 impeditffmum?

149 2450 276 2480 Clodius
288 2450 410 2490 quidem
421 2451 458 2481 de
468 2453 501 2481 in
514 2451 582 2481 idiis
591 2453 751 2493 cogitavit,
772 2452 918 2491 quoniam
926 2449 988 2481 fuit
1005 2453 1038 2481 in
1046 2452 1101 2481 Al·
1144 2454 1269 2485 vestitus
1290 2466 1326 2486 an
1345 2459 1518 2490 vehiculum
1530 2481 1539 2495 ,
1558 2472 1595 2492 an
1605 2468 1729 2494 comes?
1749 2465 1821 2505 quid
1833 2468 1936 2496 minus
1944 2476 2103 2506 promtum

149 2491 230 2537 bano
239 2492 391 2522 mansurus
401 2512 410 2526 ,
428 2490 573 2534 stquidem
585 2502 719 2524 exiturus
731 2493 766 2523 ad
780 2492 894 2523 caedem
913 2492 931 2522 ὲ
946 2492 1019 2523 villa
1035 2503 1100 2524 non
1141 2495 1177 2526 ad
1189 2506 1321 2538 pugnam
1333 2518 1341 2532 ,
1350 2498 1422 2529 ct‘im
1435 2503 1551 2540 paenula
1562 2505 1691 2535 irretitus
1706 2526 1714 2539 ,
1726 2507 1815 2537 rheda
1825 2508 1987 2547 impeditus
1996 2528 2005 2542 ,
2018 2518 2100 2539 uxo-

147 2531 259 2563 fuisset.
291 2533 388 2563 Video
407 2537 490 2564 enim
502 2555 511 2567 ,
532 2535 619 2564 illum
633 2555 641 2568 ,
661 2536 713 2575 qui
732 2535 842 2565 dicitur
860 2534 897 2564 de
918 2536 987 2574 Cyri
1003 2544 1100 2565 morte
1142 2547 1172 2567 re
1190 2540 1275 2578 paene
1293 2540 1471 2571 consti-ierus
1492 2542 1582 2574 effet?
1613 2546 1721 2577 Videte
1734 2557 1815 2578 nunc
1834 2549 1923 2580 illurn
1936 2570 1945 2583 ,
1963 2549 2100 2590 primum

147 2573 295 2605 nuntiasse
305 2594 314 2608 ‚
331 2584 394 2605 non
404 2575 434 2606 id
444 2575 611 2610 nuntiasse,
631 2577 679 2607 sed
690 2576 842 2606 Milonem
853 2578 1098 2616 appropinquare.
1142 2580 1345 2620 egredientem
1360 2586 1374 2609 9
1387 2585 1403 2612 e
1413 2584 1498 2616 villa,
1516 2586 1632 2621 subit0;
1651 2594 1724 2619 cur?
1745 2590 1878 2629 vesperi;
1896 2592 1970 2632 quid
1983 2591 2101 2622 necesse

146 2625 219 2646 nam
231 2616 303 2656 quid
321 2615 358 2646 de
368 2619 445 2657 Cyro
461 2621 610 2648 nuntiaret
622 2638 630 2652 ,
647 2628 738 2658 quem
749 2616 873 2648 Clodius
886 2620 988 2647 Roma
1004 2618 1098 2657 profi·
1141 2621 1204 2650 est?
1227 2622 1306 2653 tarde
1316 2635 1325 2657 3
1337 2623 1389 2664 qui
1398 2628 1552 2660 convenit,
1565 2629 1593 2657 id
1605 2630 1766 2668 praesertim
1778 2635 1921 2671 temporis
1933 2635 1942 2662 ?
1964 2635 2100 2667 Divertit

144 2658 258 2688 ciscens
271 2658 427 2699 reliquerat
437 2660 641 2691 morientem?
664 2660 732 2690 Una
749 2659 813 2690 fui:
837 2657 1049 2690 testamentum
1061 2659 1097 2690 [ι-
1140 2663 1174 2693 iu
1183 2664 1289 2694 villam
1298 2667 1448 2707 Pompeji.
1471 2669 1653 2710 Pompejum
1674 2681 1705 2702 ut
1724 2672 1862 2703 videret?
1885 2673 1992 2706 sciebat
2001 2676 2033 2705 jn
2044 2676 2100 2705 Al-

2013 2715 2098 2751 sienfi

173 2767 207 2799 ἰ.
225 2760 288 2808 Qin
295 2760 361 2800 se'ille
370 2762 488 2793 i'ntmfet‘lo
496 2764 595 2806 Milone,
603 2761 673 2795 ὄχῳ]
684 2761 726 2788 Sic
735 2761 840 2788 Uverd.
853 2761 964 2788 Erfurd.
975 2763 1002 2789 &
1015 2764 1036 2789 F
1037 2762 1094 2790 abi·-
1177 2770 1205 2795 6.
1225 2772 1311 2796 Deinde
1321 2773 1362 2797 ubi
1370 2774 1440 2798 multi
1447 2775 1478 2799 ab
1487 2784 1509 2800 ω
1519 2776 1627 2810 ι-υιίπίαη“.]
1659 2775 1695 2802 '1⁶0
1705 2780 1745 2804 nbi
1755 2780 1769 2804 ii
1780 2778 1857 2805 Basil.
1867 2778 1936 2806 abest
1950 2780 1978 2804 Sc
1990 2779 2098 2806 videtui·

142 2800 224 2820 etiam
235 2797 245 2820 1
255 2796 301 2821 aii.
311 2794 510 2838 {ed-excludunt
519 2800 564 2823 dle.
980 2836 985 2841 ¹
1141 2805 1290 2832 Gulielmio
1298 2815 1343 2833 aut
1354 2808 1514 2841 tollendum,
1525 2819 1570 2837 aut
1580 2812 1737 2840 mutandum
1747 2814 1774 2840 in
1784 2816 1828 2841 ibi.
1840 2799 2006 2843 tametsi'non
2017 2826 2048 2843 ne
2069 2823 2098 2843 et

179 2838 207 2855 2.
227 2833 254 2856 C.
271 2833 387 2865 Caffimtfs
398 2841 464 2872 coget.
481 2834 573 2874 symm]
593 2833 703 2874 Erfurd.
721 2834 749 2860 &
769 2832 847 2860 Bafil.
864 2836 893 2860 C.
902 2835 1016 2868 Austrum
1030 2837 1098 2861 scola
1139 2840 1247 2868 dest-ndi
1258 2843 1336 2869 etjam
1346 2843 1416 2879 posse
1428 2845 1577 2880 vulgatum,
2049 2826 2068 2852 g

143 2867 339 2898 Interamnam,
348 2876 413 2904 quos
422 2870 543 2904 »sequitui-
553 2869 726 2896 GulielmiuS.
1175 2894 1202 2921 7.
1221 2890 1325 2914 Divertit
1334 2890 1427 2914 Clodius
1437 2891 1498 2923 adst
1507 2892 1541 2916 ad
1548 2894 1694 2930 Albanum]
1715 2894 1746 2921 Id
1757 2896 1793 2922 cst
1813 2895 1845 2922 ad
1857 2897 1948 2924 villam
1958 2896 2041 2924 suam.
2062 2897 2100 2926 ita

182 2907 208 2934 3.
226 2904 428 2935 Familiareffimm
444 2905 474 2935 ἀγ
488 2906 547 2930 idem
566 2906 663 2940 comcs]
685 2907 725 2932 lta
739 2914 845 2941 quoque
862 2904 969 2932 Uverd.
980 2906 1007 2932 &
1021 2906 1095 2933 Hitt.

144 2934 317 2972 probavitque
334 2938 398 2964 item
417 2942 431 2965 ὲ
442 2940 493 2966 suis
511 2940 618 2967 modius
638 2942 723 2969 noster
744 2942 826 2978 Epist.
837 2950 942 2968 'cxxxx'
958 2942 1096 2968 Nemmi-
1139 2921 1206 2948 liber
1216 2923 1392 2950 eoionicnfis.
1412 2935 1471 2952 naui
1481 2928 1563 2954 ceteri
1573 2928 1751 2957 destituuntur
1765 2931 1813 2957 illo
1823 2933 1858 2957 ad
1866 2934 1902 2966 siv.

147 2978 225 3004 quor*
239 2973 310 2997 reti-‹⁸›
323 2973 579 3008 vulgam'J-ammaris
588 2987 662 3003 mnus,-
1175 2965 1203 2992 8.
1222 2967 1292 2993 Edtto
1309 2967 1445 3000 adversarii
1464 2976 1535 3003 atque
1552 2973 1634 3005 excels&
1643 2975 1687 2999 loco
1699 2993 1707 3005 ,
1724 2974 1803 3009 drzu]
1826 2976 1869 3002 Sic
1879 2975 1935 3003 sere
1948 2976 2097 3003 Ei·siir«⁸..&

181 3012 210 3037 4.
230 3007 311 3046 NJfide
319 3009 374 3041 ero
383 3010 481 3043 audiffit
492 3030 500 3043 ‚
513 3013 583 3045 fin'ffe
592 3013 750 3047 redisumm]
770 3014 811 3039 Ita
824 3013 897 3039 Hitt.
909 3011 1020 3039 Erfurd.
1032 3013 1093 3039 :ilii-
1140 3001 1238 3042 C019n'
1250 3002 1347 3043 quibus.
1364 3003 1439 3036 hujus
1451 3004 1501 3046 lofi
1521 3007 1653 3035 restitum)
1671 3009 1738 3036 haud
1749 3009 1829 3038 dabie
1847 3012 1959 3040 debetur
1970 3023 1976 3039 ³
2003 3014 2048 3048 ‘1¹¹1
2067 3013 2095 3040 in

144 3049 197 3076 que
208 3040 304 3077 scr-ipti.
325 3043 392 3069 l'all.
402 3051 490 3072 tamen
500 3048 608 3073 auditum
619 3067 627 3080 ,
646 3049 777 3075 rediturum
788 3049 869 3083 fmffi.
880 3048 947 3076 editi
959 3067 969 3082 ,
986 3049 1095 3075 auditum
1137 3037 1277 3073 1)ιὼικξιῃὸ
1289 3038 1362 3064 ¹¹bs¹⁵
1373 3039 1400 3064 ὃ(
1412 3041 1523 3068 ¹¹¹ut¹h¹⁵
1534 3043 1560 3068 &
1572 3052 1722 3080 ‘³0¹'fl-'PU13-

143 3077 188 3110 ‘ffl
201 3095 208 3107 ,
227 3078 276 3119 red..
289 3079 369 3110 smffi»⁴
552 3120 556 3125 .
605 3120 609 3125 .
640 3119 646 3124 ι
1174 3090 1203 3117 9.
1214 3085 1237 3107 Ε
1245 3083 1400 3116 villa‚subitb
1410 3095 1418 3116 ‚-
1428 3094 1470 3110 cur
1480 3087 1564 3126 ?&c.]
1578 3087 1724 3125 Flagitium
1735 3091 1874 3123 Lambini,
1884 3093 1930 3127 qui
1941 3093 1994 3119 hoec
2007 3093 2096 3119 omnia

185 3120 210 3144 5.
229 3113 418 3145 Qdadfirebat
427 3117 684 3157 causafislmauonu]
704 3119 747 3146 Est
757 3120 789 3146 ab
799 3120 876 3147 Basti.
886 3129 945 3147 nam
956 3119 1024 3150 Pali.
1042 3130 1093 3150 non
1126 3124 1307 3158 ‘perverterat
1324 3117 1427 3146 duobus
1441 3122 1526 3149 verbis
1537 3123 1628 3158 cjestis
1642 3145 1649 3157 ‚
1668 3129 1780 3155 omnino
1793 3128 1939 3157 ucceffiiriis
1953 3138 1958 3143 ·
1979 3129 2096 3156 adhibita

144 3146 241 3176 habent
253 3149 333 3182 causa,
344 3147 386 3176 scd
397 3156 481 3179 tamen
487 3154 655 3187 festinationis.
676 3155 942 3192 vulgoftstlnalimtm.
1117 3172 1124 3189 3
1140 3152 1247 3189 quldtm
1258 3154 1484 3193 interpunetionis
1496 3159 1682 3191 Gulielmium:
1693 3163 1762 3190 luce.
1952 3147 1960 3162 ⁷

1555 3201 1655 3231 Aaaa
2004 3203 2103 3238 15:412
