2379 3400
261 139 394 200 ‘1076
676 129 748 178 M.
815 126 1178 174 Tunnii

262 221 335 261 piria
346 237 353 249 ‚
373 221 551 256 quantopere
568 208 734 250 expetenda
746 205 814 238 esset
826 226 833 237 .
858 205 891 236 &
907 204 1036 236 colenda
1048 224 1056 238 ,
1077 204 1143 235 satis
1154 223 1163 237 ,
1184 210 1217 233 ut

264 262 382 291 arbitror
402 277 409 288 ‚
429 255 547 285 dietum
566 252 607 281 est
623 254 654 280 in
667 247 836 280 Hortensio.
860 249 896 278 de
908 248 1052 277 maximis
1062 255 1160 276 autem
1173 254 1219 275 re-

265 303 320 332 bus
334 299 409 328 nihil
423 296 484 326 feri·
498 291 713 324 intermisimus
724 290 824 331 postea
833 299 889 321 nec
898 289 1043 329 disputare
1054 308 1063 322 ,
1083 298 1139 318 nec
1147 287 1221 318 scri-

263 343 341 372 bere.
367 340 413 368 his
432 346 530 366 autem
551 335 635 365 libris
654 331 785 372 exposita
801 332 926 364 fumea,
948 330 1137 371 quaeanobis
1150 338 1220 359 cum

264 379 463 412 familiaribus
474 376 584 407 nostris
595 378 626 405 in
638 375 812 406 Tusculano
822 382 905 404 erant
914 373 1067 413 disputata.
1078 371 1134 402 Sed
1145 380 1220 411 quo-

267 426 349 453 niam
357 420 476 451 duobus
487 417 688 458 superioribus
699 437 706 450 ‚
719 416 756 446 de
766 425 862 446 morte
873 435 881 448 ,
897 414 930 444 ὃς
940 414 976 444 de
987 414 1094 444 dolore
1103 412 1222 443 dietum

267 464 309 494 est
319 483 326 496 ‚
345 471 447 493 tertius
458 461 520 490 dies
530 460 740 499 disputationis
751 459 808 488 hoc
818 459 938 487 tertium
950 456 1093 485 volumen
1103 453 1223 484 efficiet.

266 509 310 536 Ut
326 506 411 534 enim
430 505 463 532 in
475 501 667 532 Academiam
685 499 816 530 nostram
827 498 1038 529 descendimus
1049 517 1057 531 ,
1077 497 1225 527 inclinato

266 548 326 586 jam
346 549 379 576 in
396 543 664 586 postmeridianum
690 550 809 581 tempus
829 541 896 574 die,
916 540 1039 582 poposci
1055 548 1161 569 eorum
1171 538 1225 567 ali-

228 604 252 633 4
266 597 357 629 quem
370 607 379 621 ‚
398 589 450 627 qui
471 585 607 619 aderant,
626 583 743 614 causam
765 581 938 612 differendi.
964 584 1048 612 Tum
1063 590 1107 610 res
1117 578 1179 610 afta
1189 577 1227 608 sic

265 629 319 660 est.
352 628 523 659 A.Videtur
542 628 621 657 inibi
640 626 742 656 cadere
762 626 793 654 in
811 625 976 664 sapientem
1001 622 1153 664 aegritudo.
1190 630 1226 649 M.

269 675 357 703 Num
376 671 497 711 reliquae
518 678 640 710 quoque
654 667 890 707 perturbationes
899 666 993 695 animi
1006 685 1014 698 ,
1033 663 1228 696 formidines,

266 713 410 744 libidines
422 732 431 746 ,
451 710 635 741 iracundiae?
653 711 715 739 haec
727 710 810 738 enim
818 707 882 738 fere
896 707 962 737 sunt
973 706 1144 745 ejusmodi,
1164 713 1230 745 quae

269 757 365 786 Graeci
376 754 438 783 πάθη
446 752 611 793 appellant:
634 761 690 793 ego
699 759 834 790 poteram
850 748 972 779 morbos
983 768 991 781 ‚
1013 748 1045 778 ὃς
1061 747 1089 777 id
1101 747 1231 777 verbum

267 795 365 828 essene
376 795 468 825 verbo
481 805 486 823 ε
507 793 555 824 sed
577 795 610 823 in
621 792 876 823 consuetudinem
889 789 1019 821 nostram
1031 799 1096 819 non
1105 789 1230 819 caderet.

267 848 339 870 nam
351 836 506 869 misereri,
528 835 664 866 invidere
673 855 683 868 ,
696 833 801 875 gestire
813 853 822 866 ,
838 833 927 863 laetari
938 852 946 864 ‚
960 833 1022 862 haec
1031 833 1137 861 omnia
1149 839 1232 860 mor-

267 880 325 911 bos
336 880 433 909 Graeci
449 878 598 918 appellant
610 897 618 910 ‚
638 885 739 907 motus
757 876 853 905 animi
879 875 987 905 rationi
1000 883 1064 903 non
1074 873 1233 912 obtempe-

267 923 393 953 mnteis:
408 929 464 950 nos
474 929 573 950 autem
587 920 642 949 hos
655 917 778 948 eosdem
790 925 891 947 motus
908 917 1049 946 concitati
1059 916 1154 945 animi
1166 934 1174 948 ‚
1187 923 1233 943 re—

270 962 320 994 ἃὲ
332 983 341 997 ,
356 971 388 992 ut
401 963 531 1002 opinor,
547 959 980 1002 perturbationesdixerimus:
995 957 1120 987 morbos
1130 964 1231 986 autem

269 1015 336 1036 non
356 1005 422 1035 satis
442 1002 562 1034 usitate:
586 1000 640 1033 nisi
655 1001 728 1042 quid
738 1000 1021 1031 aliudtibividetur.
1046 1008 1077 1028 A.
1092 998 1171 1027 Mihi
1184 1007 1234 1027 vc-

268 1047 305 1078 Ῑὸ
326 1045 384 1077 isto
404 1046 511 1076 modo.
538 1055 574 1074 M.
588 1045 719 1074 haeccine
739 1043 831 1084 igitur
849 1041 994 1072 caderein
1004 1042 1166 1081 sapientem
1179 1049 1234 1079 pu-

269 1093 337 1120 tas?
370 1088 532 1118 A.Prorsus
551 1085 705 1116 existimo.
743 1087 849 1114 M.Nae
873 1083 926 1114 ista
947 1083 1075 1125 gloriosa
1093 1083 1236 1121 sapientia

268 1140 336 1161 non
356 1139 467 1170 magno
487 1127 660 1159 aestimanda
671 1125 713 1157 est
723 1147 731 1160 ‚
755 1124 901 1167 fiquidem
915 1135 977 1155 non
990 1123 1123 1154 multum
1135 1121 1235 1153 differt

267 1172 306 1203 ab
326 1172 450 1202 insania.
474 1170 579 1212 Qid?
596 1170 652 1199 tibi
667 1168 809 1199 omnisne
823 1169 921 1198 animi
934 1167 1106 1197 commotio
1118 1164 1237 1194 videtur

268 1214 388 1244 insania
400 1216 411 1243 ?
434 1223 471 1242 M.
483 1216 558 1242 Non
569 1212 647 1241 mihi
658 1210 783 1252 quidem
795 1210 851 1240 soli
867 1220 871 1237 :
885 1209 932 1239 sed
943 1228 951 1242 ,
964 1208 994 1238 id
1005 1208 1085 1248 quod
1097 1206 1238 1237 admirari

267 1255 344 1296 saepe
354 1255 437 1285 soleo
452 1275 460 1288 ‚
486 1253 650 1293 majoribus
660 1262 781 1293 quoque
793 1250 900 1282 nostris
911 1253 969 1280 hoc
979 1252 1019 1280 ita
1028 1249 1130 1279 visum
1140 1247 1237 1277 intel—

266 1298 290 1328 Ii
313 1308 332 1328 o
346 1297 452 1327 multis
471 1295 583 1326 saeculis
594 1303 661 1325 ante
672 1297 821 1325 Socratem
837 1293 870 1322 :a
880 1302 941 1333 quo
954 1293 1015 1321 haec
1024 1292 1145 1324 omnis,
1171 1298 1238 1330 quae

267 1308 313 1371 είξ
322 1339 358 1369 de
369 1340 440 1372 vita,
454 1338 487 1368 ὃς
497 1337 534 1368 de
546 1337 692 1369 moribus,
704 1335 894 1376 philosophia
904 1335 1047 1364 manavit.
1060 1335 1239 1373 A.Qonam

270 1381 393 1412 tandem
416 1380 532 1410 modo?
553 1389 589 1409 M.
603 1380 681 1420 Qia
701 1387 816 1407 nomen
841 1377 964 1406 insaniae
975 1373 1239 1417 significatmentis

269 1424 500 1463 aegrotationem
513 1442 522 1456 ,
539 1421 571 1451 δε
584 1420 739 1453 morbum,
753 1419 784 1449 id
796 1418 848 1452 est,
865 1422 874 1438 ¹
886 1418 1090 1449 insanitatem,
1103 1416 1135 1446 &
1147 1424 1240 1455 aegro-

271 1473 337 1496 tum
350 1466 489 1494 animum
503 1484 511 1498 ,
530 1473 622 1504 quarn
644 1462 830 1502 appellarunt
841 1460 998 1490 insaniam.
1021 1467 1131 1488 omnes
1142 1465 1241 1487 autern

270 1506 509 1548 perturbationes
528 1506 644 1537 animi,
666 1503 791 1533 morbos
809 1502 984 1542 philosophi
1003 1500 1169 1540 appellant:
1190 1507 1244 1527 ne-

270 1556 420 1590 gantque,
444 1545 570 1576 stultum
589 1554 772 1586 quemquam
793 1545 839 1573 his
856 1543 975 1573 morbis
993 1551 1112 1578 vacareg
1130 1541 1243 1580 quiau-

271 1598 335 1621 tem
357 1591 391 1618 in
409 1587 519 1618 morbo
534 1587 600 1616 sunt
614 1606 623 1619 ‚
641 1587 703 1616 sani
716 1595 779 1615 non
794 1585 881 1614 sunt:
902 1585 1086 1614 &omnium
1099 1581 1241 1621 insipien-

272 1632 353 1662 tium
371 1631 467 1660 animi
489 1630 521 1658 in
533 1628 643 1658 morbo
654 1627 739 1658 sunt:
760 1635 869 1655 omnes
880 1624 1055 1665 insipientes
1065 1625 1156 1664 igitur
1168 1621 1246 1652 insa—

274 1674 377 1703 niunt.
403 1671 560 1701 sanitatem
584 1670 852 1699 enimanimorum
866 1687 874 1701 ‚
895 1666 1019 1707 positam
1032 1668 1063 1695 in
1076 1664 1248 1705 tranquilli-

273 1720 333 1744 tate
345 1712 470 1754 quadam
484 1732 492 1745 ‚
515 1710 740 1751 constantiaque
752 1709 928 1742 censebant,
946 1709 993 1738 his
1009 1707 1096 1738 rebus
1108 1714 1247 1736 mentem

274 1764 398 1786 vacuam
412 1774 421 1787 ‚
444 1753 628 1794 appellarunt
647 1754 794 1782 insaniam
807 1771 815 1784 ‚
840 1754 1017 1790 2pr0pterea
1034 1748 1117 1789 quod
1138 1750 1169 1777 in
1181 1756 1247 1786 per—

277 1797 397 1827 turbato
416 1797 540 1828 animo,
565 1792 636 1824 sicut
655 1796 688 1824 in
708 1802 835 1832 corpore
848 1812 856 1825 ‚
877 1792 984 1821 sanitas
1008 1789 1065 1819 esse
1076 1799 1139 1819 non
1150 1786 1246 1828 poffit.

242 1846 264 1877 ς
281 1842 347 1870 Nec
360 1837 462 1867 minus
485 1835 561 1866 illud
571 1845 654 1866 acute
665 1855 675 1869 ,
699 1838 711 1862 3
723 1834 804 1874 quod
815 1834 911 1863 animi
920 1831 1114 1862 affeffionem
1126 1850 1134 1863 ‚
1154 1830 1249 1859 lumi-

278 1891 318 1911 ne
333 1881 445 1910 ment‘is
454 1887 604 1908 carentem
617 1897 626 1911 ,
652 1875 1063 1907 nominaverunt-amentiam
1077 1893 1085 1906 ,
1106 1871 1248 1902 eandem—

276 1932 336 1964 que
357 1921 552 1952 dementiam.
576 1929 615 1949 ex
626 1916 934 1959 quointelligendum
946 1914 1008 1948 est,
1029 1924 1080 1945 eos
1093 1934 1102 1947 ‚
1122 1914 1249 1954 quihaec

278 1964 368 1995 iebus
379 1964 505 1992 nomina
514 1961 700 2002 posuerunt,
713 1957 829 1989 sensisse
840 1960 897 1988 hoc
909 1957 990 1987 idem
1004 1977 1011 1992 ‚
1023 1956 1104 1997 quod
1117 1957 1132 1985 a
1144 1958 1249 1986 Socra-

278 2015 308 2037 te
319 2014 472 2044 acceptum
491 2003 653 2044 diligenter
675 2003 769 2032 Stoici
779 2002 984 2031 retinuerunt,
1008 1997 1249 2038 omneiffz'nfipien-

272 2055 323 2078 teis
341 2046 389 2084 effe
407 2057 458 2075 non
474 2046 565 2084 fimas.
586 2045 666 2086 4qui
684 2045 767 2073 enim
797 2040 920 2072 animus
930 2039 1013 2070 estin
1024 2041 1125 2080 aliquo
1137 2038 1246 2068 morbo

275 2090 416 2129 (morbos
442 2097 542 2118 autem
556 2107 564 2121 ‚
586 2088 641 2116 hos
660 2084 844 2125 perturbatos
866 2092 969 2113 motus
997 2092 1030 2112 ut
1047 2081 1143 2111 modo
1166 2080 1244 2112 dixi.

273 2131 450 2173 philosophi
461 2128 621 2169 appellant)
633 2137 696 2157 non
708 2128 802 2167 magis
813 2124 856 2156 est
866 2126 952 2155 sanus
962 2145 970 2158 ‚
983 2124 1071 2165 quarn
1085 2123 1114 2153 id
1125 2131 1248 2162 corpus,

275 2173 359 2215 quod
385 2174 417 2202 in
434 2172 543 2201 morbo
554 2170 605 2201 est.
629 2171 669 2199 ita
681 2167 731 2201 fit,
753 2177 784 2197 ut
794 2168 952 2207 sapientia,
979 2167 1084 2196 sanitas
1094 2164 1127 2195 sit
1136 2165 1244 2194 animi:

276 2213 448 2254 insipientia
455 2222 555 2243 autem
567 2232 576 2246 ,
588 2210 666 2252 quafi
681 2211 819 2241 insanitas
829 2208 976 2250 quaedam,
991 2218 1055 2248 quse
1067 2206 1109 2237 est
1120 2206 1245 2240 insania,

277 2256 442 2296 cademque
453 2254 614 2284 dementia.
626 2253 783 2293 multoque
794 2250 904 2281 melius
916 2252 978 2280 haec
990 2258 1090 2279 notata
1100 2249 1167 2279 sunt
1181 2257 1247 2278 ver-

280 2299 327 2330 bis
340 2298 454 2328 Latinis
467 2317 475 2329 ,
497 2296 587 2336 quam
600 2296 711 2325 Graecis
725 2305 729 2323 :
747 2293 828 2334 quod
844 2293 910 2322 aliis
921 2302 1042 2333 quoque
1057 2291 1161 2320 multis
1173 2291 1247 2320 locis

278 2341 452 2382 reperietur.
476 2337 526 2371 sed
543 2337 575 2370 id
594 2338 685 2370 alias:
703 2345 803 2372 nunc,
827 2334 910 2378 quod
928 2333 1026 2367 instat·
1050 2337 1168 2367 Totum
1189 2333 1265 2375 ign,

282 2492 421 2520 Viktorius
438 2511 445 2523 ‚
457 2494 537 2527 quiin)
549 2492 636 2525 postea
646 2490 775 2526 produxit
786 2488 906 2515 Turneb.
925 2488 973 2513 lib.
988 2497 1010 2514 1.
1025 2487 1138 2514 Advers.
1156 2497 1215 2523 cap.
1226 2488 1254 2513 6.

281 2537 312 2555 ea
324 2530 387 2554 vero
400 2529 434 2554 est
445 2529 471 2554 in
486 2536 540 2553 vet.
553 2528 612 2553 cod.
625 2528 743 2562 quinque
754 2526 823 2552 Pali.
836 2525 915 2552 Fabr.
926 2524 999 2550 Pitli.
1013 2524 1099 2551 vatic.
1113 2524 1192 2559 vulgo
1206 2534 1212 2550 :
1225 2524 1254 2554 εἴ]

282 2565 439 2598 agritudmcm
451 2567 537 2590 araim}-

320 2609 348 2626 2.
367 2600 494 2632 Propterea
514 2598 575 2633 quod
583 2601 609 2624 in
624 2599 764 2631 perturbato
775 2600 852 2623 animo
867 2616 875 2629 ‚
890 2597 987 2630 fitutia
1005 2603 1094 2629 corpore
1106 2595 1204 2628 fiinitas
1215 2596 1256 2628 effe

283 2637 425 2670 nonpiiffi‘u]
446 2635 590 2661 Diversum
603 2635 658 2661 :ibit
670 2634 747 2661 Fabr.
759 2634 821 2668 quod
828 2636 853 2659 in
862 2634 1039 2665 perturbatione
1050 2634 1124 2657 animi
1136 2651 1144 2663 ‚
1156 2633 1217 2666 ficut
1229 2634 1255 2657 ln

282 2681 371 2705 terpora
378 2674 527 2704 perturbato,
533 2671 629 2703 sanitas
641 2671 681 2703 effe
690 2680 734 2695 non
742 2672 816 2703 pvffit.
838 2668 909 2704 quod
922 2678 972 2694 non
985 2667 1077 2703 probo.

323 2717 336 2742 3
343 2728 349 2734 .
369 2708 434 2740 Qoii
444 2710 518 2733 ammi
529 2716 543 2732 a
542 2706 673 2738 ffiffionem
683 2709 771 2731 lumine
781 2707 865 2731 meniis
874 2712 992 2730 carentem
1010 2706 1164 2728 nominarunt
1174 2712 1256 2727 timen-

284 2744 345 2767 viam
356 2762 364 2774 ,
382 2744 521 2776 eandemque
532 2742 698 2775 dementiam]
721 2742 819 2768 Melius
831 2750 891 2767 meo
901 2741 991 2766 animo
1002 2739 1062 2765 cod.
1074 2740 1151 2766 Fabr.
1170 2741 1257 2764 lumine

287 2779 368 2804 mentis
378 2786 494 2804 rai-entem
503 2780 689 2804 nominaverunt
701 2778 851 2808 dementiam,
863 2775 961 2803 omlffis
974 2775 1079 2802 mediis.

323 2820 351 2852 4.
371 2815 416 2845 Q)
425 2825 485 2840 emm
495 2824 591 2839 animur
602 2816 636 2840 ef?
649 2817 674 2839 in
686 2815 764 2847 aliquo
782 2814 886 2848 morbo]
909 2812 976 2839 l’all.
988 2821 1028 2847 pr.
1051 2811 1140 2845 quint.
1152 2810 1256 2837 vidior.

287 2857 340 2881 qaeu
349 2853 382 2873 ef?
393 2853 452 2875 enim
465 2851 543 2883 sunm
554 2860 580 2875 m
591 2851 669 2884 aliquo
680 2851 763 2885 morbo.
785 2849 841 2874 Pall
849 2869 855 2874 .
869 2854 958 2883 qiiai't.
975 2848 1035 2882 quid
1043 2850 1079 2873 eff
1091 2850 1151 2873 enim
1162 2850 1258 2873 animm

289 2894 352 2913 urin
363 2886 440 2917 aliquo
457 2888 540 2911 morlia».
562 2885 603 2911 sed
626 2886 764 2921 vulgatam
785 2884 909 2912 defendit
927 2883 1024 2919 juncto
1037 2882 1151 2910 umbone
1170 2890 1259 2910 cetera

290 2917 349 2946 ruff.
361 2920 389 2945 ὅτ
399 2920 547 2947 editionum
559 2922 664 2948 cohors.

331 2963 361 2996 5
377 2958 422 2980 Eos
435 2959 494 2980 enim
509 2957 580 2988 sams
602 2959 698 2990 intelligi
708 2957 791 2991 ncceffe
801 2956 862 2989 eff]
885 2955 1049 2992 Recepiffcm
1063 2958 1127 2991 peu&
1139 2960 1200 2980 :inte
1217 2957 1259 2979 in-

291 2992 360 3030 ullfgl
371 2995 399 3031 fij
409 2994 520 3030 quonia-mr
530 3010 536 3020 ‚
548 2993 714 3028 Cov‘ilpicuum
728 2994 753 3019 in
766 2994 833 3019 Paii,
846 2993 896 3020 sec.
909 3001 974 3020 tert.
987 2999 1076 3027 quart.
1089 2991 1174 3017 Vatic.
1188 2990 1203 3016 i'i
1214 2999 1255 3026 pr.

292 3034 381 3058 quint.
393 3034 456 3052 item
469 3026 540 3064 Vici.
552 3027 617 3052 edit.
628 3028 798 3055 addixissent.
821 3038 946 3065 quoniam
961 3037 1023 3054 vero
1041 3036 1098 3054 eain
1118 3025 1198 3062 ipsam
1209 3035 1258 3053 ex-

293 3061 384 3089 turbat
395 3061 553 3092 Lambinus,
565 3062 715 3089 destitutam
728 3064 779 3090 esse
793 3065 853 3100 passi
864 3066 964 3091 sumus.

329 3098 357 3123 6·
376 3098 479 3130 erum
490 3105 551 3122 'mm
563 3106 622 3122 'afim
632 3101 698 3130 quast
705 3102 779 3125 morbo
795 3103 940 3132 perturbata
951 3098 1074 3133 milliasti]
1097 3099 1160 3125 Non
1174 3104 1259 3125 teme-

290 3134 394 3161 rarium
403 3133 449 3160 est.
469 3131 540 3169 quod
553 3132 595 3160 hic
612 3132 752 3163 demutent
771 3136 839 3170 Pull.
861 3136 911 3171 (ec-
923 3145 987 3166 teit.
1002 3143 1091 3172 qu.·.i't.
1110 3137 1176 3172 quasi
1188 3135 1261 3162 morbo

289 3171 436 3205 pm‘iurbaia
446 3170 510 3197 nulla
522 3169 566 3204 ſsi.
1092 3176 1094 3179 .

1247 124 1793 174 Cicz‘nonxs

1259 216 1305 238 tui·
1321 206 1352 237 id
1364 227 1372 240 ‚
1392 205 1474 248 quod
1491 207 1673 247 quaei·imus‚
1692 206 1766 246 quid
1784 207 1817 238 &
1833 205 1922 248 quale
1939 205 1972 237 sit
1986 226 1994 241 ,
2007 203 2092 236 verbi
2102 202 2222 245 visipsa

1262 249 1396 280 declarat.
1421 253 1494 278 5cos
1514 251 1599 277 enim
1621 246 1706 276 sanos
1716 247 1844 289 intelligi
1855 247 1968 279 neceffe
1979 248 2041 281 est,
2062 246 2223 288 ⁶quorum·

1265 300 1352 322 mens
1363 299 1449 320 motu
1466 310 1474 323 ,
1491 288 1571 330 quasi
1587 287 1697 318 morbo
1708 307 1717 320 ,
1738 289 1903 326 perturbata
1923 288 2060 321 nullosit.
2082 291 2221 330 quicon-

1264 334 1305 364 tra
1325 330 1425 362 affeffl
1444 332 1530 364 sunt,
1553 332 1608 360 hos
1629 329 1749 359 insanos
1769 330 1906 369 appellari
1924 330 2039 362 necess'e
2048 330 2100 362 est.
2123 332 2223 370 itaque

1265 375 1344 405 nihil
1364 374 1493 406 melius,
1516 372 1607 413 quam
1630 370 1711 412 quod
1731 369 1773 401 est
1790 373 1823 400 in
1842 372 2057 404 consuetudine
2074 372 2230 403 sermonis

1267 418 1387 449 Latini,
1408 414 1480 445 cum
1492 412 1584 444 exiss'e
1601 422 1639 443 ex
1647 411 1789 453 potestate
1797 411 2007 449 disimuseos‚
2028 411 2226 455 quieffienati

1265 457 1404 488 feruntur
1419 465 1470 487 aut
1483 456 1611 486 libidine
1623 474 1631 489 ,
1650 463 1700 485 aut
1719 454 1880 484 iracundia.
1902 464 2082 496 quamquam
2095 456 2155 496 ipsa
2165 455 2224 482 ira-

1268 500 1390 532 cundia,
1411 497 1550 528 libidinis
1569 496 1612 527 est
1632 505 1716 536 pars:
1739 493 1778 526 sic
1799 498 1884 526 enim
1900 494 2042 527 definitur
2064 496 2226 528 iracundia,

1266 540 1414 580 ulcifiendi
1424 539 1519 569 libido.
1544 540 1605 579 Qi
1615 540 1704 578 igitur
1715 535 1808 568 exiffe
1820 547 1857 568 ex
1866 536 2007 577 potestate
2017 537 2171 572 dicuntur,
2182 537 2228 567 id-

1270 583 1350 614 circo
1360 582 1502 612 dicuntur
1512 600 1521 614 ,
1540 582 1611 621 quia
1622 589 1688 610 non
1696 579 1765 610 sunt
1778 581 1808 609 in
1819 577 1962 620 potestate
1972 581 2083 609 mentis
2096 590 2101 608 :
2125 582 2172 610 cui
2182 589 2228 609 re-

1270 634 1364 666 gnum
1385 625 1477 654 totius
1495 623 1592 653 animi
1603 622 1619 651 a
1630 630 1731 652 natura
1747 621 1896 651 tributum
1915 620 1968 652 est.
1991 626 2005 650 7
2017 622 2113 651 Graeci
2128 629 2231 651 autem

1271 668 1359 699 μκνὶκν
1379 666 1459 696 unde
1471 664 1621 705 appellant
1630 685 1639 697 ‚
1658 672 1720 693 non
1733 661 1820 693 facile
1832 663 1973 693 dixerim.
1996 673 2060 694 eam
2071 671 2172 693 tamen
2185 663 2232 702 ip-

1270 712 1331 741 sam
1352 707 1568 749 distinguimus
1586 715 1644 735 nos
1664 704 1794 739 melius,
1816 714 1906 745 quam
1923 705 1979 735 illi.
2004 706 2079 735 hanc
2089 705 2232 734 enimin-

1271 754 1383 784 santam
1399 771 1406 783 ‚
1426 746 1735 790 quaejuneiastnltitae
1743 755 1820 786 patet
1832 745 1921 776 latius
1933 766 1942 781 ,
1957 743 1972 766 8
1982 745 2108 777 asurore
2116 745 2234 784 disjun-

1273 797 1383 837 gimus.
1407 793 1503 821 Graeci
1514 790 1623 820 volunt
1632 789 1678 818 illi
1687 788 1811 829 quidem
1824 807 1833 822 ‚
1845 787 1893 819 sed
1903 798 2008 828 parum
2019 788 2119 818 valent
2128 786 2231 817 verbo:

1275 845 1366 877 quem
1379 843 1434 864 nos
1448 832 1581 863 furorem
1595 831 1755 863 μελαῖκολλωι
1765 830 1810 860 illi
1820 840 1938 860 vocant.
1949 828 2027 871 quasi
2040 828 2111 860 vero
2120 837 2179 859 atra
2186 828 2237 857 bi-

1275 879 1297 908 li
1310 876 1409 908 solsim
1431 884 1518 904 mens
1530 894 1537 907 ‚
1557 883 1589 904 ac
1606 883 1671 904 non
1690 873 1764 913 saepe
1784 872 1831 903 vel
1854 872 2167 912 iracundiagraviore,
2186 869 2235 900 vel

1276 922 1404 952 timore,
1425 917 1472 947 vel
1496 915 1602 946 dolore
1619 923 1786 945 moveatur.
1809 923 1871 955 quo
1889 923 1997 954 genere
2009 914 2235 946 Athamantem,
2270 937 2273 939 .

1275 963 1484 992 Alcmaeonem
1497 979 1505 992 ‚
1519 958 1642 997 Ajacem
1652 978 1661 992 ,
1673 955 1807 986 Orestem
1817 955 1915 985 furere
1926 955 2069 986 dicimus.
2091 956 2143 996 qui
2154 957 2194 993 ita
2203 951 2238 983 sit

1277 1002 1420 1036 affeEKuffi
1440 1010 1510 1030 cum
1525 1000 1689 1029 dominum
1704 997 1760 1028 effe
1776 1007 1873 1027 rerum
1886 997 2005 1028 suarum
2016 994 2238 1028 vetantduode-

1278 1047 1340 1075 cim
1353 1044 1469 1074 tabulae.
1495 1044 1593 1081 itaque
1612 1039 1728 1070 nonest
1741 1041 1882 1079 scriptum
1894 1059 1902 1073 ,
1922 1050 1953 1070 si
1970 1048 2107 1069 1NsANus
2119 1058 2128 1072 ,
2149 1037 2238 1068 sedsx

1275 1095 1435 1117 Funiosus
1445 1093 1517 1113 ESSE
1530 1092 1677 1112 metri-r.
1700 1085 1714 1108 9
1727 1080 1883 1111 stultitiam
1893 1082 1977 1111 enim
1988 1081 2178 1113 censuerunt,
2191 1081 2242 1108 in-

1273 1127 1472 1158 constantiam
1486 1145 1494 1158 ‚
1507 1124 1537 1154 id
1551 1123 1593 1154 est
1604 1144 1613 1157 ,
1634 1124 1755 1154 sanitate
1766 1131 1920 1153 vacantem
1935 1142 1944 1157 ,
1963 1120 2044 1162 poffe
2055 1131 2155 1152 tamen
2165 1121 2243 1151 tueri.

1277 1169 1518 1199 mediocritatem
1539 1164 1711 1196 officiorum
1724 1185 1732 1197 ,
1753 1165 1786 1194 &
1807 1166 1877 1194 vitae
1900 1173 2100 1195 communem
2110 1163 2240 1195 cultum,

1278 1221 1365 1252 atque
1377 1208 1526 1240 usitatum.
1550 1207 1685 1237 furorem
1699 1215 1800 1237 autem
1817 1204 1874 1236 effe
1888 1208 1941 1237 rati
1953 1206 2030 1238 sunt,
2045 1207 2075 1224 ¹0
2085 1203 2242 1234 mentisad

1280 1254 1386 1284 omnia
1405 1253 1578 1281 caeciratem.
1602 1248 1686 1289 quod
1705 1247 1776 1278 cum
1798 1249 1894 1286 majus
1906 1246 1963 1278 effe
1972 1246 2109 1277 videatur
2124 1267 2133 1281 ,
2150 1245 2245 1286 quain

1278 1295 1394 1326 'insania
1407 1313 1416 1327 ,
1438 1302 1539 1323 tamen
1555 1290 1707 1331 ejusmodi
1718 1289 1772 1324 est,
1803 1289 1972 1320 utfurorin
1983 1289 2145 1328 sapientem
2157 1286 2245 1318 cade-

1278 1348 1311 1367 re
1323 1334 1408 1377 poffit
1420 1355 1428 1369 ‚
1452 1344 1515 1364 non
1525 1331 1611 1373 poffit
1626 1333 1748 1362 insania.
1772 1332 1821 1362 sed
1833 1333 1894 1362 haec
1909 1332 1965 1362 alia
1976 1330 2101 1372 quaestio
2111 1329 2161 1360 est:
2187 1337 2246 1358 nos

1281 1379 1316 1409 ad
1339 1375 1527 1418 propositum
1548 1384 1739 1405 revertamur.
1773 1374 1904 1409 Cadere,
1927 1375 2057 1413 opinor,
2077 1372 2110 1402 in
2129 1372 2246 1411 sapien-

1282 1430 1344 1451 tem
1364 1418 1574 1460 aegritudinem
1594 1417 1647 1446 tibi
1672 1415 1778 1446 dixisti
1788 1415 1895 1446 videri.
1919 1425 1942 1445 A
1965 1413 2080 1446 Etvero
2092 1416 2131 1444 ita
2141 1411 2246 1443 existi-

1283 1473 1346 1492 mo.
1372 1472 1398 1491 M
1411 1463 1591 1490 Humanum
1614 1458 1642 1488 id
1662 1458 1786 1498 quidem
1799 1478 1807 1490 ‚
1829 1457 1912 1498 quod
1934 1460 1973 1487 ita
1991 1456 2157 1486 existimas.
2180 1462 2247 1484 non
2263 1459 2287 1494 6

1283 1506 1367 1534 enim
1379 1501 1458 1532 filice
1474 1503 1534 1531 nati
1551 1501 1651 1530 sumus
1667 1503 1691 1518 *¹
1705 1499 1754 1529 sed
1766 1498 1808 1529 est
1818 1499 1982 1529 naturabile
1993 1500 2025 1527 in
2037 1498 2147 1527 animis
2163 1505 2247 1526 tene—

1282 1556 1349 1575 rum
1361 1543 1504 1585 quiddam
1516 1551 1603 1582 atque
1612 1541 1706 1570 molle
1721 1561 1728 1573 ‚
1744 1540 1824 1580 quod
1838 1541 2025 1581 aegritudine,
2038 1537 2116 1579 quasi
2133 1547 2251 1577 tempe-

1285 1586 1377 1618 state,
1400 1585 1556 1625 quatiatur.
1580 1584 1646 1612 Nec
1657 1581 1780 1612 absurde
1804 1579 1931 1611 Crant'oi·
1953 1582 2023 1614 ille,
2043 1582 2138 1621 quiin
2149 1578 2250 1609 nostra

1288 1627 1449 1658 Academia
1465 1625 1513 1656 vel
1525 1627 1558 1654 in
1572 1625 1681 1663 primis
1692 1623 1748 1653 fuit
1758 1623 1872 1653 nobilis
1885 1643 1893 1656 ‚
1912 1622 2038 1654 Minime
2050 1643 2058 1655 ,
2070 1623 2170 1663 inquit
2180 1641 2188 1654 ‚
2199 1621 2249 1659 as-

1281 1669 1386 1709 JEntior
1396 1669 1427 1697 iis
1438 1688 1446 1700 ,
1470 1668 1521 1708 qui
1541 1665 1621 1701 istam
1632 1665 1716 1705 nefiio
1727 1675 1814 1705 quam
1826 1666 2007 1694 indolentiam
2016 1673 2177 1705 magnopere
2185 1663 2251 1692 lau-

1286 1711 1356 1740 dant
1366 1721 1376 1737 .·
1387 1720 1444 1750 qua
1455 1706 1593 1748 viecpotest
1601 1706 1729 1743 ullassffi‘,
1744 1717 1791 1735 nec
1799 1705 1884 1735 debet.
1911 1711 1919 1726 ¹
1927 1711 1940 1726 ²
1952 1709 1998 1736 Ne
2006 1705 2190 1746 agrotusfim,
2202 1707 2253 1734 in-

1287 1754 1352 1792 quit
1363 1771 1371 1784 ,
1389 1749 1578 1790 fi’dfifuerim
1590 1768 1597 1782 ,
1611 1748 1703 1787 JE’nfics
1712 1747 1978 1788 adfit‚fivesecerur
1987 1747 2253 1789 quid,fiveavella—

1287 1800 1334 1823 tur
1345 1788 1362 1821 >t
1376 1799 1489 1832 corpore.
1509 1801 1576 1821 nam
1595 1788 1664 1825 istuc
1685 1786 1852 1818 bnhzldor'ere
1865 1809 1873 1821 ,
1895 1801 1945 1818 non
1954 1789 2012 1830 fine
2025 1799 2129 1829 magna
2138 1787 2255 1817 mercede

1289 1835 1429 1874 contigit,
1450 1832 1641 1861 immanitatis
1660 1831 1689 1860 in
1702 1832 1814 1865 animo,
1830 1830 1952 1872 stuporis
1966 1832 1994 1860 in
2005 1840 2118 1872 corpore.
2141 1830 2196 1861 Sed
2208 1831 2256 1859 vi-

1288 1876 1429 1909 deamus,
1450 1885 1488 1904 ne
1509 1875 1571 1904 haec
1590 1874 1685 1903 oratio
1699 1871 1731 1903 sit
1744 1874 1905 1903 hominum
1922 1871 2132 1904 assentantium
2144 1870 2255 1901 noflrae

1287 1917 1512 1950 imbecillitati,
1541 1916 1573 1945 &
1592 1915 1817 1955 indulgentium
1840 1915 2050 1945 mollitudini:
2079 1922 2257 1945 nos-autern

1288 1959 1448 1990 audeamus
1468 1967 1531 1988 non
1551 1957 1650 1987 solum
1675 1966 1774 1987 ramos
1795 1966 1949 1997 amputare
1966 1957 2152 1986 miseriarum
2166 1975 2174 1989 ‚
2205 1954 2256 1985 sed
2279 1957 2285 1964 '

1289 2003 1411 2031 omneis
1430 2000 1562 2030 radicum
1584 1997 1672 2028 fibras
1692 1999 1831 2029 evellere.
1854 2008 1955 2029 tamen
1975 1998 2089 2039 aliquid
2103 1999 2258 2037 relinque-

1290 2053 1337 2074 tur
1346 2040 1474 2072 fortasse.
1498 2043 1538 2072 ita
1556 2041 1698 2071 suntaltae
1718 2039 1821 2081 stirpes
1840 2039 1986 2071 stultitiae.
2010 2040 2058 2070 sed
2069 2041 2257 2079 relinquetur

1289 2085 1318 2115 id
1330 2085 1425 2114 solum
1438 2104 1446 2118 ,
1466 2084 1548 2124 quod
1564 2080 1835 2113 erit-necessarium.
1861 2082 1938 2112 illud
1948 2082 2071 2122 quidem
2083 2080 2121 2111 fic
2135 2080 2255 2113 habeto,

1286 2127 1340 2167 nist
1350 2126 1470 2166 siznatm
1488 2125 1601 2153 animus
1614 2123 1654 2164 sir
1672 2124 1749 2165 quod
1758 2124 1818 2164 fine
1837 2123 2082 2165 philosbphiafieri
2091 2133 2142 2153 non
2150 2120 2256 2163 potest,

1279 2168 1369 2208 finem
1387 2168 1566 2208 miseriarum
1585 2167 1693 2195 nauum
1706 2166 1777 2204 fore.
1801 2167 1999 2206 quamobrem
2012 2186 2020 2199 ,
2038 2168 2183 2206 quoniam
2194 2173 2258 2193 coe·

1287 2213 1389 2250 pimus
1401 2230 1409 2244 ‚
1425 2209 1574 2240 tradamus
1589 2217 1645 2237 nos
1657 2207 1860 2241 eicurandos,
1875 2208 2057 2240 sanabimur,
2073 2205 2093 2236 si
2104 2206 2259 2236 volemus:

1290 2253 1323 2282 &
1335 2251 1505 2293 progrediar
1514 2250 1639 2291 quidem
1651 2249 1772 2291 longius
1786 2258 1868 2279 :non
1878 2250 1961 2278 enim
1974 2249 2008 2279 de
2019 2247 2195 2289 aegritudine
2206 2246 2256 2276 so-

1289 2292 1356 2324 lum
1369 2315 1377 2327 ,
1390 2302 1574 2334 quamquam
1586 2291 1616 2321 id
1628 2291 1751 2331 quidem
1764 2290 1900 2332 primum
1912 2290 1984 2324 {sed
1995 2290 2033 2319 de
2043 2290 2131 2319 omni
2144 2289 2259 2325 animi,

1293 2345 1324 2369 ut
1333 2346 1387 2378 ego
1400 2334 1487 2378 posui
1497 2354 1506 2372 ,
1519 2333 1741 2377 perturbatione
1751 2352 1762 2369 ,
1776 2332 1884 2364 morbo
1895 2352 1904 2367 2
1919 2340 1951 2364 ut
1961 2333 2058 2363 Giaeci
2066 2331 2184 2364 volunt,
2198 2339 2255 2401 {x-

1688 2385 1695 2391 ·
2121 2373 2199 2413 plica
2221 2380 2253 2401 ο.

979 2421 2242 2438 Μ

473 2430 976 2441 wan.-

324 2466 346 2483 1.
366 2456 523 2489 Infirmitatem
532 2456 675 2487 &angrorum
685 2454 817 2487 animum.]
834 2452 961 2478 Retinuit
973 2452 1115 2478 [egilonem
1131 2459 1247 2478 veterem
1272 2462 1275 2482 i
1331 2462 1359 2487 7,
1379 2457 1451 2480 Grai
1461 2460 1538 2479 autem
1547 2453 1634 2484 μανίαν
1644 2450 1704 2475 unde
1714 2447 1856 2482 appellant]
1878 2448 1918 2474 Ita
1930 2445 2064 2473 meterius
2077 2465 2085 2478 ‚
2097 2446 2125 2472 δε
2139 2444 2258 2481 quinque

1297 2490 1365 2516 Pail.
1377 2491 1449 2516 Pith.
1462 2488 1542 2523 vulgo
1555 2489 1677 2521 appellent.

1332 2531 1359 2558 8.
1378 2534 1501 2566 &furore
1511 2530 1690 2565 disjungimus]
1714 2528 1782 2556 Pall.
1792 2528 1842 2555 sce.
1853 2534 1941 2564 quart.
1953 2528 2041 2565 quint.
2053 2526 2160 2554 Uli-ich.
2179 2523 2259 2552 Fabr.

1296 2571 1466 2602 dssitiguimui.
1486 2567 1566 2594 male.

1331 2621 1361 2647 9.
1381 2613 1513 2637 stultitiam
1523 2612 1583 2635 cm'm
1594 2609 1732 2644 censuerunt
1743 2627 1751 2640 ‚
1762 2610 1916 2642 constantiam
1927 2626 1935 2639 ,
1945 2608 1972 2633 id
1980 2609 2015 2632 εἴτ’
2025 2627 2032 2638 ,
2046 2607 2155 2640 sanitate
2162 2612 2261 2629 vacan-

1296 2648 1367 2681 tem]
1390 2648 1433 2673 Sic
1443 2648 1560 2683 quinque
1571 2646 1639 2672 Pali.
1651 2645 1715 2672 Fab.
1727 2645 1799 2671 Pith.
1811 2645 1929 2680 legitque
1940 2644 1976 2669 ita
1987 2652 2018 2669 ex
2032 2650 2084 2668 vet.
2094 2640 2153 2666 cod.
2164 2639 2261 2665 Schot-

1297 2692 1339 2710 tus
1352 2683 1459 2711 Nodor.
1471 2683 1518 2709 lib.
1533 2691 1560 2708 2.
1571 2691 1626 2717 cap.
1639 2690 1686 2707 22.
1697 2681 1839 2707 Vaticanus
1851 2680 2085 2712 tanieii,st1.¹liitiam
2097 2679 2156 2701 enim
2166 2675 2262 2707 censue-

1296 2727 1354 2745 runt
1370 2739 1377 2751 ‚
1389 2721 1520 2752 constantia
1533 2737 1540 2749 ‚
1558 2718 1586 2743 id
1593 2720 1628 2743 ef!
1639 2737 1647 2749 ,
1660 2718 1770 2751 sanitate
1777 2725 1870 2742 varan.
1883 2715 1983 2751 vulgo3
1998 2715 2067 2747 stult.
2089 2714 2148 2737 cmm
2168 2711 2261 2744 censiac-

1297 2763 1365 2788 runt,
1374 2757 1401 2782 id
1409 2758 1438 2790 est
1444 2775 1451 2787 ‚
1460 2756 1652 2788 inconstantiam,
1666 2754 1717 2783 &0-

1336 2809 1378 2826 10.
1401 2799 1492 2826 Mentis
1502 2799 1537 2825 ad
1551 2800 1628 2823 omnia
1646 2796 1796 2832 caecitatem.]
1819 2794 1939 2824 Iudicavi
1958 2793 1985 2819 in
1995 2790 2154 2827 Crepundi'is
2166 2790 2219 2826 legi
2231 2789 2260 2817 in

1297 2836 1354 2863 Pal.
1366 2837 1454 2872 primo
1464 2837 1600 2861 caritatem.

1336 2886 1378 2902 ii.
1398 2876 1443 2901 Sed
1460 2877 1496 2901 cf?
1515 2874 1650 2900 natm-abii:
1661 2875 1686 2899 in
1697 2873 1782 2899 animis
1799 2869 1928 2902 tenerum]
1951 2868 2063 2894 Secutus
2077 2865 2131 2893 suin
2144 2867 2260 2902 opt-imos

1297 2911 1355 2938 mss.
1375 2910 1453 2938 codd.
1466 2909 1533 2937 Pall.
1545 2918 1587 2945 pr.
1599 2916 1664 2935 tert.
1676 2915 1763 2944 quart.
1775 2907 1845 2933 Pith.
1867 2904 1944 2931 Fabi.
1961 2903 1992 2929 sie
2005 2904 2029 2929 iu
2047 2903 2132 2929 Laelio
2143 2903 2189 2939 ipli
2200 2903 2261 2930 Cic.

1299 2948 1411 2984 legitur.
1431 2946 1560 2973 Videatur
1570 2944 1714 2972 Lambinus
1724 2943 1756 2969 ad
1769 2943 1879 2967 Lucret.
1892 2939 1972 2974 vulgo
1984 2941 2107 2965 naturale.

1338 2999 1347 3015 i
1354 2998 1382 3015 2.
1398 2992 1433 3014 Ne
1442 2989 1594 3022 egrotusfim‚
1604 2982 1881 3019 inquit,ftdfifi1erim.]
1896 2982 2000 3016 Magiiae
2012 2981 2071 3006 liuic
2081 2982 2140 3008 loco
2149 2980 2233 3008 turbae
2245 2979 2263 3007 ἑ

1300 3025 1356 3051 mss.
1370 3025 1455 3051 Palat.
1470 3030 1557 3060 quart.
1569 3022 1597 3047 &
1609 3021 1729 3047 vatican.
1740 3027 1780 3044 net
1789 3019 1934 3051 aegroraſjbm,
1940 3019 1972 3051 Ji,
1983 3020 2073 3051 inquit,
2078 3018 2163 3051 fuerat
2165 3017 2260 3050 βψω,

1298 3061 1358 3095 adfit
1369 3080 1377 3092 ,
1389 3062 1440 3094 five
1453 3060 1555 3093 ficetur.
1577 3065 1617 3091 pr.
1627 3054 1733 3081 secund.
1745 3054 1840 3080 tertius
1854 3055 1916 3080 vero
1929 3053 1960 3079 ad
1971 3054 2117 3088 marginem
2129 3065 2135 3080 ;
2153 3055 2177 3086 fi
2192 3054 2264 3087 isqui

1290 3096 1466 3130 fuerat-sensus*
1474 3095 1517 3128 aff.
1531 3094 1556 3118 in
1568 3098 1646 3118 textu
1659 3091 1721 3116 vero
1735 3100 1741 3116 ι
1760 3091 1782 3121 fi
1789 3094 1897 3125 inquam,
1910 3090 2034 3123 idsucrat.
2045 3089 2131 3124 quint.
2142 3098 2183 3114 ner
2193 3097 2264 3120 aegro-

1296 3133 1327 3158 tic
1338 3135 1383 3164 eff,
1402 3142 1409 3155 ι
1420 3131 1450 3156 iis
1461 3132 1503 3163 qui
1513 3130 1600 3161 suerat
1613 3126 1695 3159 senfin
1716 3126 1785 3158 adfit.
1804 3127 1832 3155 iii
1844 3126 1970 3156 Vaticano
1988 3125 2103 3162 denique
2121 3123 2263 3161 superscri-

1293 3175 1371 3205 ptum
1383 3177 1390 3195 2
1405 3167 1443 3202 fif
1449 3166 1539 3200 inquit,
1544 3165 1606 3199 fuas
1612 3162 1709 3199 sensus,
1720 3162 1791 3198 adsit,

2203 3199 2268 3226 r-ha
