2360 3400
416 142 619 188 Ense.
663 155 740 186 AD
777 141 836 186 D.
871 142 1180 198 BRUTUM,

206 233 302 266 remp.
328 222 476 255 liberasti:
498 232 560 264 qno
580 223 671 253 etiam
682 231 727 252 res
738 222 789 253 illa
803 222 902 262 major
913 242 921 257 ‚
942 222 1108 263 &clarior)
1127 222 1160 253 &

203 266 425 297 adolescentem
439 283 448 299 ,
463 266 512 295 vel
529 274 655 304 puerum
667 266 767 304 potius
779 284 786 298 ‚
808 265 950 295 Caesarem
963 285 972 299 ‚
990 264 1106 304 judices
1118 272 1160 294 te—

205 307 290 338 men}
299 305 400 337 feciffe
408 326 418 340 ,
436 308 489 347 qui
499 315 610 337 tantam
621 306 736 336 causam
746 306 896 345 publicam
907 309 1023 347 privato
1033 303 1159 335 consilio

207 350 383 389 susceperit:
399 347 532 388 denique
550 348 691 378 homines
702 347 826 378 rusticos
837 368 845 382 ,
866 348 914 378 sed
924 345 1103 378 fortissimos
1113 348 1157 376 vi-

205 392 270 424 ios,
283 389 433 430 civeisque
441 391 576 430 optimos
586 409 595 423 ,
607 389 1009 430 dementeisfuiffejudices,
1021 387 1156 428 primum

204 432 320 462 milites
331 440 487 461 veteranos
500 450 509 465 ,
530 432 761 462 commilitones
772 440 839 461 tuos
852 451 862 465 ,
885 430 993 460 deinde
1003 430 1155 470 legionem

203 473 358 506 Martiam,
370 473 523 514 legionem
533 482 666 514 quartam
680 483 763 514 :quae
771 474 858 503 suurn
868 472 1026 503 consulem
1038 470 1156 501 hostem

203 513 414 555 judicaverunt
425 534 433 549 ,
454 515 542 556 seque
561 515 595 545 ad
607 515 731 546 salutem
741 517 813 554 reip.
822 513 1041 544 defendendam
1051 522 1159 542 contu-

204 556 314 586 lerunt.
344 556 491 587 Voluntas
510 557 626 587 senatus
651 577 660 591 ‚
679 566 734 597 pro
752 555 924 586 auEtoritate
941 555 1043 585 haberi
1059 553 1157 587 debet,

206 597 281 628 cum
298 596 456 629 au&toritas
471 599 636 639 impeditur
656 608 750 628 metu.
782 596 937 628 Postremo
956 596 1084 636 suscepta
1101 595 1158 625 tibi

201 639 288 670 causa
301 640 365 679 jam
383 640 429 670 bis
448 639 509 675 est,
529 649 562 671 ut
581 651 644 670 non
663 639 697 670 sit
716 642 885 680 integrum:
905 637 1041 678 primum
1058 637 1158 667 idibus

204 682 324 711 Martiis
336 692 342 710 2
362 681 470 712 deinde
479 682 621 722 proxime
632 683 764 712 exercitu
775 690 859 710 novo
868 700 877 715 ,
890 680 923 709 δι’
933 680 1027 719 copiis
1035 688 1158 718 compa-

200 724 280 754 ratis.
305 724 511 764 Qamobrem
523 724 558 754 ad
567 725 673 754 omnia
683 725 722 753 ita
733 731 848 762 paratus
859 742 868 755 ,
888 722 936 751 seu
947 723 1096 750 animatus
1106 720 1158 749 de-

201 764 254 795 bes
275 763 333 794 effe
345 784 354 799 ,
378 775 441 795 non
462 774 496 796 ut
514 766 592 795 nihil
602 765 690 795 facias
701 784 709 797 ,
731 760 904 802 nisijuss'us:
925 761 974 791 sed
986 769 1015 791 ut
1025 770 1156 801 eageras,

201 816 267 847 quae
277 806 314 837 ab
323 807 468 837 omnibus
478 807 594 837 summa
605 815 674 836 cum
687 804 884 834 admiratione
893 802 1060 833 laudentur.

295 863 338 890 M.
353 862 417 891 CIC
424 861 485 890 ER.
496 861 523 889 S.
536 861 576 888 D.
598 858 742 887 BRUTO
762 858 846 886 IMP.
870 857 949 885 COS.
972 856 1061 884 DES.

281 908 308 936 Ο
331 915 465 945 tempore
483 904 566 935 Polla
579 912 626 933 tua
636 901 717 933 milit
730 922 738 936 ‚
759 910 791 932 ut
803 901 838 932 ad
849 910 878 932 te
893 921 902 935 ‚
922 900 943 930 fi
953 900 1025 942 quid
1034 900 1158 934 vellem,

280 947 379 978 darem
391 948 566 979 litterarum,
578 944 649 975 curn
660 944 733 985 quid
745 943 914 977 scriberem,
927 953 990 972 non
1000 942 1156 972 habebam.

203 991 317 1019 Omnia
335 990 418 1018 enim
439 995 521 1018 eran-t
539 987 673 1026 suspensa
681 984 1068 1026 propterexspeEtationem
1082 984 1161 1024 lega-

206 1037 327 1060 torum:
340 1032 394 1070 qui
406 1028 481 1069 quid
491 1027 626 1070 egiss'ent,
636 1028 798 1058 nihildum
811 1027 1009 1057 nuntiabatur.
1033 1027 1159 1056 Haecta-

204 1080 280 1101 men
294 1071 447 1101 scribenda
455 1070 626 1101 existimavi
638 1081 643 1098 t
654 1068 790 1110 primum
802 1089 810 1103 ,
831 1079 853 1099 s.
864 1079 891 1098 Ρ.
902 1077 977 1108 043.
988 1067 1024 1098 de
1034 1076 1063 1097 te
1074 1068 1156 1097 labo-

199 1122 263 1143 rare
273 1133 283 1146 ‚
295 1122 360 1142 non
373 1111 471 1143 solum
484 1112 585 1142 salutis
596 1113 652 1142 suae
662 1112 756 1145 causa,
770 1111 818 1141 sed
826 1112 914 1141 etiam
926 1110 1078 1151 dignitatis
1089 1119 1156 1139 tuae.

199 1153 386 1184 admirabilis
397 1156 481 1184 enim
492 1153 535 1184 est
544 1153 678 1194 quaedam
691 1155 734 1183 tui
744 1154 881 1182 nominis
889 1153 1003 1185 caritas,
1014 1160 1159 1191 amorque

198 1195 235 1225 in
254 1204 282 1225 te
294 1194 447 1237 singularis
460 1197 602 1225 omnium
615 1197 741 1225 civium.
764 1196 807 1224 Ita
816 1196 901 1224 enirn
916 1194 1051 1234 sperant,
1071 1202 1159 1233 atque

200 1236 363 1267 confidunt
376 1257 384 1271 ‚
401 1247 434 1268 ut
449 1238 533 1267 antea
549 1247 616 1277 rege
626 1258 636 1270 ,
655 1235 693 1266 fic
703 1238 760 1267 hoc
769 1245 908 1276 tempore
923 1245 1015 1277 regno
1024 1243 1051 1265 te
1063 1244 1157 1274 remp.

198 1278 407 1309 liberaturum.
430 1281 540 1309 Romae
549 1278 679 1309 dilefims
689 1278 825 1311 habetur,
838 1286 955 1318 totaque
964 1277 1049 1307 Italia
1061 1287 1065 1305 τ
1078 1276 1098 1306 fi
1109 1278 1159 1307 hic

196 1319 328 1351 dileetus
346 1321 540 1361 appellandus
561 1320 603 1350 est
619 1340 628 1354 ‚
648 1319 720 1350 cum
743 1319 823 1349 ultro
840 1320 867 1349 se
890 1317 1020 1349 offerunt
1038 1327 1159 1348 omnes:

195 1369 297 1392 tantus
315 1363 402 1393 ardor
411 1364 567 1402 occupavit
575 1363 694 1392 animos
709 1362 874 1391 hominum
885 1359 1029 1391 desiderio
1039 1360 1158 1390 liberta—

195 1405 235 1434 tis
246 1423 254 1437 ,
275 1404 406 1444 odioque
418 1404 543 1433 diutinae
558 1403 717 1433 servitutis.
740 1405 789 1432 De
801 1403 924 1443 reliquis
933 1402 1020 1432 rebus
1030 1402 1046 1432 a
1058 1410 1086 1432 te
1097 1402 1154 1437 iam

196 1445 369 1485 exspe&are
390 1446 502 1475 litteras
521 1444 693 1477 debemus‚-
711 1444 783 1485 quid
796 1445 858 1484 ipse
868 1453 932 1486 agas
944 1463 953 1477 ,
973 1443 1045 1484 quid
1057 1442 1158 1474 noster

194 1487 315 1517 Hirtius
326 1507 334 1519 ‚
355 1486 430 1527 quid
456 1486 550 1516 Caesar
559 1495 646 1515 meus
660 1496 665 1514 z
684 1495 762 1526 quos
772 1486 858 1525 spero
869 1486 952 1515 brevi
962 1493 1100 1525 tempore
1111 1485 1157 1514 so-

193 1529 300 1558 cietate
317 1528 454 1558 victoriae
478 1537 576 1558 tecum
596 1528 752 1567 copulatos
765 1527 840 1557 fore.
864 1527 1031 1567 Reliquum
1042 1526 1102 1560 est,
1123 1536 1156 1557 ut

192 1569 230 1600 de
247 1579 297 1600 me
307 1569 340 1600 id
352 1570 475 1600 scribam
487 1590 495 1603 ‚
512 1569 595 1610 quod
606 1579 633 1599 te
648 1579 686 1599 ex
697 1578 819 1599 tuorum
831 1569 938 1605 litteris
951 1569 984 1598 δε
994 1569 1078 1609 spero
1088 1588 1098 1602 ‚
1121 1569 1155 1599 &

191 1611 275 1641 malo
293 1613 471 1654 cognoscere
486 1623 492 1641 2
512 1621 564 1641 me
582 1621 678 1652 neque
688 1610 785 1642 deefl'e
797 1611 857 1641 ulla
865 1613 899 1641 in
908 1621 938 1641 re
950 1630 960 1645 2
977 1620 1074 1653 neque
1085 1620 1155 1641 urn-

191 1662 283 1694 quam
292 1653 468 1684 defuturum
479 1654 619 1694 dignitati
633 1663 699 1684 tuae.

149 1714 175 1746 9
322 1705 580 1735 D.BRUTUS
601 1706 631 1734 S.
647 1706 687 1733 D.
714 1705 1033 1735 MCICERONI.

195 1748 259 1826 P
269 1751 361 1781 ANsA
379 1748 485 1780 amisso
497 1769 505 1784 ‚
528 1757 673 1790 quantum
696 1749 875 1780 detrimenti
893 1750 968 1789 resp.
997 1750 1152 1790 acceperit,

270 1801 334 1821 non
344 1800 373 1822 te
381 1793 521 1831 praeterit.
531 1801 613 1821 nunc
622 1790 806 1826 auElmritate,
818 1792 850 1822 &
859 1791 1016 1831 prudentia
1023 1800 1072 1822 tua
1081 1801 1152 1831 pro-

192 1834 298 1874 spicias
309 1841 438 1872 oportet,
455 1844 493 1863 ne
504 1834 624 1863 inimici
635 1832 740 1866 nostri,
750 1843 835 1863 coss.
846 1832 980 1866 sublatis,
993 1833 1109 1872 sperent
1122 1833 1150 1863 se

192 1875 401 1906 convalescere
421 1873 512 1914 pofi'e.
536 1877 600 1916 Ego
610 1894 620 1908 ‚
636 1884 674 1904 ne
683 1873 839 1905 consistere
849 1872 936 1913 poffit
949 1876 982 1903 in
991 1874 1075 1904 Italia
1085 1876 1146 1904 An·

191 1918 308 1950 tonius,
320 1916 398 1947 dabo
408 1925 538 1956 operam.
550 1917 653 1957 sequar
661 1926 731 1946 eum
742 1915 914 1946 confestim.
928 1924 1089 1956 utrumque
1099 1925 1149 1945 me

191 1957 396 1999 praestaturum
416 1959 500 1998 spero
512 1979 521 1991 ‚
540 1968 579 1988 ne
597 1957 815 1988 autVentidius
825 1957 976 1991 elabatur,
992 1960 1149 1988 autAnto·

192 2001 264 2030 nius
284 2003 316 2029 in
338 2000 419 2030 Italia
437 2008 580 2030 moretur.
605 2002 641 2029 In
660 2000 768 2039 primis
789 2009 862 2041 rogo
872 2008 900 2029 te
909 2019 918 2033 ‚
940 1998 976 2030 ad
986 2000 1146 2029 hominem

191 2040 428 2072 ventofiffimum
440 2061 449 2076 ,
460 2041 610 2082 Lepidum
623 2060 631 2075 ‚
647 2043 759 2075 mittas,
771 2051 809 2071 ne
818 2041 932 2071 bellum
944 2040 1035 2071 nobis
1045 2040 1149 2071 redin-

191 2092 204 2114 t
242 2093 302 2113 rare
318 2082 405 2123 poffit
419 2104 428 2117 ,
448 2085 586 2114 Antonio
605 2082 658 2115 sibi
666 2081 843 2122 conjunfiko.
868 2085 948 2113 Nam
959 2082 996 2112 de
1006 2082 1145 2113 Pollione

190 2093 296 2156 Aefinio
305 2134 379 2164 puto
392 2134 422 2155 te
431 2125 604 2165 perspicere,
615 2124 689 2165 quid
699 2123 830 2155 facturus
840 2123 880 2154 fit.
889 2124 993 2154 multae
1003 2124 1036 2154 &
1046 2123 1145 2157 bonae,

191 2167 226 2198 δε
244 2164 339 2196 firmae
357 2167 424 2197 sunt
436 2168 570 2207 legiones
581 2166 708 2207 Lepidi,
730 2166 765 2196 &
779 2164 885 2196 Asinii.
910 2168 1017 2207 Neque
1027 2167 1090 2196 haec
1100 2165 1147 2196 id—

190 2211 270 2239 circo
291 2208 345 2238 tibi
357 2209 452 2239 scribo
462 2229 471 2242 ‚
489 2209 571 2249 quod
582 2217 610 2238 te
619 2218 683 2238 non
693 2207 797 2238 eadem
809 2207 957 2238 advertere
967 2208 1056 2238 sciam
1068 2227 1076 2241 ,
1095 2207 1144 2238 sed

189 2249 274 2292 quod
293 2251 371 2280 mihi
394 2248 639 2290 persuafiffimum
660 2249 702 2280 est
712 2270 720 2283 ‚
741 2249 892 2289 Lepidum
902 2248 983 2280 reete
993 2249 1144 2280 fasturum

191 2302 360 2334 numquam
370 2312 379 2325 ,
399 2290 419 2321 fi
435 2291 515 2323 forte
536 2292 625 2322 vobis
634 2291 664 2321 id
676 2291 714 2321 de
723 2292 781 2321 hoc
789 2291 916 2321 dubium
925 2290 976 2321 est.
1000 2292 1142 2322 Plancum

190 2332 506 2375 quoqueconfirmetis
516 2343 570 2364 oro
582 2344 587 2362 :
599 2343 689 2374 quem
701 2334 785 2373 spero
796 2353 804 2367 ‚
815 2333 900 2372 pulso
910 2336 1058 2367 Antonio,
1071 2335 1143 2373 reip.

191 2385 257 2406 non
276 2375 460 2406 defuturum.
484 2377 514 2406 Si
532 2376 561 2405 se
571 2376 671 2415 Alpeis
683 2377 837 2404 Antonius
846 2376 991 2414 trajecerit
999 2394 1008 2408 ‚
1032 2373 1146 2405 consti-

191 2419 238 2448 tui
246 2415 415 2457 praefidium
426 2419 458 2447 in
469 2417 596 2457 Alpibus
605 2417 752 2447 collocare
764 2436 772 2450 ,
786 2417 820 2447 &
831 2425 859 2447 te
868 2416 905 2447 de
915 2418 1003 2447 omni
1012 2426 1043 2447 re
1050 2415 1145 2447 facere

189 2461 360 2491 certiorem.
372 2468 429 2488 ιη.
444 2459 510 2489 Kal.
522 2461 598 2493 Mai,
607 2469 645 2489 ex
653 2458 753 2489 castris
763 2460 862 2500 Regii.

131 2518 175 2545 10
311 2511 570 2540 DBRUTUS
591 2512 673 2541 S.D.
696 2511 1017 2540 M.CICERON1.

193 2554 284 2633 N
292 2558 341 2586 ΟΝ
351 2557 430 2586 mihi
440 2566 534 2596 remp.
549 2557 618 2596 plus
630 2555 738 2586 debere
747 2555 874 2586 arbitror
883 2575 893 2589 ,
912 2555 1004 2595 quam
1013 2564 1064 2585 me
1074 2554 1141 2586 tibi.

285 2599 448 2640 gratiorem
459 2607 509 2628 me
521 2596 580 2628 effe
588 2599 621 2628 in
631 2606 660 2627 te
669 2595 751 2636 poffe
763 2616 771 2630 ‚
789 2597 879 2637 quam
891 2596 939 2626 isti
950 2595 1078 2636 perversi
1088 2595 1144 2628 fint

189 2643 224 2672 in
243 2650 293 2670 me
305 2660 314 2674 ‚
337 2640 526 2680 exploratum
542 2639 641 2670 habes.
665 2642 675 2657 ¹
686 2640 715 2668 Si
728 2646 827 2668 autem
837 2639 897 2669 hoc
907 2647 1040 2678 tempore
1050 2638 1086 2668 ab
1096 2640 1144 2669 his

187 2682 324 2715 videatur
339 2681 399 2713 dici
409 2681 493 2712 causa
502 2679 701 2712 fimulationis
713 2699 722 2714 ‚
741 2680 864 2710 mallem
874 2680 1044 2710 mehercule
1055 2688 1141 2711 tuum

162 862 182 896 8

1216 155 1290 188 ET
1323 142 1642 200 Carskos,
1679 146 1802 193 Lis.
1839 148 1927 196 XI.
2062 163 2156 212 72⁴9

1200 223 1351 261 judicium
1372 243 1380 258 ,
1408 224 1497 265 quam
1515 235 1553 255 ex
1570 226 1658 256 altera
1675 235 1756 266 parte
1774 228 1916 257 omniurn
1938 224 2075 257 istorum.
2109 229 2160 257 Tu

1203 266 1286 294 enim
1298 264 1313 295 a
1327 274 1407 296 certo
1418 265 1501 296 sensu
1512 287 1520 300 ,
1544 267 1576 297 δε
1588 268 1783 308 verojudicas
1792 269 1829 299 de
1839 269 1947 299 nobis:
1967 268 2049 309 quod
2061 266 2110 298 isti
2119 278 2160 298 ne

1205 304 1331 340 faciant,
1352 307 1468 337 summa
1479 309 1706 344 malivolentia,
1719 310 1751 340 &
1765 310 2084 351 livoreimpediuntur.
2108 312 2160 340 In-

1204 348 1362 386 terpellent
1384 358 1433 378 me
1446 369 1454 382 ,
1475 360 1535 390 quo
1546 353 1650 380 minus
1662 353 1824 382 honoratus
1834 351 1887 382 sim
1898 372 1907 386 ‚
1933 352 2006 383 dum
2016 362 2054 382 ne
2063 354 2159 381 intet-

1204 388 1315 425 pellent
1324 409 1333 422 ‚
1349 399 1411 430 quo
1422 391 1524 420 minus
1533 392 1606 432 resp.
1617 392 1633 422 a
1643 403 1693 422 me
1703 393 1867 424 commode
1877 393 2078 424 administrari
2088 393 2159 432 pos-

1202 427 1245 458 fit.
1268 432 1343 472 Qae
1361 440 1473 471 quanto
1487 431 1520 463 sit
1538 435 1571 463 in
1588 435 1722 473 periculo
1734 455 1742 469 ,
1763 435 1854 476 quam
1873 433 2157 475 poterobreviffime

1201 479 1361 509 exponam.
1387 475 1523 503 Primum
1546 477 1688 505 omnium
1709 496 1718 510 ,
1737 485 1878 517 quantam
1900 477 2157 517 perturbationem

1200 521 1299 541 rerum
1319 513 1499 544 urbanarum
1519 514 1619 547 afferat
1639 517 1738 548 obitus
1749 519 1908 548 consulum
1920 538 1929 552 ,
1953 527 2157 559 quantamque

1200 553 1416 592 ²cupiditatem
1435 556 1613 587 hominibus
1634 559 1749 597 injiciat
1764 562 1913 593 vacuitas,
1937 570 2001 590 non
2020 569 2049 590 te
2066 559 2154 602 fugit.

1199 596 1273 641 Satis
1283 604 1331 624 me
1343 596 1438 626 multa
1446 596 1584 636 scrlpfiffe
1595 618 1603 632 ‚
1621 609 1686 639 quae
1696 601 1799 631 litteris
1808 601 2017 632 commendari
2026 600 2146 641 possint.

1176 637 1186 692 l
1200 635 1334 682 arbitror.
1359 639 1427 666 Scio
1437 640 1521 668 enim
1531 640 1579 679 cui
1597 640 1730 671 scribam.
1755 645 1901 674 Revertor
1911 653 1992 674 nunc
2001 644 2038 674 ad
2057 646 2156 673 Anto-

1199 685 1305 706 nium:
1325 680 1379 717 qui
1396 688 1434 708 ex
1451 677 1520 719 fuga
1528 680 1600 710 curn
1614 684 1765 720 parvulam
1781 694 1905 714 manum
1916 686 2052 725 peditum
2065 684 2156 715 habe-

1198 726 1242 747 ret
1251 720 1417 749 inermium
1427 739 1436 753 ‚
1452 720 1593 762 ergastula
1603 723 1748 753 solvendo
1758 744 1766 757 ,
1778 735 1928 767 omneque
1938 737 2032 768 genus
2052 727 2156 756 homi-

1176 781 1178 794 ,
1198 769 1276 790 num
1295 760 1484 800 arripiendo,
1513 763 1578 793 satis
1598 773 1742 805 magnum
1759 776 1922 797 numerum
1950 768 2068 799 videtur
2084 766 2158 798 effe-

1199 800 1277 832 cisse.
1319 804 1389 832 Huc
1404 802 1522 834 accessit
1543 814 1649 835 manus
1668 807 1822 840 Ventidii‚
1845 818 1910 848 quae
1930 817 2007 839 trans
2020 810 2157 849 Apenni-

1201 853 1276 873 num
1288 844 1395 881 itinere
1406 843 1486 874 fasto
1498 844 1686 877 difficillimo
1703 848 1739 878 ad
1751 848 1829 879 Vada
1841 853 1975 888 pervenit
1985 871 1993 884 ,
2012 861 2098 892 atque
2110 850 2154 880 ibi

1176 905 1177 908 ,
1201 885 1228 915 se
1238 895 1308 915 curn
1320 888 1634 926 Antonioconjunxit.
1658 888 1710 920 Est
1719 900 1864 920 numerus
1873 900 2077 922 veteranorum
2089 912 2097 926 ‚
2120 893 2155 922 &

1176 939 1177 950 i
1198 936 1382 968 armatorum
1400 929 1467 958 satis
1485 928 1623 970 frequens
1642 941 1712 961 cum
1733 932 1890 962 Ventidio.
1910 932 2040 963 Consilia
2058 937 2155 964 Anto-

1201 971 1245 998 nii
1255 970 1318 999 haec
1327 968 1392 1003 sint,
1403 969 1517 1001 necess'e
1535 971 1577 1002 est
1590 983 1595 1001 ;
1614 982 1664 1003 aut
1674 973 1709 1003 ad
1720 973 1869 1013 Lepidum
1881 983 1913 1004 ut
1923 975 1951 1004 se
1959 975 2090 1005 conferat
2102 995 2109 1008 ‚
2132 973 2153 1004 si

1199 1012 1355 1051 recipitur:
1379 1021 1428 1041 aut
1439 1015 1603 1051 Apennino
1616 1034 1623 1048 ,
1644 1015 1827 1056 Alpibusque
1838 1016 1866 1046 se
1875 1025 1991 1049 teneat,
2004 1017 2035 1046 ὃς
2046 1016 2151 1046 decur-

1200 1051 1334 1082 sionibus
1344 1062 1395 1092 per
1404 1056 1537 1095 equites,
1551 1065 1627 1096 quos
1639 1056 1725 1086 habet
1736 1058 1849 1087 multos
1859 1077 1867 1091 ‚
1881 1057 1974 1088 vastet
1983 1058 2089 1088 ealoca
2101 1078 2108 1091 ,
2121 1059 2154 1087 in

1198 1104 1265 1134 quae
1284 1096 1442 1126 incurrerit
1458 1105 1524 1127 :aut
1541 1098 1638 1128 rursus
1650 1099 1677 1129 se
1689 1100 1721 1128 in
1730 1101 1877 1130 Etruriam
1888 1099 2009 1133 referat,
2029 1098 2111 1140 quod
2123 1108 2155 1129 ea

1201 1146 1266 1176 pars
1275 1137 1367 1167 Italiae
1378 1135 1437 1167 sine
1448 1140 1580 1169 exercitu
1590 1139 1641 1169 est.
1666 1140 1757 1182 Qiod
1768 1139 1785 1170 si
1798 1151 1847 1171 me
1858 1141 1951 1171 Caesar
1960 1140 2094 1174 audiiset.
2110 1149 2154 1171 at-

1198 1187 1255 1219 que
1271 1181 1471 1218 Apenninum
1489 1179 1645 1211 translffet:
1670 1183 1702 1211 in
1720 1191 1812 1212 tantas
1821 1182 1967 1224 angustias
1982 1185 2154 1213 Antonium

1198 1219 1413 1260 compulissem
1426 1242 1434 1255 ‚
1454 1231 1487 1252 ut
1505 1225 1606 1263 inopia
1615 1222 1717 1263 potius
1726 1244 1735 1257 ‚
1755 1224 1844 1265 quam
1855 1226 1935 1254 terro
1944 1223 2154 1255 conficeretur.

1197 1261 1254 1292 Sed
1263 1272 1360 1303 neque
1371 1264 1473 1294 Caesari
1483 1266 1622 1304 imperari
1631 1265 1728 1306 potest
1742 1286 1750 1300 ‚
1762 1276 1815 1296 nec
1826 1267 1918 1297 Caesar
1927 1269 2072 1297 exercitui
2087 1266 2153 1297 suo.

1197 1303 1281 1344 quod
1301 1314 1460 1346 utrumque
1479 1305 1641 1346 pessimum
1663 1307 1714 1338 est.
1738 1307 1815 1338 Cum
1837 1309 1899 1339 haec
1923 1308 1990 1338 talia
2002 1307 2060 1338 lint
2071 1319 2076 1337 z
2087 1317 2151 1349 quo

1198 1345 1304 1375 minus
1315 1366 1323 1379 ,
1343 1348 1424 1387 quod
1434 1347 1468 1377 ad
1482 1358 1530 1378 me
1537 1349 1702 1388 pertinebit
1713 1369 1721 1383 ‚
1740 1351 1884 1381 homines
1894 1351 2086 1390 interpellent
2098 1370 2106 1382 ,
2119 1357 2152 1380 ut

1198 1387 1281 1428 supra
1300 1387 1414 1428 scripfi,
1435 1399 1499 1419 non
1516 1391 1662 1430 impedio.
1686 1394 1759 1422 Haec
1778 1391 2041 1433 quemadmodum
2052 1391 2152 1430 expli-

1196 1432 1254 1460 cari
1262 1428 1376 1469 poffint
1385 1450 1394 1464 ,
1407 1441 1457 1461 aut
1467 1452 1476 1465 ,
1486 1431 1502 1461 a
1511 1441 1540 1462 te
1549 1432 1620 1462 cum
1632 1433 1872 1473 explicabuntur,
1889 1443 1926 1463 ne
1939 1432 2152 1473 impediantur.

1198 1471 1303 1501 timeo}
1328 1472 1416 1502 Alere
1433 1474 1491 1510 jam
1509 1475 1623 1504 milites
1643 1485 1705 1505 non
1717 1474 1847 1515 poss'um.
1871 1474 1948 1504 curn
1960 1476 1996 1504 ad
2007 1483 2103 1513 remp.
2115 1474 2155 1503 li·

1198 1512 1358 1543 berandam
1378 1513 1480 1544 accefl'i
1494 1535 1503 1548 ,
1522 1525 1587 1545 H-s.
1599 1517 1677 1546 mihi
1686 1516 1744 1546 fuit
1755 1518 2001 1556 pecuniaeaccec.
2012 1516 2151 1555 amplius.

1198 1557 1332 1585 Tantum
1343 1555 1432 1589 abest,
1447 1565 1478 1586 ut
1488 1567 1563 1587 mea:
1573 1560 1615 1587 rei
1624 1557 1779 1588 familiaris
1789 1558 1919 1587 liberum
1930 1556 1963 1586 sit
1973 1557 2152 1598 quidquam,

1196 1605 1228 1627 ut
1247 1598 1368 1626 omneis
1374 1598 1436 1636 jam
1448 1607 1534 1628 meos
1543 1602 1722 1629 amicosaere
1733 1600 1832 1629 alieno
1843 1598 2069 1629 obstrinxerim.
2080 1601 2155 1638 Sep-

1193 1636 1300 1668 tenum
1311 1648 1475 1670 numerum
1487 1650 1569 1671 nunc
1577 1641 1734 1682 legionum
1745 1642 1794 1671 alo
1809 1665 1814 1670 .
1835 1651 1892 1682 qua
1902 1639 2077 1671 difficultate
2091 1660 2100 1674 ‚
2121 1649 2154 1670 tu

1193 1680 1341 1711 arbitrare.
1363 1683 1451 1715 Non,
1463 1680 1484 1712 fi
1494 1684 1638 1713 Varronis
1649 1684 1799 1713 thesauros
1808 1683 1965 1716 haberem,
1978 1686 1989 1709 3
2001 1680 2155 1712 subfi‘stere

1192 1723 1306 1753 sumtui
1322 1720 1451 1762 poffem.
1483 1722 1563 1754 Cum
1580 1724 1720 1764 primum
1743 1724 1780 1755 de
1801 1726 1938 1755 Antonio
1956 1724 2152 1763 exploratum

1192 1764 1325 1796 habuero
1337 1784 1345 1798 ,
1373 1763 1481 1796 faciam
1498 1775 1525 1796 te
1535 1769 1705 1797 certiorem.
1729 1769 1780 1797 Tu
1791 1776 1841 1796 me
1851 1766 1964 1796 amabis
1975 1767 2013 1795 ita
2025 1786 2034 1799 ,
2056 1764 2077 1795 sl
2091 1766 2151 1795 hoc

1189 1805 1272 1836 idem
1291 1816 1341 1836 me
1352 1808 1384 1837 in
1402 1815 1431 1838 te
1443 1806 1537 1838 facere
1551 1808 1685 1839 senseris.
1701 1818 1758 1838 ιιι.
1783 1810 1868 1838 Non.
1879 1809 1942 1837 Mai
1953 1826 1962 1841 ‚
1982 1817 2021 1837 ex
2030 1806 2143 1841 castris,

1188 1849 1367 1877 Derthoma.

1210 1891 1422 1920 D-BRUTUS
1439 1892 1525 1921 IMP.
1547 1893 1628 1921 COS.
1652 1893 1739 1922 DES.
1760 1893 1787 1921 S.
1799 1893 1842 1921 D.
1866 1893 1910 1920 M.
1920 1891 2125 1922 CICERONI.

1191 1928 1366 2005 EODEM
1386 1932 1529 1972 exemplo
1543 1932 1559 1962 a
1571 1941 1599 1963 te
1608 1933 1652 1962 mi
1663 1932 1756 1963 literae
1766 1932 1888 1963 redditae
1897 1933 1966 1963 sunt
1977 1953 1986 1966 ,
2005 1942 2066 1973 quo
2076 1942 2133 1971 pne
2141 1948 2152 1954 —

1267 1973 1292 2002 ri
1311 1973 1373 2002 mei
1392 1973 1565 2003 attulerunt.
1586 1977 1725 2004 Tantum
1745 1984 1795 2004 me
1808 1974 1862 2004 tibi
1877 1974 1983 2004 debere
1992 1973 2149 2007 existinw‚

1185 2022 1330 2055 quantum
1341 2014 1509 2054 persolvere
1519 2014 1644 2045 difficile
1654 2015 1696 2046 est
1708 2027 1713 2045 :
1734 2014 1838 2056 Scripsi
1850 2016 1921 2050 tibi,
1934 2026 1999 2056 quae
2008 2014 2058 2046 hic
2066 2026 2150 2057 gere·

1184 2065 1296 2086 rentur.
1320 2056 1352 2085 in
1366 2056 1473 2087 itinere
1481 2056 1525 2087 est
1536 2059 1708 2087 Antonius:
1730 2057 1766 2087 ad
1776 2057 1927 2098 Lepidum
1938 2056 2117 2098 proficiscitm
2125 2068 2135 2074 .-

1185 2107 1224 2128 ne
1243 2098 1280 2128 de
1298 2097 1408 2128 Planco
1427 2097 1552 2138 quidem
1572 2099 1654 2139 spem
1673 2098 1769 2129 adhuc
1785 2099 1892 2139 abjecit
1905 2120 1914 2132 .
1939 2108 1971 2129 ut
1984 2109 2023 2129 ex
2034 2098 2148 2129 libeliis

1185 2140 1249 2180 ejus
1267 2138 1484 2173 animadverti,
1505 2141 1557 2181 qui
1577 2143 1609 2171 in
1630 2150 1681 2171 me
1696 2141 1877 2172 inciderunt.
1901 2143 1938 2171 In
1951 2141 2149 2182 quibusqzos

1182 2181 1218 2211 ad
1229 2181 1367 2212 Asinium
1378 2200 1386 2215 ,
1400 2191 1477 2222 quos
1485 2183 1520 2213 ad
1531 2182 1682 2223 Lepidum
1695 2202 1704 2215 ,
1716 2192 1793 2223 quos
1802 2182 1837 2213 ad
1850 2183 1992 2213 Plancum
2003 2184 2146 2215 mitterer,-

1184 2223 1335 2254 scribebat.
1359 2224 1424 2263 Ego
1444 2232 1546 2254 tamen
1565 2234 1630 2254 non
1641 2224 1915 2265 habuiambiguum
1928 2244 1936 2257 ,
1957 2223 1990 2254 &
2001 2223 2098 2254 statim
2111 2225 2146 2254 sd

1184 2265 1328 2296 Plancum
1342 2263 1410 2294 misi
1422 2275 1429 2294 ;
1450 2264 1483 2295 &
1492 2265 1586 2296 biduo
1597 2264 1632 2296 ab
1641 2265 1858 2307 Allobrogibus
1869 2286 1878 2300 ‚
1894 2266 2031 2296 &totius
2041 2266 2147 2296 Galliae

1184 2307 1295 2347 legatos
1303 2305 1444 2346 exspe&o
1454 2326 1463 2340 ‚
1472 2316 1547 2348 quos
1555 2306 1749 2338 confirmatos
1758 2309 1886 2338 domurn
1896 2309 2058 2338 remittam.
2081 2310 2144 2339 Tu.-

1183 2358 1250 2389 quae
1266 2348 1332 2379 istic
1351 2356 1427 2388 opus
1446 2357 1534 2379 erunt
1551 2348 1771 2383 administrari,
1797 2350 1959 2390 prospicies
1971 2369 1979 2382 ,
1997 2359 2030 2378 ut
2046 2358 2084 2378 ex
2098 2358 2146 2378 tua

1184 2390 1358 2422 voluntate.
1379 2391 1482 2431 reique
1501 2391 1630 2430 publicae
1648 2391 1815 2421 commodo
1826 2389 1906 2421 fiant.
1928 2390 2147 2421 Malivolentiae

1184 2432 1349 2462 hominum
1363 2432 1396 2461 in
1406 2442 1456 2461 me
1466 2451 1475 2465 ,
1498 2431 1517 2462 fi
1534 2434 1646 2473 poteris
1656 2452 1665 2466 ,
1682 2443 1811 2463 ocurres.
1837 2431 1856 2462 si
1867 2442 1930 2462 non
1940 2433 2068 2471 poteris,
2088 2433 2146 2462 hoc

1185 2474 1379 2504 consolabere
1389 2492 1399 2507 ,
1418 2473 1499 2514 quod
1515 2484 1565 2504 me
1579 2474 1616 2504 de
1624 2473 1697 2504 statu
1705 2484 1776 2504 meo
1785 2474 1879 2504 nullis
1888 2473 2085 2503 contumeliis
2093 2473 2147 2503 de—

1184 2524 1291 2546 terrere
1300 2515 1431 2555 poffunt.
1452 2515 1551 2556 pridie
1560 2525 1655 2546 nonas
1668 2517 1730 2545 Mai
1741 2535 1750 2550 .
1772 2525 1811 2546 ex
1820 2514 1920 2546 castris
1931 2535 1940 2548 ,
1963 2513 2075 2545 finibus
2083 2517 2154 2547 Sta-²

1185 2557 1378 2588 tiellensium-

1266 2601 1311 2629 M.
1325 2600 1473 2630 CICERO
1493 2600 1575 2629 s.D.
1598 2599 1740 2629 BRUTO
1762 2600 1844 2628 1M1‘.
1867 2599 1948 2628 COS.
1971 2600 2058 2630 DES.

1281 2643 1365 2671 Rt—:rs
1385 2649 1447 2671 uno
1465 2639 1514 2669 die
1534 2640 1550 2670 a
1569 2648 1597 2670 te
1612 2641 1709 2680 accepi
1723 2638 1880 2680 epistolas:
1900 2649 1992 2670 unam
2006 2640 2142 2675 brevem,

1281 2692 1371 2724 quam
1384 2681 1488 2712 Flacco
1499 2682 1671 2712 Volumnio
1681 2681 1814 2713 dederas:
1823 2681 1894 2712 duas
1901 2682 2062 2722 pleniores:
2071 2692 2147 2724 qua—-

2072 2734 2140 2754 rum

227 2798 239 2816 ι
246 2810 253 2816 .
270 2794 295 2816 Si
304 2798 381 2817 autem
389 2792 428 2816 hoc
436 2797 532 2822 tempore
542 2791 572 2815 ab
581 2789 616 2815 his
625 2789 739 2814 videatur
748 2788 794 2814 dici
803 2788 875 2821 caufia
877 2787 1045 2821 simulationis,
1055 2789 1144 2814 mallem

190 2826 314 2852 mehercule
321 2825 532 2860 tuumjudicium]
554 2825 633 2851 Nihil
652 2823 752 2850 disceffi
763 2826 778 2850 ἐι
791 2824 899 2859 vulgati
910 2823 1025 2850 lechone
1038 2842 1046 2855 ‚
1066 2833 1144 2858 quam

193 2860 222 2886 Sc
241 2860 266 2888 in
284 2860 328 2889 sua
345 2862 462 2889 editione
480 2861 601 2888 exhibuit
620 2861 651 2886 P.
664 2859 812 2887 victorius.
833 2859 968 2886 Palatinus
988 2859 1089 2895 primus
1108 2860 1146 2886 ita

193 2894 263 2921 hunc
272 2896 358 2924 locum
370 2897 486 2934 concipit
496 2908 502 2924 ε
523 2900 560 2923 Sit
569 2906 602 2923 an
609 2898 650 2922 hoc
658 2903 755 2929 tmpore
770 2896 791 2922 is
801 2896 933 2921 videamur
943 2896 988 2921 dici
1000 2895 1070 2928 rausa
1081 2897 1148 2921 malle

192 2940 229 2957 me
236 2934 417 2967 tuumjudicium
429 2942 500 2968 quam
509 2943 538 2959 ex
548 2934 593 2959 alt.
613 2933 723 2959 Tertius
736 2933 799 2958 vero
813 2942 818 2957 z
841 2935 866 2957 Si
875 2939 953 2957 tamen
963 2933 1001 2957 hoc
1010 2938 1106 2963 tempure
1116 2933 1147 2957 ab

190 2967 360 2993 iis-videantur
377 2969 423 2995 dice·
431 2978 459 2997 ea
476 2971 565 2995 mallem
582 2970 725 2994 mehercule.
746 2967 889 2994 Lambinus
900 2976 934 2993 ex
953 2966 1076 2993 consensu
1088 2967 1148 2993 Ma-

191 3002 260 3029 nutii
272 3002 326 3029 imo
336 3002 490 3039 dustu(nam
502 3005 543 3030 hic
554 3005 651 3041 praeiit)
664 3005 688 3030 le
709 3005 739 3031 it:
750 3008 775 3030 Si
786 3011 864 3030 tamen
873 3005 917 3029 haec
928 3003 1032 3036 temporie
1041 3003 1147 3028 videan-

190 3046 233 3064 τιυ-
241 3038 299 3069 dici,
309 3039 392 3072 causa,
401 3042 481 3065 malim
490 3042 588 3066 meherc.
607 3014 803 3067 Guliesmiauus
816 3060 823 3072 ‚
834 3048 901 3075 puto
914 3059 921 3071 ‚
932 3039 1144 3065 stewechianum

187 3072 325 3109 respiciens
339 3093 347 3105 ,
357 3074 402 3110 qui
413 3074 497 3101 ferme
508 3076 627 3102 Palatino
638 3077 718 3103 tertio
730 3076 867 3112 respondet
879 3095 887 3108 ‚
899 3074 1039 3111 legendnm
1050 3074 1125 3101 ducit
1136 3084 1145 3106 ;

188 3113 236 3141 Sit,
253 3119 285 3135 an
294 3111 333 3135 hoc
343 3111 448 3143 temporis
455 3111 581 3144 videatur,
592 3112 649 3138 dicis
658 3114 741 3147 causa.
762 3112 896 3139 Antonius
908 3111 1071 3148 Augustinus
1085 3131 1092 3143 ,
1104 3119 1146 3137 te-

187 3145 270 3172 stante
290 3145 388 3172 Urfino
407 3146 536 3174 malebat:
566 3149 593 3173 si
610 3155 688 3174 tamen
706 3150 746 3174 hoc
757 3155 854 3182 tempore
863 3148 979 3174 videatur
997 3147 1053 3174 decis
1072 3148 1145 3181 causa

188 3184 278 3210 mallem
295 3188 361 3210 tunm
371 3183 500 3218 J'uds'cium.
519 3183 586 3212 Haec
603 3183 720 3220 collegi,
739 3191 769 3214 ut
779 3184 907 3215 studiosus
920 3183 1008 3214 leStor
1027 3183 1145 3214 adsuunt

1180 2789 1285 2824 gustum
1295 2788 1409 2825 eligeret
1423 2787 1493 2824 quod
1506 2788 1578 2815 lubet
1590 2799 1595 2815 :
1617 2798 1665 2815 nos
1685 2789 1819 2815 temerarii
1838 2788 1865 2815 in
1875 2788 2006 2816 mutando
2016 2798 2070 2817 non
2089 2798 2137 2826 po-

1185 2825 1284 2852 tuimus
1296 2824 1358 2850 esle.

1221 2869 1248 2886 2.
1272 2860 1429 2893 Cupiditatem
1447 2861 1577 2885 hominibus·
1594 2861 1688 2894 injiciat
1706 2861 1831 2886 vacuitas.
1867 2860 1911 2887 Sic
1927 2860 1965 2888 est
1982 2860 2008 2888 in
2021 2860 2140 2888 Vaticani

1185 2896 1330 2932 excerptis,
1341 2896 1405 2922 item
1416 2894 1536 2921 Mediceo
1548 2914 1556 2927 ,
1567 2903 1597 2922 ut
1608 2905 1641 2922 ex
1651 2906 1682 2922 eo
1692 2895 1777 2922 edidit
1786 2896 1819 2923 Vi
1851 2897 1934 2923 orius.
1953 2897 2088 2924 Palatinus
2099 2905 2140 2925 ra—

1185 2941 1244 2958 men
1256 2932 1369 2968 primus,
1380 2931 1591 2963 stertet-hiantis,
1604 2932 1791 2969 Hittorpianus
1803 2941 1811 2963 ;
1831 2935 1917 2958 iniciat
1929 2932 1981 2967 (vel
1991 2936 2075 2959 initiat
2085 2942 2137 2959 va-

1185 2970 1273 2993 σι’-νίκας
1283 2979 1289 2993 ,-
1299 2975 1329 2993 ut
1340 2967 1448 2993 Plautus
1459 2966 1530 2994 dixit
1539 2970 1645 2993 vatins
1652 2968 1709 2994 teies
1727 2971 1823 2995 aurium
1832 2977 1880 3004 pro
1888 2977 1994 2994 vacuae.
2005 2969 2138 2996 Palatinus

1185 3004 1280 3029 tertius
1292 3004 1334 3029 hic
1352 3003 1416 3029 totis
1439 3003 1540 3029 mendis
1557 3002 1699 3040 adopertus
1709 3004 1762 3031 est:
1786 3006 1917 3031 homiuibus
1932 3007 2019 3031 incitat
2034 3008 2139 3032 nor-irat.

1187 3039 1251 3066 ficut
1261 3039 1346 3076 arima
1355 3038 1446 3065 editio:
1460 3041 1546 3064 iniciat
1555 3043 1580 3065 in
1590 3046 1633 3065 tua
1643 3050 1722 3066 rerum
1730 3043 1835 3067 navitae.
1847 3040 1920 3076 vulg.
1930 3043 2025 3074 injiciat
2031 3044 2138 3068 novitus.

1223 3083 1250 3110 3.
1268 3075 1496 3109 subsisterefhmptui
1502 3075 1607 3110 paffirm]
1628 3076 1827 3112 Elegantislime
1839 3075 1873 3103 sic
1882 3076 1995 3103 Palatini
2005 3077 2059 3104 duo
2071 3096 2079 3109 ‚
2098 3086 2143 3112 pr-

1186 3117 1251 3138 tert.
1262 3111 1380 3138 Vaticani
1391 3118 1515 3147 excerpta
1527 3130 1534 3143 ,
1544 3113 1744 3140 stewechianus
1756 3132 1764 3144 ,
1787 3112 1975 3150 Hittorpianus
1986 3122 1995 3144 5
2015 3112 2095 3147 idque
2104 3118 2139 3138 ex

1186 3146 1286 3174 Medic.
1306 3147 1333 3174 in
1344 3146 1389 3174 suf:
1399 3147 1565 3184 impreffione
1576 3148 1676 3175 secutus
1688 3149 1724 3176 est
1734 3148 1882 3177 Viritorius.
1902 3149 1944 3177 Ex
1953 3147 2037 3186 glossa
2045 3149 2073 3176 in
2082 3147 2148 3175 edi-.

1188 3183 1304 3215 tionibus
1315 3182 1418 3220 sequius
1428 3183 1541 3221 legitur,
1545 3184 1662 3250 sustinzere
1666 3186 1786 3220 fiamptum
1792 3186 1887 3220 poffiim.
2101 3219 2128 3245 k

1644 3230 1660 3249 Ζ
1670 3230 1686 3249 Ζ
1697 3230 1714 3251 Z
2020 3227 2022 3229 '
2067 3225 2091 3247 Χ,
2128 3224 2142 3244 d

2171 1858 2209 1883 Η
