2302 3353
91 1071 141 1106 60
151 1064 285 1104 jutorem
303 1063 379 1094 dare.
410 1066 492 1094 Nam
511 1062 595 1104 quod
614 1063 688 1093 dicis
708 1061 892 1093 senecstutem
910 1061 925 1092 a
947 1062 1109 1093 solitudine

663 129 759 162 ni:
838 115 1146 165 ORATo

1177 128 1275 163 Rz
1356 118 1523 171 Lrn.
1573 118 1646 169 1„
2055 121 2120 178 85

163 196 258 238 usque
275 196 310 228 ad
329 192 530 238 graviffimum
545 192 655 224 sonum
663 193 829 232 rccipiunt,
852 191 885 222 δε
895 191 974 232 quafi
984 194 1117 233 quodam
1146 198 1148 212 ³
1164 191 1278 226 strum,
1299 194 1388 224 multi
1398 193 1514 224 sudoris
1523 193 1566 224 est
1577 214 1585 228 ,
1600 193 1632 224 &
1642 192 1694 224 illa
1703 192 1848 225 orationis
1859 195 1995 226 suaeicum
2006 195 2122 235 scriptis

165 239 261 268 modo
279 239 442 278 colligunt.»
455 237 514 265 hoc
523 245 578 265 iios
589 233 609 263 si
622 234 714 263 facere
722 234 852 263 velimus
863 252 873 266 ,
891 233 959 263 ante
972 234 1120 264 condem-

163 288 274 311 nentur
282 281 317 312 ii,
328 287 458 318 quorum
467 277 564 306 causas
574 274 881 315 receperimus‚quam
892 276 991 308 toties,
1003 279 1119 315 quoties
1144 300 1145 304 ,

161 320 372 362 perscribitur,
385 323 394 338 ¹
407 322 543 349 Paeanem
554 338 563 351 ‚
582 326 632 347 aut
643 318 828 345 Munionem
839 317 1003 345 citarimus.
1027 315 1118 355 de
1143 316 1145 335 ³
1160 324 1179 354 p
1267 359 1271 362 ὓ

1161 356 1209 384 vel
1219 356 1253 385 ad
1265 359 1457 389 imitandum.
1501 360 1580 391 Illud
1592 359 1664 391 verb
1676 360 1734 392 fuit
1743 361 1897 395 horribile,
1908 361 1988 403 quod
2001 364 2119 392 meher-
2137 358 2179 392 61

162 360 184 391 fi
194 363 227 391 in
237 360 318 402 gestu
328 380 336 393 ,
347 362 399 400 qui
410 360 543 389 multum
554 367 702 388 oratorem
713 357 830 396 adjuvat
840 376 848 390 ,
861 356 894 386 δε
904 358 939 386 in
946 367 1022 386 voce
1032 376 1041 390 ,
1053 367 1119 397 quae

161 411 220 432 una
240 404 375 431 maxime
393 401 597 441 eloquentiam
618 400 667 429 vel
683 398 880 429 commendat
888 417 896 431 ‚
917 398 966 428 vel
985 398 1119 443 sustinet,

159 443 308 473 elaborare
326 443 416 472 nobis
435 452 498 472 non
517 442 587 472 licet
598 453 607 475 3
625 451 657 470 ac
675 438 794 470 tantum
813 441 847 469 in
865 448 990 480 utroque
1007 438 1119 480 aflequi

158 483 326 525 poffumus,
337 493 489 524 quantum
496 504 504 518 ,
517 485 551 513 in
561 485 614 513 hac
621 482 681 511 acie
689 481 859 523 q'uOtidiani
870 482 1003 511 muneris
1012 500 1021 515 ‚
1034 481 1119 521 spatii

157 526 248 556 nobis
266 525 350 555 datur
362 536 366 554 :
385 534 498 566 quanto
518 527 620 555 minus
641 524 683 554 est
693 524 728 554 ad
736 524 811 563 juris
821 524 920 552 civilis
928 522 1117 562 perdiscendi

157 569 386 606 occupationem
395 567 660 597 descendendum?
681 565 763 606 quod
775 566 807 594 &
819 565 991 594 summatim
1003 566 1116 603 percipi

157 607 218 638 fine
237 607 375 638 doEfflna
392 608 487 648 potest
497 629 504 641 ‚
526 609 558 638 ὃ(
569 609 646 637 hanc
655 608 742 636 habet
751 606 786 635 ab
796 606 857 635 illis
867 606 954 635 rebus
965 603 1117 635 diffimili—

156 650 296 680 tudinem
306 669 314 683 ‚
339 649 419 691 quod
432 660 494 679 vox
506 670 514 683 ‚
527 651 558 680 &
567 649 664 690 gestus
674 646 773 678 subito
784 647 862 676 sumi
874 666 883 679 ,
897 647 929 676 &
939 646 1061 676 aliunde
1071 657 1116 676 ar-
1137 663 1139 682 ς

156 693 215 731 ripi
226 701 289 721 non
298 691 396 731 potest
408 702 412 720 ε
430 692 507 730 juris
518 693 637 722 utilitas,
649 689 683 719 ad
692 698 840 729 quamque
849 687 966 717 causam
978 690 1116 728 quamvis

157 732 279 773 repente
292 733 365 762 vela
374 734 478 775 peritis,
490 733 537 763 vel
547 732 583 762 de
591 730 668 759 libris
675 730 814 769 depromi
824 728 930 768 potest.
953 731 1056 770 Itaque
1067 730 1114 759 illi
1136 752 1137 763 ,

157 773 339 805 disertissimi
357 776 498 804 homines
516 772 670 803 ministros
689 771 801 801 habent
810 774 843 800 in
853 768 1024 809 causisjuris
1034 773 1113 810 peri-
1135 798 1137 816 ξ

158 825 205 846 tos
215 836 223 849 2
236 819 250 835 2
262 815 333 846 cum
342 815 394 855 ipsi
405 814 460 845 fint
467 812 635 854 peritiffimi
646 833 654 847 ,
666 813 699 842 ὃς
709 814 760 853 qui
772 833 780 846 ,
792 821 824 841 ut
834 812 883 841 abs
895 820 922 841 te
931 812 1033 851 paullo
1043 812 1111 842 ante
1134 821 1136 836 ι

156 857 274 888 ἀίἃιιῐη
292 857 353 890 est,
379 856 550 896 pragmatici
565 863 719 885 vocantur.
752 856 790 884 In
800 863 861 895 quo
871 852 966 883 nostri
980 855 1112 891 omnino

155 900 267 929 melius
279 899 375 928 multo
385 917 394 931 ,
414 896 496 937 quod
508 895 737 927 clarisfimorurn
756 897 921 925 hominum
940 893 1112 924 atis-'oritate

155 941 236 982 leges
246 960 254 973 ,
275 940 307 969 δε
312 941 324 978 j
329 949 378 969 ura
388 939 462 969 mita
473 937 531 969 esse
540 940 712 969 voluerunt.
740 936 797 968 Sed
808 947 909 968 tamen
921 947 986 983 non
994 936 1113 978 fugiss'et

155 982 215 1011 hoc
225 983 343 1010 Graecos
353 981 506 1014 homines,
519 979 540 1010 fi
548 982 589 1010 ita
598 978 713 1010 necess'e
722 978 781 1009 effe
791 978 919 1009 arbitrati
930 977 1032 1013 client,
1045 989 1112 1010 ora-
1133 1007 1135 1023 ¹

155 1030 251 1052 torem
262 1022 360 1062 ipsum
369 1022 484 1052 erudire
494 1024 528 1052 in
538 1023 600 1060 jure
608 1022 711 1055 civili,
723 1030 786 1050 non
796 1022 823 1050 ei
831 1022 1048 1062 pragmaticum
1060 1021 1112 1051 ad-

154 1105 300 1136 vindicari
313 1106 389 1144 juris
399 1106 497 1135 civilis
508 1106 629 1135 scientia
640 1125 648 1138 ,
670 1102 789 1134 fortafle
800 1105 890 1134 etiam
906 1105 1027 1144 pecunia
1046 1114 1111 1134 ma-

152 1146 324 1189 gnitudine.
346 1146 395 1177 sed
406 1157 461 1176 nos
471 1157 535 1177 non
544 1146 616 1188 quid
626 1147 715 1176 nobis
724 1146 797 1176 utile
809 1165 817 1179 ‚
840 1143 948 1175 verum
962 1145 1034 1186 quid
1045 1156 1110 1176 ora—

153 1190 212 1219 tori
222 1186 416 1218 necessarium
427 1186 470 1221 fit,
483 1190 656 1229 quaerimus.
668 1197 847 1231 quamquam
858 1188 1003 1227 quoniam
1015 1188 1111 1218 multa

151 1229 189 1260 ad
198 1231 325 1260 oratoris
332 1228 562 1260 similitudinem
582 1230 618 1260 ab
637 1240 699 1259 urio
716 1231 827 1259 artifice
846 1229 996 1258 sumimus
1005 1249 1014 1263 ,
1035 1230 1112 1259 solet

150 1271 236 1301 idem
245 1271 372 1301 Roscius
384 1271 481 1301 dicere
493 1292 502 1304 ,
516 1272 544 1301 se
554 1292 562 1305 ,
574 1281 634 1312 quo
644 1271 711 1311 plus
721 1269 773 1300 fibi
782 1271 873 1300 aetatis
884 1270 1033 1301 accederet
1043 1291 1051 1304 ,
1073 1281 1109 1301 eo

150 1313 302 1343 tardioreis
313 1313 446 1343 tibicinis
456 1313 565 1349 modos
577 1334 585 1347 ‚
602 1314 634 1343 δε
645 1321 747 1343 cantus
755 1310 933 1342 remiffiores
945 1311 1002 1342 effe
1012 1312 1110 1342 faetu-

150 1364 236 1385 rum.
296 1353 356 1384 u‘od
376 1353 396 1383 si
414 1355 465 1384 ille
475 1375 484 1389 ‚
504 1355 658 1385 adstriistus
676 1363 754 1385 certa
770 1352 897 1395 quadam
908 1363 1107 1384 numerorum
1130 1390 1132 1393 Ι

152 1395 359 1426 moderatione
370 1415 378 1428 ‚
399 1396 432 1426 &
440 1396 552 1436 pedum
563 1417 572 1430 ,
597 1406 697 1426 tamen
709 1395 820 1437 aliquid
830 1395 865 1425 ad
876 1397 1010 1436 requiem
1022 1398 1108 1427 senc-

150 1436 240 1466 &utis
251 1439 408 1478 excogitat,
419 1447 530 1482 quanto
540 1438 657 1469 facilius
668 1448 724 1468 nos
734 1448 799 1467 non
810 1438 906 1467 laxare
917 1438 1027 1467 modos
1037 1458 1046 1471 ‚
1059 1438 1107 1469 sed

148 1486 230 1508 totos
238 1487 353 1508 mutare
361 1478 519 1518 postumus
530 1483 541 1509 ?
569 1482 676 1521 Neque
687 1481 769 1509 enim
780 1480 839 1509 hoc
849 1488 888 1512 te,
902 1478 1009 1513 Cralse,
1020 1479 1106 1514 fallit,

148 1520 240 1561 quam
251 1520 345 1550 multa
353 1519 410 1550 sint
418 1541 426 1554 ‚
451 1522 484 1550 δε
493 1521 582 1562 quam
593 1524 672 1551 varia
681 1531 788 1561 genera
797 1520 917 1550 dicendi
928 1540 936 1554 ,
959 1524 971 1548 3
985 1521 1017 1551 ὃς
1026 1521 1107 1562 quod

148 1561 227 1592 haud
237 1561 337 1595 sciam,
348 1572 385 1591 an
396 1571 426 1591 tu
434 1565 551 1601 primus
563 1562 727 1593 ostenderis
737 1582 745 1596 ,
764 1561 938 1603 quijamdiu
949 1563 1047 1592 multo
1059 1563 1106 1593 di-

147 1605 191 1633 cis
202 1600 346 1633 remiffius
357 1624 366 1637 ‚
387 1603 528 1634 &lenius
538 1624 546 1638 ,
567 1604 658 1645 quam
669 1604 783 1634 solebas
797 1614 802 1633 :
821 1613 918 1644 neque
928 1606 1031 1634 minus
1041 1605 1104 1635 haec

149 1652 253 1676 tamen
262 1653 311 1675 tua
319 1644 478 1685 graviffimi
495 1647 645 1676 sermonis
662 1646 768 1676 lenitas
779 1665 787 1680 ,
807 1644 898 1688 quam
917 1646 969 1676 illa
988 1646 1106 1677 summa
1126 1663 1128 1672 ι

148 1687 206 1720 vis,
221 1686 253 1715 δε
261 1689 440 1718 *econtentio
448 1688 590 1727 probatur
601 1699 606 1717 ς
627 1689 776 1728 multique
787 1696 917 1717 oratores
927 1688 1059 1721 fuerunt,
1072 1698 1105 1719 ut

146 1727 237 1758 illurn
247 1729 420 1768 Scipionem
428 1729 577 1763 audimus,
591 1730 624 1760 ἅτ
634 1730 775 1762 Laelium,
786 1730 838 1770 qui
849 1731 954 1770 omnia
966 1730 1103 1760 sermone

144 1767 330 1800 conficerent
336 1772 440 1810 paullo
448 1773 623 1806 intentiore,
634 1781 799 1812 numquam
811 1791 819 1804 ‚
833 1779 866 1801 ut
873 1774 932 1800 Ser.
946 1771 1049 1805 Galba,
1062 1772 1104 1803 la-

146 1810 269 1844 teribus,
287 1821 336 1841 aut
343 1813 472 1843 clamore
482 1813 707 1843 contenderent.
738 1811 828 1853 Qod
840 1812 860 1841 fi
868 1813 930 1852 jam
942 1813 1000 1842 hoc
1008 1812 1101 1843 facere
1124 1827 1126 1850 ,ι

145 1862 212 1883 non
219 1855 330 1892 poteris
341 1873 350 1887 ,
362 1863 410 1883 aut
419 1855 504 1884 noles
517 1865 523 1883 1
542 1857 662 1888 vereris,
674 1865 712 1885 ne
723 1864 771 1885 tua
781 1854 902 1888 domus,
913 1855 978 1884 talis
989 1855 1021 1884 &
1032 1857 1100 1889 viri,

147 1893 182 1924 &
192 1895 276 1927 civis,
287 1892 308 1923 si
317 1894 333 1924 a
342 1895 471 1936 litigiosis
480 1897 657 1926 hominibus
667 1906 731 1926 non
740 1897 864 1928 colatur,
878 1895 894 1925 a
904 1898 1008 1926 ceteris
1018 1896 1102 1926 desc-

144 1937 244 1965 ratur?
267 1936 415 1975 Equidem
432 1945 548 1967 tantum
566 1937 668 1967 absum
687 1938 724 1966 ab
743 1937 796 1967 ista
811 1937 955 1967 sententia
966 1957 975 1970 ,
996 1946 1029 1967 ut
1037 1948 1100 1968 non

146 1974 247 2006 modo
261 1984 325 2005 non
342 1976 464 2006 arbitrer
481 1977 645 2008 subsidium
656 1977 816 2009 senectutis
827 1998 836 2011 ,
859 1980 891 2007 in
903 1988 1008 2008 eorum
1019 1999 1027 2012 ‚
1048 1981 1100 2020 qui

144 2017 318 2048 consultum
328 2020 458 2052 veniant,
473 2018 669 2050 multitudine
680 2018 738 2049 effe
747 2018 924 2060 ponendum
936 2039 945 2052 ,
966 2020 1014 2049 sed
1034 2029 1099 2050 tan-

145 2069 236 2099 quam
246 2060 509 2101 portum-aliquem
520 2082 529 2095 ,
547 2060 718 2101 &spesi-ern
729 2061 814 2091 istam
826 2082 834 2095 ,
855 2072 944 2102 quam
954 2071 986 2092 tu
996 2064 1094 2096 times,

143 2100 361 2140 iblitudinem:
379 2105 570 2133 Sunsimum
590 2106 674 2132 enim
685 2101 880 2133 bellissimum
890 2102 1032 2134 existimo
1042 2104 1099 2134 effe

142 2139 300 2175 smectuti,
311 2144 421 2172 otium.
440 2144 570 2184 Reliqua
577 2143 649 2174 vero
659 2147 748 2174 etiam
760 2144 779 2173 fi
789 2144 1097 2184 adjuvant‚histoi‘iam

143 2182 212 2213 dico
223 2203 232 2217 ,
256 2184 289 2213 δε
297 2184 486 2224 prudentiam
491 2187 503 2225 j
508 2187 568 2215 uris
578 2186 711 2226 publici,
737 2186 769 2216 &
777 2188 958 2227 antiquitatis
969 2188 1025 2216 iter
1034 2207 1042 2221 ‚
1066 2188 1098 2217 δε

142 2225 354 2265 exemplorum
364 2228 494 2266 copiam,
506 2226 648 2268 siquando
658 2237 732 2267 opus
742 2229 808 2261 erit,
819 2227 834 2258 a
844 2230 911 2257 viro
923 2230 1052 2268 optimo,
1064 2229 1097 2259 δε

141 2265 206 2296 istis
216 2267 304 2297 rebus
313 2267 539 2298 instructiffimo
550 2289 559 2303 ‚
580 2273 593 2296 5
601 2268 743 2299 familiari
753 2279 822 2299 meo
833 2289 841 2302 ,
863 2271 1007 2311 Longino
1026 2281 1095 2300 mu-

141 2307 254 2351 tuabor.
278 2311 384 2350 Neque
393 2309 576 2351 repugnabo,
589 2321 649 2351 quo
660 2313 762 2341 minus
775 2310 817 2350 (id
828 2310 909 2351 quod
920 2311 1013 2341 modo
1024 2314 1095 2342 hor—

138 2358 215 2392 tatus
225 2351 268 2392 es)
278 2353 383 2381 omnia
392 2351 489 2392 legant
498 2372 506 2386 ‚
520 2355 624 2382 omnia
631 2352 754 2383 audiant
764 2373 774 2386 ,
798 2355 830 2381 in
842 2354 929 2383 omni
938 2353 1021 2383 reEto
1032 2354 1095 2384 stu-

138 2389 190 2421 dio
201 2411 210 2425 ,
229 2401 314 2433 atque
323 2393 507 2424 humanitate
517 2394 670 2425 versentur
680 2415 689 2428 ,
703 2394 762 2424 'sed
782 2394 952 2424 mehercule
971 2405 1035 2426 non
1054 2398 1094 2426 ita

139 2433 274 2463 multum
284 2435 367 2474 spatii
380 2437 458 2466 mihi
469 2436 586 2467 videtur
596 2457 604 2470 ‚
614 2435 635 2466 si
646 2435 741 2466 mod'o
752 2447 784 2466 ea
791 2435 902 2470 facere,
916 2437 949 2466 ὃς
957 2438 1094 2478 persequi

138 2474 243 2504 volent
252 2496 260 2509 ‚
281 2486 344 2517 quae
356 2476 371 2506 a
381 2485 409 2506 te
419 2497 428 2511 ‚
449 2477 544 2508 Crasse
553 2498 561 2511 ,
585 2488 727 2519 praecepta
743 2477 828 2509 sunt:
850 2480 902 2520 qui
914 2480 990 2508 mihi
998 2480 1093 2521 prope

136 2517 228 2546 etiam
250 2519 343 2547 nimis
363 2518 450 2548 duras
464 2520 543 2561 leges
553 2522 709 2561 imponere
719 2522 800 2550 visus
811 2531 840 2550 es
850 2521 919 2550 huic
929 2524 1020 2551 aetati:
1044 2521 1092 2551 sed

138 2565 239 2587 tamen
248 2558 282 2589 ad
303 2559 333 2588 id
345 2579 353 2593 ,
371 2560 452 2601 quod
463 2564 602 2601 cupiunt,
627 2562 852 2602 adipiscendum
862 2562 957 2601 prope
966 2561 1095 2592 neceflk-

133 2602 202 2628 rias.
226 2601 306 2632 Nam
319 2601 352 2630 &
363 2602 464 2632 subitae
475 2605 508 2632 ad
517 2601 682 2643 praepofitas
693 2605 789 2634 causas
799 2606 1027 2634 exercitationes
1039 2625 1048 2638 ,
1061 2605 1095 2634 &

132 2649 269 2671 accuratae
281 2661 289 2675 ,
303 2642 335 2672 δε
345 2642 493 2673 meditatae
504 2648 779 2675 commentationes
789 2666 798 2678 ,
819 2655 850 2675 ac
853 2644 938 2680 stifm
950 2646 1001 2675 ille
1013 2654 1090 2679 tuus,

133 2691 224 2723 quem
237 2691 268 2713 tu
279 2684 348 2714 vere
367 2684 471 2715 dixisti
488 2685 688 2726 perfectorem
707 2686 829 2718 dicendi
845 2685 903 2717 effe
914 2706 924 2721 ‚
944 2697 976 2718 ac
994 2690 1092 2728 magi—

170 2808 194 2826 1.
212 2804 318 2827 Pitanem
337 2810 380 2827 aen
399 2804 554 2838 munionem]
576 2804 655 2830 Haud
666 2805 779 2830 multum
790 2804 928 2830 divertunt
945 2804 976 2830 ab
994 2805 1090 2831 hacle-

131 2833 220 2862 &ione
232 2837 299 2863 Pan.
311 2838 451 2865 Turnebus
471 2841 582 2873 conjecit
601 2843 772 2866 minu—rithmum
783 2860 791 2872 ,
812 2840 963 2875 stabilitque
982 2841 1051 2867 libro
1065 2850 1089 2867 1.

130 2870 243 2897 Ad-vers.
255 2882 310 2908 cap.
325 2882 367 2899 12.
387 2875 457 2901 Aliis
467 2876 553 2910 placet
563 2879 696 2902 nemimem.

165 2915 193 2933 2.
211 2910 270 2933 Cum
287 2911 330 2942 ipfi
339 2911 389 2943 sim
402 2912 555 2946 peritissima]
567 2912 643 2938 Nihil
655 2911 802 2947 discrepant
813 2911 966 2938 mss-nostri.
977 2912 1088 2939 Lambi-

129 2951 178 2968 nus
189 2942 317 2971 substituit
329 2948 487 2980 imperitiffimi
499 2966 506 2978 ,
524 2948 560 2974 ita
571 2955 657 2973 tamen
678 2956 707 2974 ut
728 2948 801 2982 liujus
823 2949 976 2975 mutationis
988 2949 1087 2975 nullam

130 2977 209 3004 faciat
221 2987 293 3006 nient
306 2990 382 3007 onem
394 2981 419 3007 in
434 2983 526 3008 Notis.

168 3021 181 3048 3
189 3033 195 3039 .
214 3017 246 3040 Et
255 3016 315 3049 quod
321 3017 465 3050 haudsciam
477 3037 484 3049 ,
495 3019 561 3052 ἐγω]
573 3018 696 3045 Lambini
706 3019 867 3046 editionibus
878 3019 992 3045 inolevit
1002 3019 1086 3056 sphal-

131 3055 174 3075 ma
184 3051 413 3086 typograpliicuiu,
425 3055 548 3087 amsciam
558 3065 564 3080 .·
575 3054 645 3089 qnod
658 3055 722 3081 ferri
735 3065 785 3082 non
797 3055 891 3091 potest.

167 3091 194 3116 4.
214 3088 478 3125 Cogitemioprobatmu]
492 3089 560 3117 Pan.
571 3091 661 3126 plures
666 3093 816 3125 probabatur
825 3110 834 3125 ,
846 3090 932 3118 neseio
943 3097 1032 3118 utrum
1043 3089 1085 3117 di-

131 3127 187 3146 cam
196 3127 297 3155 potius.

1162 234 1267 263 alienis
1277 232 1476 275 comparatio,
1489 236 1522 265 ὃς
1532 235 1568 265 de
1576 236 1675 266 alieno
1686 237 1794 276 scripto
1802 237 1898 267 subita
1907 237 1955 267 vel
1964 237 2117 270 laudandi,

1144 282 1145 293 ¹
1162 275 1210 303 vel
1220 277 1418 315 vituperandi,
1429 278 1478 307 vel
1487 277 1716 317 comprobandi,
1727 278 1775 308 vel
1786 275 1942 309 refeliendi
1952 280 2044 313 causa,
2059 279 2121 309 dis-

1183 318 1286 349 utatio,
1298 327 1360 347 non
1372 318 1533 349 mediocris
1544 321 1746 350 contentionis
1756 319 1808 354 est,
1819 320 1867 350 vel
1879 320 1913 350 ad
1924 323 2117 354 memoriam,

1160 396 1226 426 cnle
1246 407 1349 427 vereor
1370 410 1406 428 ne
1426 401 1574 438 majorem
1592 404 1658 432 vim
1677 402 1712 433 ad
1731 402 1942 434 deterrendum
1971 404 2116 438 habuerit,

1161 436 1252 477 quam
1263 438 1298 467 ad
1309 440 1536 471 cohortandum.
1548 443 1677 474 Voluisti
1689 446 1815 474 enimin
1827 445 1878 475 suo
1887 455 1994 487 genere
2002 456 2118 476 unum.-

1159 487 1311 519 quemque
1320 479 1456 510 nostrsim
1467 482 1545 522 (irrasi
1587 485 1714 516 flendam
1732 484 1791 515 effe
1812 488 1957 517 Roscium
1972 497 1977 516 t
1999 487 2118 517 dixisti-

1159 530 1227 560 que,
1240 530 1305 550 non
1316 530 1375 550 tam
1387 532 1430 555 ea,
1441 520 1456 541 ⁶
1467 534 1530 563 quae
1540 494 1619 555 tetih
1628 525 1732 560 essent,
1743 527 1965 569 proba1·i‚quam
1977 539 2042 569 quae
2051 539 2117 569 pra-

1158 571 1195 591 va
1204 561 1281 594 sunt,
1291 561 1416 592 fastidiis
1427 563 1539 594 adhaere
1545 566 1620 596 scere
1632 578 1637 595 :
1658 568 1739 608 quod
1750 579 1805 609 ego
1816 580 1879 599 non
1891 579 1951 600 tam
1962 569 2116 601 fastidiose

1159 603 1192 631 in
1201 602 1291 632 nobis
1302 623 1310 636 ,
1328 603 1419 644 quam
1429 606 1462 633 in
1473 604 1667 637 histrionibus
1679 629 1686 641 ‚
1700 609 1821 648 spectari
1832 621 1915 650 puto.
1947 614 2047 653 Itaque
2058 622 2116 642 nos

1137 650 1139 655 ·
1157 654 1262 674 raucos
1273 645 1347 684 saepe
1358 644 1547 675 attentissime
1558 647 1651 678 audii-i
1661 650 1760 680 video.
1785 661 1866 681 tenet
1881 654 1966 683 enim
1985 664 2025 682 res
2044 654 2116 693 ipsit,

1136 683 1138 710 ι’
1155 694 1242 726 atque
1259 687 1351 716 causa.
1374 695 1402 716 at
1410 687 1558 726 AEsopum
1570 707 1578 720 ‚
1591 693 1604 715 7
1617 687 1636 718 si
1651 692 1784 728 paullum
1796 694 1958 728 irrauserit,
1979 695 2116 734 explodi.

1155 731 1194 755 „A
1205 726 1308 768 quibxs
1318 730 1401 757 enim
1411 729 1490 758 nihil
1500 738 1603 768 praetei·
1612 731 1794 770 voluptatem
1805 737 1920 766 aurium
1930 738 2117 777 quaei·itur,in

1160 770 1198 798 iis
1209 767 1563 811 offenditur‚s1mulatque
1572 773 1767 803 imminuitur
1777 776 1892 816 aliquid·
1900 778 1936 807 de
1948 778 2112 818 voluptateo

1155 812 1191 839 In
1204 810 1376 851 eloquentia
1385 820 1483 842 autem
1494 813 1589 842 multa
1599 813 1674 846 sunt,
1686 824 1750 854 quae
1760 824 1888 850 teneant,
1903 829 1967 858 quae
1977 818 1997 848 fi
2009 822 2115 850 omnia

1154 852 1273 881 summa
1285 862 1351 882 non
1360 853 1427 883 sunt
1436 873 1445 886 ,
1465 854 1509 892 (&
1519 854 1655 895 pleraque
1667 863 1767 885 tamen
1779 867 1884 897 magna
1895 860 1986 899 sunu)
1998 860 2114 891 nect-sse

1153 892 1206 926 est,
1219 903 1252 923 eri
1263 893 1411 935 ipsenquae
1424 895 1499 929 sunt,
1513 896 1661 926 mirabilia
1671 896 1776 927 videri.
1798 901 1922 939 Ergo,ut
1932 901 1966 930 ad
1976 904 2112 940 primun!

1153 934 1229 964 illud
1239 945 1365 966 revertar
1376 948 1385 970 3
1407 935 1546 967 sitorator
1557 938 1645 968 nobis
1656 940 1679 968 is
1691 959 1698 972 ,
1711 941 1773 982 qui,
1785 949 1818 969 ut
1827 939 1940 970 craffus
1952 942 2109 983 descripsit.

1153 977 1382 1008 accommodate
1402 978 1438 1009 ad
1455 979 1692 1019 persuadendum
1711 979 1798 1020 poffit
1816 980 1922 1012 dicere.
1958 985 1984 1012 is
2010 994 2109 1015 autem

1153 1019 1346 1049 concludatur
1355 1021 1388 1049 in
1398 1030 1431 1049 ea
1442 1040 1450 1054 ,
1461 1031 1526 1061 quae
1538 1021 1607 1051 sunt
1618 1023 1649 1051 in
1660 1022 1712 1051 usu
1722 1024 1879 1053 civitatum
1887 1024 2011 1065 vulgari,
2021 1036 2053 1055 ac
2062 1025 2110 1056 fo-

1151 1058 1225 1089 renfi
1237 1071 1243 1089 2
1262 1061 1445 1103 remotisque
1463 1064 1566 1092 ceteris
1585 1062 1689 1093 studiis
1700 1084 1708 1097 ‚
1732 1067 1870 1105 quamvis
1880 1075 1912 1095 ea
1923 1066 1992 1096 sunt
2000 1068 2109 1107 ampla,

1152 1110 1238 1142 atque
1248 1103 1384 1142 praeclara
1393 1123 1401 1137 ,
1414 1105 1447 1133 in
1457 1104 1515 1133 hoc
1525 1114 1586 1134 uno
1598 1115 1686 1145 opere
1697 1125 1705 1139 ,
1725 1108 1807 1136 utica
1815 1106 1913 1137 dicam
1923 1127 1932 1141 ‚
1952 1108 2067 1138 noEieis
2077 1110 2112 1139 δε

1152 1142 1216 1173 dies
1235 1154 1385 1184 urgeatur:
1408 1147 1601 1187 imiteturque
1619 1147 1708 1176 illum
1722 1167 1729 1181 ‚
1751 1150 1799 1177 cui
1819 1147 1879 1178 fine
1889 1148 1984 1179 dubio
1994 1150 2110 1180 summa

1152 1186 1197 1214 vis
1209 1185 1329 1216 dicendi
1340 1186 1532 1221 conceditur,
1558 1189 1772 1219 Atheniensem
1792 1190 2032 1220 Demosthenem
2043 1211 2052 1225 ,
2076 1194 2108 1222 in

1152 1236 1216 1267 quo
1224 1236 1341 1257 tanturn
1354 1227 1488 1258 studium
1498 1227 1594 1263 fuisse,
1607 1231 1760 1271 tantusque
1770 1231 1855 1261 labor
1864 1232 1973 1262 dicitur
1983 1253 1991 1266 ‚
2007 1242 2039 1263 ut
2049 1236 2112 1274 pri·-

1152 1278 1182 1298 m
1188 1267 1239 1298 um
1252 1269 1450 1312 impedimenta
1460 1278 1564 1299 natur-ce
1573 1271 1942 1315 diligentia,industriaque
1954 1275 2110 1314 superarit:

1149 1320 1281 1352 cumque
1298 1313 1337 1341 ita
1356 1311 1458 1342 balbus
1468 1310 1539 1342 cffet
1550 1333 1558 1346 ‚
1580 1323 1611 1343 ut
1622 1315 1685 1353 ejus
1695 1312 1783 1354 ipsius
1794 1324 1861 1344 attis
1873 1336 1881 1347 2
1906 1318 1953 1345 cui
1966 1316 2106 1349 studeret„

1149 1354 1279 1392 primam
1290 1353 1416 1383 litteram
1428 1364 1491 1383 non
1501 1353 1597 1394 posset
1606 1354 1704 1385 dicere
1714 1376 1723 1389 ,
1733 1355 1857 1396 perfecit
1867 1357 2041 1388 meditando
2052 1379 2060 1392 ,
2073 1369 2109 1389 ut

1130 1397 1132 1400 ’
1148 1403 1243 1424 nemo
1262 1395 1378 1433 planius
1397 1406 1433 1425 eo
1452 1397 1568 1426 locutus
1583 1405 1743 1436 putaretur.
1776 1398 1896 1428 Deinde
1905 1398 1976 1429 cum
1989 1402 2108 1439 spiritus

1149 1436 1212 1475 ejus
1233 1434 1304 1465 effet
1317 1436 1470 1478 angustior
1479 1458 1487 1472 ,
1509 1446 1624 1468 tantum
1633 1439 1817 1469 continenda
1826 1442 1926 1470 anima
1936 1443 1967 1471 in
1975 1441 2104 1472 dicendo

1148 1476 1191 1506 est
1201 1475 1343 1507 assecutus
1354 1498 1363 1511 ,
1379 1488 1413 1508 ut
1422 1489 1479 1509 una
1488 1482 1716 1510 continuatione
1724 1481 1886 1511 verborum
1897 1482 1939 1521 (id
1949 1483 2031 1523 quod
2043 1484 2068 1523 ej
2072 1493 2109 1517 us,

1150 1519 1252 1559 scripta
1262 1519 1422 1560 declarant)
1432 1521 1512 1550 binae
1521 1523 1547 1550 ei
1558 1525 1768 1552 contentiones
1778 1524 1908 1557 vocis,&
1919 1523 2106 1555 remiffioncs

1149 1562 1385 1591 continerentur.
1409 1564 1469 1604 Qi
1481 1565 1570 1592 etiam
1581 1562 1626 1602 (ut
1636 1566 1792 1594 memoriae
1801 1565 1955 1604 proditum
1966 1566 2019 1606 est)
2029 1577 2106 1597 con-

1144 1601 1232 1641 jet'stis
1244 1604 1277 1632 in
1287 1613 1320 1632 os
1330 1604 1448 1633 calculis
1459 1626 1468 1638 ,
1484 1604 1602 1635 summa
1610 1615 1684 1636 voce
1694 1607 1795 1636 versus
1805 1607 1917 1637 multos
1927 1618 1990 1638 uno
2000 1608 2107 1648 spiritu

1127 1649 1129 1659 *
1145 1646 1339 1683 pronuntiare
1348 1646 1571 1677 consuescebat:
1595 1657 1692 1688 neque
1702 1649 1727 1677 is
1737 1647 1898 1678 consistens
1908 1651 1942 1679 in
1953 1650 2021 1679 loco
2031 1671 2040 1683 ,
2052 1650 2104 1681 sed

1146 1686 1336 1717 inambulans
1348 1707 1355 1721 ,
1375 1696 1461 1729 atque
1471 1688 1610 1719 adscensu
1620 1689 1791 1730 ingrediens
1801 1690 1906 1720 arduo.
1938 1692 2026 1721 Hisce
2046 1702 2104 1733 ego

1144 1729 1402 1759 cohortationibus
1415 1750 1423 1763 ,
1446 1729 1542 1760 Crasse
1554 1751 1562 1764 ,
1581 1731 1616 1760 ad
1628 1730 1761 1761 studium
1771 1753 1780 1765 ,
1793 1732 1825 1762 &
1835 1733 1871 1762 ad
1880 1733 2013 1763 laborem
2024 1735 2105 1763 inci-1

1145 1770 1250 1800 candos
1257 1771 1383 1810 juvenes
1393 1773 1588 1802 vehementer
1596 1771 1736 1803 ass'entior
1747 1785 1752 1803 z
1769 1783 1872 1807 cetera,
1881 1785 1946 1815 quae
1956 1775 2101 1817 collegisti

1144 1822 1182 1841 ex
1193 1814 1292 1846 variis,
1303 1813 1336 1842 δε
1345 1812 1465 1843 diverfis
1474 1812 1626 1848 studiis,&
1635 1815 1755 1849 artibus,
1763 1815 1874 1846 tametsi
1884 1817 1943 1856 ipse
1953 1827 1984 1846 es
1995 1819 2102 1848 omnia

1143 1854 1329 1887 consecutus,
1341 1863 1441 1884 tamen
1451 1855 1486 1885 ab
1496 1858 1619 1885 oratoris
1628 1859 1750 1896 proprio
1758 1856 1861 1887 officio
1873 1877 1880 1891 ,
1893 1867 1978 1899 atque
1990 1868 2099 1889 mune—

1142 1905 1172 1924 re
1185 1895 1316 1934 sejunAEta
1326 1895 1384 1926 esse
1394 1897 1528 1927 arbitror.
1552 1900 1625 1927 Haec
1635 1896 1707 1927 cum
1718 1901 1870 1929 Antonius
1877 1898 1997 1930 dixisset
2009 1911 2014 1928 τ
2026 1900 2094 1931 sane
2113 1902 2163 1937 62

1123 1957 1124 1960 ,
1143 1935 1275 1966 dubitare
1285 1938 1366 1967 visus
1376 1937 1418 1967 est
1428 1939 1587 1978 Sulpicius,
1607 1939 1639 1968 ὃς
1650 1941 1735 1968 Cotta
1745 1959 1753 1972 ,
1767 1942 1860 1969 utrius
1871 1943 1966 1970 oratio
1973 1944 2097 1982 propius

1142 1977 1175 2007 ad
1188 1980 1343 2008 veritatem
1353 1979 1502 2009 videretur
1512 1980 1657 2009 accedere.
1681 1983 1765 2010 Tum
1776 1980 1888 2011 Crass'us
1899 2002 1906 2015 ‚
1919 1985 2096 2022 Opeiarium

1141 2019 1230 2049 nobis
1240 2020 1388 2060 quendam
1401 2041 1409 2055 ,
1431 2023 1549 2051 Antoni
1562 2041 1570 2054 ‚
1589 2030 1736 2051 oratorem
1746 2022 1816 2051 facis
1827 2043 1836 2056 ‚
1854 2033 1938 2067 atque
1948 2025 2024 2054 haud
2035 2026 2100 2056 scio

1140 2070 1177 2091 an
1196 2062 1281 2091 aliter
1298 2063 1404 2093 sentias
1415 2083 1423 2096 ,
1454 2063 1487 2093 δε
1505 2072 1584 2093 utare
1595 2071 1643 2093 tua
1653 2063 1704 2093 illa
1715 2063 1840 2094 mirifica
1850 2065 1884 2095 ad
1895 2065 2097 2097 refellendum

1141 2103 1369 2138 consuetudine,
1384 2115 1441 2146 qua
1452 2105 1506 2135 tibi
1518 2115 1610 2136 nemo
1619 2115 1762 2148 umquam
1772 2106 1905 2147 praestitit
1916 2118 1921 2137 2
1933 2109 1979 2148 cuj
1985 2118 2017 2137 us
2027 2110 2097 2149 qui-

1142 2145 1212 2175 dem
1223 2145 1312 2185 ipsius
1320 2146 1468 2177 facultatis
1476 2150 1645 2178 exercitatio
1656 2168 1664 2182 ,
1676 2159 1827 2179 oratorum
1838 2151 1955 2190 propria
1965 2149 2007 2180 est
2017 2170 2024 2184 ,
2045 2150 2095 2180 sed

1136 2188 1242 2226 jamin
1251 2188 1358 2226 philos
1353 2189 1503 2228 ophorum
1512 2190 1728 2220 consuetudine
1738 2192 1868 2221 versatur
1877 2212 1886 2224 ,
1902 2193 2096 2233 maximeque

1140 2238 1246 2258 eorum
1258 2249 1266 2261 ‚
1286 2239 1338 2270 qui
1358 2231 1394 2260 de
1413 2233 1501 2260 omni
1520 2242 1550 2261 re
1559 2230 1748 2271 propositam
1759 2241 1914 2274 utramque
1924 2242 2035 2273 partem
2049 2234 2096 2263 so-

1140 2269 1408 2310 lentcopiosiffime
1419 2271 1528 2302 dicere.
1551 2272 1666 2303 Verum
1677 2284 1732 2315 ego
1740 2284 1806 2304 non
1818 2275 2093 2308 solum-arbitrabar,

1139 2313 1186 2341 his
1196 2313 1355 2351 praesertirn
1366 2313 1553 2344 audientibus
1564 2335 1573 2348 ,
1585 2314 1599 2345 ‘a
1610 2325 1659 2345 me
1672 2314 1972 2356 infmmarioporrere
1983 2336 1992 2349 ,
2000 2317 2096 2357 qualis

1139 2352 1196 2384 efl‘e
1206 2352 1302 2393 poss'et
1312 2356 1336 2383 is
1346 2375 1354 2388 ‚
1379 2357 1430 2396 qui
1442 2356 1582 2386 habitaret
1593 2358 1624 2386 in
1636 2357 1782 2387 subselliis
1791 2378 1800 2391 ,
1823 2368 1918 2398 neque
1927 2359 2095 2398 quidquam

1138 2397 1267 2435 amplius
1287 2395 1402 2427 afferret
1412 2418 1420 2430 ,
1443 2408 1539 2437 quam:
1556 2398 1636 2438 quod
1647 2399 1795 2429 causarum
1808 2397 1954 2428 neceliitas
1962 2399 2093 2438 postula-

1137 2447 1196 2467 ret:
1217 2437 1266 2467 sed
1277 2439 1373 2477 majus
1382 2439 1525 2479 quiddam
1536 2439 1675 2469 videbam
1689 2461 1697 2473 ‚
1717 2439 1787 2470 cum
1798 2441 1953 2470 censebam
1965 2461 1972 2473 ,
1995 2450 2095 2470 orato-

1137 2489 1212 2512 reni,
1223 2480 1384 2519 praefertim
1396 2480 1518 2516 innostra
1527 2479 1618 2521 repub.
1630 2482 1743 2510 nullius
1753 2484 1922 2511 ornamenti
1937 2492 2091 2522 expertem

1137 2519 1194 2550 ess'e
1203 2531 1350 2560 oportere.
1375 2525 1424 2552 Tu
1434 2532 1546 2555 autem,
1557 2524 1698 2563 quoniam
1710 2524 1825 2563 exiguis
1834 2523 2009 2563 quibusdam
2023 2523 2095 2553 lini-

1140 2562 1194 2592 bus
1207 2571 1306 2592 totum
1315 2566 1438 2593 oratoris
1448 2573 1560 2593 munus
1572 2563 1794 2594 circumdedisti
1806 2585 1814 2597 ,
1838 2566 1896 2594 hoc
1905 2564 2020 2595 facilius
2033 2575 2091 2595 no-

1137 2605 1183 2634 bis
1192 2614 1325 2644 expones
1335 2616 1377 2638 ea,
1390 2615 1454 2645 quse
1464 2605 1514 2634 abs
1527 2613 1554 2633 te
1564 2604 1600 2634 de
1610 2603 1718 2634 officiis
1728 2625 1736 2639 ,
1749 2607 1957 2647 praeceptisque
1967 2609 2092 2637 oratoris

1135 2644 1251 2686 quaefita
1261 2647 1343 2676 s'uiit:
1366 2647 1415 2676 sed
1426 2648 1542 2685 opinor,
1556 2646 1719 2676 secundum
1731 2648 1811 2677 hunc
1820 2647 1914 2678 diem.
1929 2649 1994 2678 satis
2003 2650 2092 2679 enim⁴

1138 2688 1232 2718 multa
1243 2688 1258 2717 ὲ
1268 2688 1356 2718 nobis
1366 2688 1457 2718 hodie
1467 2687 1546 2717 dieta
1555 2687 1631 2718 sunt.
1650 2690 1743 2718 Nunc
1753 2689 1786 2720 δε
1797 2690 2089 2731 Scaevola,quoniam

1929 2734 1962 2761 in
1973 2735 2021 2761 Tu
2027 2732 2089 2761 scu-

1168 2816 1193 2840 5.
1214 2808 1340 2832 Familim
1349 2816 1392 2831 mc:
1403 2806 1529 2839 Longino]
1543 2807 1582 2832 lta
1594 2806 1708 2833 restituit
1720 2816 1752 2833 ex
1763 2806 1816 2832 alio
1828 2806 1911 2832 Tullii
1925 2806 1981 2831 loco
1992 2806 2084 2831 §it-01.

1129 2843 1287 2869 Grncclnus.
1311 2843 1390 2877 vulgo
1401 2850 1456 2867 erat
1469 2845 1543 2873 Lonqo
1555 2861 1562 2873 ,
1575 2842 1645 2877 qnod
1657 2843 1682 2868 S<
1696 2843 1720 2868 in
1737 2842 1800 2868 ffall.
1811 2850 1855 2868 unt
1864 2843 1933 2874 loz-gi.
2019 2868 2023 2873 ,

1164 2879 1192 2904 6.
1215 2880 1270 2911 Qae
1280 2881 1344 2903 rciln
1354 2879 1523 2911 eſjemprolaari
1535 2896 1542 2909 ,
1554 2888 1625 2911 quam
1634 2878 1941 2911 quaeprava-finitjssqlltdiis
1950 2877 2088 2910 adharifiw-

1129 2915 1177 2947 νε]
1199 2915 1266 2939 l’all.
1276 2923 1366 2939 onmes
1379 2912 1501 2948 respuunt
1512 2913 1557 2939 illa
1568 2913 1725 2940 intermedii
1739 2934 1743 2944 ς
1761 2915 1859 2946 probini
1870 2912 1941 2947 quim
1951 2923 1998 2947 ψη
2006 2922 2088 2945 prava

1121 2950 1190 2981 fimi.
1211 2949 1421 2985 adstriptumqnc
1432 2948 1502 2974 octav.
1510 2959 1525 2973 o
1536 2948 1614 2975 aliter
1625 2949 1688 2984 legi,
1698 2951 1765 2983 «sint
1777 2969 1784 2981 ,
1795 2959 1866 2984 quam
1876 2950 2030 2982 quaefivsttdiis
2041 2949 2086 2973 ail-

1126 2985 1253 3017 [masi-ere.
1276 2985 1360 3011 voluit
1378 2988 1448 3010 torte
1462 2985 1567 3018 fastidii.
1588 2988 1670 3012 euitat
1691 2993 1777 3011 taiiieii
1797 2985 1904 3020 vulgata
1922 2985 1949 3011 in
1967 2984 2085 3010 editione

1146 3029 1222 3046 ΓΗἘΙἈ.

1125 3030 1142 3056 Ρ
1161 3064 1188 3089 7.
1207 3058 1232 3081 si
1247 3057 1350 3088 pauit-im
1368 3055 1519 3090 ii-raraesb·it,]
1547 3057 1605 3082 Hae
1624 3056 1690 3082 facie
1709 3057 1806 3083 citatur
1825 3057 1840 3082 {i
1853 3055 1984 3086 Pristixmo
2004 3074 2012 3086 ,
2032 3063 2082 3080 ex-

1125 3091 1225 3126 statque
1244 3091 1271 3118 in
1290 3091 1359 3119 Pan.
1378 3090 1484 3119 ostano.
1503 3093 1584 3119 cereri
1604 3091 1738 3121 adhaerent
1757 3094 1814 3120 iere
1835 3092 1942 3128 vulgato
1955 3095 2081 3117 irraucue-

1127 3134 1170 3153 Vll.
1563 3164 1587 3192 L
1608 3171 1621 3199 3
2005 3161 2085 3186 ,ὕψη

1963 3170 1986 3188 1.
