2302 3353
533 164 605 196 DE
638 146 832 193 CLAR.
871 148 1146 195 ORATOR.
1181 148 1301 196 L113.
1342 159 1479 194 s1vE
1510 146 1779 192 BRuTns.
2056 156 2145 206 149

178 233 270 274 gione
284 237 446 263 attenuata,
462 227 562 259 doffis
572 248 581 262 ,
601 228 634 258 δε
647 227 760 258 attente
777 227 970 258 audientibus
986 237 1044 258 erat
1058 229 1129 258 illu·
1171 226 1342 266 pleniorem
1351 237 1460 258 vocem
1470 225 1642 258 desiderant.
1673 225 1756 256 Volo
1764 226 1823 256 hoc
1833 225 1944 255 oratori
1960 225 2118 264 contingat
2128 242 2137 256 ι

179 273 261 304 stris:
278 273 294 304 a
303 272 499 303 multitudine
510 279 610 300 autem
621 290 630 304 ‚
649 270 682 299 &
692 268 784 300 aforo
792 290 800 303 ‚
821 271 871 299 cui
880 277 948 299 nata
955 269 1130 309 eloquentia
1151 292 1153 306 ί
1173 277 1222 301 ut,
1239 267 1312 300 cum
1320 269 1458 300 auditum
1467 267 1500 299 fit
1509 278 1581 299 eum
1592 266 1649 298 effe
1659 267 1814 298 diEturum
1823 286 1831 300 ,
1851 267 1936 296 locus
1945 268 1978 296 in
1988 265 2138 296 subselliis

178 314 238 348 est,
248 313 450 345 devorabatur.
474 314 558 342 Tum
568 314 691 344 Brutus,
709 312 856 340 „Atticum
864 311 893 340 se
904 330 912 344 ,
928 312 1048 351 inquit,
1064 311 1132 340 Cal-
1147 324 1152 352 *A
1173 318 1351 349 occupetur,
1365 311 1553 350 compleatur
1561 309 1704 343 tribunal,
1720 306 1837 351 gratiosi
1847 307 1948 338 scribae
1956 306 2013 338 fint
2021 309 2054 337 in
2063 305 2138 336 dan-

176 365 234 386 vus
248 354 349 386 noster
362 354 422 385 dici
437 362 588 384 oratorem
602 353 732 383 volebat.
759 352 832 383 inde
846 361 906 382 erat
922 351 977 382 ista
991 352 1110 381 exilitas
1119 371 1129 385 ‚
1150 362 1152 368 ⁴
1172 349 1213 379 do
1223 351 1398 382 &cedendo
1409 353 1488 386 ioco,
1499 362 1612 383 corona
1622 351 1786 392 multiplex
1796 370 1805 385 ‚
1813 349 1909 391 judex
1918 348 2034 380 ere-stus
2045 360 2050 378 :
2063 346 2137 379 cum

175 397 328 438 quamille
341 394 530 426 deindustria
544 394 791 436 consequebatur.
821 393 967 426 Dicebat,
984 395 1109 434 inquam
1120 412 1128 426 ,
1150 391 1152 430 J
1173 390 1264 432 surgit
1281 394 1324 426 is,
1345 395 1396 434 qui
1406 393 1541 424 disturus
1552 392 1601 427 fit,
1618 391 1944 433 significetui-acorem
1959 389 2111 421 silentium
2122 409 2132 422 ,

175 439 216 468 ita
225 449 231 467 z
241 437 290 468 sed
302 438 402 477 &ipse
410 437 538 470 errabat,
557 437 590 467 &
598 436 674 467 alios
682 437 774 466 etiam
782 445 875 466 errare
883 435 1016 478 cogebat·
1047 437 1129 464 Nam
1151 435 1152 438 ’
1173 431 1282 463 deinde
1293 434 1400 464 crebrae
1408 434 1586 465 assensiones
1598 455 1605 468 .
1619 435 1722 465 multae
1730 434 1943 465 admirationes
1955 454 1962 466 ‚
1979 433 2052 463 risus
2063 431 2136 462 cum

175 477 266 520 fiquis
274 489 325 509 eos
335 500 343 513 ,
355 481 407 520 qui
415 489 472 509 nec
480 478 581 519 inepte
591 477 697 508 dicunt
706 497 715 511 ‚
728 487 785 507 nec
793 477 900 508 odiose
911 497 920 511 ,
942 475 1108 516 necputide
1119 495 1127 509 ,
1150 478 1151 494 ³
1173 473 1263 503 velit:
1276 473 1348 504 cum
1360 476 1434 506 velit
1444 497 1453 509 ,
1466 475 1550 506 fletus
1564 488 1568 505 :
1589 486 1622 507 ut
1632 497 1640 510 ,
1651 478 1703 517 qui
1713 477 1775 507 haec
1792 476 1896 516 procul
1905 475 2015 508 videat,
2029 476 2136 504 etiam-

174 520 273 553 Attice
290 530 373 561 putat
389 520 503 550 dicere:
520 522 546 550 is
557 519 637 550 rcere
648 539 657 553 ,
676 517 896 553 nisiAtticum,
914 518 1021 559 probat
1030 519 1130 547 nemi-
1149 515 1151 553 ζ
1174 513 1195 543 fi
1207 534 1214 547 ³
1235 515 1309 554 quid
1318 525 1435 556 agatur,
1457 519 1582 548 nesciat:
1600 527 1627 549 at
1636 521 1749 558 placere
1760 527 1860 548 tamen
1871 537 1880 551 ,
1902 517 1975 547 &1²1
1988 517 2068 556 [σαι-ιιι
2088 514 2136 553 2342}

174 572 254 592 nem.
270 562 564 603 Insisa'sitaremenim,
576 561 973 601 &insolentiam,tanquam
981 559 1128 589 insaniam
1148 556 1151 600 ξ
1174 556 1307 595 Roscium
1323 558 1482 599 intelligat.
1515 562 1587 589 Haec
1598 562 1646 589 cui
1657 568 1850 600 contingant,
1870 569 1942 589 eum
1955 558 2025 589 scito
2037 557 2137 588 Attice

172 604 321 645 quandam
329 606 487 637 orationis,
497 604 576 634 odit:
587 603 743 634 finitatem
751 612 862 636 autem,
873 603 906 633 ὃς
914 603 1127 643 integritatem,
1148 607 1150 632 1
1173 598 1272 628 dicere
1280 617 1289 632 ,
1305 607 1338 628 ut
1348 598 1384 628 de
1395 600 1506 629 Pericle
1516 601 1687 631 audivimus
1698 622 1707 635 ,
1718 610 1750 631 ut
1760 601 1797 631 de
1808 600 1960 641 Hyperide
1972 620 1980 634 ,
1994 608 2026 629 ut
2033 599 2069 629 de
2081 601 2137 629 AE-

169 644 249 687 quafi
257 646 448 688 religionem,
461 645 713 678 &verecundiam
721 646 846 674 oratoris
854 643 959 684 probat
969 653 974 671 :
985 645 1047 673 haec
1058 652 1129 673 orn-
1148 635 1150 692 J
1172 639 1273 670 schine
1285 660 1294 673 ‚
1316 639 1352 670 de
1363 641 1428 680 ipso
1438 640 1561 681 quidem
1572 642 1781 673 Demosthene
1792 642 1936 673 maxime.
1969 643 2021 672 Sin
2033 649 2136 671 autern

170 689 260 718 nium
269 687 356 718 debet
365 696 519 718 oratorum
527 686 630 718 eadem
639 683 696 716 efle
704 686 860 716 sententia.
879 687 931 715 Sin
941 693 1041 715 autem
1049 685 1058 723 j
1063 685 1128 722 eju·
1148 695 1149 709 1
1170 690 1290 711 acutum
1302 701 1310 715 2
1322 682 1453 721 prudens
1463 702 1471 716 ‚
1486 682 1609 712 &idem
1622 682 1779 716 sincerum,
1793 684 1825 714 ὃς
1837 684 1980 717 solidum,
1998 684 2030 713 δ’(
2041 681 2135 713 exslc·

170 730 296 759 nitatem
306 749 314 764 ,
327 730 359 760 &
368 728 528 760 siccitatem
537 748 546 762 ,
564 728 741 766 &inopiam
750 747 758 760 ,
777 725 951 757 dummodo
967 724 1000 756 sit
1014 725 1108 765 polita
1117 745 1125 758 ‚
1168 731 1268 753 catum
1281 733 1374 765 genus
1384 725 1528 754 orationis
1539 725 1674 764 probant,
1684 735 1738 754 nec
1749 726 1803 754 illo
1813 727 1944 766 graviore
1953 733 2058 756 ornatu
2069 733 2136 754 ora-

168 770 244 800 dum
254 771 365 801 urbana
373 791 381 805 ‚
391 771 466 801 dum
475 771 593 812 elegans
602 790 610 803 ,
620 771 654 798 in
662 770 765 798 Attico
773 779 882 809 genere
890 770 979 808 ponit
988 787 996 801 ,
1014 769 1072 798 hoc
1080 777 1127 797 re·
1147 787 1148 792 ,
1170 766 1249 794 torio
1261 774 1386 795 utuntur
1397 785 1405 799 ‚
1419 765 1451 794 ἃ
1462 766 1519 795 hoc
1529 769 1685 806 proprium
1702 765 1759 795 esse
1771 770 1937 797 Atticorum
1949 767 2075 797 volunt:
2088 776 2134 795 re—

169 810 217 842 ete
226 812 386 844 duntaxat:
410 812 458 843 sed
470 812 656 853 quiasuntin
667 810 837 840 Atticisalia
846 811 991 844 meli01a3
1006 809 1124 843 videat,
1146 796 1148 833 i
1171 805 1219 836 <ste
1238 806 1368 838 laudant.
1401 806 1452 837 Est
1460 809 1545 837 enim
1556 809 1589 837 in
1599 816 1658 837 arte
1669 816 1746 837 tanti
1757 828 1764 841 ‚
1786 817 1904 849 tamque
1921 810 1998 838 varia
2010 828 2017 841 ‚
2038 810 2131 838 etiam

169 864 208 884 ne
217 856 335 896 ignoret
344 875 352 889 ,
371 855 403 885 δε
411 854 515 896 gradus
525 873 533 886 ‚
553 853 585 883 &
594 850 853 882 dissimilitudines
861 872 870 885 ‚
890 852 923 882 &
932 854 997 881 vim
1007 871 1016 885 ,
1035 851 1067 881 &
1076 861 1127 881 va·
1169 848 1243 878 huic
1253 850 1380 879 minutae
1390 849 1543 879 subtilitati
1555 849 1648 878 locus.
1671 851 1711 879 ita
1721 848 1772 879 fiet
1783 869 1790 882 ,
1812 859 1843 879 ut
1854 860 1917 879 non
1927 860 2033 879 omnes
2046 871 2054 882 ‚
2078 851 2131 889 qui

168 897 304 926 rietatem
314 898 495 927 Atticorum.
518 895 640 923 Atticos
652 915 661 927 ,
677 895 795 934 inquit,
812 894 875 923 volo
885 894 1008 923 imitari.
1030 895 1127 934 quos?
1146 885 1148 913 l
1170 890 1270 920 Attice
1280 910 1289 924 ‚
1302 890 1397 920 iidem
1409 891 1485 921 bene
1499 902 1504 919 ;
1516 890 1564 921 sed
1575 910 1584 923 ,
1597 899 1629 920 ut
1638 900 1745 920 omnes
1755 911 1762 924 ‚
1773 893 1825 931 qui
1836 891 1922 924 bene,
1936 891 2028 921 iidem
2039 893 2129 921 etiam

168 947 225 968 nec
240 940 324 968 enim
342 937 385 968 est
400 947 497 967 unum
511 946 617 978 genus.
648 938 731 965 Nam
745 934 818 976 quid
836 935 878 965 est
890 945 950 966 tam
965 933 1125 968 dissimile,
1146 949 1148 979 ἰ
1170 932 1270 962 Attice
1290 932 1399 962 dicant.
1431 932 1486 963 Sed
1497 932 1651 962 redeamus
1665 933 1761 962 rursus
1772 932 1806 962 ad
1817 931 2022 962 Hortensium.
2052 932 2127 963 Sane
2151 935 2167 967 8
2177 943 2200 975 5

166 979 257 1020 quam
266 978 507 1011 Demosthenes,
526 976 687 1017 &Lysias?
707 981 716 996 ¹
727 977 820 1017 quam
830 977 912 1007 idem
923 997 931 1011 ,
951 977 984 1007 δε
995 978 1127 1016 Hyperi·
1146 983 1148 1006 z
1170 974 1295 1021 quidem
1306 995 1314 1007 ,
1336 976 1435 1015 inquit
1452 976 1574 1004 Brutus:
1595 984 1776 1015 quamquam
1789 973 1841 1003 ista
1852 974 1928 1003 mihi
1940 982 1988 1004 tua
1999 973 2131 1014 fuitper-

167 1021 238 1051 des?
253 1020 344 1061 quam
354 1021 499 1051 omniurn
508 1022 620 1050 horum
630 1019 808 1049 AEschines?
830 1022 930 1059 Qem
948 1021 1038 1060 igitur
1054 1019 1127 1047 imi-
1146 1035 1148 1062 ².
1166 1016 1299 1055 jucunda
1308 1016 1323 1045 a
1332 1015 1482 1056 proposita
1491 1018 1625 1046 oratione
1636 1013 1788 1056 degreffio.
1822 1019 1906 1046 Tum
1917 1017 2034 1045 Atticus
2044 1035 2052 1048 ‚
2064 1016 2131 1045 Ali-

164 1063 255 1092 taris?
269 1064 300 1092 Si
313 1062 446 1103 aliquem
457 1074 466 1096 3
484 1063 573 1092 ceteri
589 1071 659 1101 ergo
669 1059 768 1090 Attice
779 1070 843 1090 non
853 1060 1001 1091 dicebant.
1024 1058 1045 1089 si
1054 1070 1123 1089 om-
1146 1064 1148 1076 '
1170 1059 1289 1098 quoties
1298 1058 1376 1091 sum,
1390 1060 1500 1099 inquit,
1512 1067 1646 1091 conatus,
1659 1057 1707 1087 sed
1719 1057 1904 1097 interpellare
1915 1057 2011 1086 nolui.
2025 1059 2128 1090 Nunc²

165 1105 246 1134 neis:
264 1103 427 1144 quipotes‚
446 1102 518 1133 cum
533 1100 997 1143 sintipsidiffimillimiinterse?
1018 1104 1055 1131 In
1063 1111 1126 1142 quo
1146 1090 1148 1143 ἓ
1170 1101 1317 1140 quoniam
1335 1099 1369 1130 ad
1387 1099 1590 1140 perorandum
1603 1098 1729 1139 speetare
1738 1099 1858 1129 videtur
1869 1099 1967 1129 sermo
1979 1107 2064 1132 tuus,
2086 1099 2134 1128 di-

165 1147 256 1176 etiam
267 1145 343 1176 illud
354 1156 456 1187 quaero
466 1166 475 1179 ,
493 1144 650 1176 Phalereus
660 1144 712 1176 iile
721 1145 897 1173 Demetrius
905 1144 1003 1174 Attice
1023 1154 1062 1173 ne
1079 1143 1126 1173 di-
1147 1176 1148 1179 Ἴ
1169 1151 1234 1171 cam
1246 1161 1254 1175 ,
1269 1144 1396 1181 opinor,
1409 1141 1490 1182 quod
1503 1142 1610 1171 sentio.
1634 1144 1685 1171 Tu
1695 1140 1779 1174 vero,
1791 1143 1928 1182 inquam,
1940 1143 2023 1170 Tite.
2047 1143 2133 1171 Turn

164 1189 252 1217 xei‘it.
285 1189 364 1217 mihi
379 1187 504 1228 quidem
527 1196 566 1217 ex
591 1186 674 1216 illius
699 1185 889 1215 orationibus
906 1185 1040 1216 redolere
1057 1185 1125 1225 ipsae
1147 1196 1148 1207 1
1167 1183 1238 1216 ille,
1263 1186 1345 1224 Ego,
1366 1185 1487 1224 inquit,
1505 1184 1626 1212 ironiam
1637 1183 1721 1212 illam
1733 1203 1741 1217 ‚
1759 1193 1849 1224 quam
1862 1184 1895 1212 in
1903 1185 2019 1212 Socrate
2029 1181 2135 1212 dicunt

166 1229 292 1259 Athena:
302 1229 452 1259 videntur.
476 1232 515 1260 At
523 1228 565 1258 est
573 1227 727 1260 floridior,
738 1236 770 1257 ut
779 1228 819 1257 ita
826 1226 923 1257 dicam
934 1247 942 1261 ,
957 1227 1048 1268 quim
1058 1229 1126 1266 Hy·
1146 1226 1148 1267 'J
1165 1223 1254 1254 fuisse
1263 1245 1271 1259 ,
1286 1235 1344 1266 qua
1353 1225 1406 1255 iile
1417 1228 1451 1255 in
1460 1226 1592 1256 Platonis
1604 1245 1612 1258 ,
1635 1225 1667 1255 ὃς
1679 1226 1893 1264 Xenophontis
1905 1244 1913 1258 ‚
1935 1224 1967 1254 δε
1981 1224 2134 1254 AEschinis

166 1271 282 1311 perides
291 1291 299 1304 ,
309 1272 399 1312 quam
410 1269 521 1311 Lysias.
544 1279 646 1300 natura
653 1269 790 1310 quaedam
799 1289 807 1301 ‚
820 1278 869 1299 aut
879 1269 1019 1299 voluntas
1028 1271 1068 1299 ita
1078 1269 1125 1299 di-
1145 1270 1148 1311 1
1167 1266 1252 1296 libris
1263 1270 1374 1301 utitur,
1389 1266 1518 1297 facetam
1530 1287 1537 1301 ,
1551 1267 1584 1296 ἓξ
1594 1267 1759 1307 elegantem
1771 1276 1856 1306 puto.
1880 1265 1924 1295 est
1934 1267 2018 1295 enim
2030 1266 2062 1295 δε
2073 1268 2134 1295 mi-

101 1313 144 1357 83
166 1312 255 1342 cendi
266 1311 334 1343 suit.
357 1316 395 1343 Et
402 1313 526 1354 quidem
535 1311 595 1341 duo
606 1310 729 1341 fuerunt
742 1321 793 1351 per
809 1311 892 1340 idem
908 1320 1028 1350 tempus
1043 1309 1124 1340 diffi-
1145 1314 1147 1345 ξ
1167 1309 1251 1338 nime
1262 1310 1357 1348 inepri
1368 1310 1505 1339 hominis
1515 1329 1522 1342 ‚
1538 1309 1570 1338 &
1582 1308 1715 1346 ejusdem
1726 1311 1817 1338 etiam
1829 1307 1913 1338 faceti
1929 1328 1938 1342 ,
1959 1305 2030 1338 cum
2043 1307 2078 1337 de
2090 1307 2134 1337 sa-

167 1354 344 1384 milesinter
352 1354 396 1384 se:
412 1354 461 1385 sed
471 1355 561 1384 Attici
572 1362 673 1383 tamen
685 1363 690 1381 :
707 1363 840 1393 quorum
851 1350 997 1382 Charisius
1013 1353 1123 1383 multa-
1144 1348 1146 1383 1
1166 1352 1280 1390 pientia
1291 1350 1489 1390 disceptetur,
1507 1352 1583 1381 hanc
1594 1349 1646 1380 sibi
1657 1350 1754 1390 ipsum
1765 1350 1915 1380 detrahere
1927 1369 1935 1383 ,
1949 1351 1991 1379 eis
2001 1349 2131 1379 tribuere

1144 1392 1146 1400 ⁴
1166 1392 1412 1433 illudentem,qui
1424 1403 1489 1423 earn
1501 1391 1554 1422 sibi
1564 1402 1714 1432 arrogant:
1731 1401 1764 1421 ut
1774 1391 1850 1431 apud
1861 1393 2017 1421 Platonem
2028 1393 2130 1421 Socra·

164 1406 234 1427 rum
244 1398 417 1426 orationum
427 1416 435 1430 ,
446 1406 517 1438 quas
526 1394 667 1426 scribebat
675 1395 740 1424 aliis
749 1415 758 1428 ,
776 1393 848 1424 cum
857 1404 964 1434 cupere
972 1394 1123 1424 videretur
1144 1428 1146 1437 A
1210 1432 1215 1434 .

165 1439 276 1468 imitari
284 1436 403 1477 Lysiam
416 1449 422 1467 ;
436 1438 641 1468 Demochares
649 1445 749 1467 autem
758 1457 766 1470 ,
776 1435 896 1477 quifuit
905 1435 1123 1466 Demosthenis
1144 1440 1146 1470 j
1166 1443 1209 1464 tes
1221 1436 1253 1463 in
1263 1435 1370 1464 caehzm
1382 1433 1466 1464 effert
1475 1434 1611 1464 laudibus
1623 1437 1810 1475 Protagoram
1822 1454 1829 1467 ,
1843 1435 1987 1473 Hippiam
1999 1452 2007 1466 ,.
2027 1432 2132 1462 Prodi·

1144 1474 1146 1500 ἶ
1166 1486 1235 1506 curn
1248 1496 1255 1509 ,
1267 1478 1410 1517 Gorgiam
1422 1496 1431 1510 ‚
1443 1486 1571 1506 ceteros:
1585 1476 1611 1506 se
1623 1485 1722 1506 autem
1734 1478 1876 1506 omnium
1888 1485 1987 1504 rerum
1998 1475 2129 1504 inscium

1144 1526 1145 1532 ¹
1167 1517 1270 1560 fingit,
1283 1518 1441 1548 &rudem.
1467 1518 1552 1548 decet
1571 1519 1630 1547 hoc
1647 1518 1749 1548 nescio
1766 1516 1924 1558 quomodo
1942 1516 2030 1545 iilum
2045 1526 2050 1545 ε
2073 1526 2130 1546 nec

164 1479 274 1510 sororis
283 1478 365 1509 filius
374 1500 382 1513 ‚
401 1480 433 1509 &
442 1482 594 1510 orationes
602 1477 834 1519 scripfitaliquot
846 1489 851 1507 :
868 1478 901 1508 δε
909 1488 1010 1508 earum
1021 1488 1122 1508 rerum

162 1520 320 1551 historiam
329 1541 337 1554 ‚
357 1532 422 1563 quae
440 1530 521 1552 erant
530 1522 657 1551 Athenis
667 1518 755 1560 ipsius
764 1529 846 1551 aetate
855 1519 941 1561 gestae
952 1540 959 1553 ,
979 1530 1044 1549 non
1060 1529 1121 1549 tam

162 1562 318 1597 historico,
327 1566 418 1603 quam
427 1564 559 1593 oratorio
567 1572 675 1604 genere
683 1561 855 1602 perscripsit.
879 1564 918 1592 At
928 1560 1049 1592 Charisii
1056 1562 1123 1592 vult

164 1603 303 1647 Hegesias
310 1605 369 1635 effe
376 1604 483 1635 similis
491 1625 499 1639 ,
511 1605 594 1645 isque
602 1604 680 1635 scita
688 1613 772 1645 putat
779 1606 915 1634 Atticum
925 1624 933 1637 ,
946 1613 978 1634 ut
986 1613 1074 1633 veros
1083 1603 1122 1632 il-

115 1652 118 1658 '
162 1646 210 1676 los
225 1657 284 1687 prae
299 1647 327 1677 se
344 1647 429 1687 paene
446 1645 583 1688 agresteis
597 1655 689 1686 putet.
720 1649 760 1676 At
767 1645 840 1687 quid
849 1644 891 1676 est
900 1655 960 1676 tam
969 1645 1100 1676 stadium
1111 1665 1120 1679 ,

161 1696 225 1718 tam
233 1690 406 1723 minutum,
429 1698 491 1719 tam
509 1691 543 1718 in
557 1688 635 1728 ipsa,
654 1687 763 1729 (quarn
779 1697 882 1719 tamen
895 1687 1121 1728 consequitur,)

161 1732 365 1761 concinnitate
372 1731 486 1771 puerile
496 1733 507 1760 ?
521 1731 698 1760 «Atticorum
701 1728 805 1771 similes
815 1729 864 1768 effi
873 1730 1015 1761 volumus.
1036 1731 1121 1769 Opti-
1142 1749 1144 1754 .

162 1781 226 1802 me.
255 1775 370 1803 Suntne
387 1775 479 1814 igitur
495 1774 518 1803 ii
527 1774 621 1802 Attici
636 1775 785 1802 oratores?
802 1774 880 1814 Qis
890 1782 995 1813 negare
1003 1770 1121 1811 potest?
1142 1803 1143 1806 ,

163 1816 231 1845 Hos
241 1815 408 1844 imitamur.
433 1817 503 1856 Qo
518 1814 612 1845 modo
622 1835 630 1848 ‚
641 1816 693 1855 qui
704 1814 812 1844 sunt&
820 1816 900 1843 inter
908 1814 936 1844 se
944 1812 1101 1843 diffiniiles
1111 1833 1118 1847 ,

162 1855 196 1886 δί
211 1856 361 1886 aliorum?
384 1856 591 1897 Thucydidem,
609 1857 725 1897 inquit,
744 1855 906 1885 imitamur.
937 1855 1078 1895 Optime,
1098 1854 1120 1884 fi
1142 1872 1143 1880 1

160 1896 317 1927 historiam
327 1897 451 1928 stribere
459 1917 467 1931 ,
478 1908 543 1928 non
552 1896 572 1928 si
580 1898 676 1928 causas
684 1897 781 1927 dicere
791 1899 938 1939 cogitatis.
962 1896 1120 1937 Thucydi—

160 1938 213 1969 des
221 1940 306 1968 enim
314 1949 414 1968 rerum
423 1939 570 1980 gestarum
579 1941 790 1979 pronuntiator
796 1938 925 1969 finem-us
933 1958 942 1972 ‚
961 1939 994 1968 &
1001 1938 1120 1979 grandis

161 1981 256 2010 etiam
264 1979 333 2010 fuit.
356 1980 414 2009 hoc
428 1980 546 2010 forense
563 1982 817 2010 concertatoriurn
826 1980 964 2017 judiciale
979 1989 1044 2009 non
1059 1989 1118 2010 tra-

163 2021 364 2062 &avitgenus
395 2023 552 2051 Orationes
561 2030 680 2054 autem,
697 2030 769 2062 quas
778 2021 973 2061 interposuit,
995 2021 1118 2059 (multae
1139 2039 1140 2043 =

154 2065 248 2093 enim
259 2063 358 2103 sunt‚)
375 2073 422 2093 eas
431 2073 486 2104 ego
495 2063 611 2094 laudare
621 2063 703 2093 soleo
713 2083 721 2096 ,
733 2064 845 2093 imitari
855 2073 952 2104 neque
960 2061 1068 2103 poffiin
1077 2082 1086 2096 ,
1097 2061 1118 2092 si

161 2104 256 2140 yelim
265 2125 273 2138 ,
286 2115 341 2135 nec
348 2105 442 2134 velim
451 2104 569 2135 fortasse
578 2125 585 2138 ,
597 2103 732 2145 sipoffim
745 2115 750 2134 :
766 2114 814 2138 ut,
833 2103 854 2134 fi
867 2107 935 2145 quis
943 2104 1054 2134 Falerno
1069 2105 1118 2133 vi-

161 2156 196 2175 no
207 2145 371 2176 dele&et11r
379 2167 388 2180 ,
404 2146 454 2177 sed
463 2157 500 2177 eo
508 2157 564 2176 nec
572 2148 613 2176 ita
620 2156 703 2177 novo
716 2166 725 2180 ,
744 2155 777 2176 ut
784 2148 935 2186 proximis
943 2146 1118 2176 consulibus

161 2196 270 2218 natum
278 2188 353 2218 velit
365 2199 371 2218 z
387 2199 444 2219 nec
453 2189 551 2218 rursus
565 2190 606 2219 ita
613 2197 711 2218 vetere
719 2208 729 2222 ‚
746 2196 779 2217 ut
788 2189 947 2227 Opimium
958 2207 965 2220 ‚
983 2197 1033 2217 aut
1041 2189 1117 2218 Ani-

159 2231 243 2260 cium
259 2230 416 2260 consulem
429 2239 549 2271 quaeiat.
580 2231 673 2271 Atqui
683 2240 723 2260 eae
732 2229 888 2260 notaesunt
896 2231 1031 2269 optimae.
1055 2239 1119 2259 cre-

161 2270 202 2301 do
213 2271 276 2302 :sed
285 2274 382 2302 nimia
389 2271 518 2302 vetustas
528 2282 582 2302 nec
590 2273 677 2302 habet
685 2282 760 2306 eam,
769 2282 860 2312 quarn
869 2273 1042 2312 quaerimus,
1053 2271 1070 2300 s
1067 2281 1118 2302 ua-

159 2314 284 2344 vitatem
293 2333 302 2347 ,
312 2324 368 2344 nec
376 2313 486 2353 estjam
497 2313 565 2344 sane
577 2313 751 2343 tolerabilis.
783 2316 870 2343 Num
887 2315 978 2355 igitur
991 2315 1043 2353 qui
1058 2314 1118 2344 hoc

160 2354 281 2389 sentiat,
301 2354 322 2385 fi
338 2357 363 2385 is
378 2364 479 2395 potare
488 2355 564 2386 velit
572 2375 580 2389 ,
601 2355 637 2385 de
645 2355 731 2386 dolio
742 2354 794 2385 fibi
804 2354 1005 2384 hauriendum
1014 2358 1117 2394 putet?

159 2396 311 2427 Minime:
329 2396 377 2427 sed
385 2396 534 2438 quandam
545 2397 681 2438 sequatur
689 2406 816 2427 aetatem.
846 2398 893 2427 Sic
902 2407 957 2437 ego
964 2395 1028 2426 istis
1043 2407 1116 2426 cen-

158 2437 268 2468 suerim
280 2439 433 2469 &novam
450 2438 537 2469 istam
555 2438 635 2480 quasi
650 2438 686 2469 de
702 2438 803 2469 musto
813 2459 822 2472 ‚
838 2449 871 2469 ac
886 2439 951 2468 lacu
966 2438 1116 2468 fervidam

158 2481 327 2510 oiationem
335 2501 343 2514 ,
355 2479 541 2522 fugiendam,
552 2491 607 2511 nec
614 2481 699 2511 illam
708 2481 876 2521 praeclaram
885 2479 1059 2520 Thucydidi
1068 2482 1116 2510 ni-

158 2523 218 2550 mis
225 2531 357 2552 veterem
367 2543 374 2556 ,
386 2532 527 2563 tanquam
537 2524 717 2553 Anicianam
726 2532 831 2553 notam
841 2543 850 2556 ,
867 2521 1113 2563 persequendam.

156 2563 173 2591 1
194 2563 221 2593 se
229 2565 313 2593 enim
322 2565 519 2604 Thucydides
533 2563 554 2594 fi
569 2563 700 2605 posteriiis
713 2563 831 2597 fuisset,
849 2564 949 2593 multo
968 2566 1116 2593 maturior

94 2608 140 2652 84
171 2603 274 2638 uisset,
293 2606 449 2636 &mitior
481 2606 724 2636 Demosthenem
732 2608 824 2648 igitur
833 2607 1002 2635 imitemur.
1032 2608 1060 2635 O
1071 2605 1113 2635 dii

157 2645 231 2676 boni
243 2649 247 2676 !
264 2650 278 2666 ²
287 2647 358 2688 quid
367 2668 376 2681 ,
387 2648 496 2688 quaeso,
508 2658 564 2678 nos
573 2647 653 2678 aliud
662 2650 789 2690 agimus,
799 2656 849 2678 aut
857 2647 929 2687 quid
939 2646 1020 2677 aliud
1030 2655 1114 2686 opta-

155 2691 245 2721 mus?
260 2692 373 2719 Arnon
383 2688 573 2730 assequimur.
597 2689 648 2719 Isti
658 2691 745 2719 enim
751 2689 892 2719 videlicet
903 2690 995 2718 Attici
1005 2688 1110 2721 nostri,

153 2729 235 2770 quod
244 2730 363 2765 volunt,
371 2730 572 2772 assequuntur.
590 2741 628 2761 ne
636 2731 713 2761 illud
722 2731 846 2772 quidem
857 2730 1112 2771 intelliguni,n0n

153 2769 250 2801 mode>
266 2774 306 2802 ita
322 2776 477 2802 memoriae
488 2773 642 2812 proditum
660 2771 733 2806 esse,
753 2772 802 2802 sed
816 2774 857 2802 ita
873 2770 988 2802 necesse
1003 2770 1090 2801 fuisse
1101 2791 1109 2805 ,

152 2810 225 2842 cum
234 2813 458 2845 Demosthenes
473 2814 608 2845 diCmrus
623 2812 711 2848 esset,
724 2823 758 2844 ut
772 2814 951 2853 concursus,
968 2813 1110 2843 audiendi

151 2855 245 2889 causa,
257 2865 294 2885 ex
303 2864 365 2886 tota
374 2858 487 2887 Graecia
496 2855 612 2888 fierent.
632 2859 673 2887 At
681 2854 752 2886 cum
763 2855 811 2886 isti
819 2857 912 2885 Attici
920 2855 1035 2888 dicunt,
1045 2865 1111 2885 non

152 2895 248 2926 modi>
264 2896 280 2927 ὲ
291 2907 400 2928 corona
409 2917 417 2931 ‚
435 2897 536 2939 (quod
546 2897 588 2928 est
603 2898 701 2938 ipsum
711 2897 898 2937 miserabile)
917 2897 964 2927 sed
974 2899 1065 2927 etiam
1074 2897 1110 2926 ab

151 2937 302 2968 advocatis
310 2940 534 2981 relinquuntur.
567 2942 666 2983 Qare
673 2938 694 2970 fi
705 2938 827 2981 anguste
837 2959 846 2973 ‚
858 2939 891 2969 &
900 2939 1020 2969 exiliter
1029 2938 1112 2968 dice-

1166 1563 1306 1600 Epicuro,
1319 1562 1372 1601 qui
1383 1560 1412 1590 id
1424 1559 1622 1600 reprehendit,
1634 1558 1786 1589 assentior.
1808 1558 1865 1589 Sed
1877 1560 1908 1587 in
1919 1557 2040 1587 historia
2050 1577 2058 1591 ‚
2072 1568 2129 1598 qua

1164 1610 1196 1632 tu
1207 1612 1238 1632 es
1249 1602 1317 1632 usus
1326 1604 1358 1631 in
1367 1604 1455 1631 omni
1464 1600 1801 1642 sermone,cum,qualis
1810 1600 1937 1641 quisque
1947 1608 2045 1629 orator
2054 1599 2128 1629 fuis-

1164 1644 1216 1677 set,
1228 1653 1393 1684 exponeres
1403 1664 1411 1678 ‚
1422 1643 1504 1676 vide,
1516 1644 1626 1684 quaeso,
1639 1645 1751 1684 inquit,
1767 1653 1805 1672 ne
1816 1652 1876 1672 tam
1887 1641 2129 1681 reprehendenda

1163 1684 1197 1715 fit
1207 1687 1313 1720 ironia,
1323 1685 1414 1727 quam
1424 1687 1456 1715 in
1467 1684 1645 1715 testimonio
1653 1707 1659 1714 .
1669 1685 1953 1726 Q01·sus‚inquam,
1960 1682 2051 1713 istuc?
2061 1693 2126 1713 non

1162 1729 1246 1758 enim
1258 1728 1404 1769 intelligo.
1415 1729 1493 1769 Qia
1501 1726 1806 1767 primum,inquit,ita
1815 1724 1969 1755 laudavisti
1979 1724 2126 1765 quosdam

1162 1772 1503 1810 oratoresmtimperitos
1514 1768 1609 1809 poss'es
1620 1771 1652 1798 in
1664 1778 1795 1798 errorem
1806 1767 1958 1797 inducere.
1975 1766 2124 1807 Equidem

1162 1813 1195 1841 in
1204 1812 1384 1853 quibusdam
1394 1812 1487 1841 risum
1497 1813 1551 1841 vix
1565 1811 1705 1841 tenebam
1717 1830 1726 1844 ,
1739 1808 1811 1840 cum
1822 1811 1921 1839 Attico
1934 1807 2026 1848 Lysiae
2037 1810 2126 1838 Cato-

1162 1863 1233 1883 nem
1246 1853 1382 1884 nostrum
1393 1853 1582 1892 comparabas
1593 1873 1602 1886 ,
1615 1862 1760 1894 magnum
1769 1851 1939 1881 mehercule
1949 1852 2122 1883 hominem,

1160 1896 1209 1925 vel
1218 1895 1320 1935 potius
1330 1896 1486 1925 summum
1497 1915 1505 1928 ‚
1519 1895 1551 1924 ὃς
1561 1893 1738 1934 singularem
1748 1895 1864 1923 virum:
1884 1902 1979 1922 nemo
1990 1891 2068 1921 dicet
2079 1892 2124 1921 se-

1159 1947 1210 1966 cus
1223 1948 1227 1965 z
1248 1937 1296 1967 sed
1315 1939 1485 1966 oratorem?
1504 1936 1554 1966 sed
1573 1944 1663 1965 etiarn
1675 1933 1768 1974 Lyfiae
1786 1932 1916 1963 similem
1929 1937 1939 1962 ?
1960 1943 2022 1974 quo
2038 1933 2117 1962 nihil

1158 1977 1255 2018 potest
1264 1977 1322 2008 effe
1333 1977 1442 2018 phitius
1455 1989 1460 2006 :
1481 1977 1559 2007 bella
1568 1979 1665 2007 ironia
1674 1997 1682 2010 ,
1695 1975 1714 2005 si
1722 1977 1890 2015 jocaremur
1903 1986 1908 2004 :
1927 1973 1971 2004 sin
1981 1973 2122 2004 ass'evem-

1160 2030 1228 2049 mus
1240 2030 1246 2048 :
1262 2019 1333 2049 vide
1344 2039 1352 2053 ,
1368 2030 1406 2049 ne
1415 2019 1510 2059 religio
1520 2018 1610 2048 nobis
1621 2027 1681 2048 tam
1690 2016 1858 2047 adhibenda
1867 2015 1901 2045 sit
1909 2036 1918 2049 ,
1937 2016 2030 2056 quarn
2040 2014 2061 2044 si
2071 2024 2116 2045 te—

1159 2060 1342 2091 stimonium
1359 2060 1536 2091 diceremus.
1567 2063 1630 2101 Ego
1645 2062 1730 2090 enim
1742 2061 1985 2088 Catonemtuum
1998 2077 2007 2089 ‚
2028 2066 2060 2087 ut
2074 2059 2118 2087 ci—

1158 2113 1228 2133 vem
1239 2123 1247 2137 ,
1270 2113 1302 2133 ut
1312 2103 1477 2133 senatorem
1488 2123 1496 2135 ‚
1520 2111 1553 2132 ut
1563 2104 1774 2141 imperatorem
1785 2120 1793 2133 ,
1814 2109 1847 2130 ur
1864 2101 1965 2129 virum
1986 2099 2117 2139 denique

1159 2143 1230 2174 cum
1238 2145 1396 2185 prudentia
1404 2164 1413 2178 ,
1432 2144 1465 2174 δε
1475 2144 1630 2185 diligentia
1640 2164 1648 2177 ‚
1669 2153 1734 2173 tum
1745 2143 1834 2172 omni
1843 2143 1952 2171 virtute
1963 2141 2120 2170 excellen-

1158 2195 1220 2216 tem
1230 2207 1238 2220 ,
1250 2187 1360 2227 probo:
1374 2187 1525 2216 orationes
1534 2195 1634 2215 autem
1645 2186 1719 2225 ejus,
1732 2193 1764 2214 ut
1775 2183 1837 2213 illis
1847 2182 2043 2223 temporibus,
2054 2183 2119 2211 vai—

1158 2228 1303 2258 delaudo.
1327 2226 1491 2268 significant
1501 2229 1585 2256 enim
1596 2227 1745 2267 quandam
1762 2225 1895 2255 formam
1914 2225 2048 2265 ingenii,
2069 2224 2118 2254 sed

1157 2269 1324 2300 admodum
1335 2270 1507 2310 impolitam
1518 2289 1525 2301 ‚
1539 2269 1572 2298 δε
1580 2270 1668 2309 plane
1679 2268 1795 2298 rudem.
1819 2269 1956 2308 Origines
1965 2265 2037 2295 verb
2046 2265 2119 2295 cum

1157 2312 1304 2342 omnibus
1322 2314 1446 2341 oratoris
1462 2310 1600 2341 laudibus
1618 2310 1737 2340 refertas
1757 2309 1869 2339 diceres
1887 2329 1895 2342 ,
1921 2308 1954 2338 &
1970 2310 2117 2337 Catonem

1156 2364 1228 2384 cum
1246 2352 1371 2383 Philisto
1389 2353 1422 2383 δε
1439 2352 1618 2392 Thucydide
1643 2360 1829 2391 comparares
1847 2370 1855 2383 ,
1884 2352 2014 2379 Brutone
2039 2358 2067 2378 te
2084 2349 2116 2378 id

1155 2395 1293 2426 censebas
1305 2415 1313 2429 ,
1331 2405 1369 2425 an
1388 2396 1466 2424 mihi
1482 2394 1698 2434 probaturum?
1720 2403 1799 2434 quos
1815 2394 1900 2422 enim
1917 2401 1954 2421 ne
1971 2390 1987 2420 ὲ
2004 2392 2118 2420 Graecis

1155 2437 1280 2478 quidem
1299 2437 1458 2478 quisquam
1476 2438 1589 2466 imitari
1606 2435 1719 2475 potest,
1737 2437 1774 2464 iis
1793 2443 1825 2464 tu
1840 2442 1991 2473 comparas
2008 2433 2116 2461 homi-

1156 2489 1228 2509 nem
1240 2480 1448 2510 Tusculanum
1460 2498 1468 2512 ‚
1490 2478 1630 2507 nondum
1649 2478 1845 2517 suspicantem
1860 2496 1868 2508 ‚
1888 2475 1973 2515 quale
1984 2471 2053 2503 css'et
2061 2483 2114 2503 co-

1154 2521 1241 2561 piose
1251 2541 1259 2555 ‚
1281 2521 1314 2551 δε
1325 2521 1427 2550 ornate
1440 2520 1536 2550 dicere
1555 2523 1566 2548 ?
1588 2519 1713 2549 Galbam
1726 2517 1834 2547 laudas.
1857 2516 1879 2545 si
1891 2516 2014 2546 utillius
2026 2517 2118 2545 :etatis
2141 2521 2188 2556 85

1155 2565 1334 2603 principem,
1347 2561 1502 2592 affentior:
1518 2559 1556 2591 sic
1566 2562 1649 2590 enim
1659 2561 1828 2599 accepimus
1841 2568 1846 2587 t
1858 2556 1901 2588 sin
1912 2566 1945 2587 ut
1954 2566 2117 2591 oratorem,

1155 2605 1230 2634 cedo
1242 2625 1251 2638 ‚
1263 2605 1363 2646 quaeso
1373 2624 1381 2638 ,
1395 2605 1543 2633 orationes
1555 2623 1563 2635 ‚
1576 2602 1656 2640 (sunt
1667 2602 1763 2640 enim)
1777 2600 1809 2630 Sc
1819 2599 1868 2630 dic
1880 2620 1889 2633 ,
1908 2601 1989 2629 hunc
1998 2619 2005 2633 ,
2026 2607 2118 2639 quem

1154 2655 1186 2676 tu
1195 2647 1262 2686 plus
1272 2647 1363 2687 quam
1375 2655 1401 2675 te
1412 2665 1419 2678 ‚
1435 2654 1515 2675 amas
1525 2664 1533 2678 ,
1547 2646 1670 2673 Brutum
1684 2664 1692 2676 ‚
1710 2643 1788 2672 velle
1798 2651 1825 2671 te
1836 2642 1893 2671 illo
1903 2640 1998 2671 modo
2007 2640 2117 2671 dicere.

1154 2688 1261 2718 Probas
1271 2687 1378 2727 Lepidi
1388 2689 1547 2717 orationes.
1570 2685 1706 2725 paullum
1715 2682 1764 2713 hic
1775 2683 1830 2713 tibi
1840 2681 1980 2713 afl'entior
1990 2702 1998 2716 ‚
2020 2681 2117 2712 modo

1151 2732 1191 2760 ita
1202 2729 1300 2760 laudes
1312 2749 1319 2762 ‚
1338 2738 1371 2758 ut
1381 2730 1515 2768 antiquas
1527 2739 1533 2757 ·.
1553 2727 1635 2768 quod
1653 2728 1728 2756 item
1738 2725 1775 2755 de
1785 2724 1926 2755 Africano
1938 2744 1946 2757 ‚
1958 2724 1993 2754 de
2005 2724 2113 2757 Laelio,

1150 2773 1236 2811 cujus
1250 2780 1282 2801 tu
1301 2772 1435 2800 oratione
1445 2780 1532 2810 negas
1543 2768 1607 2799 fieri
1619 2768 1783 2809 quidquam
1792 2766 1874 2807 poss'e
1891 2766 2020 2796 dulcius.
2031 2765 2115 2795 addis

1153 2816 1243 2843 etiam
1259 2812 1358 2843 nescio
1368 2811 1440 2852 quid
1449 2810 1612 2852 augustius,
1628 2812 1756 2840 nomine
1767 2818 1822 2839 nos
1833 2810 1911 2848 capis
1922 2808 2034 2838 summi
2042 2808 2113 2840 viri,

1150 2857 1279 2895 vitaeque
1288 2851 1509 2894 elegantiffimae
1518 2851 1676 2883 verissimis
1686 2850 1831 2881 laudibus.
1840 2853 1980 2880 Remove
1991 2850 2114 2879 haectnae

1151 2896 1205 2926 ista
1215 2897 1312 2926 dulcis
1330 2896 1425 2926 oratio
1435 2896 1474 2925 ita
1483 2893 1516 2925 sit
1525 2893 1637 2934 abjecha
1648 2915 1656 2927 ‚
1670 2902 1704 2923 ut
1713 2902 1779 2923 earn
1789 2892 1914 2932 aspicere
1925 2899 2017 2921 nemo
2025 2890 2110 2920 velit.

1152 2938 1320 2968 Carbonem
1331 2939 1364 2967 in
1374 2937 1503 2967 summis
1511 2935 1677 2966 oratoribus
1688 2934 1822 2965 habitum
1834 2934 1911 2964 scio:
1934 2932 1983 2963 sed
1993 2931 2063 2962 curn
2074 2933 2108 2961 in

151 2988 200 3012 re,
219 2979 262 3009 est
270 2982 459 3015 Atticorum,
481 2979 539 3011 sint
555 2981 622 3012 sane
640 2983 748 3012 Attici:
765 2981 813 3011 sed
829 2983 863 3010 in
878 2982 1043 3011 comitium
1058 2990 1111 3010 ve-
1130 2985 1131 3017 1
1151 2981 1255 3010 ceteris
1265 2979 1352 3009 rebus
1363 2999 1372 3012 ,
1392 2980 1499 3007 tumin
1509 2977 1657 3011 dicendo,
1677 2977 1792 3016 semper
1803 2996 1811 3009 ‚
1831 2985 1891 3016 quo
1902 2975 1980 3004 nihil
1997 2972 2039 3003 est
2049 2983 2116 3003 me-

152 3021 254 3055 niam,
267 3023 302 3052 ad
305 3021 429 3058 stantem
430 3023 557 3063 judicem
567 3023 675 3055 dicant.
703 3023 848 3055 subsellia
855 3022 1045 3066 grandiorem
1056 3042 1064 3057 ,
1077 3022 1110 3052 δε
1127 3049 1129 3060 Α

155 3142 314 3198 cgfielffg:
329 3136 389 3164 idem
406 3137 436 3169 ὰ
451 3138 604 3174 Hyperides]
624 3137 718 3174 Cujac.
734 3138 804 3166 iidem
815 3155 826 3171 ,
845 3135 917 3173 quod
935 3135 1110 3166 satisfaciebat

1152 3022 1229 3056 lius,
1252 3020 1283 3051 id
1294 3020 1424 3052 laudari,
1447 3020 1666 3061 qualecumque
1678 3017 1739 3053 est,
1763 3018 1847 3048 solet.
1870 3019 1951 3048 Dico
1969 3015 2055 3086 ide&
2074 3014 2110 3044 de

2052 3065 2113 3086 rac-

1190 3143 1206 3159 2
1213 3154 1218 3159 .
1238 3133 1302 3173 Qid
1312 3152 1320 3164 ,
1338 3133 1408 3167 quaesb
1417 3142 1457 3159 nos
1467 3133 1536 3159 aliud
1544 3133 1660 3167 agimur]
1682 3131 1842 3175 Emendatio
1851 3130 1887 3159 est
1897 3130 1972 3159 Pauli
1983 3126 2110 3155 Manuti'b

1154 3177 1230 3198 antea
1240 3178 1311 3197 euim
1321 3169 1460 3206 legebatur
1470 3188 1479 3204 ‚
1489 3170 1548 3206 quid
1555 3170 1624 3206 quast
1629 3177 1670 3232 '1¹12‘
1681 3187 1689 3200 ,
1699 3178 1752 3200 (fc.
2006 3207 2016 3228 3
2039 3198 2113 3231 Longi

1679 3212 1692 3239 3
2024 3217 2029 3224 ι
