2360 3400
92 487 139 521 42
153 484 270 515 servare
291 483 447 514 debemus.
477 484 496 525 J

615 84 709 115 DE

158 154 193 185 in
208 153 295 185 rebus
315 147 449 181 honestis
457 167 468 183 ,
486 154 572 189 atque
583 148 703 190 magnis
712 145 754 178 est
763 166 772 180 ‚
799 146 876 177 bene
886 146 924 177 de
934 146 1035 186 repub.
1048 146 1118 177 sen-

158 196 290 227 tienteiS,
305 196 314 213 ¹
327 202 360 223 ac
370 192 447 221 bene
457 200 581 221 meritos
592 211 600 224 ,
618 200 667 220 aut
677 189 840 219 merenteis
851 208 860 222 ,
875 189 977 228 aliquo
987 189 1114 223 honore,

157 245 208 266 aut
226 235 356 274 imperio
376 231 517 266 affeeios,
542 233 714 265 observare,
737 231 878 261 &colere
888 230 1032 260 debemus
1046 240 1051 258 :
1063 233 1115 260 tri·

156 277 246 307 buere
256 278 347 306 etiam
359 275 492 305 multum
502 273 641 314 senestuti
649 273 770 304 :cedere
780 275 817 302 iis
829 292 837 305 ,
849 274 900 313 qui
910 271 1111 311 magistratum

155 318 323 349 habebunt:
339 317 444 347 habere
458 315 609 346 deleEtum
620 317 696 346 civis
707 335 716 347 ‚
744 314 775 344 ὅ(
785 316 933 354 peregrim
946 324 951 342 2
964 316 978 332 ²
990 322 1022 342 in
1036 313 1115 353 ipso-

157 369 216 400 que
231 361 406 399 peregrino,
428 360 611 398 privatimne
623 376 631 390 ,
653 367 690 387 an
701 355 819 395 publice
832 355 947 385 venerit
962 364 968 383 ε
986 354 1021 384 :id
1031 354 1114 384 sum-

155 411 240 432 mam
254 421 263 435 ,
278 411 316 430 ne
325 410 408 441 agam
420 401 456 430 de
466 398 586 439 singulis
599 419 608 433 ‚
618 407 818 428 communem
829 398 921 427 totius
931 397 1048 436 generis
1057 397 1113 425 ho-

154 444 279 472 minum
289 442 536 472 conciliationem
549 461 557 474 ,
577 441 610 470 δε
620 440 879 470 consociationem
894 440 990 467 colere
1001 457 1009 470 ‚
1022 439 1112 471 tueri,

499 493 544 513 arn
561 482 598 512 de
616 480 752 512 artificiis
771 499 780 514 ,
800 480 833 509 δε
849 477 1012 520 quaestibus
1032 498 1041 512 ,
1059 480 1111 519 qui

153 524 282 555 liberales
301 526 450 558 habendi,
470 527 523 565 qui
544 523 656 554 sordidi
674 521 749 556 sint,
769 523 830 551 haec
850 522 914 552 iere
931 522 1110 560 accepimus.

152 567 296 599 Primum
320 567 529 607 improbantur
546 564 705 606 iiqiiaestus
717 584 725 598 ,
748 565 798 605 qui
814 566 847 593 in
860 562 930 592 odia
943 563 1107 592 hominum

155 610 315 640 incurrunt
327 619 333 638 :
351 612 364 636 3
389 618 422 638 ut
429 610 608 648 portitorum
621 627 630 641 ,
659 616 691 636 ut
702 606 923 636 faeneratorum.
946 604 1110 634 Illiberales

151 660 256 681 autem
269 671 277 684 ,
299 651 331 680 &
347 650 460 680 sordidi
485 654 502 676 4
519 648 647 690 quaestus
658 656 930 679 mercenariorum,
952 647 1108 680 omnium,

149 701 284 732 quorum
295 702 389 731 operae
401 711 409 725 ,
431 701 495 721 non
502 701 632 732 quorum
643 699 716 720 artes
727 698 877 719 emuntur·
901 686 942 717 est
951 689 1036 717 enim
1048 688 1109 717 illis

150 733 214 773 ipsa
234 743 345 763 merces
365 733 624 763 auctoramentum
643 732 802 762 servitutis.
824 729 944 759 Sordidi
954 732 1042 759 etiam
1053 738 1108 769 pu-

151 775 247 807 tandi,
258 776 308 814 qui
320 784 489 804 mercantur
498 773 746 806 amercatoribus,
758 771 840 813 quod
853 770 949 801 statim
959 770 1104 801 vendant.

151 817 259 846 5·nihil
271 817 355 845 enim
366 815 529 854 proficiunt
543 835 551 848 ,
561 813 616 845 nisi
625 814 794 845 admodum
809 815 1001 843 mentiantur.
1024 811 1039 832 ⁶
1051 822 1107 842 nec

149 857 225 890 vcro
243 857 406 898 quidquam
425 862 439 884 7
461 856 508 886 est.
521 859 635 896 turpius
647 857 785 886 vanitate.
805 853 986 894 Opificesque
997 863 1107 884 omnes

149 901 185 930 in
205 899 322 930 sordida
339 907 399 928 arte
413 898 577 928 versantur.
595 908 650 927 nec
660 899 745 927 enim
759 897 923 937 quidquam
936 898 1104 936 ingenuum

147 940 247 981 potest
267 940 375 970 habere
393 938 523 970 officina.
548 935 562 958 8
581 940 771 979 minimeque
790 947 865 968 artes
875 938 919 967 hae
929 937 1101 977 probandae,

147 992 215 1023 quae
226 981 370 1012 ministrae
383 982 648 1021 suntvoluptatum
663 1000 671 1014 ,
697 980 796 1009 cetarii
807 999 816 1012 ‚
826 979 897 1007 lanii
910 999 918 1012 ‚
933 980 1014 1020 coqui
1024 979 1105 1017 ,far-

131 1031 230 1058 -·tores‚
244 1024 401 1065 pifiatores,
413 1033 445 1053 ut
455 1025 495 1053 ait
504 1025 679 1053 Terentius.
702 1026 716 1048 9
732 1021 805 1052 adde
818 1023 887 1053 huc,
898 1019 917 1049 fi
928 1022 1033 1060 placet,
1047 1031 1103 1051 un-

145 1069 330 1108 guentarios,
344 1066 501 1098 saltatores,
514 1067 702 1105 ¹0totumque
712 1063 818 1093 ludum
829 1062 975 1092 calatium.
988 1062 1105 1103 Qibus

144 1117 247 1138 autem
256 1108 369 1137 artibus
377 1116 427 1137 aut
435 1107 590 1147 prudentia
600 1108 696 1146 major
705 1104 791 1138 inest,
804 1114 928 1134 autnon
942 1103 1105 1134 mediocris

143 1150 258 1180 utilitas
268 1151 410 1189 quaeritur
423 1169 431 1181 ‚
445 1158 476 1179 ut
489 1148 650 1182 medicina,
660 1157 692 1178 ut
701 1145 912 1179 architectura,
925 1155 957 1176 ut
965 1145 1103 1176 dodiciina

142 1201 246 1221 rerum
265 1190 458 1221 honestarum
473 1210 482 1224 ‚
502 1191 546 1220 hae
574 1190 641 1220 sunt
656 1191 693 1218 iis
705 1209 714 1222 ,
737 1197 867 1229 quoi-um
878 1188 979 1218 ordini
989 1197 1102 1217 conve-

143 1234 253 1266 niunt,
277 1232 420 1263 honestae.
448 1234 613 1262 Mercatura
622 1240 722 1262 autem
741 1250 750 1264 ,
773 1228 900 1260 sitenuis
909 1229 969 1262 est,
982 1229 1101 1259 sordida

140 1275 270 1315 putanda
281 1274 333 1308 est,
358 1274 400 1304 fin
411 1283 517 1314 magna
527 1294 535 1307 ,
557 1274 589 1303 δε
597 1274 717 1313 copiosa
728 1293 737 1306 ,
748 1272 843 1302 multa
852 1271 984 1312 undique
994 1280 1100 1310 appor-

141 1324 226 1350 παῦε,
247 1316 408 1356 multisque
426 1314 486 1346 sine
508 1317 635 1345 vanitate
654 1316 846 1354 impartiens:
867 1323 932 1343 non
943 1312 1101 1343 estadmo-

141 1357 218 1388 dum
228 1358 432 1398 vituperanda.
455 1367 541 1398 atque
551 1359 638 1387 etiam
652 1376 665 1390 ,
679 1355 698 1386 si
708 1357 804 1386 satiata
812 1354 924 1395 quat-stu
936 1375 944 1388 ‚
964 1354 1098 1384 veLcon-

139 1407 222 1430 tenta
241 1399 343 1440 potius
355 1420 364 1432 ,
385 1408 417 1429 iit
428 1400 503 1438 saepe
517 1409 556 1429 ex
572 1399 632 1428 alto
644 1401 674 1428 in
688 1406 808 1437 portum
820 1416 830 1429 ‚
850 1406 888 1426 ex
896 1397 961 1436 ipso
972 1405 1059 1436 portu
1069 1396 1098 1425 se

137 1442 175 1476 in
188 1451 272 1482 agros
285 1462 294 1475 ,
305 1439 555 1481 poss'effionesque
565 1440 727 1469 contulerit
741 1458 750 1472 ,
771 1438 962 1478 videtui-jure
976 1439 1096 1477 optimo

137 1482 223 1523 poffe
241 1484 362 1514 laudari.
386 1483 534 1511 Omnium
560 1490 660 1510 autem
671 1490 770 1510 rerum
783 1498 792 1513 ,
814 1489 853 1508 ex
862 1480 971 1520 quibus
981 1479 1095 1520 aliquid

135 1527 299 1564 acquiritur
315 1545 324 1557 ,
352 1524 431 1553 nihil
454 1521 497 1553 est
515 1522 693 1563 agricultura
711 1522 822 1551 melius
841 1541 849 1554 ‚
870 1522 948 1552 nihil
965 1521 1097 1555 uberius,

138 1566 346 1596 nihildulcius
356 1585 365 1599 ,
383 1565 462 1595 nihil
473 1565 601 1595 homine
614 1584 623 1599 ,
637 1563 820 1594 nihillibero
830 1563 964 1605 dignius.
983 1562 1018 1592 de
1029 1572 1095 1603 qua,

137 1610 284 1648 quoniam
307 1610 340 1638 in
364 1610 476 1638 Catone
489 1607 604 1646 majore
619 1607 683 1637 fatis
693 1606 788 1637 multa
799 1605 953 1638 diximus,
974 1607 999 1624 ²¹
1011 1604 1097 1634 illinc

3 1634 22 1645 ι’
68 1649 117 1695 '43
137 1648 265 1680 assumes
276 1671 285 1684 ,
309 1659 375 1690 quae
385 1649 422 1680 ad
432 1651 512 1679 hunc
523 1649 626 1678 locum
637 1648 838 1688 pertinebunt.
861 1647 918 1678 Sed
931 1647 968 1677 ab
980 1648 1017 1676 iis
1026 1656 1095 1687 par-

138 1692 237 1726 tibus,
255 1702 321 1733 quae
341 1692 408 1721 sunt
419 1690 580 1720 honestatis
591 1710 599 1723 ,
621 1689 883 1730 quemadmodum
896 1687 994 1718 officia
1005 1689 1097 1719 duce-

135 1743 261 1766 rentur,
283 1734 349 1764 fatis
364 1731 537 1772 expositum
553 1731 680 1761 videtur.
705 1734 821 1761 Eorum
834 1739 933 1760 autem
944 1730 1092 1770 ipsorum,

132 1785 200 1818 quae
214 1774 337 1805 honesta
349 1775 428 1807 sunt,
447 1773 544 1813 potest
554 1773 685 1803 incidere
697 1775 770 1812 saepe
780 1773 948 1805 contentio,
961 1772 994 1801 &
1005 1781 1090 1801 com-

131 1818 265 1858 paratio,
289 1817 325 1847 de
343 1815 462 1846 duobus
472 1815 606 1846 honestis
617 1824 716 1844 utrum
733 1812 886 1843 honestius
901 1815 971 1853 :qui
984 1814 1066 1842 locus
1077 1814 1093 1843 a

133 1861 267 1891 Panaetio
285 1857 327 1889 est
344 1857 564 1899 praetermissus.
588 1858 670 1887 Nam
681 1855 752 1887 cum
762 1857 866 1886 omnis
876 1853 1013 1885 honestas
1024 1853 1091 1885 mii-

171 1973 197 1991 ι’.
215 1966 276 1990 Bene
286 1964 379 1988 meritiis
397 1967 441 1987 aut
450 1961 570 1988 merenteis
582 1981 590 1994 ,
609 1962 687 1996 aliquo
695 1960 801 1994 honoret]
824 1960 867 1987 Est
878 1962 892 1986 :i
906 1958 965 1986 mis.
984 1960 1091 1992 nostris,

131 1999 180 2027 nifi
192 1999 264 2035 quod
274 1999 408 2026 Palatinus
418 1999 518 2033 primus
529 2006 655 2034 praeterea
667 2017 674 2029 ,
683 1999 746 2031 sicut
755 2000 846 2031 aliquo,
856 2006 906 2028 cc.
927 2005 956 2022 ut
967 1996 1038 2023 forte
1048 2006 1091 2023 re-

130 2035 294 2063 stituendum
306 2035 336 2061 {it
346 2033 449 2060 :tuciori
461 2033 528 2060 illud
542 2033 694 2061 vocabulum
708 2044 713 2060 :
731 2034 851 2069 velitque
862 2042 912 2059 uon
925 2032 994 2060 secus
1006 2034 1090 2060 liono-

131 2071 227 2099 :andos
239 2071 289 2098 esse
301 2069 473 2106 Philolbplios
493 2070 609 2106 aliosque
627 2071 744 2106 privatos
754 2069 819 2096 bene
830 2077 949 2096 merente
967 2069 1000 2095 de
1011 2078 1090 2105 repu-

128 2107 201 2135 blica
213 2127 222 2140 ,
233 2115 313 2140 atque
322 2116 367 2133 eos
377 2116 423 2142 qui
434 2106 569 2133 constituti
582 2106 678 2133 suntin
690 2107 788 2132 honore
801 2106 840 2131 vel
851 2106 974 2141 imperio.
1000 2107 1034 2132 Et
1047 2105 1087 2132 vel

100 2165 103 2167 -
127 2143 208 2176 hujus
217 2143 344 2170 diCtionis
355 2142 495 2178 protraRae
507 2142 580 2170 causa
594 2162 601 2175 ,
623 2142 741 2169 nonnihil
754 2142 818 2167 milii
829 2141 935 2168 debebit
950 2142 1023 2177 spero
1033 2142 1088 2168 stu-

127 2175 216 2207 diosus
227 2179 378 2208 Ciceronis.
387 2186 465 2206 autea
474 2179 556 2210 enim,
568 2178 696 2205 sententia
707 2185 761 2204 erat
777 2179 803 2204 ὃ(
814 2178 904 2213 inepta
914 2178 941 2203 &
952 2178 1086 2204 intricata.

86 2214 94 2217 s
127 2213 190 2243 iiam
203 2226 253 2243 uon
270 2216 343 2251 loqui
363 2215 421 2241 heic
431 2215 552 2241 Tullium
563 2215 596 2241 de
615 2214 799 2240 constitutisin
820 2213 909 2249 aliquo
920 2214 1085 2249 magistratu,

127 2253 255 2279 evincunt
266 2252 311 2278 illa
322 2251 456 2287 sequentia
467 2260 474 2281 5
487 2253 565 2276 cedere
574 2255 603 2277 iu
611 2254 653 2284 qui
662 2252 822 2283 magistrarum
832 2251 960 2276 habebunt.
975 2251 1009 2276 Et
1020 2249 1084 2285 quid

128 2288 166 2315 est
175 2289 309 2315 incivilius
320 2290 399 2324 quam
410 2286 526 2318 censere,
537 2287 645 2312 iiiiiiime
655 2285 829 2312 observandos
840 2284 890 2311 esse
899 2285 1084 2321 colendosque,

128 2334 244 2361 quorum
255 2325 310 2351 vita
337 2322 454 2359 erspeEla
473 2323 498 2349 iii
511 2322 588 2349 rebus
599 2322 711 2349 honestis
722 2330 800 2356 :itque
812 2322 912 2357 maguis
923 2321 958 2348 cst
972 2341 979 2352 ,
999 2321 1084 2357 deque

126 2361 232 2396 republ.
242 2360 307 2387 bene
329 2361 459 2386 eiit'iciites
473 2378 480 2390 ‚
492 2359 546 2385 imo
558 2359 623 2384 adeo
634 2366 777 2388 merentes,
789 2357 804 2383 ii
816 2358 913 2393 privati
925 2358 1054 2390 vixerint,
1065 2358 1081 2384 ii

127 2406 180 2424 nou
192 2397 268 2423 fimul
280 2397 379 2422 fuerint
390 2396 415 2421 in
427 2395 517 2430 aliquo
528 2396 628 2421 honore
639 2402 683 2420 aut
695 2394 827 2430 imperio?

163 2442 192 2459 2.
210 2436 240 2458 In
257 2434 346 2466 ipfiique
360 2432 504 2464 peregrina]
527 2431 570 2457 Sic
589 2439 693 2466 quoqne
704 2429 847 2455 Lambinus
860 2448 869 2460 ,
887 2428 1028 2464 firmatque
1040 2429 1080 2455 M.

32 2464 34 2466 ’
76 2493 78 2495 .
123 2470 157 2497 F.
169 2470 203 2495 D.
214 2469 277 2495 item
292 2468 406 2494 Palatiii.
417 2466 554 2502 editioquc
564 2466 686 2493 Romana
697 2466 792 2502 prima,
803 2467 829 2491 &
843 2464 991 2492 Viftoriua.
1011 2465 1080 2497 aliae,

123 2506 206 2538 ,1111pr
215 2511 385 2538 quoquepcreg.

163 2549 176 2575 3
184 2560 190 2566 .
210 2543 240 2565 Ut
245 2542 394 2572 portitorum,
404 2544 431 2562 ur
441 2537 629 2570 feneratorum]
652 2537 694 2564 Est
705 2536 736 2563 ab
746 2536 864 2563 editione
874 2536 1004 2572 principe,
1014 2537 1077 2563 item

123 2577 248 2603 Romana
258 2574 376 2600 secunda.
398 2582 456 2599 uam
468 2574 552 2608 prinizi
565 2592 572 2604 ,
582 2576 753 2605 terporlitorum
765 2592 772 2604 ,
785 2574 956 2606 fincrmurum.
968 2572 1038 2608 seqq.
1053 2580 1080 2598 ut

118 2615 258 2646 portitorum
267 2611 468 2643 &feneratori-cm.
479 2610 506 2634 δεῖ
520 2609 582 2634 vero
594 2609 705 2635 nostram
718 2608 813 2644 scriptu
819 2608 987 2643 ram,i·cpei-it
997 2610 1077 2635 etiam

122 2650 149 2675 in
160 2646 283 2675 omuibus
302 2645 352 2672 suis
363 2644 524 2671 Gulielmius
536 2663 543 2676 ,
563 2644 742 2680 probabatque
754 2645 839 2672 unice.
859 2644 892 2670 sic
912 2644 999 2680 paullo
1010 2647 1076 2680 post,

120 2692 150 2711 ur
158 2684 284 2713 medicina,
294 2690 322 2707 ur
334 2683 507 2706 archiatrum.

159 2728 187 2753 4.
209 2720 312 2751 Qaestm
321 2720 516 2742 mercenariorum
525 2719 624 2742 omnium
636 2735 643 2746 ‚
653 2726 750 2750 quorum
757 2715 851 2749 operm]
872 2715 985 2742 Palatin.
997 2717 1076 2752 prim.

121 2756 223 2782 nullam
241 2754 320 2781 habet
347 2752 472 2779 metionis
502 2755 601 2778 omnium
619 2752 750 2778 litteram.
779 2753 806 2778 δε
825 2759 929 2788 poterat
948 2753 1074 2789 proiceto

119 2791 217 2819 abesse.

158 2837 184 2862 5.
200 2827 336 2854 Nihilenim
344 2824 496 2859 proficiunt]
519 2823 631 2850 Palatin.
643 2824 707 2849 item
719 2824 758 2849 M.
769 2825 804 2850 D.
820 2826 959 2859 profi-lant.

154 2864 184 2889 6.
205 2867 253 2889 Nec
263 2865 322 2887 enim
331 2861 481 2896 quicquam]
505 2860 638 2886 Reum-avi
652 2861 675 2886 iii
689 2860 775 2886 locum
787 2858 859 2885 suum
882 2860 938 2886 mss.
957 2860 1073 2896 plurium

117 2898 272 2936 stripturam
287 2917 294 2930 ,
303 2906 362 2933 quae
371 2900 397 2923 δ(
409 2897 436 2923 in
452 2896 572 2922 Romana
583 2896 667 2932 prima
680 2898 706 2922 ὃ(
720 2896 867 2922 Vie‘toi-ina.
878 2896 935 2922 alia:
948 2915 956 2928 ,
966 2906 1007 2922 nec
1015 2897 1075 2922 verb

116 2939 253 2970 quitquam.

154 2980 182 3004 7.
201 2974 249 2996 Nec
258 2970 315 2994 verb
324 2972 450 3003 quicquam
459 2971 495 2994 eff
507 2971 601 3001 turpius
611 2970 735 2994 vanitate.
756 2968 886 3001 opificefijue
896 2977 971 2993 omnes
980 2970 1007 2993 in
1018 2968 1072 3001 sbr-

113 3005 175 3037 dida
184 3014 236 3032 arte
244 3004 401 3039 mersantur]
420 3005 463 3030 Sic
473 3004 558 3030 Palat.
577 3004 627 3030 sec.
647 3005 671 3029 St
686 3003 859 3030 Gulielmiiuii
873 3023 881 3035 ,
902 3003 947 3029 nili
959 3004 1029 3039 quod
1041 3005 1071 3029 F.

113 3051 191 3069 omnes
200 3045 241 3077 qui
250 3045 283 3067 in.
308 3041 545 3067 verumenimvero
558 3040 717 3066 membrana:
728 3040 852 3065 Paiaiinae
863 3039 952 3075 prima:
966 3059 974 3072 ,
993 3042 1070 3066 vani-

111 3085 166 3103 tate
173 3081 290 3112 opificum,
299 3079 340 3110 qui
349 3085 424 3102 omnes
434 3079 459 3101 in
461 3077 572 3109 firdida,
582 3078 634 3106 dre.
656 3085 735 3112 quam
746 3075 890 3104 leffioiiem
901 3075 961 3103 iane
975 3075 1072 3104 habue-

110 3114 165 3143 rim
177 3113 234 3142 fere
245 3112 385 3140 meliorem
395 3111 651 3149 haetenusvuigata.

799 68 1260 116 Ori-’1c118

1356 74 1396 120 L
1430 88 1448 119 1
1484 87 1525 119 n.
1609 74 1671 120 ΙΙ.
1996 92 2118 143 1229

1159 158 1208 180 net
1221 148 1378 190 apartibus
1385 160 1525 193 quattuor
1534 171 1543 186 ,
1553 161 1680 194 quarum
1690 161 1749 183 una
1761 151 1794 183 sit
1803 153 1987 196 cognitionis
1998 164 2004 183 :
2014 155 2116 189 altera,

1157 195 1402 224 communitatis:
1421 197 1503 225 tertia
1513 214 1522 227 ,
1539 196 1814 240 magnanimitatis:
1826 205 1927 237 quarta
1936 216 1945 230 ‚
1972 196 2116 227 modera-

1158 235 1270 264 tionis:
1286 236 1331 265 hae
1344 237 1377 265 in
1388 235 1548 276 deligendo
1561 238 1666 266 officio
1679 237 1750 276 saepe
1760 239 1839 277 inter
1850 238 1876 268 se
1889 247 2112 278 comparentur,

1157 274 1271 305 necefl'e
1289 276 1341 306 est.
1374 278 1470 307 Placet
1490 279 1597 319 igitur,
1616 279 1729 320 aptiora
1745 275 1805 309 esse
1822 288 1933 310 naturae
1949 290 1982 310 ea
1999 279 2113 313 officia,

1157 325 1222 356 qua:
1249 327 1286 347 ex
1303 321 1522 349 communitate
1535 339 1543 353 ,
1563 320 1654 360 quam
1665 330 1698 350 ea
1714 340 1722 352 ,
1745 330 1809 361 qua:
1823 330 1862 351 ex
1870 324 2044 363 cognitione
2055 322 2111 352 du—

1154 367 1273 388 cantur:
1294 359 1383 400 idque
1393 361 1450 390 hoc
1460 370 1637 401 argumento
1648 360 1820 392 confirmari
1831 364 1925 402 potest
1936 383 1943 397 ‚
1965 362 2046 404 quod
2060 384 2066 396 ‚
2089 362 2111 394 si

1153 401 1313 439 contigerit
1324 411 1355 431 ea
1367 403 1427 432 vita
1441 402 1575 442 sapienti,
1591 406 1618 422 ¹²
1631 412 1661 433 ut
1671 404 1704 433 in
1718 406 1861 434 omnium
1872 406 1972 435 rei-um
1983 404 2111 435 affluen-

1153 440 1232 470 tibus
1242 444 1336 482 copiis
1347 462 1355 476 ,
1375 446 1513 483 quamvis
1523 446 1627 474 omnia
1639 464 1648 478 ,
1668 454 1733 486 quae
1742 447 1918 485 cognitione
1929 446 2019 487 digna
2026 446 2106 480 sunt,

1152 481 1275 513 summo
1295 487 1360 514 otio
1370 486 1470 514 secum
1484 486 1542 525 ipse
1552 485 1717 516 confideret
1731 506 1740 520 ,
1762 487 1794 517 ὃ(
1807 489 2044 528 contempletur:
2066 497 2109 518 ta-

1154 533 1225 553 men
1239 544 1248 558 ,
1267 523 1288 555 si
1305 526 1434 556 solitudo
1446 536 1523 557 tanta
1535 526 1567 557 sit
1579 548 1587 560 ,
1611 537 1643 558 ut
1653 529 1812 559 hominem
1826 530 1924 559 videre
1937 540 1999 559 non
2010 529 2107 569 possit.

1152 566 1275 597 excedat
1295 566 1311 596 ὁ
1323 569 1396 598 vita.
1418 570 1615 609 Princepsque
1627 571 1771 600 omnium
1783 573 1930 601 virtutum
1943 572 1984 601 est
1994 573 2047 602 illa
2063 574 2107 602 sa—

1150 609 1261 646 pientia
1279 617 1368 648 quam
1386 613 1471 642 cotim
1491 612 1586 641 Graeci
1605 620 1714 642 vocant
1734 623 1739 640 z
1759 615 1785 639 ¹3
1800 613 1988 651 prudentiam
2009 616 2107 645 enim,

1150 658 1240 689 quam
1256 651 1582 685 Graeciefwnewdicunt
1593 672 1602 685 ,
1622 653 1710 683 aliam
1722 654 1871 694 quandam
1883 655 2102 695 intelligimus:

1149 700 1214 730 quae
1237 691 1280 721 est
1301 701 1400 721 rerum
1411 693 1644 732 expetendarum
1656 714 1664 728 ,
1688 694 1958 737 fugiendarumque
1969 697 2104 726 scientia.

1148 733 1199 762 illa
1208 741 1307 762 autem
1320 734 1461 772 sapientia
1471 753 1479 768 ‚
1499 744 1588 774 quam
1598 737 1766 776 principem
1777 737 1854 771 dixi,
1866 748 1965 768 rerum
1976 737 2018 768 est
2028 737 2108 768 divi-

1148 783 1256 803 narum
1266 794 1274 807 ,
1286 783 1372 816 atque
1383 777 1583 806 humanarum
1594 777 1714 807 scientia
1726 788 1730 806 :
1743 780 1775 808 in
1784 789 1842 819 qua
1852 781 2023 810 continetur
2033 779 2108 810 deo-

1147 825 1227 849 rum,
1238 816 1272 845 &
1283 817 1447 846 hominum
1458 820 1665 849 communitas
1677 838 1685 852 ,
1702 819 1734 850 &
1744 820 1866 852 societas
1876 823 1954 851 inter
1965 822 2054 862 ipsos.
2073 831 2108 852 ea

1148 856 1169 886 si
1181 860 1314 888 maxima
1324 857 1366 888 est
1376 878 1385 892 2
1399 868 1431 888 ut
1441 858 1484 889 est
1498 860 1595 889 certe:
1611 859 1726 891 necesse
1737 860 1779 891 est
1791 882 1799 896 ‚
1812 863 1892 902 qnod
1903 867 1918 893 a
1927 865 2107 894 communi—

1146 907 1203 929 tate
1213 899 1336 930 ducatur
1346 898 1495 934 officium,
1507 901 1538 931 id
1548 900 1605 931 efl'e
1617 904 1803 933 maximum.
1826 907 1947 934 Etenim
1956 906 2106 946 cognitio,

1145 942 1422 982 contemplatioque
1436 952 1546 973 naturae
1557 963 1566 977 ,
1577 953 1682 974 manca
1691 946 1821 985 quodam
1833 946 1928 975 modo
1939 966 1947 979 ,
1959 956 2046 987 atque
2058 948 2106 976 in-

1144 983 1249 1013 choata
1259 983 1303 1016 sit,
1314 982 1333 1013 fi
1344 984 1428 1014 nulla
1439 983 1517 1014 ac'tio
1527 995 1626 1014 rerum
1640 986 1849 1026 consequatur.
1873 997 1906 1017 ea
1915 997 2013 1017 autem
2025 987 2106 1018 ειᾶὶίο

1145 1025 1178 1053 in
1198 1025 1364 1055 hominum
1384 1026 1557 1057 commodis
1573 1028 1692 1057 tuendis
1705 1030 1839 1058 maxime
1850 1031 1994 1059 cernitur.
2012 1039 2105 1069 perti-

1147 1074 1198 1095 net
1206 1066 1336 1107 igiturad
1348 1067 1515 1097 societatem
1527 1070 1644 1109 generis
1656 1071 1791 1099 humani.
1815 1080 1884 1110 crgo
1895 1072 1956 1100 haec
1965 1072 2103 1111 cognitio-

1145 1108 1174 1136 m'
1184 1108 1393 1147 anteponenda
1403 1108 1445 1139 est
1459 1118 1560 1150 :atque
1570 1110 1600 1139 id
1610 1112 1744 1150 optimus
1752 1112 1879 1151 quisque
1889 1113 1988 1152 reipsa
1999 1111 2101 1142 osten-

1142 1148 1197 1183 dit,
1213 1148 1377 1189 &judican
1401 1152 1477 1191 Qis
1487 1154 1570 1181 enim
1582 1150 1624 1182 est
1635 1156 1663 1178 ¹4
1672 1162 1732 1182 tam
1740 1153 1866 1192 cupidus
1876 1155 1908 1183 in
1919 1154 2102 1194 perspicien-

1143 1189 1180 1220 da
1189 1210 1199 1224 ,
1209 1191 1474 1232 cognoscendaque
1484 1203 1584 1223 rerum
1597 1202 1697 1224 natura
1709 1214 1717 1227 ‚
1731 1203 1774 1227 ut,
1785 1193 1806 1223 si
1820 1197 1846 1224 ei
1858 1195 1992 1225 traetanti
2007 1215 2014 1229 ,
2026 1206 2103 1226 con-

1142 1233 1360 1274 templantique
1371 1244 1416 1263 res
1425 1235 1601 1275 cognitione
1613 1234 1798 1276 dignissimas
1809 1256 1817 1270 ‚
1829 1239 1858 1264 ¹5
1875 1236 1974 1267 subito
1985 1235 2019 1267 sit
2029 1237 2102 1268 alla—

1143 1282 1208 1303 tum
1219 1276 1386 1314 periculum
1399 1296 1407 1309 ,
1419 1275 1642 1317 discrimenque
1651 1280 1752 1317 patriae
1764 1298 1772 1312 ‚
1783 1282 1832 1308 cui
1843 1278 2001 1309 subvenire
2011 1299 2020 1313 ‚
2032 1281 2103 1319 opi-

1141 1316 1289 1356 tularique
1309 1316 1412 1357 poffit:
1425 1327 1490 1348 non
1510 1318 1561 1348 illa
1571 1322 1678 1350 omnia
1688 1320 1853 1360 relinquat,
1873 1329 1960 1360 atque
1970 1320 2101 1361 abjiciat,

1141 1358 1231 1387 etiam
1243 1356 1263 1387 fi
1273 1358 1462 1389 dinumerare
1472 1359 1500 1389 se
1512 1359 1608 1390 stellas
1619 1380 1627 1394 ,
1647 1370 1697 1391 aut
1708 1364 1808 1392 metiri
1819 1363 1935 1392 mundi.
1944 1364 2098 1403 magnitu-

1140 1398 1244 1429 dinem
1264 1399 1346 1439 posse
1367 1400 1546 1431 arbitretur?
1564 1411 1649 1442 atque
1666 1404 1725 1433 hoc
1741 1403 1823 1433 idem
1843 1406 1876 1433 in
1887 1413 2016 1444 parentis
2030 1425 2040 1438 ,
2061 1406 2096 1434 in

1138 1442 1228 1470 amici
1245 1451 1277 1471 re
1287 1461 1296 1475 ‚
1315 1451 1364 1471 aut
1383 1443 1519 1481 periculo
1541 1441 1653 1474 fecerit.
1677 1445 1785 1485 quibus
1806 1445 1894 1475 rebus
1904 1446 2096 1486 intelligitur,

1140 1491 1241 1512 srtmt
1250 1492 1279 1512 is
1299 1503 1308 1516 ,
1334 1482 1502 1524 officiisque
1520 1485 1650 1515 scientiae
1666 1505 1674 1519 ,
1694 1486 1895 1526 praeponenda
1915 1485 1972 1516 effe
1994 1485 2095 1517 officia

1132 1522 1337 1565 justitiae,quae
1347 1527 1496 1565 pertinent
1506 1524 1536 1546 ¹⁶
1547 1527 1583 1556 ad
1592 1528 1755 1558 hominum
1767 1529 1935 1558 utilitatem:
1947 1538 2005 1568 qua
2015 1529 2095 1558 nihil

1138 1566 1258 1595 homini
1279 1565 1336 1596 effe
1359 1567 1445 1597 debet
1466 1569 1631 1608 antiquius.
1657 1572 1754 1609 Atque
1764 1570 1811 1598 illi
1826 1588 1834 1602 ,
1857 1579 1987 1609 quorum
2000 1569 2094 1600 studia
2112 1577 2160 1607 44

1136 1608 1255 1648 vitaque
1274 1609 1378 1638 omnis
1396 1610 1430 1638 in
1448 1618 1546 1638 rerum
1556 1611 1732 1650 cognitione
1742 1610 1851 1640 versata
1861 1610 1903 1640 est
1915 1631 1930 1644 „
1948 1620 2049 1641 tamen
2058 1611 2100 1642 ab*

1135 1649 1278 1689 augendis
1297 1651 1461 1680 hominum
1473 1651 1653 1681 utilitatibus
1664 1652 1697 1682 &
1707 1652 1883 1682 commodis
1897 1662 1960 1682 non
1970 1651 2101 1683 recessef*

1133 1699 1213 1720 runt.
1246 1701 1317 1722 nam
1338 1692 1371 1722 δε
1390 1693 1585 1723 erudiverunt
1605 1694 1720 1724 multos
1730 1713 1738 1728 ,
1757 1703 1818 1733 quo
1840 1694 1981 1724 meliores
1999 1696 2094 1728 cives,

1136 1735 1163 1760 ¹7
1181 1732 1376 1773 utilioresque
1396 1734 1483 1763 rebus
1502 1735 1562 1764 suis
1580 1735 1710 1774 publicis
1729 1734 1838 1764 efl‘ent:
1858 1745 1890 1765 ut
1908 1736 2096 1767 Thebanumv

1132 1774 1376 1812 Epaminondam
1387 1774 1469 1813 Lysis
1481 1777 1677 1816 Pythagoreus
1689 1796 1696 1809 ,
1711 1772 1742 1795 ²⁸
1753 1775 1938 1815 Syracufium
1950 1779 2090 1809 Dionem

1134 1816 1217 1844 Plato
1229 1835 1238 1848 ,
1252 1816 1403 1855 multique
1415 1817 1546 1845 multos:
1569 1817 1685 1858 nosque
1694 1816 1746 1856 ipsi
1756 1838 1764 1850 ‚
1788 1819 1937 1858 quidquid
1946 1819 1980 1848 ad
1992 1830 2090 1860 remp.

1133 1856 1289 1887 attulimus
1302 1876 1312 1892 ,
1335 1855 1374 1896 (si
1392 1856 1487 1888 modo
1498 1858 1612 1899 aliquid
1622 1860 1799 1899 attulimus)
1818 1860 1835 1890 a
1846 1859 2032 1895 defitoribus,
2048 1866 2098 1892 ιιι-ἰ

2029 1913 2089 1944 que

1165 1960 1192 1988 8.
1211 1966 1357 1998 Minimeque
1367 1971 1432 1990 artes
1441 1966 1473 1990 hae
1478 1963 1632 1999 probandae]
1642 1965 1741 1991 Vocula
1751 1968 1783 1991 b:
1793 1974 1843 1992 non
1854 1965 1978 2001 aspicitur
1988 1965 2014 1993 iii
2025 1965 2088 1992 edd.

1130 1999 1248 2024 omnium
1261 2000 1363 2034 primis.
1375 2001 1489 2026 Palatiii.
1500 2009 1626 2036 praeterea
1637 2001 1733 2027 habent
1746 2011 1753 2032 ¹>
1769 2003 1912 2034 probamur.

1165 2042 1194 2068 9.
1212 2036 1292 2062 <Adde
1300 2038 1482 2071 lme‚fiplatct,
1491 2038 1560 2071 dnn]
1583 2037 1696 2063 Victorii
1708 2037 1851 2063 editionem
1863 2037 1976 2073 sequen
1992 2038 2033 2064 cui
2043 2048 2089 2064 :ic-

1127 2070 1226 2097 cediint
1236 2073 1276 2097 M.
1289 2073 1319 2098 F.
1332 2073 1366 2098 D.
1378 2073 1442 2099 item
1457 2073 1569 2100 Palatia.
1590 2073 1739 2109 alluditque
1750 2074 1871 2100 Romana
1881 2074 1966 2110 prima
1978 2094 1986 2107 ‚
1999 2075 2024 2100 in
2037 2083 2090 2110 qua

1125 2107 1189 2132 huit.
1210 2114 1302 2133 eeterae
1313 2107 1374 2134 edd.
1386 2109 1445 2134 adde
1455 2109 1499 2134 his.

1166 2151 1205 2168 10.
1227 2147 1349 2178 Totumque
1357 2146 1438 2169 ludum
1452 2145 1592 2178 talasium]
1616 2145 1674 2171 Pal.
1686 2154 1725 2179 pr.
1745 2153 1818 2170 retum
1826 2147 1908 2171 ludum
1926 2148 2084 2172 tabularium.

1125 2177 1237 2205 Maurit.
1252 2181 1420 2206 tablinarium.
1440 2181 1591 2207 consulatui·
1603 2181 1751 2207 Parrhasius
1770 2182 1796 2207 in
1808 2181 1943 2217 Qaelitis.
1962 2181 2090 2209 defendit:

1124 2214 1194 2240 enim
1206 2215 1312 2250 egregie
1324 2216 1455 2251 vulgatam
1468 2225 1561 2243 contra
1570 2226 1628 2244 eum
1642 2218 1686 2252 qui
1697 2216 1815 2243 ediderat
1825 2219 1938 2243 talarem.

1164 2259 1204 2276 11.
1223 2253 1289 2277 Illinc
1299 2252 1422 2286 affirmes]
1449 2252 1611 2280 Gulielmius
1629 2253 1708 2279 fidem
1728 2253 1830 2279 secutus
1841 2254 1952 2282 Mani-Le.
1973 2263 2085 2289 repone-

1123 2285 1166 2312 bat
1175 2288 1226 2313 Ala.
1247 2287 1332 2323 sicque
1343 2287 1426 2315 l’alat.
1437 2289 1502 2323 prim
1510 2309 1515 2314 .

1162 2332 1204 2348 12.
1225 2326 1253 2347 Ul
1263 2326 1288 2349 in
1297 2327 1396 2349 omnium
1407 2335 1483 2350 rerum
1495 2326 1646 2357 affluentibus
1654 2325 1734 2357 copiis,
1744 2325 1853 2359 quamvis
1865 2324 1879 2358 ]
1901 2325 2010 2351 Secutus
2023 2325 2077 2352 sum

1121 2367 1174 2393 quo
1187 2359 1294 2386 vocabar
1306 2370 1320 2385 a
1333 2360 1448 2386 Palatini.
1459 2362 1474 2386 :i
1488 2362 1513 2387 ,Ὢ
1522 2381 1527 2386 .
1538 2362 1573 2387 D.
1584 2362 1701 2396 ejecique
1723 2369 1812 2386 vocem
1831 2361 1931 2386 ditetur.
1952 2370 2010 2396 qua:
2022 2362 2078 2388 fere

1120 2394 1146 2420 in
1158 2394 1285 2422 haetenus
1299 2396 1425 2431 vulgatis.
1444 2397 1470 2422 S<
1487 2405 1543 2423 eam
1565 2397 1672 2432 quidem
1684 2404 1759 2424 antea
1770 2406 1875 2432 quoque
1886 2396 2018 2432 respuerat
2030 2398 2078 2423 Υἱ-

1118 2430 1232 2463 obrius,
1243 2430 1284 2457 sed
1294 2431 1434 2467 adsumpsit
1443 2432 1516 2458 illico
1527 2434 1707 2459 Camerarius.

1158 2475 1200 2502 ¹3·
1222 2467 1380 2493 'Prudentiam
1390 2471 1462 2499 enim,
1471 2478 1543 2502 quam
1553 2472 1627 2494 Graeci
1638 2472 1746 2503 :gabim-iv
1756 2467 1863 2502 diuma]
1876 2468 1934 2494 Vox
1947 2467 2077 2503 postrema

1120 2511 1171 2528 non
1184 2502 1219 2529 est
1234 2503 1258 2529 in
1272 2502 1384 2530 Palatin.
1395 2513 1435 2540 pr.
1447 2513 1531 2540 neque
1544 2504 1662 2540 agiiolcit
1673 2505 1833 2540 Moguntina
1844 2503 1927 2530 editio
1939 2523 1947 2535 ,
1958 2512 2004 2530 aut
2014 2504 2076 2530 Ro-

1119 2547 1195 2564 mana
1206 2537 1326 2565 secunda.

1158 2581 1198 2606 14.
1219 2576 1274 2600 Tam
1285 2576 1384 2607 cupiam
1393 2578 1419 2600 in
1427 2575 1601 2608 perspicienda,
1611 2576 1678 2609 ῥα]
1700 2577 1830 2610 liigcrunt
1839 2574 1884 2600 alii
1896 2575 1967 2601 forte
1979 2575 2078 2611 legen-

1116 2609 1179 2636 dum
1192 2629 1200 2641 ,
1221 2618 1270 2635 ram
1279 2611 1377 2643 cupi-{m
1383 2612 1545 2644 pcrspicrmdae
1554 2611 1745 2645 cognoscendaque
1756 2621 1834 2636 rerum
1842 2618 1935 2637 natum
1947 2631 1954 2642 ‚
1966 2612 2017 2641 εἷ’-τ.
2039 2621 2074 2638 ex

1115 2644 1285 2681 supervacuo.
1306 2645 1443 2673 auferendi
1463 2647 1532 2673 enini
1545 2647 1614 2673 casus
1627 2647 1723 2682 positus
1734 2657 1781 2683 pro
1800 2646 1928 2682 gignendi
1940 2667 1948 2680 ,
1968 2655 1997 2674 ut
2008 2647 2075 2684 saepe

1113 2682 1190 2708 alias.
1211 2683 1248 2708 ita
1257 2683 1324 2707 dives
1334 2685 1364 2708 ab
1376 2692 1444 2714 auro,
1454 2683 1506 2712 dyc.
1527 2683 1700 2709 Gulielmius.

1154 2727 1197 2751 15.
1215 2720 1324 2744 Subrium
1335 2719 1367 2751 fit
1376 2721 1476 2744 allatum
1493 2720 1631 2751 perardum.
1651 2719 1748 2745 Nihilo
1758 2719 1829 2754 peius
1843 2738 1851 2750 ,
1872 2718 1888 2744 fi
1901 2728 1950 2745 non
1963 2719 2078 2751 melius,

1114 2753 1170 2780 Pal.
1182 2763 1222 2790 pr.
1233 2755 1345 2779 oblatum.
1356 2756 1433 2789 eique
1443 2754 1539 2781 alludit
1549 2753 1591 2780 ed.
1603 2755 1723 2781 Romana
1735 2756 1831 2790 primu,
1842 2756 1868 2780 in
1880 2764 1942 2790 qua,
1952 2757 2068 2782 ablamm.

1153 2791 1195 2816 16.
1215 2791 1389 2818 Mdhomimaem
1399 2791 1553 2824 utilitatem]
1576 2791 1638 2817 Non
1651 2790 1683 2816 de
1694 2791 1777 2817 nihilo
1787 2791 1822 2818 est
1835 2810 1844 2823 ,
1853 2791 1924 2826 quod
1934 2790 2076 2818 Palatinus

1113 2835 1153 2861 pr.
1164 2826 1279 2852 ostentet
1289 2828 1323 2851 ad
1331 2828 1446 2852 hominum
1456 2833 1594 2851 caritatem.

1154 2870 1194 2894 17.
1216 2862 1366 2895 Utilioresque
1385 2864 1453 2887 rebus
1465 2862 1516 2894 fisis
1531 2863 1630 2894 publicis
1649 2861 1744 2896 tffint]
1775 2861 1888 2888 Videtur
1907 2862 2075 2889 Gulielmius·

1111 2897 1244 2924 inciiiisss'c
1255 2898 1280 2923 in
1294 2898 1495 2924 Laiuibinianuin
1509 2897 1574 2922 illud
1588 2917 1595 2929 ,
1614 2899 1698 2931 &suis
1710 2917 1717 2929 ‚
1740 2898 1769 2928 (¹7⁶
1786 2898 1884 2929 publicis
1896 2917 1904 2930 ‚
1919 2899 1991 2934 quod
2002 2901 2028 2925 &
2041 2900 2069 2925 in

1111 2933 1175 2959 Aldi
1188 2934 1302 2968 Nepotis
1313 2934 1441 2959 editione.
1463 2943 1512 2959 iiou
1533 2932 1607 2959 :uisus
1620 2934 1656 2959 fui
1677 2934 1819 2960 admittere
1832 2953 1839 2964 ‚
1858 2934 1929 2969 quod
1949 2935 1982 2961 sic
1997 2935 2073 2961 nulla.

1110 2968 1194 2995 editio
1204 2970 1323 3004 antiqua,
1335 2970 1422 2996 nullus
1435 2969 1500 2994 liber
1512 2968 1680 2996 auctoritatis
1693 2970 1811 2996 robuihe.
1831 2971 1857 2996 St
1872 2971 1947 3002 vero,
1959 2970 1974 2997 fi
1987 2970 2068 3007 inspi-

1110 3005 1209 3031 ciamus
1219 3006 1335 3041 penitius
1346 3014 1461 3032 mentem
1473 3004 1589 3032 :meroris
1603 3025 1610 3038 ,
1631 3005 1875 3041 talisinterpolatio
1898 3006 1930 3032 :id
1950 3015 2067 3034 mentem

1110 3041 1165 3067 c'iis
1177 3051 1228 3067 non
1240 3041 1312 3067 facit.
1496 3060 1497 3063 η

1121 3050 1131 3075 Ἰ
1149 3076 1190 3103 ι8.
1209 3079 1352 3112 Syracufium
1361 3080 1456 3104 Dionem
1465 3077 1560 3112 Pilum]
1586 3077 1701 3105 palatin.
1713 3078 1793 3114 prim.
1812 3078 1940 3114 particula
1951 3078 2073 3109 auctior,

1110 3113 1228 3145 &Plasm

1414 3153 1643 3187 Qqqqriqqz
1999 3150 2068 3177 ²2³1·
