2337 3400
194 121 291 172 950
603 97 1105 146 M.TUL·L11

192 191 330 218 Scaurus.
363 186 373 201 ¹
387 184 499 221 Magno
518 187 563 208 res
586 178 619 208 in
638 185 724 207 motu
748 176 808 207 est:
831 183 984 216 propterea
1004 172 1089 215 quod
1103 182 1173 221 auu,

195 229 378 258 hominum,
399 220 708 262 autleguminteiitus
727 218 904 249 ostenditur.
938 219 1032 257 Opera
1054 215 1150 250 datur,

193 278 225 299 ut
236 267 345 303 iudicia
356 274 392 294 ne
403 263 484 294 fiant.
517 264 579 292 Res
595 261 715 291 videtur
733 259 860 301 spectare
877 258 914 290 ad
933 261 1149 298 interregnum.

196 318 276 338 coss.
300 308 427 336 comitia
444 304 549 334 habere
572 305 714 343 cupiunt:
737 303 780 332 rei
802 301 930 334 nolunt,
961 300 993 330 &
1012 298 1148 329 maxxrne

192 349 362 380 Memmius
371 367 379 381 ,
403 345 487 387 quod
499 344 619 376 Caesaris
631 344 762 374 adventu
777 363 785 377 ,
796 344 888 383 sperat
897 342 924 373 se
935 341 1071 387 futurum
1083 350 1148 371 cos.

193 391 242 421 sed
255 392 367 420 mitum
382 390 413 418 in
425 387 554 418 modum
570 388 652 422 iacet.
676 386 835 416 Domitius
854 393 924 415 cum
937 381 1071 414 Messalla
1089 391 1153 414 cer-

193 441 241 462 tus
257 430 315 461 ess'e
337 429 502 461 videbatur.
534 432 658 459 Scaurus
671 426 836 458 refrixerat.
869 427 984 466 Appius
1007 423 1067 455 sine
1086 425 1151 465 lege

191 475 310 504 Curiata
321 471 481 502 confirmat
490 471 518 501 se
528 470 660 501 Lentulo
672 467 775 499 nostro
788 467 985 499 succefl'urum
1000 478 1006 496 :
1020 468 1073 508 qui
1084 468 1151 507 qui-

192 515 263 545 dem
286 513 433 544 mirificus
452 513 507 542 illo
518 512 566 542 die
587 511 679 552 (quod
701 510 788 551 paene
807 511 948 551 p‘raeterii)
967 508 1025 540 fuit
1043 518 1076 539 in
1092 510 1153 539 Ga-

194 557 316 587 binium
336 567 341 584 z
375 555 522 585 accusavit
550 552 731 594 majestatis,
760 554 889 583 nomina
907 551 989 585 data,
1008 549 1081 581 cum
1103 550 1154 580 ille

193 599 322 628 verbum
346 597 475 627 nullum.
509 595 610 626 Habes
629 593 766 625 forensia.
798 595 896 625 Domi
919 592 1020 625 reste,
1041 592 1074 622 &
1094 592 1154 632 ipsa

197 637 564 671 domusaredemtoribus
576 636 788 668 traslaturnon
799 635 1004 677 indiligenter.
1028 634 1111 665 Vale.
1142 676 1144 678 ‚

166 687 180 720 3
370 681 582 710 MARCUS
625 680 921 719 QVFRATRL
951 680 979 708 S.

296 726 551 754 Cenem-ionum
568 729 704 750 mearum
725 720 781 750 tibi
794 718 911 762 lignum
927 717 1080 749 sitlibrarii
1092 727 1154 748 ma-

206 725 360 802 Onus.
385 765 479 794 Diem
494 763 568 794 scito
583 760 642 792 esse
653 762 794 796 nullum,
819 771 881 802 quo
905 760 955 791 die
975 770 1039 790 non
1057 759 1157 790 dicam

199 816 252 847 pro
273 816 334 836 reo.
356 807 396 836 ita
411 825 419 839 ‚
441 804 588 846 quidquid
608 803 739 835 conficio
756 823 764 837 ,
782 812 833 834 aut
851 813 887 834 co
910 804 972 835 ito,
995 803 1030 832 in
1049 801 1156 832 ambu-

199 849 321 878 lationis
339 846 400 878 fere
423 856 541 887 tempus
553 845 689 876 confero.
712 847 832 886 negotia
841 854 882 874 no
911 853 941 874 ra
950 843 987 874 fic
996 844 1024 875 se
1035 843 1154 873 habent.

200 888 376 920 Domestica
394 887 465 918 vero
479 911 487 923 ‚
509 897 541 918 ut
559 888 712 918 volumus.
746 887 857 917 Valent
884 887 989 926 pueri,
1019 884 1157 916 studiose

203 931 341 965 discunt,
363 931 522 971 diligenter
539 930 704 962 docentur,
727 929 847 963 &nos‚
867 928 986 958 &inter
1005 927 1033 958 se
1051 934 1161 957 amant-

198 974 413 1014 Expolitiones
431 972 581 1012 utriusque
598 969 736 1000 nostrum
757 970 825 1001 sunt
842 972 876 1001 in
900 969 1058 1000 manibus:
1082 972 1096 988 ²
1109 968 1159 998 sed

199 1023 249 1045 tua
259 1015 293 1046 ad
306 1013 544 1055 perfeeiumjam
555 1022 601 1042 res
611 1011 717 1042 rustica
735 1013 841 1042 Arcani
856 1031 864 1046 ,
886 1011 918 1041 &
937 1011 1058 1042 Laterii.
1080 1013 1157 1041 Prae-

200 1065 277 1087 tei·ea
285 1057 322 1087 de
335 1066 406 1097 aqua
419 1075 426 1088 ,
440 1055 472 1085 &
481 1056 528 1085 via
539 1055 615 1084 nihil
627 1052 798 1094 praetermisi
808 1053 936 1095 quadam
945 1052 1156 1094 epistola,quin

203 1099 358 1129 enucleate
379 1097 414 1127 ad
435 1105 461 1126 te
482 1096 703 1137 perscriberem.
746 1095 796 1127 sed
818 1105 867 1125 me
885 1095 938 1126 illa
959 1104 1028 1125 cura
1045 1094 1158 1124 sollici-

200 1149 261 1174 tat,
277 1142 416 1181 angitque
425 1139 638 1172 vehementer,
660 1136 744 1178 quod
762 1137 881 1168 dierum
897 1146 958 1177 jam
978 1136 1108 1175 amplius
1127 1144 1157 1164 L.

199 1183 360 1212 intervallo
379 1180 458 1211 nil-iil
477 1180 493 1210 ὲ
505 1189 550 1214 te,
572 1179 675 1210 nihila
687 1180 819 1213 Caesare,
841 1179 922 1209 nihil
937 1188 976 1208 ex
995 1176 1059 1207 istis
1069 1177 1155 1210 locis,

199 1233 264 1253 non
277 1222 375 1255 modo
385 1223 550 1253 litterarum
562 1242 570 1255 ‚
584 1221 632 1251 sed
644 1231 681 1251 ne
693 1223 823 1251 rumoris
831 1220 956 1261 quidem
965 1218 1093 1249 affluxit.
1106 1220 1159 1248 Me

198 1274 299 1296 autem
315 1266 376 1305 jam
389 1264 421 1294 &
433 1273 514 1294 mare
528 1262 621 1297 istuc,
643 1263 676 1293 δε
689 1272 763 1293 terra
771 1263 928 1293 sollicitat:
948 1271 1045 1302 neque
1054 1259 1158 1290 desino

200 1305 290 1343 (utfit
307 1308 336 1336 in
347 1306 450 1345 amore)
470 1315 521 1338 ea,
549 1315 616 1346 quae
634 1305 765 1334 minime
786 1304 877 1338 volo,
897 1305 1035 1344 cogitare.
1061 1304 1157 1343 Qare

202 1358 268 1378 non
278 1348 418 1390 equidem
431 1350 494 1387 jam
507 1356 535 1377 te
548 1357 621 1388 rogo
632 1366 641 1380 ,
664 1356 696 1377 ut
711 1346 747 1376 ad
758 1356 809 1376 me
822 1345 858 1376 de
870 1354 897 1376 te
908 1365 917 1379 ,
940 1345 978 1375 de
996 1344 1084 1374 rebus
1094 1343 1158 1375 istis

199 1390 306 1421 scribas
327 1393 510 1430 (numquam
537 1391 621 1418 enim
633 1408 641 1422 ‚
660 1388 732 1419 cum
751 1397 856 1428 potes,
875 1386 1090 1427 praetermittis)
1109 1386 1157 1417 sed

201 1433 260 1462 hoc
270 1441 297 1462 te
315 1432 388 1462 scire
404 1431 477 1461 volo
488 1450 497 1464 ‚
515 1431 594 1461 nihil
608 1429 673 1460 fere
696 1439 841 1471 umquam
856 1427 954 1459 me-fic
966 1426 1156 1468 exspectass'e‚

197 1483 252 1507 ut,
271 1471 344 1505 cum
357 1475 418 1503 haec
427 1472 592 1503 scribebam
607 1491 616 1506 ‚
638 1472 748 1502 litteras
760 1481 830 1502 tuas.
857 1474 950 1502 Nunc
959 1470 1105 1510 cognosce
1116 1480 1159 1504 ea,

200 1524 268 1556 qua:
288 1516 356 1546 sunt
377 1516 410 1544 in
429 1523 488 1554 rep.
513 1515 719 1544 Comitiorum
737 1513 875 1554 quotidie
894 1511 1000 1553 finguli
1014 1511 1079 1541 dies
1099 1512 1158 1541 tol-

201 1557 307 1586 luntur
331 1554 593 1585 obnuntiationibus
611 1575 620 1589 ,
650 1565 758 1596 magna
778 1555 930 1585 voluntate
951 1554 1102 1584 bonorum
1123 1563 1158 1583 o-

200 1599 326 1628 mnium
342 1608 348 1626 ε
365 1605 444 1627 tanta
454 1596 570 1626 invidia
579 1596 647 1626 sunt
666 1605 746 1626 coss.
766 1605 886 1636 propter
895 1595 1096 1635 suspicionem
1107 1604 1157 1635 pa-

201 1638 323 1669 &orum
345 1638 362 1669 a
389 1637 552 1668 candidatis
579 1639 785 1677 praemiorum.
817 1636 973 1667 Candidati
989 1636 1158 1666 consulares

204 1688 363 1722 quattuor,
386 1689 494 1709 omnes
505 1679 567 1712 rei,
587 1679 678 1709 causae
688 1679 756 1709 sunt
766 1677 904 1709 difficiles
917 1689 922 1708 2
933 1678 982 1708 sed
994 1679 1154 1711 enitemur,

205 1731 241 1752 ut
259 1720 395 1751 Mess'alla
423 1719 525 1750 noster
542 1720 638 1750 salvus
655 1720 688 1750 sit
707 1731 712 1749 :
732 1721 814 1760 quod
832 1720 876 1750 est
897 1722 986 1750 etiam
998 1730 1068 1749 cum
1089 1720 1159 1749 reli-

202 1773 334 1804 quorum
351 1762 442 1792 salute
457 1760 668 1801 conjunRum.
692 1762 859 1792 Gabinium
880 1762 916 1791 de
935 1761 1052 1792 ambitu
1070 1771 1157 1790 reum

203 1807 277 1835 iecit
302 1807 334 1835 P.
346 1804 443 1837 Sulla,
471 1802 672 1833 subscribente
701 1805 840 1844 privigno
871 1804 1023 1832 Memmio
1034 1821 1043 1836 ,
1071 1801 1158 1832 fratre

202 1847 328 1877 Caecilio
346 1845 436 1877 Sullae
447 1843 522 1875 filio.
546 1843 659 1874 Contra
669 1843 747 1874 dixit
757 1846 792 1874 L.
806 1847 990 1884 Torquatus3
1001 1843 1159 1873 omnibus-

202 1887 437 1929 quelibentibus
455 1896 520 1916 non
537 1886 682 1916 obtinuit.
714 1887 853 1924 3Quaeris
864 1906 872 1920 ,
889 1888 962 1926 quid
981 1884 1031 1916 fiat
1039 1885 1076 1915 de
1097 1887 1155 1917 Ga-

201 1930 312 1960 binio?
331 1929 459 1960 sciemus
476 1927 513 1958 de
536 1927 688 1968 majestate
708 1928 825 1958 triduo:
848 1938 910 1969 quo
923 1927 1046 1969 quidem
1059 1929 1093 1957 iri
1106 1928 1157 1966 ju-

198 1971 281 2002 dicio
289 1971 362 2001 odio
382 1971 530 2010 premitur
538 1971 680 1999 omnium
686 1980 857 2013 generum:
876 1969 1013 2000 maxime
1036 1968 1160 2000 testibus

200 2012 344 2047 caeditur5
358 2011 576 2042 accusatoribus
585 2010 781 2052 frigidiffimis
793 2013 903 2042 utitur:
921 2009 1094 2045 consilium,
1108 2021 1157 2042 va-

203 2056 304 2086 rium:
324 2052 478 2095 quaefiror,
496 2055 613 2093 gravis,
634 2054 667 2083 &
690 2051 815 2088 firmus,
840 2052 937 2084 Alfius
950 2073 959 2087 ,
979 2055 1155 2094 Pompeius,

208 2098 375 2127 vehemens
384 2097 416 2125 in
425 2095 578 2135 judicibus
587 2095 743 2137 rogandis:
756 2095 839 2134 Quid
848 2095 984 2126 futurum
994 2094 1037 2129 sit,
1049 2095 1160 2126 nescio:

202 2139 306 2169 locum
320 2147 420 2168 tamen
435 2137 480 2166 illi
491 2138 523 2167 in
533 2137 651 2167 civitate
664 2147 730 2167 non
748 2136 840 2167 video
855 2148 860 2166 :
881 2138 1020 2168 animum
1034 2137 1154 2178 pi'aebeo

199 2180 238 2210 ad
252 2180 336 2209 illius
350 2179 515 2219 perniciem
526 2198 534 2212 ,
553 2178 759 2210 moderatum:
780 2178 924 2209 adrerum
937 2188 1079 2210 eventum
1091 2199 1100 2212 ‚
1114 2179 1157 2209 le-

204 2219 375 2251 niffimum.
399 2219 499 2250 Habes
507 2219 570 2250 fere
580 2219 616 2250 de
625 2221 770 2251 omnibus
780 2221 878 2251 rebus.
901 2223 1009 2252 Unum
1019 2221 1097 2251 illud
1107 2219 1158 2251 ad-

202 2263 287 2294 dam.
310 2264 417 2292 Cicero
426 2271 495 2291 tuus
507 2281 516 2295 ‚
547 2261 704 2303 nosterque
723 2264 872 2293 4summ0
884 2262 983 2293 studio
992 2262 1034 2294 est
1044 2263 1159 2294 Paeonii

204 2306 251 2336 sui
263 2305 409 2337 rhetoris,
427 2304 580 2337 hominis,
592 2306 719 2343 opinor,
743 2305 827 2334 valde
837 2306 1010 2338 exercitati,
1025 2305 1059 2335 &
1073 2305 1159 2335 boni¹

205 2346 258 2377 sed
268 2344 405 2376 nostrum
424 2344 601 2375 instituendi
619 2355 714 2387 genus
732 2344 790 2376 ess'e
811 2346 913 2386 paullo
929 2347 1094 2380 eruditius,
1124 2345 1157 2376 δε

207 2381 428 2434 θῖῗυεώπφν,
457 2403 523 2424 non
545 2396 674 2435 ignoras.
715 2397 812 2435 Qare
830 2405 928 2436 neque
946 2405 1002 2436 ego
1024 2395 1165 2435 impediri

203 2437 361 2467 Ciceronis
370 2438 443 2469 iter,
464 2443 551 2476 atque
561 2437 644 2466 illam
656 2436 846 2476 disciplinam
855 2438 929 2467 volo
941 2457 949 2471 ‚
975 2437 1008 2467 &
1018 2437 1078 2476 ipse
1089 2446 1162 2476 puer

207 2480 303 2519 magis
316 2478 371 2508 illo
381 2476 596 2507 declamatorio
608 2487 714 2519 genere
724 2478 812 2512 duci,
836 2478 868 2508 &
878 2477 1018 2508 deli-&ari
1033 2478 1159 2508 videtur.

207 2521 244 2550 in
253 2529 315 2560 quo
324 2521 469 2560 quoniam
479 2517 531 2559 ipfi
551 2529 673 2561 quoque
685 2519 801 2549 fuimus
816 2540 825 2553 ‚
845 2529 992 2560 patiamur
1009 2520 1098 2550 illum
1117 2521 1161 2549 ire

206 2559 299 2597 nostris
308 2559 465 2590 itineribus.
488 2561 597 2591 eodem
618 2565 701 2591 enim
721 2571 933 2602 perventurum
956 2560 1013 2592 esse
1030 2560 1162 2592 confidi·

206 2612 297 2636 mus,
321 2602 368 2633 sed
389 2611 487 2632 tamen
499 2623 508 2636 ,
530 2601 721 2634 sinobiscum
736 2614 806 2634 eum
822 2613 873 2634 rus
900 2602 1001 2644 aliquo
1022 2602 1161 2633 eduxeri-

206 2654 276 2674 mus
286 2663 295 2677 ‚
316 2646 349 2674 in
360 2645 435 2675 hanc
448 2644 580 2675 nostram
591 2648 738 2676 rationem
751 2665 760 2680 ,
780 2645 1091 2685 consuetudinemque
1113 2647 1161 2675 in-

205 2685 363 2717 ducemus.
385 2688 496 2725 Magna
516 2689 601 2718 enim
620 2687 709 2718 nobis
726 2687 743 2718 ὲ
766 2696 794 2718 te
812 2685 961 2728 proposita
977 2696 1090 2717 merces
1108 2686 1160 2717 est·

1184 94 1732 142 Crczaonis

1191 182 1280 214 quam
1297 171 1376 202 certe
1393 171 1493 203 nostia
1516 174 1603 214 culpa
1625 184 1792 217 numquam
1812 173 1917 206 minus
1940 173 2137 216 assequemur.

1193 215 1312 256 Qibus
1323 216 1356 243 in
1367 213 1443 244 locis
1455 234 1464 248 ,
1484 214 1517 245 δε
1534 225 1592 256 qua
1601 216 1648 256 spe
1663 218 1849 249 hiematurus
1860 216 1896 248 sis
1907 238 1917 253 ,
1936 217 1973 249 ad
1993 227 2043 248 me
2062 218 2154 258 quim

1191 253 1419 298 diligentissime
1429 255 1536 286 scribas
1547 257 1650 287 velim.
1674 260 1756 289 Vale.

1367 299 1581 328 MARCUS
1614 300 1667 338 Q
1687 302 1911 336 FRATRI,
1945 304 1975 333 S·

1282 341 1432 369 Amnius
1459 339 1615 369 absolutus
1632 338 1683 370 est.
1723 345 1856 373 omnino
1884 344 1962 374 nihil
1990 342 2155 375 accusatore

1286 381 1438 413 Lentulo,
1462 380 1768 423 subscriptoribusque
1803 385 1867 424 ejus
1887 384 2052 416 infamius:
2076 385 2155 416 nihil

1192 423 1248 453 illo
1263 420 1390 453 consilio
1398 421 1550 462 fierdidius.
1574 422 1735 454 sedtamen
1752 423 1806 454 nisi
1826 426 2012 458 incredibilis
2029 435 2156 458 conten-

1193 466 1254 498 tio,
1281 464 1424 503 &preces
1433 465 1572 504 Pompeii
1585 484 1594 497 ,
1613 463 1767 496 diaaturae
1788 467 1880 497 etiam
1901 478 2005 498 rumor
2018 489 2028 502 ,
2049 469 2158 509 plenus

1194 508 1317 536 timoris
1337 503 1439 536 fuisset
1452 525 1461 540 ,
1483 504 1536 546 ipsi
1550 506 1684 536 Lentulo
1705 516 1769 536 non
1789 507 1999 546 respondisset,
2018 512 2071 551 qui
2091 519 2155 540 tum

1193 549 1249 578 illo
1262 547 1428 578 accusatore
1439 567 1448 581 ,
1471 548 1587 588 illoque
1596 546 1724 578 consilio
1743 548 1897 579 sententiis
1915 553 1929 576 ἵ
1940 552 2158 582 condemnatus

1195 588 1229 619 sit
1246 599 1350 620 xxxii
1362 609 1372 623 ,
1393 588 1465 619 cum
1478 588 1702 620 Lxxtuliss'ent.
1727 589 1779 620 Est
1801 592 1932 621 omnino
1945 601 2004 623 tam
2014 596 2094 634 gravi
2112 592 2156 624 fa-

1196 641 1246 662 ma
1256 631 1476 671 hocjudicium
1491 651 1501 664 ,
1521 640 1554 661 ut
1572 630 1706 661 videatur
1715 632 1840 673 reliquis
1857 632 1980 670 judiciis
1998 636 2155 673 periturus,

1198 674 1230 703 ὃς
1243 674 1378 704 maxime
1395 672 1432 703 de
1441 675 1580 713 pecuniis
1599 672 1782 713 repetundis.
1806 673 1863 704 Sed
1877 675 1960 704 vides
1974 675 2088 705 nullam
2098 675 2156 706 effe

1193 725 1289 754 remp.
1313 714 1434 745 nullum
1459 715 1616 749 senatum,
1644 715 1870 755 nullajudicia,
1901 716 2017 746 nullam
2036 719 2070 746 in
2090 718 2159 747 nul-

1196 757 1228 787 lo
1238 755 1376 787 nostrum
1386 757 1573 798 dignitatern.
1588 756 1669 794 Quid
1681 757 1766 797 plura
1775 757 1812 788 de
1827 757 1979 792 judicibus
1991 762 2002 787 ?
2013 757 2074 788 duo
2083 768 2159 798 prae-

1199 801 1269 829 torii
1280 798 1419 830 sederunt
1428 818 1437 832 ‚
1460 800 1619 829 Domitius
1630 799 1774 829 Calvinus
1786 810 1792 828 2
1814 799 1840 829 is
1853 800 1950 840 aperte
1963 800 2110 833 absolvit,
2123 809 2156 831 ut

1199 850 1307 871 omnes
1320 840 1461 872 viderent
1474 851 1480 869 z
1501 840 1534 871 &
1546 842 1621 871 Cato
1632 860 1640 874 ,
1664 838 1680 859 ⁶
1692 842 1717 870 is
1726 841 1852 881 diruptis
1871 841 1987 871 tabellis
1996 841 2033 871 de
2042 842 2154 872 circulo

1197 883 1226 913 se
1237 882 1428 916 subduxic&
1439 883 1585 922 Pompejo
1593 885 1710 922 primus
1720 885 1882 913 nuntiavit.
1894 883 2154 922 Ajuntnounulli,

1198 924 1434 956 sallustiusitem
1449 944 1458 959 ‚
1483 934 1532 954 me
1543 922 1863 965 oporrurffeaccusare.
1886 926 1928 955 Iis
1939 935 1994 967 ego
2001 925 2155 965 judicibus

1195 968 1443 998 committerem?
1463 966 1545 1005 Quid
1554 965 1645 996 effem
1657 985 1666 1000 ,
1690 963 1711 995 si
1730 976 1779 996 me
1794 976 1895 1006 egente
1907 988 1915 1001 ‚
1939 965 2010 996 eli'et
2026 967 2155 1007 elapsus?

1197 1009 1255 1039 Sed
1272 1018 1321 1038 rne
1338 1009 1396 1039 alia
1412 1016 1584 1038 moverunt.
1618 1010 1692 1037 Non
1711 1006 1835 1047 putaffet
1852 1007 1905 1038 sibi
1923 1009 2087 1049 Pompejus
2113 1009 2150 1039 de

1196 1051 1280 1080 illius
1289 1050 1379 1080 salute
1395 1069 1404 1083 ‚
1428 1049 1477 1079 sed
1494 1049 1530 1079 de
1549 1049 1599 1079 sua
1615 1048 1757 1089 dignitate
1779 1059 1898 1080 mecum
1919 1048 1976 1080 esse
1992 1060 2150 1081 certamen:

1198 1094 1232 1122 in
1254 1091 1358 1122 urbem
1368 1089 1500 1120 intrasset
1513 1101 1519 1119 :
1534 1090 1570 1120 ad
1581 1091 1758 1121 inimicitias
1767 1100 1811 1120 res
1821 1090 1962 1122 venisset:
1973 1101 2044 1123 cum
2054 1094 2153 1123 AEser-

1200 1135 1278 1163 nino
1292 1131 1623 1163 Samnitel'acidianus
1642 1141 1828 1172 comparatus
1839 1133 1955 1163 viderer
1965 1153 1973 1167 ‚
1986 1135 2151 1165 auriculam

1199 1172 1318 1204 fortasse
1339 1173 1492 1204 mordicus
1511 1171 1684 1207 abstulisset,
1716 1183 1788 1203 cum
1804 1174 1916 1204 Clodio
1932 1175 2056 1215 quidem
2073 1177 2152 1207 certe

1200 1215 1331 1246 rediisset
1340 1217 1372 1246 in
1380 1217 1514 1258 gratiam.
1538 1218 1602 1256 Ego
1613 1214 1684 1246 vero
1697 1225 1801 1246 meum
1810 1214 1970 1247 consilium
1980 1218 1989 1255 (
2001 1215 2020 1246 si
2033 1219 2151 1257 praeser-

1196 1259 1253 1288 tim
1270 1267 1301 1288 tu
1319 1267 1383 1288 non
1404 1257 1567 1298 improbas)
1598 1258 1795 1287 vehementer
1814 1257 1954 1298 approbo.
1974 1258 2029 1288 Ille
2041 1279 2049 1293 ,
2078 1258 2150 1291 cum

1198 1298 1214 1330 a
1226 1309 1277 1330 me
1289 1297 1485 1339 singularibus
1495 1308 1572 1329 meis
1582 1298 1688 1330 studiis
1699 1308 1819 1330 ornatus
1829 1298 1900 1330 ess'et
1911 1319 1919 1334 ,
1941 1309 2073 1341 cumque
2094 1311 2151 1343 ego

1194 1341 1241 1371 illi
1259 1342 1337 1372 nihil
1350 1341 1508 1375 deberem,
1527 1341 1580 1370 ille
1592 1342 1668 1371 mihi
1679 1344 1801 1372 omnia:
1823 1351 1926 1372 tamen
1942 1343 1972 1372 in
1997 1352 2057 1382 rep.
2072 1353 2122 1374 me
2135 1344 2153 1375 ἐι

1196 1383 1223 1413 se
1232 1381 1456 1414 dissentientem
1472 1392 1536 1413 non
1545 1384 1632 1416 tulit.
1652 1384 1743 1422 mihil
1753 1383 1850 1414 dicam
1859 1385 1989 1425 gravius)
2004 1384 2036 1415 &
2046 1385 2152 1416 minus

1195 1434 1301 1464 potens
1315 1434 1516 1464 eorempore,
1538 1425 1611 1465 quid
1621 1427 1654 1454 in
1672 1435 1722 1455 me
1735 1423 1896 1455 florentem
1917 1424 2029 1465 posset,
2048 1425 2151 1458 osten-

1198 1467 1253 1497 dit.
1278 1476 1359 1498 nunc
1381 1486 1391 1501 ,
1416 1465 1487 1496 cum
1519 1477 1574 1507 ego
1592 1477 1631 1496 ne
1642 1476 1743 1497 curem
1762 1466 1886 1508 quidem
1903 1468 2037 1498 multum
2053 1468 2147 1508 poss'e,

1198 1518 1244 1538 res
1259 1509 1381 1549 quidem
1393 1508 1475 1549 publ.
1488 1510 1565 1538 certe
1580 1509 1656 1538 nihil
1667 1507 1753 1548 poffit
1764 1528 1772 1542 ,
1785 1518 1862 1538 unus
1874 1510 1925 1539 ille
1934 1519 2038 1540 omnia
2046 1510 2148 1551 poffit,

1196 1550 1406 1589 cumilloipso
1424 1550 1661 1580 contenderem?
1684 1548 1722 1580 sic
1741 1552 1824 1580 enim
1843 1549 2017 1581 faciendum
2036 1551 2146 1582 fuisset.

1195 1595 1271 1622 Non
1281 1591 1424 1622 existimo
1434 1601 1462 1621 te
1480 1599 1578 1630 putare
1592 1612 1600 1624 ,
1622 1590 1652 1621 id
1664 1593 1741 1622 mihi
1752 1592 1971 1632 suscipiendum
1983 1592 2081 1623 fuisse.
2094 1594 2148 1624 AI-

1196 1643 1342 1664 terutrum
1351 1653 1360 1667 ,
1371 1628 1470 1674 iniquit
1480 1632 1561 1662 idem
1574 1632 1742 1667 Sallustius,
1752 1631 1931 1664 defendifl'es
1943 1645 1948 1663 :
1960 1633 2048 1675 idque
2057 1638 2151 1666 Pom-

1193 1676 1263 1716 pejo
1276 1675 1471 1705 contendenti
1484 1672 1619 1704 dedisses.
1644 1678 1758 1705 etenim
1768 1677 1961 1706 vehementer
1977 1677 2085 1707 orabat.
2105 1677 2149 1707 le-

1195 1717 1300 1757 pidum
1339 1717 1466 1745 amicum
1499 1715 1672 1746 Sallustium
1692 1737 1700 1750 ‚
1730 1720 1784 1757 qui
1806 1719 1883 1747 mihi
1902 1726 1951 1747 aut
1973 1719 2150 1750 inimicitias

1196 1767 1279 1798 putet
1297 1758 1476 1797 periculosas
1490 1757 1657 1788 subeundas
1667 1757 1773 1793 fuisse,
1793 1768 1843 1789 aut
1862 1757 2020 1789 infamiam
2038 1760 2150 1800 sempi-

1196 1809 1322 1829 ternam.
1347 1801 1410 1839 Ego
1429 1797 1501 1829 vero
1522 1799 1576 1828 hac
1585 1800 1791 1831 mediocritate
1801 1799 1953 1830 delector:
1971 1810 2002 1831 ac
2017 1802 2097 1831 mihi
2115 1803 2154 1832 il-

1198 1841 1251 1870 lud
1266 1842 1436 1879 jucundum
1456 1839 1516 1874 est,
1535 1838 1638 1880 qubd,
1661 1840 1732 1871 cuin
1749 1841 1962 1872 testimonium
1986 1842 2152 1874 secundum

1195 1882 1287 1912 fidem
1298 1902 1307 1916 ,
1331 1883 1363 1912 ὃ(
1374 1884 1552 1924 religionem
1565 1882 1732 1924 graviffime
1750 1882 1891 1914 dixissem
1903 1903 1913 1918 ,
1935 1893 2002 1914 reus
2012 1884 2108 1919 dixit,
2130 1883 2153 1915 fi

1194 1926 1227 1954 iri
1238 1926 1359 1955 civitate
1368 1922 1498 1954 liciiiffet
1508 1922 1559 1953 fibi
1571 1922 1628 1955 ess‘e
1639 1945 1649 1960 ,
1669 1927 1747 1956 mihi
1761 1927 1788 1956 se
1798 1924 2033 1956 satisfafflrum:
2053 1936 2152 1968 neque

1196 1977 1245 1996 me
1254 1967 1418 2007 quidquam
1429 1968 1633 2007 interrogavit.
1663 1970 1712 1998 De
1730 1966 1880 2001 versibus,
1900 1977 1976 2008 quos
1991 1967 2046 1998 tibi
2064 1968 2080 1999 ὲ
2098 1978 2150 1999 me

1195 2008 1283 2041 scribi
1302 2019 1366 2041 vis,
1401 2007 1482 2038 deest
1500 2010 1579 2038 mihi
1597 2008 1723 2050 quidem
1752 2019 1858 2050 opera,
1887 2019 1952 2050 quae
1971 2019 2036 2040 non
2055 2008 2152 2041 modo

1195 2060 1314 2091 tempus
1325 2070 1333 2085 ‚
1351 2050 1402 2081 sed
1412 2051 1502 2081 ctiam
1512 2051 1650 2082 animum
1662 2061 1793 2083 vacuum
1801 2052 1837 2084 ab
1847 2053 1934 2082 omni
1954 2061 2024 2083 cura
2039 2050 2154 2082 defide-

1195 2109 1237 2130 rat
1258 2112 1264 2130 :
1300 2100 1350 2131 sed
1375 2098 1456 2131 abest
1475 2103 1566 2132 etiam
1589 2091 1830 2141 ὀνθὸσταζμόεκ
1859 2103 2023 2132 nonenim
2049 2101 2153 2132 sumus

1198 2144 1330 2173 omnino
1346 2141 1406 2172 fine
1424 2153 1492 2173 cura
1511 2144 1660 2174 venientis
1678 2144 1768 2174 anni:
1791 2141 1841 2174 etfi
1861 2143 1967 2173 sumus
1975 2141 2035 2174 fine
2056 2144 2151 2173 timo-

1197 2194 1237 2214 re.
1269 2185 1368 2215 Simul
1387 2185 1421 2216 &
1441 2185 1519 2216 illud
1551 2184 1623 2224 (fine
1642 2185 1704 2215 ulla
1720 2185 1892 2216 mehercule
1912 2186 2009 2216 ironia
2026 2184 2148 2226 loquor)

1196 2227 1251 2257 tibi
1262 2225 1348 2257 istius
1357 2228 1474 2268 generis
1485 2229 1519 2257 in
1533 2227 1690 2257 scribendo
1699 2229 1813 2267 priores
1823 2228 1930 2267 parteis
1946 2226 2152 2267 tribumquam

1199 2270 1287 2299 mihi.
1311 2271 1360 2299 De
1371 2268 1554 2300 bibliotheca
1573 2278 1624 2300 tua
1641 2270 1743 2299 Graeca
1760 2267 1939 2309 supplenda,
1960 2268 2047 2298 libris
2063 2277 2153 2298 com·-

1199 2310 1351 2341 mutandis
1364 2329 1374 2344 ,
1396 2312 1516 2341 Latinis
1524 2311 1744 2352 comparandis,
1755 2311 1840 2340 valde
1859 2309 1953 2340 velim
1967 2308 2021 2340 ista
2029 2308 2152 2343 confici,

1198 2353 1361 2392 praesertim
1389 2351 1460 2383 cum
1477 2353 1512 2383 ad
1535 2363 1641 2383 meum
1665 2362 1789 2394 quoque
1809 2351 1895 2382 usum
1916 2351 2060 2391 spe&ent.
2094 2350 2153 2382 Sed

1200 2404 1275 2434 ege,
1299 2395 1377 2424 mihi
1400 2393 1455 2434 ipsi
1468 2394 1520 2425 ista
1530 2404 1680 2436 perquem
1700 2403 1802 2436 agam,
1830 2403 1895 2423 non
1905 2393 2032 2423 habebo.
2055 2402 2154 2434 neque

1201 2437 1286 2466 enim
1297 2436 1414 2466 venalia
1424 2435 1511 2469 sunt,
1532 2446 1598 2476 quae
1607 2436 1732 2477 quidem
1753 2435 1906 2475 placeant,
1930 2435 1964 2466 &
1982 2434 2092 2466 confici
2102 2432 2157 2464 nili

1200 2486 1254 2516 per
1264 2477 1442 2511 hominem,
1466 2477 1498 2508 &
1516 2479 1666 2517 peritum,
1688 2478 1919 2517 &diligentem
1943 2487 2007 2507 non
2026 2474 2155 2518 possunt-

1200 2517 1364 2558 Chrysippo
1383 2527 1484 2549 tamen
1506 2518 1661 2559 imperabo
1674 2539 1683 2553 ,
1704 2519 1738 2550 δε
1749 2528 1818 2550 cum
1829 2520 2027 2558 Tyrannione
2040 2519 2155 2559 loquar.

1202 2563 1250 2590 De
1274 2558 1347 2590 fisco
1373 2560 1446 2601 quid
1472 2563 1564 2601 egerit
1590 2562 1711 2601 Scipio,
1734 2570 1874 2602 quaeram.
1904 2560 1987 2602 quod
2007 2560 2158 2592 videbitur

1203 2600 1319 2632 rec‘tum
1335 2600 1392 2632 esse
1404 2622 1413 2636 ,
1433 2603 1552 2633 curabo.
1576 2605 1625 2634 De
1638 2603 1824 2636 Ascanione,
1845 2611 1875 2632 tu
1889 2601 1962 2633 vero
1974 2621 1983 2635 ‚
2004 2600 2085 2643 quod
2102 2609 2161 2630 vo—

1204 2644 1245 2674 les
1261 2663 1270 2677 ,
1298 2643 1404 2674 facies:
1434 2653 1484 2674 me
1506 2644 1586 2674 nihil
1612 2646 1786 2684 interpono.
1825 2647 1874 2674 De
1892 2644 2059 2675 suburbano
2077 2640 2160 2683 quod

1204 2695 1269 2716 non
1280 2695 1418 2726 properas
1430 2705 1439 2721 ‚
1462 2685 1570 2717 laudo:
1590 2695 1623 2717 ut
1641 2695 1672 2717 tu
1696 2686 1819 2721 habeas,
1839 2687 1954 2717 hortor.
1979 2687 2053 2715 Haec
2064 2681 2160 2755 igripfi

2030 2734 2055 2756 a.
2092 2735 2162 2755 .ix.

215 2843 239 2871 h,
247 2819 274 2870 li.
295 2816 382 2850 Magno
391 2814 462 2837 resin
471 2817 533 2836 motu
542 2811 602 2846 em]
622 2811 731 2838 Vetusta
738 2810 823 2838 editio
832 2812 859 2837 ὅ(
872 2811 938 2838 Pali.
951 2815 1045 2844 Magna
1055 2819 1092 2836 res
1104 2829 1112 2842 ,
1123 2810 1164 2836 ni-

235 2853 242 2870 i
256 2855 272 2871 o
282 2856 364 2882 pejus.

250 2889 278 2906 2.
297 2883 341 2906 Sed
348 2889 392 2908 tua
401 2883 566 2915 adperseHum
576 2883 632 2916 jam
641 2891 680 2908 res
698 2885 786 2916 rustica
795 2885 888 2909 Arcani
904 2883 934 2913 ὠ·
943 2882 1066 2916 Laterii]
1089 2881 1168 2908 Haud

213 2915 292 2942 :iliter
302 2926 407 2952 quoque
419 2918 488 2944 l’ill.
498 2926 624 2954 quatuor.
635 2919 666 2944 Ρ.
677 2919 813 2946 Manutius
824 2918 1001 2945 hariolabatur
1015 2929 1021 2945 ι
1035 2919 1173 2951 perflffum.

209 2953 265 2988 jam
274 2961 311 2978 res
322 2956 419 2985 rustum
433 2973 440 2985 ,
451 2955 500 2984 &in
521 2962 550 2980 ut
563 2955 693 2990 pendeant
707 2956 722 2981 ἐι
735 2954 994 2987 verboperscriberem.
1014 2953 1171 2985 Lambinus,

215 2986 340 3014 audacius
352 2988 414 3014 ferit
424 2989 517 3016 intulit
538 2999 570 3016 ue
588 2991 614 3017 in
627 2997 784 3017 contextum
800 3000 808 3021 ς
824 2991 868 3023 sed
876 2997 982 3023 tuapene
990 2990 1024 3016 ad
1031 2991 1172 3023 tenumjam

207 3023 326 3057 perduc'hi
336 3033 373 3049 res
383 3027 479 3056 rustica.
489 3035 522 3051 uu
544 3035 558 3051 e
566 3033 655 3053 :uitem
666 3025 732 3054 istud
743 3026 927 3063 desumpserit,
938 3026 1015 3062 plane
1025 3032 1103 3059 tacet,-
1114 3033 1172 3053 tan—

215 3065 273 3086 tuin
286 3058 384 3086 indicat
398 3079 406 3091 ,
421 3059 536 3086 secutum
548 3061 572 3087 se
581 3063 690 3098 antiqua
703 3063 798 3089 veteris
810 3062 945 3097 sti'ipturae
958 3062 1075 3097 vestigia.

252 3103 280 3130 3.
298 3096 387 3127 Quis
404 3096 464 3130 quia*
473 3098 522 3129 fiat
532 3096 558 3121 de
568 3099 687 3124 Gabinio?
700 3098 825 3132 sciemur]
848 3099 880 3124 P.
892 3098 1029 3125 Manutius
1051 3097 1172 3123 &Lam-

1207 2810 1273 2837 ‘illud
1287 2810 1366 2838 restat
1375 2811 1399 2837 iu
1412 2810 1506 2837 ceteris
1517 2808 1677 2836 editionibus
1690 2829 1699 2842 ,
1708 2808 1904 2845 praeferuntque
1914 2807 1982 2833 Pali.
1992 2816 2083 2834 omncs
2095 2826 2104 2840 ,
2114 2807 2163 2834 nisi

1211 2846 1281 2883 quod
1292 2856 1332 2882 pr.
1344 2848 1526 2882 interpuiigat.
1538 2847 1631 2879 §urgeris
1640 2846 1760 2879 quidfiar.
1780 2845 1806 2869 de
1815 2844 2030 2876 Gabiniosciemus‚
2039 2844 2088 2874 (fyr.

1247 2890 1274 2915 4.
1295 2886 1384 2908 Summo
1395 2883 1474 2914 studio
1491 2884 1618 2907 effPaeonii
1630 2882 1673 2914 fiai
1681 2880 1777 2905 rhetoris
1788 2898 1796 2910 ‚
1814 2879 1883 2912 dria]
1905 2879 2050 2906 Lambinus
2065 2877 2163 2911 edidit,

1206 2919 1295 2951 summa
1303 2919 1375 2949 studio
1383 2920 1608 2951 instituiturPaeonii
1615 2917 1720 2942 Rherorie
1731 2933 1738 2944 ,
1755 2915 1807 2945 ὡς.
1827 2913 1983 2941 Reeliffime
1995 2915 2012 2941 si
2024 2924 2072 2951 pro
2083 2915 2162 2942 libitu

1214 2955 1308 2981 liceret
1317 2955 1478 2990 interpolare
1488 2952 1609 2979 au6tores
1619 2950 1746 2976 clafficos.

1254 2999 1281 3024 5.
1297 2992 1470 3016 Condemnatm
1480 2986 1636 3022 fitxxxii]
1659 2986 1721 3012 Hoc
1730 2985 1844 3018 maluit,
1863 2993 1893 3012 ut
1911 2986 1947 3013 est
1958 2986 2006 3013 lib.
2019 2996 2061 3013 ιν.
2081 2987 2164 3023 Epist.

1212 3025 1243 3052 ad
1255 3027 1376 3053 Atticum
1390 3026 1432 3051 16.
1444 3025 1474 3050 P.
1486 3022 1632 3049 Manutius.
1653 3022 1720 3048 l’all.
1731 3029 1819 3048 tamen
1830 3023 1858 3048 δε
1869 3022 1935 3049 editi
1946 3023 2017 3058 prius
2029 3031 2107 3050 xxu.

1249 3061 1275 3088 6.
1300 3065 1326 3087 Is
1335 3061 1434 3093 diruptis
1444 3057 1560 3092 tabellis]
1581 3059 1612 3084 1’.
1623 3058 1758 3084 Manutius
1769 3066 1878 3094 cuperet
1887 3059 1990 3085 diribitis
2001 3078 2010 3091 ,
2029 3059 2165 3094 quomodo

1213 3097 1242 3122 δε
1251 3096 1395 3123 Gruchius.
1415 3095 1538 3131 Sigonius
1549 3093 1664 3122 malebat
1673 3094 1801 3129 diremptis.
1822 3094 1894 3123 Pali.
1909 3095 1990 3124 nostri
1998 3102 2166 3132 propugnant

212 3129 290 3160 binus
309 3131 479 3169 publicarunt
489 3138 591 3161 tantuin
604 3151 612 3167 ‚
633 3134 721 3168 §tacis
731 3135 846 3170 quidfiei.
862 3134 977 3168 sciemm.
996 3132 1040 3163 sed
1057 3133 1172 3163 alterum
1216 3132 1363 3168 vulgatum.

2065 3176 2076 3195 ι
2083 3186 2089 3194 .
2098 3168 2169 3195 Mari
