2379 3400
591 108 660 158 M.
742 98 1106 152 Tunnri

199 134 320 183 ιιςο

527 236 620 296 hi
713 234 1115 293 TULLII

1103 336 1158 391 Ι)

1185 98 1282 144 (31
1318 113 1347 145 c
1383 111 1412 144 n
1448 111 1483 145 R
1518 112 1548 143 o
1586 113 1619 145 n
1655 115 1674 145 1
1707 113 1734 147 s

1209 227 1821 287 CICERoN1s

1197 336 1244 391 E

204 434 2145 543 DIVINATIONE.

673 576 1058 633 LIBEAEQ
1168 570 1675 629 PRIBIUS,

362 714 373 725 Ι
389 706 434 717 „J
471 689 556 719 Eros
568 686 674 727 opinio
693 683 735 716 est
749 704 758 718 ,
775 683 838 724 jam
859 681 950 723 usque
969 680 1005 712 ab
1024 679 1157 711 heroicis

352 746 361 755 ι
408 741 437 767 ,ι
470 729 558 760 duna
569 727 757 768 temporibus
768 746 776 760 ‚
795 735 886 766 eaque
900 725 933 754 &
946 723 1051 764 populi
1061 725 1156 752 Rom.

394 788 405 798 ·
423 789 425 792 v
469 771 503 802 ὅ(
524 772 668 801 omnium
694 770 832 810 gentium
858 765 975 797 firmata
997 764 1156 797 consensu,

418 810 425 835 's
466 813 576 844 versari
593 822 611 854 q
636 811 743 842 andam
755 812 833 841 inter
841 809 986 839 homines
994 807 1156 837 divinatio-

374 889 375 892 ,
427 884 431 889 ,
468 865 559 888 nem,
579 864 598 895 q
622 863 670 884 am
685 854 781 883 Graeci
797 862 917 884 murum
933 849 1100 890 appellant,
1124 847 1155 878 id

342 898 362 924 ’ἰ
420 902 425 931 j
466 896 525 930 est,
541 895 754 938 prxſsnſsonem,
769 892 961 933 &scientiam
969 890 1157 929 rerumfutu-

404 940 406 947 ⁴
469 949 573 968 rarum.
602 942 610 958 ¹
623 935 784 979 Magnifica
799 934 934 976 quaedam
949 943 994 964 res
1005 953 1013 967 ,
1034 933 1066 963 δε
1078 932 1155 963 salu-

203 984 270 1012 taris
281 1002 290 1015 ,
312 980 333 1012 fi
343 979 439 1011 modb
450 980 491 1011 est
503 981 580 1012 ulla:
601 983 615 1000 ²
625 989 750 1020 quaeque
759 977 899 1018 proxima
908 975 943 1006 ad
953 975 1081 1006 deorum
1090 977 1156 1004 vim

201 1034 303 1055 natura
319 1022 441 1053 mortali
458 1020 543 1062 poffit
559 1022 705 1052 accedere.
728 1023 831 1060 Itaque
851 1027 882 1048 ut
901 1018 958 1048 alia
975 1026 1030 1048 nos
1045 1016 1157 1047 melius

202 1067 316 1099 multa,
337 1067 427 1105 quarn
445 1066 558 1095 Graeci:
579 1062 617 1094 fic
634 1064 706 1093 huic
724 1058 964 1103 praestantiffimae
982 1062 1024 1089 rei
1040 1067 1157 1089 nomen

202 1108 296 1140 nostri
306 1109 322 1137 a
331 1108 358 1136 di
364 1107 407 1135 vis
414 1117 424 1132 -·
436 1108 532 1137 Graeci
543 1125 551 1140 ,
563 1114 597 1136 ut
604 1105 688 1139 Plato
697 1106 905 1144 interpretatur
915 1121 923 1136 ,
936 1100 1052 1139 afurore
1062 1101 1158 1130 duxe—

202 1160 281 1183 runt.
296 1152 428 1179 Gentem
437 1148 563 1189 quidem
574 1147 688 1178 nullam
697 1145 788 1177 video
798 1155 896 1187 neque
905 1153 966 1175 tam
977 1145 1156 1174 humanam,

200 1202 288 1234 atque
305 1189 424 1221 douram
437 1209 446 1224 ,
466 1200 564 1231 neque
583 1198 644 1220 tam
659 1192 830 1219 immanem
842 1207 850 1221 ‚
864 1195 983 1227 tamque
994 1185 1158 1217 barbaram,

206 1245 271 1276 quae
283 1243 346 1264 non
359 1230 647 1273 fignifi'carifutura,
667 1230 724 1261 &a
734 1229 912 1272 quibusdam
923 1227 1044 1268 intelligi
1054 1247 1063 1261 ,
1083 1236 1158 1266 prae-

202 1279 323 1316 dicique
339 1272 421 1314 poss'e
442 1275 568 1305 censeat.
592 1272 745 1314 Principio
758 1270 866 1312 Assyrii
878 1291 886 1305 ,
906 1274 918 1298 3
932 1279 963 1300 ut
981 1269 1018 1300 ab
1038 1269 1158 1299 ultimis

201 1317 410 1351 austoritatetn
426 1325 555 1356 repetam
567 1335 576 1350 ‚
586 1324 708 1356 propter
717 1315 888 1356 planitiem,
903 1312 1162 1353 magnitudinem—

200 1371 259 1403 que
269 1361 438 1400 regionum,
449 1368 521 1399 quas
531 1358 714 1391 incolebant,
725 1355 796 1387 cum
807 1356 922 1386 coelum
934 1364 972 1385 ex
982 1355 1070 1385 omni
1079 1361 1160 1393 parte

202 1411 304 1445 patens
318 1421 326 1434 ‚
337 1409 423 1441 atque
432 1409 567 1440 apertum
577 1401 763 1430 intuerentur
772 1418 781 1433 ‚
792 1396 983 1439 trajeEtiones
994 1416 1003 1431 ,
1017 1400 1034 1423 4
1045 1395 1159 1425 motus-

201 1454 262 1486 que
272 1442 424 1474 stellarum
434 1442 686 1473 observaverunt:
708 1440 817 1482 quibus
838 1441 947 1470 notatis
964 1437 1038 1479 quid
1051 1439 1160 1477 cuique

204 1483 414 1527 significaretur
430 1504 439 1519 ,
465 1486 625 1514 memori-ae
647 1482 854 1524 prodiderunt.
896 1484 963 1522 Qa
983 1483 1017 1511 in
1038 1481 1162 1510 natione

207 1525 324 1558 chaldei
334 1545 342 1559 ,
361 1535 426 1555 non
444 1535 481 1556 ex
498 1527 567 1556 artis
578 1546 587 1559 ,
605 1525 654 1556 sed
672 1535 710 1556 ex
728 1534 824 1566 gentis
840 1522 988 1555 vocabulo
997 1522 1161 1554 nominati,

201 1570 342 1600 diuturna
359 1565 546 1605 observatione
557 1566 697 1601 siderum,
707 1567 861 1598 scientiam
873 1574 1012 1605 putantur
1021 1561 1161 1596 effeciss'e,

205 1620 240 1641 ut
249 1608 366 1650 praedici
376 1606 471 1648 poffet
480 1627 489 1642 ,
509 1608 582 1648 quid
592 1609 700 1649 cuique
711 1617 890 1638 eventurum
901 1627 910 1640 ,
923 1607 956 1637 &
965 1616 1026 1647 quo
1036 1605 1163 1646 quisque

205 1652 269 1684 fato
279 1659 365 1680 natus
375 1647 455 1680 esset.
478 1649 612 1681 Eandem
622 1659 715 1680 artem
725 1651 816 1680 etiam
826 1650 959 1690 AEgyptii
968 1648 1164 1688 longinquita-

206 1702 236 1725 te
256 1700 408 1733 temporum
424 1691 696 1722 innumerabilibus
715 1691 800 1732 paene
819 1691 927 1722 seculis
943 1691 1095 1722 consecuti
1107 1698 1164 1728 pu-

207 1744 316 1767 tantur.
339 1733 472 1764 Cilicum
493 1742 592 1764 autem
604 1753 613 1767 ,
632 1734 665 1764 &
675 1733 835 1764 Pisidarum
849 1743 921 1774 gens
933 1753 943 1766 ‚
962 1732 994 1762 δε
1007 1733 1054 1761 his
1069 1729 1163 1760 finiti·

210 1786 261 1808 ma
270 1775 437 1814 Pamphilia
447 1794 457 1808 ,
473 1775 583 1816 quibus
592 1776 767 1806 nationibus
777 1775 953 1815 praefuimus
963 1776 972 1803 i
996 1772 1016 1803 fi
1027 1792 1035 1807 ,
1055 1773 1162 1803 volati-

209 1820 266 1850 bus
275 1819 376 1847 avium
386 1837 395 1851 ‚
417 1820 431 1844 5
439 1815 632 1857 cantibusque
643 1836 652 1850 ,
663 1815 832 1847 certiffimis
842 1815 930 1857 signis
941 1836 950 1849 ,
966 1784 1106 1845 d’eclarari
1118 1823 1164 1843 res

206 1861 322 1892 futuras
343 1867 456 1898 putant.
479 1860 579 1900 Qam
599 1856 672 1888 vero
693 1859 805 1888 Graecia
821 1856 980 1888 6c01‘0n1'am
997 1855 1075 1897 mzfit
1088 1857 1163 1885 AEo-

206 1903 281 1933 liam
292 1921 301 1935 ‚
313 1902 431 1931 Ioniam
443 1920 452 1934 ,
465 1898 563 1930 Afiam
574 1919 584 1934 ,
599 1900 733 1931 Siciliam
746 1919 754 1933 ,
771 1900 885 1930 Italiam
897 1898 958 1929 sine
967 1899 1076 1938 Pythio
1088 1916 1096 1931 ,
1116 1905 1166 1926 aut

210 1944 372 1975 Dodonaeo
381 1963 390 1977 ,
400 1951 449 1973 aut
458 1944 643 1972 Hammonis
653 1942 774 1972 oraculo
785 1945 796 1971 ?
812 1952 863 1973 aut
872 1941 954 1983 quod
966 1939 1066 1969 bellum
1069 1939 1166 1979 [hsce-

173 1991 194 2015 2
205 1994 291 2031 ptum
308 1985 343 2015 ab
360 1994 394 2015 ea
411 1983 472 2014 fine
489 1982 616 2015 confilio
632 1983 760 2014 deorum
780 1983 844 2015 est?
887 1986 953 2014 Nec
964 1992 1059 2013 unum
1071 1991 1165 2023 genus
1183 2012 1184 2019 ἵ

209 2027 252 2058 est
262 2028 457 2057 divinationis
467 2026 599 2066 publice,
609 2027 808 2067 privatimque
817 2026 1009 2058 celebratum.
1033 2034 1116 2057 nam,
1131 2031 1165 2053 ut

208 2071 348 2100 omittam
359 2077 473 2098 ceteros
482 2069 610 2108 populos
621 2067 749 2103 moster,
759 2070 848 2110 quam
861 2069 956 2099 multa
961 2077 1070 2109 genera
1078 2074 1165 2096 corn-

207 2112 315 2153 plexus
325 2109 387 2140 est?
409 2109 559 2150 Principio
570 2129 579 2144 ,
600 2111 688 2149 hujus
700 2109 780 2141 urbis
793 2121 897 2152 parens
907 2110 1062 2141 Romulus
1073 2128 1082 2142 ,
1100 2117 1165 2137 non

209 2152 312 2185 solum
323 2151 471 2191 auspicato
482 2151 588 2182 urbem
599 2150 765 2183 condidisse
774 2174 783 2188 ‚
794 2154 843 2185 sed
854 2153 915 2193 ipse
925 2154 1015 2182 etiam
1029 2153 1163 2191 optimus
1183 2169 1184 2185 ;

208 2204 300 2235 augur
310 2193 396 2224 fuiffe
406 2193 537 2224 traditur-
560 2194 679 2224 Deinde
689 2197 848 2236 auguribus
858 2196 891 2225 ὃς
901 2195 1008 2235 reliqui
1018 2202 1100 2235 reges
1113 2190 1164 2221 ufi:

211 2235 492 2278 &exafiisregibus
504 2255 512 2268 ‚
532 2236 611 2265 nihil
629 2236 750 2276 publice
767 2237 827 2268 fine
842 2238 984 2278 auspiciis
999 2246 1053 2266 nec
1064 2235 1162 2267 domi,
1182 2234 1184 2266 j

211 2288 268 2308 nec
282 2278 399 2308 militiae
413 2277 571 2318 gerebatur.
596 2280 736 2318 Cumque
755 2289 862 2322 magna
879 2283 925 2309 vis
943 2279 1090 2309 videretur
1106 2274 1164 2306 effe

210 2324 226 2348 7
238 2320 269 2350 &
280 2321 312 2349 in
323 2319 517 2360 impetrandis
529 2339 538 2353 ‚
551 2320 802 2363 consulendisque
815 2322 902 2352 rebus
913 2341 922 2356 ,
937 2321 969 2351 &
979 2323 1010 2350 in
1022 2316 1165 2349 monstris
1181 2351 1183 2356 y

211 2361 457 2401 interpretandis,
478 2371 510 2391 ac
525 2362 719 2401 procurandis
737 2366 769 2394 in
786 2364 978 2404 haruspicum
997 2361 1166 2400 disciplina,
1181 2357 1182 2368 ¹

211 2413 340 2434 omnem
353 2405 428 2434 hanc
443 2412 480 2433 ex
491 2406 606 2435 Etruria
613 2404 768 2437 scientiam
778 2405 959 2436 adhibebant
969 2424 978 2439 2
997 2399 1012 2424 ⁸
1024 2414 1060 2434 ne
1072 2410 1166 2446 genus

219 2522 229 2540 ι
238 2513 434 2567 ,Μυίςηιγῐτα
442 2513 571 2549 quaedam]
590 2515 654 2541 Fuit
664 2514 736 2550 prius
749 2513 776 2540 in
789 2513 846 2539 Pal.
857 2521 897 2549 pr.
908 2513 1010 2547 quidem,
1021 2522 1106 2549 neque
1117 2513 1167 2540 ali·
1190 2516 1192 2526 '

315 2558 354 2576 ter
365 2550 537 2577 Wouveriani
550 2561 555 2577 :
578 2560 629 2576 uou
645 2549 787 2577 admodum
797 2548 928 2585 displicet.

251 2594 282 2625 2..
299 2587 396 2625 Qaeque
402 2590 510 2617 proxima
520 2587 552 2612 ad
559 2590 670 2618 Deorum,
679 2586 746 2620 elya]
767 2585 908 2612 Turnebus
924 2585 993 2612 libro
1003 2594 1032 2611 v.
1051 2594 1108 2622 cap.
1121 2594 1168 2612 20.

217 2629 328 2656 corrrgit
340 2640 347 2652 ‚
365 2625 574 2655 quaqueproxime.
594 2622 636 2648 sed
647 2632 697 2649 non
708 2621 835 2648 accedunt
853 2620 932 2648 codd.
944 2622 1024 2648 nostri
1037 2641 1045 2653 ,
1064 2630 1169 2658 recepta

220 2691 302 2718 edidit
313 2701 371 2718 aure
381 2702 460 2720 annos
477 2702 593 2720 centum.

256 2735 283 2761 3.
302 2732 328 2752 Ut
339 2730 463 2754 abulnmis
473 2732 637 2755 aut-*Inritatem
646 2730 773 2764 repetam]
795 2729 837 2756 sic
846 2730 873 2755 δε
886 2730 965 2757 nostri
978 2749 986 2761 ‚
999 2736 1025 2756 at
1037 2729 1170 2757 Francisti
1190 2728 1192 2735 ¹

222 2762 317 2787 Pithmi
329 2763 410 2789 codex
422 2767 573 2797 aric'lorirate,
587 2765 655 2801 quod
666 2765 785 2801 placebat
795 2766 943 2794 Gulielmio
955 2777 961 2794 z
982 2768 1071 2799 ultimi,
1083 2766 1171 2802 inquit

223 2801 374 2829 mauritan,
386 2801 395 2825 ἐ
406 2801 553 2834 ἀρχωόηιῖσι
565 2803 583 2827 03
592 2803 742 2835 ποζρωταῖει.

258 2840 285 2865 4.
306 2836 545 2867 Momsgiiesttllarum
557 2838 765 2871 observa-verunt]
784 2839 826 2865 Ita
843 2838 923 2865 etiam
936 2838 1015 2866 nostri
1034 2837 1087 2865 duo
1097 2838 1171 2875 prio-

223 2877 276 2908 res.
293 2877 319 2894 at
337 2876 429 2910 tertius
442 2871 468 2895 Sc
478 2874 612 2908 exempla.-
624 2892 632 2904 ,
651 2876 678 2898 δ’.
689 2873 805 2900 Υὲεἶονίε
818 2893 826 2905 ,
838 2884 892 2910 quo
903 2875 1052 2909 ulusJanus
1063 2874 1172 2901 Guliel-

223 2913 306 2935 mius,
315 2905 374 2936 obser
381 2914 513 2931 uia-verunt
524 2918 529 2931 .·
549 2918 605 2942 qus:
618 2917 667 2934 vox
680 2909 776 2935 iterum
787 2910 904 2936 occurrit
914 2910 984 2936 infra
995 2919 1050 2945 cap.
1060 2917 1108 2943 4⁴5.

261 2948 288 2972 5.
307 2941 462 2973 Cann‘husqnc
474 2960 482 2971 ‚
499 2945 621 2982 cerriffimis
633 2945 732 2979 figuris]
754 2945 923 2980 Vulgatiores
936 2965 944 2977 ‚
958 2947 1109 2980 cantibusque
1120 2965 1128 2978 ‚
1147 2953 1174 2972 ut
1194 2963 1195 2969 .

219 2976 308 3008 “ruff-
326 2973 368 3000 sed
377 2976 425 3001 filil
435 2985 565 3004 cotincxro
585 2989 633 3006 nou
644 2981 678 3006 eit
690 2981 715 3006 iu
729 2980 796 3007 I‘all.
807 2989 852 3008 aut
870 2983 898 3008 S.
910 2981 1025 3008 ViEIoris
1036 2981 1114 3008 codd.
1125 2992 1174 3009 ne-
1193 2972 1195 2987 *
1214 2982 1309 3008 Petrus
1320 2981 1469 3012 Victorius,
1481 2979 1623 3040 visitur-que
1633 2987 1659 3004 tn
1671 2976 1739 3003 Pan.
1748 2977 1776 3003 8<
1787 2976 1816 3002 S.
1827 2975 1944 3003 ViE‘toris
1955 2995 1965 3008 ,
1976 2976 2018 3002 cui
2030 2984 2109 3002 mauu
2119 2973 2170 3001 de-

222 3020 274 3048 que
284 3010 388 3038 admisit
399 3011 476 3036 Marsi
487 3012 630 3040 Viktoriivc
641 3014 735 3042 editio.

256 3046 287 3086 6..
305 3048 421 3072 coloniam
431 3047 523 3086 militm
533 3050 676 3083 stollam]
697 3050 739 3078 Est
751 3069 759 3083 ,
783 3062 833 3079 nou
846 3060 899 3080 tam
912 3055 926 3079 :i
937 3052 1089 3088 conjeemra
1101 3055 1141 3080 Tu
1147 3062 1174 3079 1·-

221 3079 294 3114 nebi,
304 3091 381 3122 quain
393 3081 547 3122 RrossdJRss
559 3093 614 3119 cap.
625 3093 670 3122 ao.
691 3087 769 3120 quam
781 3086 814 3113 ab
832 3088 991 3116 austeritate
1010 3089 1067 3116 Pal.
1079 3099 1119 3125 pr.
1130 3097 1172 3116 at-

220 3126 272 3182 que
282 3118 413 3145 l’rthoeam
432 3117 529 3144 codicis
542 3128 557 3144 a
568 3119 714 3146 Gulielmio
733 3122 860 3152 consulti:
883 3125 1096 3162 express'cratque
1106 3126 1172 3153 item

239 3153 300 3183 ιιι-Π
311 3153 405 3184 editio.
425 3153 480 3193 post
490 3154 631 3191 publicati,
641 3157 780 3185 vitalium.

1198 672 1270 708 efl‘et
1280 675 1378 705 ullum
1389 673 1590 705 divinationis
1601 694 1610 709 ‚
1629 675 1711 716 quod
1722 676 1895 719 neglestum
1903 677 1986 710 abiis
1995 678 2159 712 videretur-¹

1199 721 1236 748 Et
1249 738 1258 751 ,
1281 719 1352 748 cum
1373 716 1493 747 duobus
1511 717 1612 747 modis
1630 719 1728 748 animi
1744 718 1805 750 fine
1818 721 1953 755 ratione,
1973 722 2007 752 &
2020 721 2157 756 scientia.

1196 769 1282 790 motu
1291 758 1344 799 ipsi
1358 759 1410 789 suo
1419 778 1426 792 ‚
1438 758 1535 790 soluto
1545 779 1554 793 ‚
1566 759 1599 790 &
1610 760 1705 791 libero
1716 762 1909 793 incitarentur
1920 775 1925 793 ;
1939 774 2002 795 uno
2012 783 2020 798 ‚
2026 763 2156 804 furente.-

1195 802 1287 833 altero
1300 822 1308 836 ,
1316 801 1475 841 somniante
1482 812 1494 828 :
1512 800 1623 832 furoris
1641 802 1863 835 divinationem
1878 806 2036 846 Sibyllinis
2054 808 2155 836 maxi-

1196 844 1248 874 me
1265 842 1396 874 versibus
1411 845 1563 874 contineri
1576 844 1722 879 arbitrati,
1740 855 1848 876 eorum
1861 847 1966 879 decem
1981 850 2157 888 interpretes

1194 886 1329 917 dele&os
1346 886 1362 916 ὲ
1381 887 1500 916 civitate
1513 883 1570 915 effe
1580 886 1750 918 voluerunt.
1772 891 1820 918 Ex
1829 899 1890 929 quo
1899 900 2006 930 genere
2018 891 2092 930 saepe
2103 890 2156 920 ha·-

1196 929 1344 959 riolorum
1356 930 1444 958 etiam
1456 947 1465 961 ‚
1488 927 1521 958 &
1532 937 1632 958 vatum
1636 928 1810 967 furibundas
1817 930 2012 971 praedzfflones,
2023 941 2056 962 ut
2063 930 2157 962 Osta-

1193 973 1283 1001 viano
1295 970 1391 1003 bello,
1413 970 1549 999 Cornelii
1560 971 1702 1004 Culleoli,
1712 972 1866 1001 audiendas
1876 980 2062 1012 putaverunt.
2086 975 2154 1004 Nec

1196 1012 1385 1051 verbsbmma
1395 1012 1532 1052 graviora
1544 1031 1553 1044 ,
1573 1010 1592 1040 si
1602 1022 1668 1052 quae
1678 1013 1714 1043 ad
1725 1023 1821 1052 remp.
1845 1017 1996 1054 pertinere
2005 1015 2066 1046 visa
2075 1015 2155 1049 sunt,

1196 1055 1212 1085 a
1224 1054 1345 1084 summo
1361 1052 1488 1083 consilio
1500 1052 1635 1094 neglecta
1651 1054 1730 1084 sunt.
1754 1057 1930 1095 Qinetiam
1941 1058 2090 1088 memoria
2099 1066 2159 1088 no-

1198 1096 1253 1127 stra
1262 1096 1553 1136 templumJunonis
1562 1095 1685 1134 Sospitae
1694 1097 1729 1125 L.
1737 1097 1840 1136 Julius
1849 1116 1858 1131 ,
1877 1101 2010 1138 quicum
2022 1102 2054 1130 P.
2064 1101 2158 1129 Ruti-

1198 1139 1240 1168 lio
1256 1137 1362 1168 consul
1380 1136 1458 1169 fuit,
1480 1136 1516 1166 de
1534 1136 1650 1167 senatus
1671 1137 1816 1168 sententia
1833 1138 1938 1170 refecit
1958 1150 1997 1170 ex
2015 1141 2154 1175 Caeciliae,

1198 1180 1339 1210 Balearici
1350 1178 1431 1212 filiae,
1445 1178 1578 1208 somnio.
1588 1181 1687 1219 Atque
1696 1180 1770 1213 haec‚
1782 1189 1815 1210 ut
1824 1190 1879 1222 ego
1888 1181 2026 1216 arbitror,
2040 1190 2156 1213 veteres
2172 1191 2188 1223 3

1199 1232 1298 1253 rerum
1308 1224 1404 1262 magis
1414 1222 1530 1250 eventis
1540 1223 1670 1255 moniti,
1681 1221 1771 1262 quam
1781 1225 1796 1249 9
1807 1225 1921 1253 ratione
1932 1223 2015 1254 ἀθεεὶ
2026 1244 2036 1258 ,
2047 1223 2158 1264 proba-

1197 1273 1315 1296 verunt.
1339 1263 1593 1303 Philosophorum
1611 1262 1684 1294 vero
1699 1263 1842 1304 exquisita
1850 1265 1987 1306 quaedam
1995 1275 2158 1306 argumen-

1200 1316 1228 1338 ta
1237 1326 1246 1340 ,
1260 1316 1312 1337 cur
1323 1304 1393 1336 effer
1401 1315 1469 1335 vera
1478 1305 1626 1336 divinatio
1637 1325 1647 1339 .
1665 1305 1792 1336 collecta
1800 1306 1877 1337 sunt.
1900 1308 1917 1337 ὲ
1929 1307 2040 1348 quibus
2049 1327 2060 1342 ,
2076 1316 2109 1337 ut
2118 1307 2157 1339 de

1196 1346 1406 1389 antiquissimis
1418 1348 1521 1388 loquar
1530 1367 1538 1381 ‚
1551 1348 1761 1388 Colophonius
1772 1350 1989 1389 Xenophanes,
1999 1359 2090 1383 unus,
2103 1349 2159 1390 qui

1200 1391 1274 1422 deos
1292 1389 1350 1420 effe
1368 1389 1498 1423 diceret,
1513 1389 1722 1420 divinationem
1732 1390 1868 1429 funditus
1881 1390 2009 1431 sustulit.
2031 1391 2159 1432 Reliqui

1200 1433 1272 1465 verb
1292 1441 1419 1465 omnes,
1439 1440 1544 1472 praeter
1556 1434 1721 1471 Epicurum
1733 1451 1742 1466 ,
1765 1433 1983 1464 balbutientem
1999 1433 2036 1464 de
2054 1442 2160 1465 natura

1199 1476 1327 1506 deorum
1340 1494 1349 1508 ,
1369 1474 1592 1504 divinationem
1603 1472 1810 1515 probaverunt,
1829 1475 1879 1505 sed
1897 1485 1962 1506 non
1973 1485 2036 1506 uno
2046 1475 2157 1505 modo.

1201 1520 1283 1548 Nam
1292 1515 1365 1547 cum
1374 1519 1507 1546 socrates
1514 1534 1524 1548 ,
1539 1515 1704 1556 omnesque
1712 1518 1854 1546 Socratici
1865 1536 1874 1550 ,
1887 1517 2032 1558 Zenoque
2042 1537 2052 1550 ,
2064 1517 2098 1547 &
2108 1517 2157 1550 hi.

1198 1561 1251 1600 qui
1265 1558 1302 1589 ab
1315 1568 1351 1588 eo
1362 1555 1455 1588 effent
1463 1555 1592 1597 profecti
1604 1577 1612 1590 ‚
1633 1566 1789 1587 manerent
1798 1567 1832 1587 in
1847 1560 2044 1599 antiquorum
2055 1558 2159 1598 philo-

1201 1601 1364 1641 sophorum
1381 1599 1526 1629 sententia
1539 1619 1549 1632 ,
1571 1608 1670 1629 vetere
1687 1599 1849 1630 Academia
1869 1620 1878 1634 ,
1898 1601 1931 1632 &
1951 1601 2159 1640 Peripateticis

1202 1641 1479 1675 consentientibu53
1498 1641 1629 1680 cumque
1644 1642 1715 1671 huic
1730 1643 1772 1670 rei
1789 1651 1930 1683 magnam
1947 1641 2158 1673 austeritatem

1203 1686 1379 1725 Pythagoras
1385 1684 1447 1722 jam
1458 1684 1527 1712 ante
1540 1681 1686 1712 tribuiffet
1697 1703 1706 1716 ,
1719 1685 1750 1702 ¹0
1758 1685 1811 1723 qui
1821 1693 1912 1713 etiarn
1922 1684 1984 1723 ipse
1994 1692 2085 1724 augur
2093 1683 2159 1715 vel-

1200 1727 1241 1756 let
1250 1724 1306 1755 effe
1318 1745 1327 1759 ‚
1339 1724 1535 1764 plurimisque
1545 1724 1620 1754 locis
1627 1726 1723 1764 gravis
1733 1723 1837 1754 austor
1845 1727 2042 1756 Democritus
2047 1725 2161 1766 prasen-

1196 1768 1300 1808 sionem
1313 1766 1583 1805 rerumfuturarum
1596 1765 1820 1806 comprobaret:
1840 1768 2031 1798 Dicaearchus
2041 1768 2162 1807 Peripa-

1201 1813 1308 1840 teticus
1317 1817 1412 1839 cetera
1421 1808 1623 1838 divinationis
1638 1817 1747 1849 genera
1763 1807 1880 1839 sustulit
1891 1829 1900 1842 ,
1913 1809 2103 1849 sbmm'orum,
2123 1808 2160 1840 δε

1189 1851 1302 1890 furoris
1311 1851 1444 1891 reliquit:
1460 1849 1672 1890 Cratippusque
1683 1870 1692 1883 ,
1703 1848 1860 1880 familiaris
1870 1850 1970 1881 noster
1981 1871 1991 1885 ‚
2002 1860 2094 1896 quern
2104 1859 2162 1892 ego

1201 1902 1301 1934 parem
1313 1893 1442 1923 summis
1451 1893 1650 1932 Peripateticis
1657 1891 1770 1932 judico,
1780 1892 1888 1923 iisdem
1898 1894 1988 1924 rebus
2001 1893 2094 1923 fidem
2105 1893 2162 1922 tri-

1182 1949 1184 1963 ι
1204 1935 1288 1969 buit,
1308 1935 1422 1975 reliqua
1438 1934 1638 1964 divinationis
1654 1944 1761 1975 genera
1778 1936 1888 1971 reiecit.
1910 1935 1968 1966 Sed
1983 1934 2055 1965 cum
2065 1933 2161 1965 Stoici

1204 1975 1379 2008 omniafere
1391 1977 1442 2007 illa
1454 1975 1670 2009 defenderent,
1691 1976 1773 2018 quod
1793 1977 1924 2007 &Zeno
1942 1979 1976 2007 in
1994 1977 2054 2007 suis
2068 1985 2162 2007 com-

1205 2021 1360 2050 mentariis
1373 2018 1451 2060 quasi
1460 2018 1570 2058 semina
1582 2018 1719 2059 quaedam
1736 2017 1877 2060 sparfifl‘et
1886 2039 1895 2054 ,
1914 2019 1947 2050 &
1958 2029 1991 2049 ea
1999 2019 2164 2050 Cleanthes

1202 2061 1304 2103 paullo
1314 2061 1451 2092 uberiora
1458 2059 1571 2091 teciss'et
1581 2071 1587 2089 2
1598 2059 1712 2091 acceffit
1721 2064 1866 2092 acerrimo
1875 2065 1921 2092 vir
1930 2062 2056 2101 ingenio
2065 2061 2163 2103 Chry-

1201 2103 1300 2144 sippus
1310 2124 1318 2137 ,
1340 2105 1392 2145 qui
1412 2112 1505 2134 totam
1524 2103 1561 2133 de
1575 2102 1764 2134 divinatione
1774 2100 1892 2134 duobus
1903 2103 1988 2134 libris
1998 2103 2164 2143 explicavit

1203 2147 1382 2177 sententiam
1399 2165 1408 2180 ,
1423 2155 1485 2176 uno
1501 2154 1640 2186 praeterea
1656 2145 1694 2176 de
1710 2147 1837 2177 oraculis
1848 2165 1857 2179 ,
1879 2155 1942 2176 uno
1959 2144 1995 2176 de
2015 2145 2164 2176 somniis:

1203 2198 1296 2230 quem
1315 2188 1497 2229 subsequens
1517 2208 1526 2221 ,
1555 2197 1653 2217 unum
1674 2187 1786 2218 librum
1806 2188 1989 2228 Babylonius
2008 2189 2164 2229 Diogenes

1205 2230 1311 2264 edidit,
1325 2231 1388 2272 ejus
1398 2230 1515 2260 auditor
1529 2241 1535 2260 2
1551 2233 1576 2248 ¹¹
1588 2229 1649 2260 duo
1659 2232 1814 2270 Antipater
1827 2240 1832 2259 :
1850 2232 1984 2271 quinque
1995 2228 2094 2260 noster
2103 2230 2164 2259 Po-

1205 2273 1349 2304 sidonius.
1385 2276 1412 2292 ¹2
1421 2272 1477 2303 Sed
1487 2276 1502 2303 a
1512 2273 1619 2303 Stoicis
1629 2291 1638 2305 ,
1653 2272 1701 2303 vel
1710 2272 1895 2313 principibus
1905 2273 1968 2312 ejus
1982 2270 2161 2311 disciplinae,
2178 2278 2202 2310 4

1205 2314 1356 2347 Posidonii
1366 2314 1474 2345 doeior
1484 2335 1492 2348 ,
1507 2314 1670 2354 discipulus
1680 2316 1829 2355 Antipatri
1842 2333 1852 2348 ,
1863 2314 2053 2355 degeneravit
2062 2314 2165 2343 Panae-

1204 2361 1279 2389 tius:
1302 2367 1357 2388 nec
1375 2366 1476 2387 tamen
1491 2356 1576 2387 ausus
1591 2355 1635 2386 est
1651 2366 1756 2397 negare
1770 2358 1835 2386 vim
1846 2353 1904 2385 esse
1914 2353 2071 2385 divinandi
2085 2373 2101 2391 ³⁷
2113 2353 2166 2384 sed

1207 2399 1339 2430 dubitare
1351 2399 1383 2440 se
1399 2398 1487 2430 dixit.
1510 2397 1702 2440 Qodilliin
1712 2398 1869 2440 aliquare,
1888 2394 2075 2427 invitissimis
2085 2396 2167 2429 Stoi,-

2107 2446 2166 2473 cis,

1243 2521 1271 2548 7.
1294 2516 1326 2539 Et
1336 2517 1362 2539 In
1370 2511 1550 2546 impetrandis]
1574 2511 1619 2538 Pal
1626 2532 1631 2537 .
1637 2520 1682 2573 ‘pin
1693 2510 1723 2540 ὠ·
1730 2509 1888 2542 inpetranda.
1899 2508 1948 2535 sec.
1958 2504 2021 2540 &in
2027 2508 2167 2543 patrandie.

1210 2551 1236 2576 S.
1251 2550 1321 2576 Via.
1332 2550 1395 2580 &in
1405 2548 1528 2581 impemdiae
1539 2566 1547 2579 ,
1559 2556 1634 2574 emen
1656 2554 1783 2580 utumque
1794 2548 1809 2571 a
1821 2545 1906 2572 veteri
1916 2554 1994 2572 manu
2007 2563 2015 2577 ,
2033 2544 2170 2578 impetadie.

1190 2609 1191 2619 ¹
1202 2596 1261 2612 Ιηοι]
1272 2585 1382 2612 dubium
1394 2585 1430 2611 est
1440 2586 1503 2620 quin
1515 2591 1576 2620 agat
1586 2583 1705 2617 desacriae
1715 2582 1849 2615 impetrire.
1868 2582 1958 2616 itaque
1977 2581 2094 2608 viderint
2102 2579 2169 2607 Cri-

317 2658 320 2661 Δ
1190 2623 1191 2630 ’
1209 2622 1276 2654 tici,
1294 2631 1346 2658 qua
1356 2621 1541 2657 conjugatione
1559 2620 1610 2646 hoc
1629 2619 1739 2646 verbum
1757 2617 1961 2645 auetorinostro
1978 2616 2102 2645 redonari
2119 2614 2170 2642 de-

219 2663 304 2683 tamcn
316 2658 399 2683 isthoec
410 2657 561 2684 corre-{tura
572 2658 604 2684 ab
615 2658 739 2685 Manutio
752 2677 760 2690 ,
771 2657 803 2685 ab
813 2657 943 2684 Lambmo
955 2677 964 2690 ,
983 2658 1010 2683 Sc
1023 2657 1056 2684 fic
1066 2657 1168 2684 Marsus
1190 2689 1192 2694 ι
1210 2658 1226 2684 b

1228 2666 1281 2720 εἴ..
1293 2697 1328 2720 Νι.-
1342 2703 1417 2727 genus
1425 2694 1477 2726 esset
1485 2694 1557 2719 ullum
1567 2692 1722 2719 divinationis
1733 2710 1741 2723 ,
1759 2686 1820 2724 quo'd
1826 2689 1977 2725 negleffum]
1997 2687 2092 2724 Ejesto
2101 2686 2167 2722 effit,

1210 2739 1240 2757 ac
1252 2731 1324 2765 quod,
1335 2730 1400 2756 nihil
1412 2730 1513 2765 pei-iret
1525 2728 1652 2755 venustati
1663 2727 1809 2755 sententiat.

1244 2774 1274 2801 9.
1293 2769 1391 2792 Ratione
1399 2767 1458 2791 dom
1463 2765 1654 2799 probaverunt]
1675 2763 1785 2800 Vulgari
1795 2761 1907 2798 amplius
1916 2761 2129 2793 dampnaverunt
2137 2758 2168 2789 ὸ·

1204 2804 1369 2849 proba-oerum
1379 2821 1397 2842 ³.
1411 2801 1453 2828 sed
1464 2808 1557 2828 contra
1567 2799 1628 2827 edd.
1640 2799 1720 2829 Marsi
1730 2807 1811 2834 atque
1821 2797 1936 2826 vretorii
1953 2797 2018 2823 item
2029 2793 2098 2821 1³:11.
2113 2802 2169 2821 tres

1213 2838 1240 2864 8⁵
1251 2838 1441 2907 lSdleII-qitgh
1449 2872 1495 2907 ‘'1'st
1512 2881 1590 2906 augur
1597 2872 1668 2898 vellet
1674 2871 1742 2906 effe]
1765 2868 1824 2898 Pal.
1833 2858 1940 2896 secund}
1951 2873 2014 2896 tert.
2027 2875 2057 2894 ac
2066 2867 2168 2894 Woun

1211 2917 1363 2972 qmilrefugiio
1381 2944 1535 2978 Antipater]
1556 2943 1646 2983 Vulgo
1663 2943 1729 2968 duos.
1747 2940 1790 2967 scd
1808 2939 1922 2967 alterurn
1942 2938 2067 2973 expreffit
2086 2938 2168 2965 etiam

1216 3026 1287 3044 muni
1300 3017 1401 3043 receuti
1412 3015 1516 3050 adjcsta
1525 3014 1571 3041 illa
1592 3014 1669 3040 itera.
2000 3040 2002 3042 q
2029 3034 2039 3043 „

1255 3062 1297 3079 12.
1317 3052 1492 3082 Sedirstoicis‚
1511 3051 1553 3075 ve!
1560 3049 1712 3080 principibus
1719 3049 1770 3082 ejus
1787 3047 1935 3081 difliplinae]
1957 3049 2023 3074 Nou
2041 3045 2168 3082 intelligo

1215 3089 1279 3124 quid
1292 3089 1356 3114 velit
1366 3087 1471 3115 auclor-
1489 3084 1586 3116 clarius
1598 3084 1626 3109 δε
1639 3083 1724 3110 verius
1743 3083 1800 3110 Pal.
1811 3083 1860 3110 sec.
1879 3086 2034 3117 velprinceps
2043 3085 2093 3117 <jus
2109 3084 2168 3116 dist.

1214 3132 1243 3151 ut
1254 3126 1348 3151 innuat
1358 3122 1513 3150 Panaetium.
1533 3129 1618 3155 neque
1638 3119 1740 3150 recedit
1759 3119 1791 3149 ab
1801 3119 1850 3151 hac
1858 3119 1986 3157 scriptura
1998 3118 2055 3147 1³21.
2066 3117 2169 3155 pnnifi
2213 3132 2217 3134 -

1194 3162 1198 3180 ¹
1211 3159 1287 3196 quod
1298 3159 1377 3188 litera
1385 3157 1500 3189 audior,
1506 3159 1637 3191 princi-un

2068 3191 2169 3224 πέζης
