<?xml version="1.0" encoding="UTF-8"?>
<!DOCTYPE html PUBLIC "-//W3C//DTD XHTML 1.0 Transitional//EN"
    "http://www.w3.org/TR/xhtml1/DTD/xhtml1-transitional.dtd">
<html xmlns="http://www.w3.org/1999/xhtml" xml:lang="en" lang="en">
 <head>
  <title>
</title>
<meta http-equiv="Content-Type" content="text/html;charset=utf-8" />
  <meta name='ocr-system' content='tesseract 3.04.00' />
  <meta name='ocr-capabilities' content='ocr_page ocr_carea ocr_par ocr_line ocrx_word'/>
</head>
<body>
  <div class='ocr_page' id='page_1' title='image "./mtuliiciceroniso00cice_0339.png"; bbox 0 0 2297 3389; ppageno 0'>
   <div class='ocr_carea' id='block_1_1' title="bbox 12 0 57 554">
    <p class='ocr_par' dir='ltr' id='par_1_1' title="bbox 0 0 57 554">
     <span class='ocr_line' id='line_1_1' title="bbox 12 0 57 396; baseline 0 0"><span class='ocrx_word' id='word_1_1' title='bbox 12 0 57 396; x_wconf 57' lang='grc' dir='ltr'>ἕ</span> 
     </span>
     <span class='ocr_line' id='line_1_2' title="bbox 35 397 46 488; baseline 0.021 -0.255"><span class='ocrx_word' id='word_1_2' title='bbox 35 397 46 488; x_wconf 67' lang='lat'><em>3</em></span> 
     </span>
     <span class='ocr_line' id='line_1_3' title="bbox 36 501 43 554; baseline 0 0"><span class='ocrx_word' id='word_1_3' title='bbox 36 501 43 554; x_wconf 71' lang='grc' dir='ltr'>ε</span> 
     </span>
    </p>
   </div>
   <div class='ocr_carea' id='block_1_2' title="bbox 0 1359 55 3389">
    <p class='ocr_par' dir='ltr' id='par_1_2' title="bbox 0 1359 55 3389">
     <span class='ocr_line' id='line_1_4' title="bbox 0 1359 55 3389; baseline 0 0"><span class='ocrx_word' id='word_1_4' title='bbox 0 1359 55 3389; x_wconf 95' lang='lat' dir='ltr'> </span> 
     </span>
    </p>
   </div>
   <div class='ocr_carea' id='block_1_3' title="bbox 731 118 1527 168">
    <p class='ocr_par' dir='ltr' id='par_1_3' title="bbox 731 118 1527 168">
     <span class='ocr_line' id='line_1_5' title="bbox 731 118 1527 168; baseline 0.003 -5"><span class='ocrx_word' id='word_1_5' title='bbox 731 118 987 163; x_wconf 72' lang='lat' dir='ltr'>L1n.111.</span> <span class='ocrx_word' id='word_1_6' title='bbox 1034 134 1102 165; x_wconf 82' lang='lat' dir='ltr'>IN</span> <span class='ocrx_word' id='word_1_7' title='bbox 1146 119 1203 163; x_wconf 70' lang='lat' dir='ltr'>C·</span> <span class='ocrx_word' id='word_1_8' title='bbox 1239 118 1527 168; x_wconf 73' lang='lat' dir='ltr'>VERREM.</span> 
     </span>
    </p>
   </div>
   <div class='ocr_carea' id='block_1_4' title="bbox 125 191 1128 2433">
    <p class='ocr_par' dir='ltr' id='par_1_4' title="bbox 125 191 1128 2433">
     <span class='ocr_line' id='line_1_6' title="bbox 174 191 1128 237; baseline -0.007 -5"><span class='ocrx_word' id='word_1_9' title='bbox 174 206 361 232; x_wconf 81' lang='lat' dir='ltr'>commutato</span> <span class='ocrx_word' id='word_1_10' title='bbox 379 195 507 237; x_wconf 86' lang='lat' dir='ltr'>imperio</span> <span class='ocrx_word' id='word_1_11' title='bbox 516 214 525 229; x_wconf 81' lang='lat'>‚</span> <span class='ocrx_word' id='word_1_12' title='bbox 544 191 652 224; x_wconf 74' lang='lat' dir='ltr'>verum</span> <span class='ocrx_word' id='word_1_13' title='bbox 670 194 760 223; x_wconf 86' lang='lat' dir='ltr'>etiam</span> <span class='ocrx_word' id='word_1_14' title='bbox 777 204 873 223; x_wconf 80' lang='lat' dir='ltr'>nomen</span> <span class='ocrx_word' id='word_1_15' title='bbox 893 203 1034 224; x_wconf 82' lang='lat' dir='ltr'>maneret.</span> <span class='ocrx_word' id='word_1_16' title='bbox 1058 197 1128 225; x_wconf 93' lang='lat' dir='ltr'>Hoc</span> 
     </span>
     <span class='ocr_line' id='line_1_7' title="bbox 172 233 1128 284; baseline -0.007 -11"><span class='ocrx_word' id='word_1_17' title='bbox 172 243 239 284; x_wconf 81' lang='lat' dir='ltr'>jure</span> <span class='ocrx_word' id='word_1_18' title='bbox 248 251 314 272; x_wconf 88' lang='lat' dir='ltr'>ante</span> <span class='ocrx_word' id='word_1_19' title='bbox 324 244 448 271; x_wconf 86' lang='lat' dir='ltr'>Verrem</span> <span class='ocrx_word' id='word_1_20' title='bbox 459 246 615 277; x_wconf 75' lang='lat' dir='ltr'>praetorem</span> <span class='ocrx_word' id='word_1_21' title='bbox 625 235 716 265; x_wconf 87' lang='lat' dir='ltr'>Siculi</span> <span class='ocrx_word' id='word_1_22' title='bbox 727 236 842 274; x_wconf 83' lang='lat' dir='ltr'>semper</span> <span class='ocrx_word' id='word_1_23' title='bbox 853 233 894 264; x_wconf 88' lang='lat' dir='ltr'>ufi</span> <span class='ocrx_word' id='word_1_24' title='bbox 905 236 974 265; x_wconf 86' lang='lat' dir='ltr'>sunt</span> <span class='ocrx_word' id='word_1_25' title='bbox 985 246 991 264; x_wconf 87' lang='lat'>:</span> <span class='ocrx_word' id='word_1_26' title='bbox 1009 237 1059 265; x_wconf 91' lang='lat' dir='ltr'>hic</span> <span class='ocrx_word' id='word_1_27' title='bbox 1068 239 1128 275; x_wconf 89' lang='lat' dir='ltr'>pri-</span> 
     </span>
     <span class='ocr_line' id='line_1_8' title="bbox 172 276 1127 314; baseline -0.008 1"><span class='ocrx_word' id='word_1_28' title='bbox 172 292 244 314; x_wconf 89' lang='lat' dir='ltr'>mus</span> <span class='ocrx_word' id='word_1_29' title='bbox 257 282 388 313; x_wconf 90' lang='lat' dir='ltr'>instituta</span> <span class='ocrx_word' id='word_1_30' title='bbox 398 280 539 310; x_wconf 86' lang='lat' dir='ltr'>omnium</span> <span class='ocrx_word' id='word_1_31' title='bbox 551 298 560 310; x_wconf 92' lang='lat'>‚</span> <span class='ocrx_word' id='word_1_32' title='bbox 573 277 825 307; x_wconf 80' lang='lat' dir='ltr'>consuetudinem</span> <span class='ocrx_word' id='word_1_33' title='bbox 835 276 850 306; x_wconf 68' lang='lat' dir='ltr'>a</span> <span class='ocrx_word' id='word_1_34' title='bbox 862 276 919 313; x_wconf 83' lang='lat' dir='ltr'>mai</span> <span class='ocrx_word' id='word_1_35' title='bbox 924 277 1026 306; x_wconf 91' lang='lat' dir='ltr'>oribus</span> <span class='ocrx_word' id='word_1_36' title='bbox 1037 277 1127 307; x_wconf 68' lang='lat' dir='ltr'>tradi—</span> 
     </span>
     <span class='ocr_line' id='line_1_9' title="bbox 172 318 1126 358; baseline -0.006 -4"><span class='ocrx_word' id='word_1_37' title='bbox 172 332 233 356; x_wconf 83' lang='lat' dir='ltr'>tam</span> <span class='ocrx_word' id='word_1_38' title='bbox 245 345 253 358; x_wconf 88' lang='lat'><strong>‚</strong></span> <span class='ocrx_word' id='word_1_39' title='bbox 266 322 474 354; x_wconf 84' lang='lat' dir='ltr'>conditionem</span> <span class='ocrx_word' id='word_1_40' title='bbox 484 320 623 350; x_wconf 83' lang='lat' dir='ltr'>amicitiae</span> <span class='ocrx_word' id='word_1_41' title='bbox 637 339 644 351; x_wconf 92' lang='lat'>‚</span> <span class='ocrx_word' id='word_1_42' title='bbox 657 319 703 356; x_wconf 88' lang='lat' dir='ltr'>jus</span> <span class='ocrx_word' id='word_1_43' title='bbox 712 318 857 348; x_wconf 83' lang='lat' dir='ltr'>societatis</span> <span class='ocrx_word' id='word_1_44' title='bbox 869 337 877 350; x_wconf 92' lang='lat'>,</span> <span class='ocrx_word' id='word_1_45' title='bbox 889 318 1059 347; x_wconf 91' lang='lat' dir='ltr'>convellere</span> <span class='ocrx_word' id='word_1_46' title='bbox 1071 339 1078 350; x_wconf 92' lang='lat'>,</span> <span class='ocrx_word' id='word_1_47' title='bbox 1093 318 1126 348; x_wconf 84' lang='lat'>&amp;</span> 
     </span>
     <span class='ocr_line' id='line_1_10' title="bbox 134 358 1125 406; baseline -0.01 -8"><span class='ocrx_word' id='word_1_48' title='bbox 134 373 153 406; x_wconf 91' lang='lat'><strong><em>7</em></strong></span> <span class='ocrx_word' id='word_1_49' title='bbox 173 373 355 397; x_wconf 87' lang='lat' dir='ltr'>commutare</span> <span class='ocrx_word' id='word_1_50' title='bbox 365 362 449 392; x_wconf 90' lang='lat' dir='ltr'>ausus</span> <span class='ocrx_word' id='word_1_51' title='bbox 460 360 511 390; x_wconf 88' lang='lat' dir='ltr'>est.</span> <span class='ocrx_word' id='word_1_52' title='bbox 534 363 603 401; x_wconf 85' lang='lat' dir='ltr'>Qa</span> <span class='ocrx_word' id='word_1_53' title='bbox 612 362 644 389; x_wconf 90' lang='lat' dir='ltr'>in</span> <span class='ocrx_word' id='word_1_54' title='bbox 655 369 685 389; x_wconf 87' lang='lat' dir='ltr'>re</span> <span class='ocrx_word' id='word_1_55' title='bbox 693 359 829 399; x_wconf 75' lang='lat' dir='ltr'>primum</span> <span class='ocrx_word' id='word_1_56' title='bbox 840 358 914 388; x_wconf 89' lang='lat' dir='ltr'>illud</span> <span class='ocrx_word' id='word_1_57' title='bbox 927 358 1125 399; x_wconf 77' lang='lat' dir='ltr'><strong>reprehendo,</strong></span> 
     </span>
     <span class='ocr_line' id='line_1_11' title="bbox 173 399 1127 441; baseline -0.01 -3"><span class='ocrx_word' id='word_1_58' title='bbox 173 407 207 438; x_wconf 87' lang='lat'>&amp;</span> <span class='ocrx_word' id='word_1_59' title='bbox 215 405 317 437; x_wconf 90' lang='lat' dir='ltr'>accuso</span> <span class='ocrx_word' id='word_1_60' title='bbox 327 423 335 437; x_wconf 90' lang='lat'>,</span> <span class='ocrx_word' id='word_1_61' title='bbox 347 413 399 434; x_wconf 84' lang='lat' dir='ltr'>cur</span> <span class='ocrx_word' id='word_1_62' title='bbox 408 405 440 432; x_wconf 90' lang='lat' dir='ltr'>in</span> <span class='ocrx_word' id='word_1_63' title='bbox 451 412 480 431; x_wconf 89' lang='lat' dir='ltr'>re</span> <span class='ocrx_word' id='word_1_64' title='bbox 491 411 551 432; x_wconf 89' lang='lat' dir='ltr'>tam</span> <span class='ocrx_word' id='word_1_65' title='bbox 561 403 665 435; x_wconf 87' lang='lat' dir='ltr'>veteri,</span> <span class='ocrx_word' id='word_1_66' title='bbox 676 410 736 430; x_wconf 90' lang='lat' dir='ltr'>tam</span> <span class='ocrx_word' id='word_1_67' title='bbox 748 399 848 430; x_wconf 82' lang='lat' dir='ltr'>usitata</span> <span class='ocrx_word' id='word_1_68' title='bbox 862 420 870 434; x_wconf 85' lang='lat'>‚</span> <span class='ocrx_word' id='word_1_69' title='bbox 883 400 1048 441; x_wconf 81' lang='lat' dir='ltr'>quidquam</span> <span class='ocrx_word' id='word_1_70' title='bbox 1060 411 1092 429; x_wconf 85' lang='lat' dir='ltr'>no</span> <span class='ocrx_word' id='word_1_71' title='bbox 1098 401 1127 428; x_wconf 84' lang='lat' dir='ltr'>vi</span> 
     </span>
     <span class='ocr_line' id='line_1_12' title="bbox 170 441 1125 486; baseline -0.008 -8"><span class='ocrx_word' id='word_1_72' title='bbox 170 448 283 479; x_wconf 82' lang='lat' dir='ltr'>feceris.</span> <span class='ocrx_word' id='word_1_73' title='bbox 297 446 420 486; x_wconf 85' lang='lat' dir='ltr'>ingenio</span> <span class='ocrx_word' id='word_1_74' title='bbox 430 443 542 484; x_wconf 87' lang='lat' dir='ltr'>aliquid</span> <span class='ocrx_word' id='word_1_75' title='bbox 553 441 696 473; x_wconf 74' lang='lat' dir='ltr'>assecutus</span> <span class='ocrx_word' id='word_1_76' title='bbox 705 443 755 472; x_wconf 90' lang='lat' dir='ltr'>es?</span> <span class='ocrx_word' id='word_1_77' title='bbox 767 451 811 472; x_wconf 92' lang='lat' dir='ltr'>tot</span> <span class='ocrx_word' id='word_1_78' title='bbox 822 443 964 472; x_wconf 87' lang='lat' dir='ltr'>homines</span> <span class='ocrx_word' id='word_1_79' title='bbox 989 445 998 461; x_wconf 90' lang='lat'><em>¹</em></span> <span class='ocrx_word' id='word_1_80' title='bbox 1011 441 1125 481; x_wconf 76' lang='lat' dir='ltr'>sapien-</span> 
     </span>
     <span class='ocr_line' id='line_1_13' title="bbox 168 484 1124 524; baseline -0.006 -6"><span class='ocrx_word' id='word_1_81' title='bbox 168 487 294 520; x_wconf 86' lang='lat' dir='ltr'>tiffimos</span> <span class='ocrx_word' id='word_1_82' title='bbox 305 507 315 520; x_wconf 86' lang='lat'>,</span> <span class='ocrx_word' id='word_1_83' title='bbox 336 487 369 516; x_wconf 87' lang='lat'>&amp;</span> <span class='ocrx_word' id='word_1_84' title='bbox 377 484 552 516; x_wconf 85' lang='lat' dir='ltr'>clariffimos</span> <span class='ocrx_word' id='word_1_85' title='bbox 563 505 571 517; x_wconf 90' lang='lat'>,</span> <span class='ocrx_word' id='word_1_86' title='bbox 615 486 646 514; x_wconf 91' lang='lat' dir='ltr'>ui</span> <span class='ocrx_word' id='word_1_87' title='bbox 658 484 741 514; x_wconf 90' lang='lat' dir='ltr'>illam</span> <span class='ocrx_word' id='word_1_88' title='bbox 752 485 941 524; x_wconf 88' lang='lat' dir='ltr'>provinciam</span> <span class='ocrx_word' id='word_1_89' title='bbox 951 492 1016 514; x_wconf 81' lang='lat' dir='ltr'>ante</span> <span class='ocrx_word' id='word_1_90' title='bbox 1033 492 1062 513; x_wconf 89' lang='lat' dir='ltr'>te</span> <span class='ocrx_word' id='word_1_91' title='bbox 1081 491 1124 512; x_wconf 88' lang='lat' dir='ltr'>te—</span> 
     </span>
     <span class='ocr_line' id='line_1_14' title="bbox 167 495 1126 567; baseline -0.004 -8"><span class='ocrx_word' id='word_1_92' title='bbox 167 537 297 560; x_wconf 88' lang='lat' dir='ltr'>nuerunt</span> <span class='ocrx_word' id='word_1_93' title='bbox 308 549 316 560; x_wconf 93' lang='lat'>,</span> <span class='ocrx_word' id='word_1_94' title='bbox 338 527 494 567; x_wconf 87' lang='lat' dir='ltr'>prudentia</span> <span class='ocrx_word' id='word_1_95' title='bbox 507 546 515 560; x_wconf 88' lang='lat'>‚</span> <span class='ocrx_word' id='word_1_96' title='bbox 538 495 723 566; x_wconf 39' lang='lat' dir='ltr'>conffilioque</span> <span class='ocrx_word' id='word_1_97' title='bbox 740 525 837 555; x_wconf 92' lang='lat' dir='ltr'>vicisti</span> <span class='ocrx_word' id='word_1_98' title='bbox 858 527 868 552; x_wconf 86' lang='lat'>?</span> <span class='ocrx_word' id='word_1_99' title='bbox 891 524 942 555; x_wconf 90' lang='lat' dir='ltr'>Est</span> <span class='ocrx_word' id='word_1_100' title='bbox 951 534 1038 555; x_wconf 87' lang='lat' dir='ltr'>tuum</span> <span class='ocrx_word' id='word_1_101' title='bbox 1050 545 1058 558; x_wconf 85' lang='lat'>‚</span> <span class='ocrx_word' id='word_1_102' title='bbox 1082 523 1126 555; x_wconf 88' lang='lat' dir='ltr'>est</span> 
     </span>
     <span class='ocr_line' id='line_1_15' title="bbox 167 566 1124 611; baseline -0.005 -11"><span class='ocrx_word' id='word_1_103' title='bbox 167 574 183 591; x_wconf 83' lang='lat'>²</span> <span class='ocrx_word' id='word_1_104' title='bbox 192 571 316 611; x_wconf 84' lang='lat' dir='ltr'>ingenii,</span> <span class='ocrx_word' id='word_1_105' title='bbox 328 569 550 608; x_wconf 87' lang='lat' dir='ltr'>diligentiaeque</span> <span class='ocrx_word' id='word_1_106' title='bbox 561 577 629 598; x_wconf 79' lang='lat' dir='ltr'>tuae.</span> <span class='ocrx_word' id='word_1_107' title='bbox 644 567 684 597; x_wconf 92' lang='lat' dir='ltr'>do</span> <span class='ocrx_word' id='word_1_108' title='bbox 694 568 752 597; x_wconf 89' lang='lat' dir='ltr'>hoc</span> <span class='ocrx_word' id='word_1_109' title='bbox 768 567 833 600; x_wconf 84' lang='lat' dir='ltr'>tibi,</span> <span class='ocrx_word' id='word_1_110' title='bbox 845 566 878 596; x_wconf 88' lang='lat'>&amp;</span> <span class='ocrx_word' id='word_1_111' title='bbox 892 566 1041 596; x_wconf 90' lang='lat' dir='ltr'>concedo:</span> <span class='ocrx_word' id='word_1_112' title='bbox 1053 566 1124 600; x_wconf 91' lang='lat' dir='ltr'>scio,</span> 
     </span>
     <span class='ocr_line' id='line_1_16' title="bbox 168 606 1127 649; baseline -0.006 -7"><span class='ocrx_word' id='word_1_113' title='bbox 168 620 198 642; x_wconf 91' lang='lat' dir='ltr'>te</span> <span class='ocrx_word' id='word_1_114' title='bbox 207 614 316 642; x_wconf 82' lang='lat' dir='ltr'>Romae</span> <span class='ocrx_word' id='word_1_115' title='bbox 325 630 334 644; x_wconf 92' lang='lat'>,</span> <span class='ocrx_word' id='word_1_116' title='bbox 355 620 425 640; x_wconf 89' lang='lat' dir='ltr'>cum</span> <span class='ocrx_word' id='word_1_117' title='bbox 434 619 541 649; x_wconf 83' lang='lat' dir='ltr'>praetor</span> <span class='ocrx_word' id='word_1_118' title='bbox 551 608 622 639; x_wconf 84' lang='lat' dir='ltr'>effes</span> <span class='ocrx_word' id='word_1_119' title='bbox 632 629 641 642; x_wconf 91' lang='lat'>‚</span> <span class='ocrx_word' id='word_1_120' title='bbox 657 608 758 638; x_wconf 63' lang='grc' dir='ltr'>θάὶὲὶο</span> <span class='ocrx_word' id='word_1_121' title='bbox 768 617 821 638; x_wconf 89' lang='lat' dir='ltr'>tuo</span> <span class='ocrx_word' id='word_1_122' title='bbox 844 611 857 635; x_wconf 83' lang='lat'>3</span> <span class='ocrx_word' id='word_1_123' title='bbox 870 606 1062 648; x_wconf 73' lang='lat' dir='ltr'>poss&#39;effiones</span> <span class='ocrx_word' id='word_1_124' title='bbox 1072 609 1127 636; x_wconf 90' lang='lat' dir='ltr'>he-</span> 
     </span>
     <span class='ocr_line' id='line_1_17' title="bbox 168 649 1126 690; baseline -0.005 -7"><span class='ocrx_word' id='word_1_125' title='bbox 168 652 327 684; x_wconf 85' lang='lat' dir='ltr'>reditatum</span> <span class='ocrx_word' id='word_1_126' title='bbox 336 651 352 681; x_wconf 76' lang='lat' dir='ltr'>a</span> <span class='ocrx_word' id='word_1_127' title='bbox 363 652 463 681; x_wconf 91' lang='lat' dir='ltr'>liberis</span> <span class='ocrx_word' id='word_1_128' title='bbox 472 651 507 680; x_wconf 89' lang='lat' dir='ltr'>ad</span> <span class='ocrx_word' id='word_1_129' title='bbox 517 651 630 680; x_wconf 89' lang='lat' dir='ltr'>alienos</span> <span class='ocrx_word' id='word_1_130' title='bbox 640 670 648 684; x_wconf 94' lang='lat'>,</span> <span class='ocrx_word' id='word_1_131' title='bbox 664 650 679 680; x_wconf 76' lang='lat' dir='ltr'>a</span> <span class='ocrx_word' id='word_1_132' title='bbox 689 651 796 690; x_wconf 88' lang='lat' dir='ltr'>primis</span> <span class='ocrx_word' id='word_1_133' title='bbox 806 649 965 679; x_wconf 79' lang='lat' dir='ltr'>heredibus</span> <span class='ocrx_word' id='word_1_134' title='bbox 975 649 1009 678; x_wconf 91' lang='lat' dir='ltr'>ad</span> <span class='ocrx_word' id='word_1_135' title='bbox 1021 649 1126 679; x_wconf 88' lang='lat' dir='ltr'>secun-</span> 
     </span>
     <span class='ocr_line' id='line_1_18' title="bbox 168 689 1125 733; baseline -0.006 -9"><span class='ocrx_word' id='word_1_136' title='bbox 168 694 226 724; x_wconf 87' lang='lat' dir='ltr'>dos</span> <span class='ocrx_word' id='word_1_137' title='bbox 235 714 243 726; x_wconf 94' lang='lat'>,</span> <span class='ocrx_word' id='word_1_138' title='bbox 258 693 274 723; x_wconf 74' lang='lat' dir='ltr'>a</span> <span class='ocrx_word' id='word_1_139' title='bbox 285 693 399 733; x_wconf 85' lang='lat' dir='ltr'>legibus</span> <span class='ocrx_word' id='word_1_140' title='bbox 413 693 449 722; x_wconf 89' lang='lat' dir='ltr'>ad</span> <span class='ocrx_word' id='word_1_141' title='bbox 459 692 619 722; x_wconf 75' lang='lat' dir='ltr'>libidinem</span> <span class='ocrx_word' id='word_1_142' title='bbox 630 700 710 721; x_wconf 83' lang='lat' dir='ltr'>tuam</span> <span class='ocrx_word' id='word_1_143' title='bbox 723 689 908 720; x_wconf 83' lang='lat' dir='ltr'>transtulisse.</span> <span class='ocrx_word' id='word_1_144' title='bbox 932 691 992 720; x_wconf 89' lang='lat' dir='ltr'>scio</span> <span class='ocrx_word' id='word_1_145' title='bbox 1004 710 1012 723; x_wconf 87' lang='lat'>,</span> <span class='ocrx_word' id='word_1_146' title='bbox 1028 699 1056 720; x_wconf 90' lang='lat' dir='ltr'>te</span> <span class='ocrx_word' id='word_1_147' title='bbox 1067 690 1125 719; x_wconf 80' lang='lat' dir='ltr'>edi-</span> 
     </span>
     <span class='ocr_line' id='line_1_19' title="bbox 170 730 1124 776; baseline -0.003 -12"><span class='ocrx_word' id='word_1_148' title='bbox 170 735 400 776; x_wconf 52' lang='lat' dir='ltr'>era-superiorum</span> <span class='ocrx_word' id='word_1_149' title='bbox 412 735 537 764; x_wconf 78' lang='lat' dir='ltr'>omnium</span> <span class='ocrx_word' id='word_1_150' title='bbox 549 732 688 770; x_wconf 64' lang='lat' dir='ltr'>correxiffiae</span> <span class='ocrx_word' id='word_1_151' title='bbox 697 752 706 765; x_wconf 88' lang='lat'>,</span> <span class='ocrx_word' id='word_1_152' title='bbox 723 732 756 761; x_wconf 88' lang='lat'>&amp;</span> <span class='ocrx_word' id='word_1_153' title='bbox 773 730 964 771; x_wconf 87' lang='lat' dir='ltr'>poffeffiones</span> <span class='ocrx_word' id='word_1_154' title='bbox 978 731 1124 761; x_wconf 83' lang='lat' dir='ltr'>heredita-</span> 
     </span>
     <span class='ocr_line' id='line_1_20' title="bbox 168 772 1124 814; baseline -0.005 -7"><span class='ocrx_word' id='word_1_155' title='bbox 168 784 235 808; x_wconf 81' lang='lat' dir='ltr'>tum</span> <span class='ocrx_word' id='word_1_156' title='bbox 246 787 309 806; x_wconf 91' lang='lat' dir='ltr'>non</span> <span class='ocrx_word' id='word_1_157' title='bbox 330 776 493 806; x_wconf 87' lang='lat' dir='ltr'>secundum</span> <span class='ocrx_word' id='word_1_158' title='bbox 514 785 566 804; x_wconf 87' lang='lat' dir='ltr'>eos</span> <span class='ocrx_word' id='word_1_159' title='bbox 579 794 588 808; x_wconf 85' lang='lat'>,</span> <span class='ocrx_word' id='word_1_160' title='bbox 610 777 662 814; x_wconf 92' lang='lat' dir='ltr'>qui</span> <span class='ocrx_word' id='word_1_161' title='bbox 674 772 843 813; x_wconf 82' lang='lat' dir='ltr'>proferrent</span> <span class='ocrx_word' id='word_1_162' title='bbox 857 793 865 807; x_wconf 91' lang='lat'>,</span> <span class='ocrx_word' id='word_1_163' title='bbox 889 773 938 803; x_wconf 83' lang='lat' dir='ltr'>sed</span> <span class='ocrx_word' id='word_1_164' title='bbox 959 773 1124 803; x_wconf 88' lang='lat' dir='ltr'>secundum</span> 
     </span>
     <span class='ocr_line' id='line_1_21' title="bbox 167 812 1122 858; baseline -0.004 -10"><span class='ocrx_word' id='word_1_165' title='bbox 167 828 220 849; x_wconf 86' lang='lat' dir='ltr'>eos</span> <span class='ocrx_word' id='word_1_166' title='bbox 232 837 240 851; x_wconf 86' lang='lat'>‚</span> <span class='ocrx_word' id='word_1_167' title='bbox 255 820 308 858; x_wconf 89' lang='lat' dir='ltr'>qui</span> <span class='ocrx_word' id='word_1_168' title='bbox 326 817 458 847; x_wconf 79' lang='lat' dir='ltr'>dicerent</span> <span class='ocrx_word' id='word_1_169' title='bbox 473 816 685 846; x_wconf 87' lang='lat' dir='ltr'>testamentum</span> <span class='ocrx_word' id='word_1_170' title='bbox 701 813 817 844; x_wconf 51' lang='lat' dir='ltr'>fastum</span> <span class='ocrx_word' id='word_1_171' title='bbox 829 834 837 848; x_wconf 88' lang='lat'>,</span> <span class='ocrx_word' id='word_1_172' title='bbox 861 812 972 844; x_wconf 74' lang='lat' dir='ltr'>dedifl&#39;e</span> <span class='ocrx_word' id='word_1_173' title='bbox 987 825 992 843; x_wconf 92' lang='lat'>:</span> <span class='ocrx_word' id='word_1_174' title='bbox 1016 815 1122 855; x_wconf 83' lang='lat' dir='ltr'>easque</span> 
     </span>
     <span class='ocr_line' id='line_1_22' title="bbox 168 855 1122 898; baseline -0.005 -8"><span class='ocrx_word' id='word_1_175' title='bbox 168 870 214 890; x_wconf 79' lang='lat' dir='ltr'>res</span> <span class='ocrx_word' id='word_1_176' title='bbox 233 869 326 889; x_wconf 87' lang='lat' dir='ltr'>novas</span> <span class='ocrx_word' id='word_1_177' title='bbox 342 859 392 889; x_wconf 89' lang='lat' dir='ltr'>abs</span> <span class='ocrx_word' id='word_1_178' title='bbox 403 868 430 888; x_wconf 87' lang='lat' dir='ltr'>te</span> <span class='ocrx_word' id='word_1_179' title='bbox 447 858 572 898; x_wconf 87' lang='lat' dir='ltr'>prolatas</span> <span class='ocrx_word' id='word_1_180' title='bbox 583 877 591 890; x_wconf 88' lang='lat'>‚</span> <span class='ocrx_word' id='word_1_181' title='bbox 613 857 793 886; x_wconf 86' lang='lat' dir='ltr'>&amp;inventas</span> <span class='ocrx_word' id='word_1_182' title='bbox 811 866 922 897; x_wconf 89' lang='lat' dir='ltr'>magno</span> <span class='ocrx_word' id='word_1_183' title='bbox 932 855 987 886; x_wconf 89' lang='lat' dir='ltr'>tibi</span> <span class='ocrx_word' id='word_1_184' title='bbox 997 856 1122 896; x_wconf 87' lang='lat' dir='ltr'>quaestui</span> 
     </span>
     <span class='ocr_line' id='line_1_23' title="bbox 168 898 1122 939; baseline -0.003 -9"><span class='ocrx_word' id='word_1_185' title='bbox 168 899 256 930; x_wconf 72' lang='lat' dir='ltr'>fuiss&#39;e</span> <span class='ocrx_word' id='word_1_186' title='bbox 268 901 328 930; x_wconf 84' lang='lat' dir='ltr'>scio</span> <span class='ocrx_word' id='word_1_187' title='bbox 340 911 345 928; x_wconf 82' lang='lat' dir='ltr'>z</span> <span class='ocrx_word' id='word_1_188' title='bbox 367 899 555 939; x_wconf 86' lang='lat' dir='ltr'>eundemque</span> <span class='ocrx_word' id='word_1_189' title='bbox 572 908 600 928; x_wconf 92' lang='lat' dir='ltr'>te</span> <span class='ocrx_word' id='word_1_190' title='bbox 614 899 744 928; x_wconf 86' lang='lat' dir='ltr'>memini</span> <span class='ocrx_word' id='word_1_191' title='bbox 757 898 903 928; x_wconf 81' lang='lat' dir='ltr'>censorias</span> <span class='ocrx_word' id='word_1_192' title='bbox 911 907 1030 938; x_wconf 80' lang='lat' dir='ltr'>qnoque</span> <span class='ocrx_word' id='word_1_193' title='bbox 1045 898 1122 938; x_wconf 79' lang='lat' dir='ltr'>leges</span> 
     </span>
     <span class='ocr_line' id='line_1_24' title="bbox 167 939 1123 981; baseline -0.005 -9"><span class='ocrx_word' id='word_1_194' title='bbox 167 944 203 972; x_wconf 87' lang='lat' dir='ltr'>in</span> <span class='ocrx_word' id='word_1_195' title='bbox 213 943 293 972; x_wconf 84' lang='lat' dir='ltr'>sartis</span> <span class='ocrx_word' id='word_1_196' title='bbox 301 941 386 971; x_wconf 63' lang='lat' dir='ltr'>testis</span> <span class='ocrx_word' id='word_1_197' title='bbox 396 940 550 981; x_wconf 82' lang='lat' dir='ltr'>exigendis</span> <span class='ocrx_word' id='word_1_198' title='bbox 559 940 663 969; x_wconf 84' lang='lat' dir='ltr'>tollere</span> <span class='ocrx_word' id='word_1_199' title='bbox 674 940 706 969; x_wconf 92' lang='lat'>&amp;</span> <span class='ocrx_word' id='word_1_200' title='bbox 717 948 903 970; x_wconf 87' lang='lat' dir='ltr'>commutare</span> <span class='ocrx_word' id='word_1_201' title='bbox 914 950 918 967; x_wconf 91' lang='lat'>:</span> <span class='ocrx_word' id='word_1_202' title='bbox 933 949 965 968; x_wconf 84' lang='lat' dir='ltr'>ne</span> <span class='ocrx_word' id='word_1_203' title='bbox 977 950 996 968; x_wconf 75' lang='lat' dir='ltr'>u</span> <span class='ocrx_word' id='word_1_204' title='bbox 1008 939 1123 968; x_wconf 74' lang='lat' dir='ltr'>redime-</span> 
     </span>
     <span class='ocr_line' id='line_1_25' title="bbox 168 981 1122 1021; baseline -0.002 -9"><span class='ocrx_word' id='word_1_205' title='bbox 168 991 211 1012; x_wconf 78' lang='lat' dir='ltr'>ret</span> <span class='ocrx_word' id='word_1_206' title='bbox 221 1002 229 1016; x_wconf 85' lang='lat'>,</span> <span class='ocrx_word' id='word_1_207' title='bbox 245 984 308 1021; x_wconf 75' lang='lat' dir='ltr'>cuja</span> <span class='ocrx_word' id='word_1_208' title='bbox 322 992 361 1011; x_wconf 84' lang='lat' dir='ltr'>res</span> <span class='ocrx_word' id='word_1_209' title='bbox 372 981 434 1019; x_wconf 75' lang='lat' dir='ltr'>effer</span> <span class='ocrx_word' id='word_1_210' title='bbox 442 992 453 1008; x_wconf 92' lang='grc'>.·</span> <span class='ocrx_word' id='word_1_211' title='bbox 468 992 504 1011; x_wconf 88' lang='lat' dir='ltr'>ne</span> <span class='ocrx_word' id='word_1_212' title='bbox 514 981 630 1021; x_wconf 90' lang='lat' dir='ltr'>pupillo</span> <span class='ocrx_word' id='word_1_213' title='bbox 640 990 763 1014; x_wconf 85' lang='lat' dir='ltr'>tutores,</span> <span class='ocrx_word' id='word_1_214' title='bbox 775 983 998 1021; x_wconf 84' lang='lat' dir='ltr'>propinquique</span> <span class='ocrx_word' id='word_1_215' title='bbox 1012 981 1122 1011; x_wconf 90' lang='lat' dir='ltr'>consu-</span> 
     </span>
     <span class='ocr_line' id='line_1_26' title="bbox 167 1022 1120 1064; baseline -0.003 -10"><span class='ocrx_word' id='word_1_216' title='bbox 167 1025 279 1057; x_wconf 81' lang='lat' dir='ltr'>lerent,</span> <span class='ocrx_word' id='word_1_217' title='bbox 291 1033 352 1064; x_wconf 88' lang='lat' dir='ltr'>quo</span> <span class='ocrx_word' id='word_1_218' title='bbox 363 1025 464 1052; x_wconf 86' lang='lat' dir='ltr'>minus</span> <span class='ocrx_word' id='word_1_219' title='bbox 473 1022 604 1052; x_wconf 78' lang='lat' dir='ltr'>fortunis</span> <span class='ocrx_word' id='word_1_220' title='bbox 613 1023 759 1052; x_wconf 87' lang='lat' dir='ltr'>omnibus</span> <span class='ocrx_word' id='word_1_221' title='bbox 768 1032 961 1052; x_wconf 83' lang='lat' dir='ltr'>everteretur:</span> <span class='ocrx_word' id='word_1_222' title='bbox 977 1024 1120 1062; x_wconf 85' lang='lat' dir='ltr'>exiguam</span> 
     </span>
     <span class='ocr_line' id='line_1_27' title="bbox 168 1063 1118 1105; baseline -0.002 -10"><span class='ocrx_word' id='word_1_223' title='bbox 168 1066 250 1096; x_wconf 89' lang='lat' dir='ltr'>diem</span> <span class='ocrx_word' id='word_1_224' title='bbox 264 1063 410 1105; x_wconf 77' lang='lat' dir='ltr'>praefinjre</span> <span class='ocrx_word' id='word_1_225' title='bbox 424 1066 506 1104; x_wconf 87' lang='lat' dir='ltr'>operi</span> <span class='ocrx_word' id='word_1_226' title='bbox 517 1084 524 1097; x_wconf 86' lang='lat'>‚</span> <span class='ocrx_word' id='word_1_227' title='bbox 549 1073 608 1104; x_wconf 88' lang='lat' dir='ltr'>qua</span> <span class='ocrx_word' id='word_1_228' title='bbox 621 1073 734 1094; x_wconf 88' lang='lat' dir='ltr'>ceteros</span> <span class='ocrx_word' id='word_1_229' title='bbox 746 1064 782 1094; x_wconf 90' lang='lat' dir='ltr'>ab</span> <span class='ocrx_word' id='word_1_230' title='bbox 795 1065 919 1104; x_wconf 85' lang='lat' dir='ltr'>negotio</span> <span class='ocrx_word' id='word_1_231' title='bbox 932 1063 1118 1097; x_wconf 81' lang='lat' dir='ltr'>excluderes,</span> 
     </span>
     <span class='ocr_line' id='line_1_28' title="bbox 165 1105 1119 1147; baseline -0.003 -10"><span class='ocrx_word' id='word_1_232' title='bbox 165 1108 226 1147; x_wconf 84' lang='lat' dir='ltr'>ipse</span> <span class='ocrx_word' id='word_1_233' title='bbox 246 1109 279 1136; x_wconf 89' lang='lat' dir='ltr'>in</span> <span class='ocrx_word' id='word_1_234' title='bbox 300 1116 353 1136; x_wconf 91' lang='lat' dir='ltr'>tuo</span> <span class='ocrx_word' id='word_1_235' title='bbox 375 1105 543 1136; x_wconf 87' lang='lat' dir='ltr'>redemtore</span> <span class='ocrx_word' id='word_1_236' title='bbox 565 1106 681 1135; x_wconf 91' lang='lat' dir='ltr'>nullam</span> <span class='ocrx_word' id='word_1_237' title='bbox 701 1114 811 1135; x_wconf 86' lang='lat' dir='ltr'>certam</span> <span class='ocrx_word' id='word_1_238' title='bbox 834 1105 916 1135; x_wconf 88' lang='lat' dir='ltr'>diem</span> <span class='ocrx_word' id='word_1_239' title='bbox 938 1105 1119 1135; x_wconf 71' lang='lat' dir='ltr'>observares.</span> 
     </span>
     <span class='ocr_line' id='line_1_29' title="bbox 167 1145 1120 1188; baseline -0.002 -10"><span class='ocrx_word' id='word_1_240' title='bbox 167 1147 373 1188; x_wconf 79' lang='lat' dir='ltr'>Qamobrem</span> <span class='ocrx_word' id='word_1_241' title='bbox 383 1157 494 1177; x_wconf 88' lang='lat' dir='ltr'>novam</span> <span class='ocrx_word' id='word_1_242' title='bbox 506 1147 603 1188; x_wconf 87' lang='lat' dir='ltr'>legem</span> <span class='ocrx_word' id='word_1_243' title='bbox 614 1156 642 1176; x_wconf 89' lang='lat' dir='ltr'>te</span> <span class='ocrx_word' id='word_1_244' title='bbox 656 1149 689 1176; x_wconf 92' lang='lat' dir='ltr'>in</span> <span class='ocrx_word' id='word_1_245' title='bbox 700 1147 835 1177; x_wconf 88' lang='lat' dir='ltr'>decumis</span> <span class='ocrx_word' id='word_1_246' title='bbox 849 1145 977 1177; x_wconf 80' lang='lat' dir='ltr'>statuifl&#39;e</span> <span class='ocrx_word' id='word_1_247' title='bbox 987 1157 1051 1176; x_wconf 90' lang='lat' dir='ltr'>non</span> <span class='ocrx_word' id='word_1_248' title='bbox 1061 1148 1120 1176; x_wconf 86' lang='lat' dir='ltr'>mi-</span> 
     </span>
     <span class='ocr_line' id='line_1_30' title="bbox 166 1188 1119 1230; baseline -0.003 -10"><span class='ocrx_word' id='word_1_249' title='bbox 166 1200 215 1220; x_wconf 89' lang='lat' dir='ltr'>ror</span> <span class='ocrx_word' id='word_1_250' title='bbox 225 1211 233 1223; x_wconf 91' lang='lat'><strong><em>‚</em></strong></span> <span class='ocrx_word' id='word_1_251' title='bbox 247 1191 407 1219; x_wconf 83' lang='lat' dir='ltr'>hominem</span> <span class='ocrx_word' id='word_1_252' title='bbox 418 1191 451 1219; x_wconf 89' lang='lat' dir='ltr'>in</span> <span class='ocrx_word' id='word_1_253' title='bbox 461 1188 568 1218; x_wconf 63' lang='lat' dir='ltr'>edictis</span> <span class='ocrx_word' id='word_1_254' title='bbox 576 1191 732 1229; x_wconf 81' lang='lat' dir='ltr'>praetoriis,</span> <span class='ocrx_word' id='word_1_255' title='bbox 742 1190 774 1218; x_wconf 87' lang='lat' dir='ltr'>in</span> <span class='ocrx_word' id='word_1_256' title='bbox 783 1189 927 1218; x_wconf 83' lang='lat' dir='ltr'>censoriis</span> <span class='ocrx_word' id='word_1_257' title='bbox 936 1188 1049 1230; x_wconf 88' lang='lat' dir='ltr'>legibus</span> <span class='ocrx_word' id='word_1_258' title='bbox 1059 1198 1119 1218; x_wconf 86' lang='lat' dir='ltr'>tam</span> 
     </span>
     <span class='ocr_line' id='line_1_31' title="bbox 165 1231 1122 1272; baseline -0.002 -11"><span class='ocrx_word' id='word_1_259' title='bbox 165 1231 343 1272; x_wconf 85' lang='lat' dir='ltr'>prudentem</span> <span class='ocrx_word' id='word_1_260' title='bbox 356 1252 364 1264; x_wconf 88' lang='lat'>‚</span> <span class='ocrx_word' id='word_1_261' title='bbox 375 1241 434 1261; x_wconf 86' lang='lat' dir='ltr'>tarn</span> <span class='ocrx_word' id='word_1_262' title='bbox 444 1232 638 1261; x_wconf 82' lang='lat' dir='ltr'>exercitatum</span> <span class='ocrx_word' id='word_1_263' title='bbox 651 1240 731 1260; x_wconf 87' lang='lat' dir='ltr'>:non</span> <span class='ocrx_word' id='word_1_264' title='bbox 740 1249 751 1264; x_wconf 86' lang='lat'>‚</span> <span class='ocrx_word' id='word_1_265' title='bbox 761 1233 883 1271; x_wconf 79' lang='lat' dir='ltr'>inquam</span> <span class='ocrx_word' id='word_1_266' title='bbox 893 1250 901 1263; x_wconf 87' lang='lat'>,</span> <span class='ocrx_word' id='word_1_267' title='bbox 914 1232 1017 1263; x_wconf 88' lang='lat' dir='ltr'>miror,</span> <span class='ocrx_word' id='word_1_268' title='bbox 1028 1239 1057 1260; x_wconf 84' lang='lat' dir='ltr'>te</span> <span class='ocrx_word' id='word_1_269' title='bbox 1066 1231 1122 1260; x_wconf 85' lang='lat' dir='ltr'>ali-</span> 
     </span>
     <span class='ocr_line' id='line_1_32' title="bbox 165 1270 1121 1314; baseline -0.001 -11"><span class='ocrx_word' id='word_1_270' title='bbox 165 1273 239 1314; x_wconf 89' lang='lat' dir='ltr'>quid</span> <span class='ocrx_word' id='word_1_271' title='bbox 249 1271 442 1314; x_wconf 72' lang='lat' dir='ltr'>excogitasse:</span> <span class='ocrx_word' id='word_1_272' title='bbox 456 1272 516 1306; x_wconf 88' lang='lat' dir='ltr'>sed,</span> <span class='ocrx_word' id='word_1_273' title='bbox 533 1272 618 1313; x_wconf 71' lang='lat' dir='ltr'>quod</span> <span class='ocrx_word' id='word_1_274' title='bbox 630 1281 678 1302; x_wconf 91' lang='lat' dir='ltr'>tua</span> <span class='ocrx_word' id='word_1_275' title='bbox 686 1272 802 1311; x_wconf 82' lang='lat' dir='ltr'>sponte,</span> <span class='ocrx_word' id='word_1_276' title='bbox 817 1271 919 1310; x_wconf 75' lang='lat' dir='ltr'>injussu</span> <span class='ocrx_word' id='word_1_277' title='bbox 929 1272 1025 1313; x_wconf 78' lang='lat' dir='ltr'>populi</span> <span class='ocrx_word' id='word_1_278' title='bbox 1036 1291 1044 1305; x_wconf 94' lang='lat'>‚</span> <span class='ocrx_word' id='word_1_279' title='bbox 1059 1270 1121 1302; x_wconf 87' lang='lat' dir='ltr'>fine</span> 
     </span>
     <span class='ocr_line' id='line_1_33' title="bbox 164 1313 1120 1353; baseline -0.002 -9"><span class='ocrx_word' id='word_1_280' title='bbox 164 1316 282 1345; x_wconf 85' lang='lat' dir='ltr'>senatus</span> <span class='ocrx_word' id='word_1_281' title='bbox 297 1314 471 1344; x_wconf 66' lang='lat' dir='ltr'>au&amp;0ritate</span> <span class='ocrx_word' id='word_1_282' title='bbox 487 1315 552 1352; x_wconf 86' lang='lat' dir='ltr'>jura</span> <span class='ocrx_word' id='word_1_283' title='bbox 567 1315 730 1353; x_wconf 83' lang='lat' dir='ltr'>provinciae</span> <span class='ocrx_word' id='word_1_284' title='bbox 739 1314 847 1344; x_wconf 78' lang='lat' dir='ltr'>Siciliae</span> <span class='ocrx_word' id='word_1_285' title='bbox 867 1316 989 1343; x_wconf 86' lang='lat' dir='ltr'>mutaris</span> <span class='ocrx_word' id='word_1_286' title='bbox 998 1335 1006 1347; x_wconf 91' lang='lat'><em>‚</em></span> <span class='ocrx_word' id='word_1_287' title='bbox 1025 1313 1056 1343; x_wconf 92' lang='lat' dir='ltr'>id</span> <span class='ocrx_word' id='word_1_288' title='bbox 1074 1324 1120 1343; x_wconf 89' lang='lat' dir='ltr'>re-</span> 
     </span>
     <span class='ocr_line' id='line_1_34' title="bbox 164 1354 1120 1396; baseline -0.001 -10"><span class='ocrx_word' id='word_1_289' title='bbox 164 1356 318 1396; x_wconf 85' lang='lat' dir='ltr'>prehendo</span> <span class='ocrx_word' id='word_1_290' title='bbox 329 1376 338 1389; x_wconf 92' lang='lat'>,</span> <span class='ocrx_word' id='word_1_291' title='bbox 358 1355 388 1385; x_wconf 89' lang='lat' dir='ltr'>id</span> <span class='ocrx_word' id='word_1_292' title='bbox 405 1356 518 1385; x_wconf 88' lang='lat' dir='ltr'>accuso.</span> <span class='ocrx_word' id='word_1_293' title='bbox 542 1357 577 1384; x_wconf 96' lang='lat' dir='ltr'>L.</span> <span class='ocrx_word' id='word_1_294' title='bbox 588 1354 714 1385; x_wconf 67' lang='lat' dir='ltr'>O&amp;avio</span> <span class='ocrx_word' id='word_1_295' title='bbox 727 1376 735 1388; x_wconf 93' lang='lat'><strong>‚</strong></span> <span class='ocrx_word' id='word_1_296' title='bbox 751 1355 784 1385; x_wconf 73' lang='grc' dir='ltr'>δε</span> <span class='ocrx_word' id='word_1_297' title='bbox 794 1357 826 1385; x_wconf 90' lang='lat' dir='ltr'>C.</span> <span class='ocrx_word' id='word_1_298' title='bbox 837 1357 930 1385; x_wconf 67' lang='lat' dir='ltr'>Cotta:</span> <span class='ocrx_word' id='word_1_299' title='bbox 945 1355 1120 1385; x_wconf 89' lang='lat' dir='ltr'>consulibus</span> 
     </span>
     <span class='ocr_line' id='line_1_35' title="bbox 164 1395 1121 1438; baseline -0.001 -11"><span class='ocrx_word' id='word_1_300' title='bbox 164 1398 283 1428; x_wconf 82' lang='lat' dir='ltr'>senatus</span> <span class='ocrx_word' id='word_1_301' title='bbox 290 1395 421 1436; x_wconf 76' lang='lat' dir='ltr'>permisit</span> <span class='ocrx_word' id='word_1_302' title='bbox 430 1417 438 1430; x_wconf 91' lang='lat'>,</span> <span class='ocrx_word' id='word_1_303' title='bbox 455 1405 489 1426; x_wconf 92' lang='lat' dir='ltr'>ut</span> <span class='ocrx_word' id='word_1_304' title='bbox 497 1398 563 1426; x_wconf 86' lang='lat' dir='ltr'>vini</span> <span class='ocrx_word' id='word_1_305' title='bbox 574 1417 583 1430; x_wconf 94' lang='lat'>‚</span> <span class='ocrx_word' id='word_1_306' title='bbox 601 1397 632 1426; x_wconf 91' lang='lat'>&amp;</span> <span class='ocrx_word' id='word_1_307' title='bbox 643 1397 703 1426; x_wconf 92' lang='lat' dir='ltr'>olei</span> <span class='ocrx_word' id='word_1_308' title='bbox 714 1397 854 1426; x_wconf 85' lang='lat' dir='ltr'>decumas</span> <span class='ocrx_word' id='word_1_309' title='bbox 866 1416 876 1429; x_wconf 85' lang='lat'>,</span> <span class='ocrx_word' id='word_1_310' title='bbox 887 1395 1049 1438; x_wconf 85' lang='lat' dir='ltr'>&amp;frugum</span> <span class='ocrx_word' id='word_1_311' title='bbox 1061 1399 1121 1426; x_wconf 88' lang='lat' dir='ltr'>mi-</span> 
     </span>
     <span class='ocr_line' id='line_1_36' title="bbox 164 1437 1120 1479; baseline -0.001 -10"><span class='ocrx_word' id='word_1_312' title='bbox 164 1447 317 1471; x_wconf 88' lang='lat' dir='ltr'>nutarum,</span> <span class='ocrx_word' id='word_1_313' title='bbox 329 1448 399 1479; x_wconf 90' lang='lat' dir='ltr'>quas</span> <span class='ocrx_word' id='word_1_314' title='bbox 409 1447 475 1468; x_wconf 90' lang='lat' dir='ltr'>ante</span> <span class='ocrx_word' id='word_1_315' title='bbox 484 1447 512 1467; x_wconf 89' lang='lat' dir='ltr'>te</span> <span class='ocrx_word' id='word_1_316' title='bbox 522 1437 681 1478; x_wconf 88' lang='lat' dir='ltr'>quaestores</span> <span class='ocrx_word' id='word_1_317' title='bbox 691 1440 723 1468; x_wconf 90' lang='lat' dir='ltr'>in</span> <span class='ocrx_word' id='word_1_318' title='bbox 733 1438 834 1468; x_wconf 88' lang='lat' dir='ltr'>Sicilia</span> <span class='ocrx_word' id='word_1_319' title='bbox 842 1437 970 1468; x_wconf 84' lang='lat' dir='ltr'>vendere</span> <span class='ocrx_word' id='word_1_320' title='bbox 979 1448 1036 1468; x_wconf 89' lang='lat' dir='ltr'>con</span> <span class='ocrx_word' id='word_1_321' title='bbox 1043 1439 1120 1468; x_wconf 89' lang='lat' dir='ltr'>sues-</span> 
     </span>
     <span class='ocr_line' id='line_1_37' title="bbox 165 1478 1120 1521; baseline -0.002 -10"><span class='ocrx_word' id='word_1_322' title='bbox 165 1480 241 1513; x_wconf 83' lang='lat' dir='ltr'>sent,</span> <span class='ocrx_word' id='word_1_323' title='bbox 251 1482 360 1510; x_wconf 87' lang='lat' dir='ltr'>Romae</span> <span class='ocrx_word' id='word_1_324' title='bbox 368 1479 541 1513; x_wconf 87' lang='lat' dir='ltr'>venderent,</span> <span class='ocrx_word' id='word_1_325' title='bbox 553 1484 570 1506; x_wconf 82' lang='lat'>4</span> <span class='ocrx_word' id='word_1_326' title='bbox 581 1481 737 1521; x_wconf 89' lang='lat' dir='ltr'>legemque</span> <span class='ocrx_word' id='word_1_327' title='bbox 746 1481 792 1509; x_wconf 91' lang='lat' dir='ltr'>his</span> <span class='ocrx_word' id='word_1_328' title='bbox 799 1480 888 1509; x_wconf 91' lang='lat' dir='ltr'>rebus</span> <span class='ocrx_word' id='word_1_329' title='bbox 899 1499 906 1513; x_wconf 87' lang='lat'>‚</span> <span class='ocrx_word' id='word_1_330' title='bbox 918 1490 986 1520; x_wconf 85' lang='lat' dir='ltr'>quae</span> <span class='ocrx_word' id='word_1_331' title='bbox 995 1478 1062 1519; x_wconf 81' lang='lat' dir='ltr'>ipsis</span> <span class='ocrx_word' id='word_1_332' title='bbox 1071 1481 1120 1509; x_wconf 88' lang='lat' dir='ltr'>vi-</span> 
     </span>
     <span class='ocr_line' id='line_1_38' title="bbox 166 1520 1120 1561; baseline -0.001 -9"><span class='ocrx_word' id='word_1_333' title='bbox 166 1521 301 1555; x_wconf 86' lang='lat' dir='ltr'>deretur,</span> <span class='ocrx_word' id='word_1_334' title='bbox 317 1521 476 1551; x_wconf 87' lang='lat' dir='ltr'>edicerent.</span> <span class='ocrx_word' id='word_1_335' title='bbox 499 1520 579 1551; x_wconf 78' lang='lat' dir='ltr'>Cum</span> <span class='ocrx_word' id='word_1_336' title='bbox 590 1522 698 1552; x_wconf 90' lang='lat' dir='ltr'>locatio</span> <span class='ocrx_word' id='word_1_337' title='bbox 707 1520 809 1555; x_wconf 89' lang='lat' dir='ltr'>fieret,</span> <span class='ocrx_word' id='word_1_338' title='bbox 828 1520 1120 1561; x_wconf 60' lang='lat' dir='ltr'>publicanipostulass</span> 
     </span>
     <span class='ocr_line' id='line_1_39' title="bbox 165 1563 1119 1604; baseline 0.001 -11"><span class='ocrx_word' id='word_1_339' title='bbox 165 1572 235 1594; x_wconf 83' lang='lat' dir='ltr'>runt</span> <span class='ocrx_word' id='word_1_340' title='bbox 244 1583 253 1597; x_wconf 86' lang='lat'>,</span> <span class='ocrx_word' id='word_1_341' title='bbox 271 1563 408 1604; x_wconf 87' lang='lat' dir='ltr'>quasdam</span> <span class='ocrx_word' id='word_1_342' title='bbox 427 1573 471 1593; x_wconf 91' lang='lat' dir='ltr'>res</span> <span class='ocrx_word' id='word_1_343' title='bbox 491 1572 524 1593; x_wconf 88' lang='lat' dir='ltr'>ut</span> <span class='ocrx_word' id='word_1_344' title='bbox 542 1563 577 1593; x_wconf 92' lang='lat' dir='ltr'>ad</span> <span class='ocrx_word' id='word_1_345' title='bbox 595 1564 693 1603; x_wconf 87' lang='lat' dir='ltr'>legem</span> <span class='ocrx_word' id='word_1_346' title='bbox 707 1563 847 1593; x_wconf 88' lang='lat' dir='ltr'>adderent</span> <span class='ocrx_word' id='word_1_347' title='bbox 857 1583 866 1597; x_wconf 89' lang='lat'>‚</span> <span class='ocrx_word' id='word_1_348' title='bbox 881 1573 978 1604; x_wconf 87' lang='lat' dir='ltr'>neque</span> <span class='ocrx_word' id='word_1_349' title='bbox 991 1573 1092 1593; x_wconf 89' lang='lat' dir='ltr'>tamen</span> <span class='ocrx_word' id='word_1_350' title='bbox 1102 1563 1119 1594; x_wconf 76' lang='lat' dir='ltr'>a</span> 
     </span>
     <span class='ocr_line' id='line_1_40' title="bbox 165 1604 1117 1646; baseline 0 -11"><span class='ocrx_word' id='word_1_351' title='bbox 165 1605 307 1635; x_wconf 84' lang='lat' dir='ltr'>censoriis</span> <span class='ocrx_word' id='word_1_352' title='bbox 316 1606 421 1634; x_wconf 89' lang='lat' dir='ltr'>ceteris</span> <span class='ocrx_word' id='word_1_353' title='bbox 435 1605 462 1634; x_wconf 89' lang='lat' dir='ltr'>le</span> <span class='ocrx_word' id='word_1_354' title='bbox 485 1605 550 1635; x_wconf 89' lang='lat' dir='ltr'>ibus</span> <span class='ocrx_word' id='word_1_355' title='bbox 559 1605 739 1636; x_wconf 89' lang='lat' dir='ltr'>recederent.</span> <span class='ocrx_word' id='word_1_356' title='bbox 764 1608 874 1636; x_wconf 89' lang='lat' dir='ltr'>Contra</span> <span class='ocrx_word' id='word_1_357' title='bbox 884 1604 963 1635; x_wconf 85' lang='lat' dir='ltr'>dixit</span> <span class='ocrx_word' id='word_1_358' title='bbox 972 1607 998 1634; x_wconf 89' lang='lat' dir='ltr'>is</span> <span class='ocrx_word' id='word_1_359' title='bbox 1008 1625 1017 1639; x_wconf 87' lang='lat'>,</span> <span class='ocrx_word' id='word_1_360' title='bbox 1041 1609 1055 1633; x_wconf 84' lang='lat'><em>5</em></span> <span class='ocrx_word' id='word_1_361' title='bbox 1064 1607 1117 1646; x_wconf 91' lang='lat' dir='ltr'>qui</span> 
     </span>
     <span class='ocr_line' id='line_1_41' title="bbox 163 1647 1118 1687; baseline 0 -11"><span class='ocrx_word' id='word_1_362' title='bbox 163 1647 231 1677; x_wconf 89' lang='lat' dir='ltr'>casu</span> <span class='ocrx_word' id='word_1_363' title='bbox 248 1654 313 1676; x_wconf 86' lang='lat' dir='ltr'>tum</span> <span class='ocrx_word' id='word_1_364' title='bbox 326 1649 436 1676; x_wconf 88' lang='lat' dir='ltr'>Romae</span> <span class='ocrx_word' id='word_1_365' title='bbox 467 1649 512 1676; x_wconf 93' lang='lat' dir='ltr'>uit</span> <span class='ocrx_word' id='word_1_366' title='bbox 528 1667 536 1680; x_wconf 92' lang='lat'>‚</span> <span class='ocrx_word' id='word_1_367' title='bbox 559 1655 629 1677; x_wconf 87' lang='lat' dir='ltr'>tuus</span> <span class='ocrx_word' id='word_1_368' title='bbox 646 1648 772 1687; x_wconf 88' lang='lat' dir='ltr'>hospes,</span> <span class='ocrx_word' id='word_1_369' title='bbox 789 1650 914 1680; x_wconf 85' lang='lat' dir='ltr'>Verres,</span> <span class='ocrx_word' id='word_1_370' title='bbox 929 1647 1054 1687; x_wconf 87' lang='lat' dir='ltr'>hospes,</span> <span class='ocrx_word' id='word_1_371' title='bbox 1069 1649 1118 1676; x_wconf 90' lang='lat' dir='ltr'>in-</span> 
     </span>
     <span class='ocr_line' id='line_1_42' title="bbox 163 1687 1118 1729; baseline 0 -11"><span class='ocrx_word' id='word_1_372' title='bbox 163 1698 266 1729; x_wconf 86' lang='lat' dir='ltr'>quam,</span> <span class='ocrx_word' id='word_1_373' title='bbox 280 1688 312 1718; x_wconf 92' lang='lat'>&amp;</span> <span class='ocrx_word' id='word_1_374' title='bbox 321 1687 477 1718; x_wconf 84' lang='lat' dir='ltr'>familiaris</span> <span class='ocrx_word' id='word_1_375' title='bbox 486 1697 552 1718; x_wconf 90' lang='lat' dir='ltr'>tuus</span> <span class='ocrx_word' id='word_1_376' title='bbox 565 1709 573 1721; x_wconf 92' lang='lat'><strong>‚</strong></span> <span class='ocrx_word' id='word_1_377' title='bbox 584 1690 725 1719; x_wconf 74' lang='lat' dir='ltr'>Sthenius</span> <span class='ocrx_word' id='word_1_378' title='bbox 735 1690 784 1719; x_wconf 94' lang='lat' dir='ltr'>hic</span> <span class='ocrx_word' id='word_1_379' title='bbox 793 1690 1017 1719; x_wconf 81' lang='lat' dir='ltr'>Thermitanus.</span> <span class='ocrx_word' id='word_1_380' title='bbox 1035 1691 1118 1719; x_wconf 94' lang='lat' dir='ltr'>Con-</span> 
     </span>
     <span class='ocr_line' id='line_1_43' title="bbox 165 1728 1119 1771; baseline 0.001 -12"><span class='ocrx_word' id='word_1_381' title='bbox 165 1730 241 1760; x_wconf 86' lang='lat' dir='ltr'>sules</span> <span class='ocrx_word' id='word_1_382' title='bbox 250 1730 364 1760; x_wconf 88' lang='lat' dir='ltr'>causam</span> <span class='ocrx_word' id='word_1_383' title='bbox 372 1739 580 1771; x_wconf 88' lang='lat' dir='ltr'>cognoverunt</span> <span class='ocrx_word' id='word_1_384' title='bbox 591 1741 596 1759; x_wconf 82' lang='lat' dir='ltr'><em>z</em></span> <span class='ocrx_word' id='word_1_385' title='bbox 606 1728 677 1760; x_wconf 76' lang='lat' dir='ltr'>cum</span> <span class='ocrx_word' id='word_1_386' title='bbox 687 1733 767 1760; x_wconf 90' lang='lat' dir='ltr'>viros</span> <span class='ocrx_word' id='word_1_387' title='bbox 776 1733 947 1771; x_wconf 87' lang='lat' dir='ltr'>primarios,</span> <span class='ocrx_word' id='word_1_388' title='bbox 958 1740 1044 1771; x_wconf 86' lang='lat' dir='ltr'>atque</span> <span class='ocrx_word' id='word_1_389' title='bbox 1054 1740 1119 1760; x_wconf 87' lang='lat' dir='ltr'>arn-</span> 
     </span>
     <span class='ocr_line' id='line_1_44' title="bbox 163 1770 1118 1811; baseline 0.001 -11"><span class='ocrx_word' id='word_1_390' title='bbox 163 1770 310 1811; x_wconf 85' lang='lat' dir='ltr'>pliffimos</span> <span class='ocrx_word' id='word_1_391' title='bbox 327 1772 455 1801; x_wconf 84' lang='lat' dir='ltr'>civitatis</span> <span class='ocrx_word' id='word_1_392' title='bbox 473 1772 586 1802; x_wconf 87' lang='lat' dir='ltr'>multos</span> <span class='ocrx_word' id='word_1_393' title='bbox 608 1774 641 1801; x_wconf 91' lang='lat' dir='ltr'>in</span> <span class='ocrx_word' id='word_1_394' title='bbox 660 1770 822 1802; x_wconf 88' lang='lat' dir='ltr'>confilium</span> <span class='ocrx_word' id='word_1_395' title='bbox 840 1771 1031 1802; x_wconf 79' lang='lat' dir='ltr'>advocassent</span> <span class='ocrx_word' id='word_1_396' title='bbox 1049 1792 1058 1806; x_wconf 92' lang='lat'>,</span> <span class='ocrx_word' id='word_1_397' title='bbox 1082 1771 1118 1802; x_wconf 93' lang='lat' dir='ltr'>de</span> 
     </span>
     <span class='ocr_line' id='line_1_45' title="bbox 165 1811 1117 1854; baseline 0 -12"><span class='ocrx_word' id='word_1_398' title='bbox 165 1811 282 1843; x_wconf 77' lang='lat' dir='ltr'>consilii</span> <span class='ocrx_word' id='word_1_399' title='bbox 292 1812 434 1843; x_wconf 89' lang='lat' dir='ltr'>sententia</span> <span class='ocrx_word' id='word_1_400' title='bbox 443 1816 685 1853; x_wconf 86' lang='lat' dir='ltr'>pronuntiarunt,</span> <span class='ocrx_word' id='word_1_401' title='bbox 684 1815 714 1854; x_wconf 76' lang='lat' dir='ltr'>ft·</span> <span class='ocrx_word' id='word_1_402' title='bbox 724 1814 780 1854; x_wconf 85' lang='lat' dir='ltr'>lege</span> <span class='ocrx_word' id='word_1_403' title='bbox 790 1814 937 1843; x_wconf 81' lang='lat' dir='ltr'>Hieronica</span> <span class='ocrx_word' id='word_1_404' title='bbox 950 1813 1117 1843; x_wconf 77' lang='lat' dir='ltr'>vendituros.</span> 
     </span>
     <span class='ocr_line' id='line_1_46' title="bbox 125 1853 1116 1895; baseline 0.001 -11"><span class='ocrx_word' id='word_1_405' title='bbox 125 1858 144 1892; x_wconf 80' lang='lat'><em>8</em></span> <span class='ocrx_word' id='word_1_406' title='bbox 164 1856 246 1884; x_wconf 89' lang='lat' dir='ltr'>Itane</span> <span class='ocrx_word' id='word_1_407' title='bbox 254 1863 326 1884; x_wconf 85' lang='lat' dir='ltr'>vero</span> <span class='ocrx_word' id='word_1_408' title='bbox 338 1857 348 1882; x_wconf 89' lang='lat'>?</span> <span class='ocrx_word' id='word_1_409' title='bbox 361 1853 582 1894; x_wconf 87' lang='lat' dir='ltr'>prudentiffimi</span> <span class='ocrx_word' id='word_1_410' title='bbox 592 1857 665 1888; x_wconf 89' lang='lat' dir='ltr'>viri,</span> <span class='ocrx_word' id='word_1_411' title='bbox 680 1856 798 1885; x_wconf 89' lang='lat' dir='ltr'>summa</span> <span class='ocrx_word' id='word_1_412' title='bbox 805 1854 978 1886; x_wconf 63' lang='lat' dir='ltr'>auetoritate</span> <span class='ocrx_word' id='word_1_413' title='bbox 988 1855 1116 1895; x_wconf 88' lang='lat' dir='ltr'>praediti,</span> 
     </span>
     <span class='ocr_line' id='line_1_47' title="bbox 164 1896 1116 1937; baseline 0.001 -12"><span class='ocrx_word' id='word_1_414' title='bbox 164 1896 274 1937; x_wconf 87' lang='lat' dir='ltr'>quibus</span> <span class='ocrx_word' id='word_1_415' title='bbox 289 1896 403 1925; x_wconf 73' lang='lat' dir='ltr'>{enatus</span> <span class='ocrx_word' id='word_1_416' title='bbox 413 1896 514 1936; x_wconf 87' lang='lat' dir='ltr'>legum</span> <span class='ocrx_word' id='word_1_417' title='bbox 524 1896 718 1927; x_wconf 86' lang='lat' dir='ltr'>dicendarum</span> <span class='ocrx_word' id='word_1_418' title='bbox 732 1899 765 1926; x_wconf 88' lang='lat' dir='ltr'>in</span> <span class='ocrx_word' id='word_1_419' title='bbox 778 1896 912 1927; x_wconf 87' lang='lat' dir='ltr'>locandis</span> <span class='ocrx_word' id='word_1_420' title='bbox 921 1896 1116 1937; x_wconf 72' lang='lat' dir='ltr'>vectigalibus</span> 
     </span>
     <span class='ocr_line' id='line_1_48' title="bbox 164 1936 1117 1979; baseline 0 -12"><span class='ocrx_word' id='word_1_421' title='bbox 164 1947 293 1967; x_wconf 89' lang='lat' dir='ltr'>omnem</span> <span class='ocrx_word' id='word_1_422' title='bbox 303 1936 477 1976; x_wconf 86' lang='lat' dir='ltr'>potestatem</span> <span class='ocrx_word' id='word_1_423' title='bbox 487 1938 858 1979; x_wconf 88' lang='lat' dir='ltr'>permiserat,populusque</span> <span class='ocrx_word' id='word_1_424' title='bbox 867 1940 1026 1967; x_wconf 86' lang='lat' dir='ltr'>Romanus</span> <span class='ocrx_word' id='word_1_425' title='bbox 1034 1938 1117 1968; x_wconf 90' lang='lat' dir='ltr'>idem</span> 
     </span>
     <span class='ocr_line' id='line_1_49' title="bbox 160 1976 1119 2020; baseline 0 -12"><span class='ocrx_word' id='word_1_426' title='bbox 160 1976 300 2020; x_wconf 81' lang='lat' dir='ltr'>jusserat,</span> <span class='ocrx_word' id='word_1_427' title='bbox 316 1978 416 2008; x_wconf 86' lang='lat' dir='ltr'>Siculo</span> <span class='ocrx_word' id='word_1_428' title='bbox 431 1988 494 2008; x_wconf 91' lang='lat' dir='ltr'>uno</span> <span class='ocrx_word' id='word_1_429' title='bbox 507 1979 658 2009; x_wconf 87' lang='lat' dir='ltr'>recusante</span> <span class='ocrx_word' id='word_1_430' title='bbox 668 1999 677 2012; x_wconf 89' lang='lat'>‚</span> <span class='ocrx_word' id='word_1_431' title='bbox 696 1989 765 2008; x_wconf 89' lang='lat' dir='ltr'>cum</span> <span class='ocrx_word' id='word_1_432' title='bbox 781 1977 1014 2018; x_wconf 86' lang='lat' dir='ltr'>amplificatione</span> <span class='ocrx_word' id='word_1_433' title='bbox 1021 1979 1119 2009; x_wconf 74' lang='grc' dir='ltr'>νεθιί-</span> 
     </span>
     <span class='ocr_line' id='line_1_50' title="bbox 162 2020 1119 2061; baseline 0.001 -12"><span class='ocrx_word' id='word_1_434' title='bbox 162 2020 276 2060; x_wconf 90' lang='lat' dir='ltr'>galium</span> <span class='ocrx_word' id='word_1_435' title='bbox 287 2040 296 2053; x_wconf 85' lang='lat'>,</span> <span class='ocrx_word' id='word_1_436' title='bbox 313 2029 428 2049; x_wconf 90' lang='lat' dir='ltr'>nomen</span> <span class='ocrx_word' id='word_1_437' title='bbox 439 2021 610 2049; x_wconf 79' lang='lat' dir='ltr'>Hieronicae</span> <span class='ocrx_word' id='word_1_438' title='bbox 619 2020 692 2061; x_wconf 84' lang='lat' dir='ltr'>legis</span> <span class='ocrx_word' id='word_1_439' title='bbox 703 2029 815 2050; x_wconf 86' lang='lat' dir='ltr'>mutare</span> <span class='ocrx_word' id='word_1_440' title='bbox 826 2021 1002 2050; x_wconf 87' lang='lat' dir='ltr'>noluerunt:</span> <span class='ocrx_word' id='word_1_441' title='bbox 1019 2029 1051 2050; x_wconf 93' lang='lat' dir='ltr'>tu</span> <span class='ocrx_word' id='word_1_442' title='bbox 1061 2021 1119 2050; x_wconf 92' lang='lat' dir='ltr'>ho—</span> 
     </span>
     <span class='ocr_line' id='line_1_51' title="bbox 164 2059 1118 2102; baseline -0.001 -11"><span class='ocrx_word' id='word_1_443' title='bbox 164 2071 220 2091; x_wconf 89' lang='lat' dir='ltr'>mo</span> <span class='ocrx_word' id='word_1_444' title='bbox 229 2060 353 2090; x_wconf 85' lang='lat' dir='ltr'>minimi</span> <span class='ocrx_word' id='word_1_445' title='bbox 365 2059 481 2090; x_wconf 84' lang='lat' dir='ltr'>consilii</span> <span class='ocrx_word' id='word_1_446' title='bbox 492 2081 500 2094; x_wconf 92' lang='lat'>,</span> <span class='ocrx_word' id='word_1_447' title='bbox 512 2061 626 2090; x_wconf 91' lang='lat' dir='ltr'>nullius</span> <span class='ocrx_word' id='word_1_448' title='bbox 634 2061 817 2091; x_wconf 62' lang='lat' dir='ltr'>austeritatis</span> <span class='ocrx_word' id='word_1_449' title='bbox 827 2082 834 2094; x_wconf 88' lang='lat'>,</span> <span class='ocrx_word' id='word_1_450' title='bbox 848 2060 1056 2102; x_wconf 78' lang='lat' dir='ltr'>injuffupopuli</span> <span class='ocrx_word' id='word_1_451' title='bbox 1066 2082 1074 2094; x_wconf 92' lang='lat'>,</span> <span class='ocrx_word' id='word_1_452' title='bbox 1084 2072 1118 2090; x_wconf 84' lang='lat' dir='ltr'>ac</span> 
     </span>
     <span class='ocr_line' id='line_1_52' title="bbox 155 2102 1116 2143; baseline 0.001 -11"><span class='ocrx_word' id='word_1_453' title='bbox 155 2103 289 2143; x_wconf 74' lang='lat' dir='ltr'>senatus,</span> <span class='ocrx_word' id='word_1_454' title='bbox 305 2102 472 2132; x_wconf 78' lang='lat' dir='ltr'>totaSicilia</span> <span class='ocrx_word' id='word_1_455' title='bbox 489 2103 657 2136; x_wconf 87' lang='lat' dir='ltr'>recusante,</span> <span class='ocrx_word' id='word_1_456' title='bbox 676 2113 747 2132; x_wconf 89' lang='lat' dir='ltr'>cum</span> <span class='ocrx_word' id='word_1_457' title='bbox 765 2105 902 2133; x_wconf 86' lang='lat' dir='ltr'>maximo</span> <span class='ocrx_word' id='word_1_458' title='bbox 921 2103 1116 2137; x_wconf 89' lang='lat' dir='ltr'>detrimento,</span> 
     </span>
     <span class='ocr_line' id='line_1_53' title="bbox 161 2142 1114 2185; baseline 0.001 -11"><span class='ocrx_word' id='word_1_459' title='bbox 161 2153 248 2185; x_wconf 87' lang='lat' dir='ltr'>atque</span> <span class='ocrx_word' id='word_1_460' title='bbox 256 2142 330 2173; x_wconf 75' lang='lat' dir='ltr'>adeo</span> <span class='ocrx_word' id='word_1_461' title='bbox 339 2145 435 2173; x_wconf 86' lang='lat' dir='ltr'>exitio</span> <span class='ocrx_word' id='word_1_462' title='bbox 448 2143 639 2183; x_wconf 66' lang='lat' dir='ltr'>veEHgaliurn</span> <span class='ocrx_word' id='word_1_463' title='bbox 651 2163 660 2177; x_wconf 90' lang='lat'>,</span> <span class='ocrx_word' id='word_1_464' title='bbox 679 2142 694 2163; x_wconf 85' lang='lat'><strong><em>⁶</em></strong></span> <span class='ocrx_word' id='word_1_465' title='bbox 706 2153 798 2174; x_wconf 90' lang='lat' dir='ltr'>totam</span> <span class='ocrx_word' id='word_1_466' title='bbox 812 2146 1006 2174; x_wconf 83' lang='lat' dir='ltr'>Hieronicam</span> <span class='ocrx_word' id='word_1_467' title='bbox 1018 2145 1114 2184; x_wconf 87' lang='lat' dir='ltr'>legem</span> 
     </span>
     <span class='ocr_line' id='line_1_54' title="bbox 162 2184 1115 2226; baseline -0.001 -10"><span class='ocrx_word' id='word_1_468' title='bbox 162 2184 318 2216; x_wconf 78' lang='lat' dir='ltr'>sustulisti.</span> <span class='ocrx_word' id='word_1_469' title='bbox 340 2188 379 2214; x_wconf 88' lang='lat' dir='ltr'>At</span> <span class='ocrx_word' id='word_1_470' title='bbox 387 2194 476 2225; x_wconf 91' lang='lat' dir='ltr'>quam</span> <span class='ocrx_word' id='word_1_471' title='bbox 489 2185 583 2226; x_wconf 86' lang='lat' dir='ltr'>legem</span> <span class='ocrx_word' id='word_1_472' title='bbox 594 2187 714 2225; x_wconf 86' lang='lat' dir='ltr'>corrigit</span> <span class='ocrx_word' id='word_1_473' title='bbox 723 2205 731 2218; x_wconf 89' lang='lat'>,</span> <span class='ocrx_word' id='word_1_474' title='bbox 746 2186 754 2223; x_wconf 81' lang='lat' dir='ltr'>j</span> <span class='ocrx_word' id='word_1_475' title='bbox 759 2185 859 2216; x_wconf 88' lang='lat' dir='ltr'>udices</span> <span class='ocrx_word' id='word_1_476' title='bbox 868 2205 876 2218; x_wconf 85' lang='lat'>,</span> <span class='ocrx_word' id='word_1_477' title='bbox 887 2194 973 2226; x_wconf 90' lang='lat' dir='ltr'>atque</span> <span class='ocrx_word' id='word_1_478' title='bbox 983 2185 1057 2215; x_wconf 74' lang='lat' dir='ltr'>adeo</span> <span class='ocrx_word' id='word_1_479' title='bbox 1069 2195 1115 2215; x_wconf 89' lang='lat' dir='ltr'>to-</span> 
     </span>
     <span class='ocr_line' id='line_1_55' title="bbox 162 2224 1113 2267; baseline -0.001 -10"><span class='ocrx_word' id='word_1_480' title='bbox 162 2235 223 2257; x_wconf 84' lang='lat' dir='ltr'>tam</span> <span class='ocrx_word' id='word_1_481' title='bbox 243 2226 324 2257; x_wconf 89' lang='lat' dir='ltr'>tollit</span> <span class='ocrx_word' id='word_1_482' title='bbox 337 2227 346 2252; x_wconf 90' lang='lat'><strong>?</strong></span> <span class='ocrx_word' id='word_1_483' title='bbox 367 2224 530 2256; x_wconf 79' lang='lat' dir='ltr'>acutiffime</span> <span class='ocrx_word' id='word_1_484' title='bbox 545 2246 553 2259; x_wconf 91' lang='lat'>,</span> <span class='ocrx_word' id='word_1_485' title='bbox 576 2236 609 2256; x_wconf 85' lang='lat' dir='ltr'>ac</span> <span class='ocrx_word' id='word_1_486' title='bbox 628 2225 851 2267; x_wconf 78' lang='lat' dir='ltr'>diligentiffirne</span> <span class='ocrx_word' id='word_1_487' title='bbox 869 2227 1005 2267; x_wconf 86' lang='lat' dir='ltr'>scriptam</span> <span class='ocrx_word' id='word_1_488' title='bbox 1021 2237 1026 2255; x_wconf 78' lang='lat' dir='ltr'>z</span> <span class='ocrx_word' id='word_1_489' title='bbox 1049 2237 1113 2267; x_wconf 83' lang='lat' dir='ltr'>quae</span> 
     </span>
     <span class='ocr_line' id='line_1_56' title="bbox 163 2266 1116 2305; baseline -0.001 -6"><span class='ocrx_word' id='word_1_490' title='bbox 163 2267 306 2299; x_wconf 78' lang='lat' dir='ltr'>omnibus</span> <span class='ocrx_word' id='word_1_491' title='bbox 316 2266 458 2297; x_wconf 84' lang='lat' dir='ltr'>custodiis</span> <span class='ocrx_word' id='word_1_492' title='bbox 467 2267 635 2305; x_wconf 61' lang='lat' dir='ltr'>subjefitum</span> <span class='ocrx_word' id='word_1_493' title='bbox 645 2278 788 2298; x_wconf 83' lang='lat' dir='ltr'>aratorem</span> <span class='ocrx_word' id='word_1_494' title='bbox 799 2268 968 2298; x_wconf 80' lang='lat' dir='ltr'>decumano</span> <span class='ocrx_word' id='word_1_495' title='bbox 977 2268 1073 2302; x_wconf 77' lang='lat' dir='ltr'>tradit,</span> <span class='ocrx_word' id='word_1_496' title='bbox 1084 2278 1116 2298; x_wconf 87' lang='lat' dir='ltr'>ut</span> 
     </span>
     <span class='ocr_line' id='line_1_57' title="bbox 162 2309 1115 2351; baseline 0 -12"><span class='ocrx_word' id='word_1_497' title='bbox 162 2320 258 2350; x_wconf 90' lang='lat' dir='ltr'>neque</span> <span class='ocrx_word' id='word_1_498' title='bbox 270 2311 302 2339; x_wconf 91' lang='lat' dir='ltr'>in</span> <span class='ocrx_word' id='word_1_499' title='bbox 313 2309 457 2350; x_wconf 87' lang='lat' dir='ltr'>segetibus</span> <span class='ocrx_word' id='word_1_500' title='bbox 467 2329 476 2343; x_wconf 83' lang='lat'>,</span> <span class='ocrx_word' id='word_1_501' title='bbox 492 2319 590 2350; x_wconf 86' lang='lat' dir='ltr'>neque</span> <span class='ocrx_word' id='word_1_502' title='bbox 600 2312 633 2339; x_wconf 91' lang='lat' dir='ltr'>in</span> <span class='ocrx_word' id='word_1_503' title='bbox 641 2312 714 2339; x_wconf 86' lang='lat' dir='ltr'>areis</span> <span class='ocrx_word' id='word_1_504' title='bbox 724 2330 733 2343; x_wconf 93' lang='lat'>,</span> <span class='ocrx_word' id='word_1_505' title='bbox 753 2320 850 2351; x_wconf 88' lang='lat' dir='ltr'>neque</span> <span class='ocrx_word' id='word_1_506' title='bbox 860 2312 891 2339; x_wconf 92' lang='lat' dir='ltr'>in</span> <span class='ocrx_word' id='word_1_507' title='bbox 904 2311 1017 2340; x_wconf 87' lang='lat' dir='ltr'>horreis</span> <span class='ocrx_word' id='word_1_508' title='bbox 1030 2330 1039 2343; x_wconf 84' lang='lat'>,</span> <span class='ocrx_word' id='word_1_509' title='bbox 1062 2320 1115 2340; x_wconf 85' lang='lat' dir='ltr'>ne-</span> 
     </span>
     <span class='ocr_line' id='line_1_58' title="bbox 162 2350 1116 2393; baseline 0 -12"><span class='ocrx_word' id='word_1_510' title='bbox 162 2361 221 2392; x_wconf 91' lang='lat' dir='ltr'>que</span> <span class='ocrx_word' id='word_1_511' title='bbox 230 2353 260 2381; x_wconf 92' lang='lat' dir='ltr'>in</span> <span class='ocrx_word' id='word_1_512' title='bbox 270 2350 443 2381; x_wconf 88' lang='lat' dir='ltr'>amovendo</span> <span class='ocrx_word' id='word_1_513' title='bbox 453 2371 461 2384; x_wconf 92' lang='lat'>‚</span> <span class='ocrx_word' id='word_1_514' title='bbox 482 2361 578 2391; x_wconf 88' lang='lat' dir='ltr'>neque</span> <span class='ocrx_word' id='word_1_515' title='bbox 593 2352 625 2380; x_wconf 88' lang='lat' dir='ltr'>in</span> <span class='ocrx_word' id='word_1_516' title='bbox 639 2351 817 2391; x_wconf 85' lang='lat' dir='ltr'>asportando</span> <span class='ocrx_word' id='word_1_517' title='bbox 832 2351 985 2381; x_wconf 83' lang='lat' dir='ltr'>frumento</span> <span class='ocrx_word' id='word_1_518' title='bbox 995 2372 1003 2385; x_wconf 90' lang='lat'>‚</span> <span class='ocrx_word' id='word_1_519' title='bbox 1024 2362 1116 2393; x_wconf 87' lang='lat' dir='ltr'>grano</span> 
     </span>
     <span class='ocr_line' id='line_1_59' title="bbox 161 2390 1115 2433; baseline -0.002 -10"><span class='ocrx_word' id='word_1_520' title='bbox 161 2402 226 2423; x_wconf 86' lang='lat' dir='ltr'>uno</span> <span class='ocrx_word' id='word_1_521' title='bbox 234 2391 329 2433; x_wconf 83' lang='lat' dir='ltr'>poffet</span> <span class='ocrx_word' id='word_1_522' title='bbox 334 2400 438 2426; x_wconf 83' lang='lat' dir='ltr'>arator,</span> <span class='ocrx_word' id='word_1_523' title='bbox 449 2390 510 2422; x_wconf 81' lang='lat' dir='ltr'>fine</span> <span class='ocrx_word' id='word_1_524' title='bbox 520 2395 654 2423; x_wconf 76' lang='lat' dir='ltr'>maxima</span> <span class='ocrx_word' id='word_1_525' title='bbox 661 2402 749 2433; x_wconf 86' lang='lat' dir='ltr'>poena</span> <span class='ocrx_word' id='word_1_526' title='bbox 758 2392 891 2424; x_wconf 87' lang='lat' dir='ltr'>fraudare</span> <span class='ocrx_word' id='word_1_527' title='bbox 901 2393 1115 2424; x_wconf 86' lang='lat' dir='ltr'>decumanum.</span> 
     </span>
    </p>
   </div>
   <div class='ocr_carea' id='block_1_5' title="bbox 1141 201 1155 2273">
    <p class='ocr_par' dir='ltr' id='par_1_5' title="bbox 1141 201 1155 2273">
     <span class='ocr_line' id='line_1_60' title="bbox 1141 201 1155 2273; baseline 0 0"><span class='ocrx_word' id='word_1_528' title='bbox 1141 201 1155 2273; x_wconf 95' lang='lat' dir='ltr'> </span> 
     </span>
    </p>
   </div>
   <div class='ocr_carea' id='block_1_6' title="bbox 2032 120 2128 183">
    <p class='ocr_par' dir='ltr' id='par_1_6' title="bbox 2032 120 2128 183">
     <span class='ocr_line' id='line_1_61' title="bbox 2032 120 2128 183; baseline -0.01 -17"><span class='ocrx_word' id='word_1_529' title='bbox 2032 120 2128 183; x_wconf 83' lang='lat'>269</span> 
     </span>
    </p>
   </div>
   <div class='ocr_carea' id='block_1_7' title="bbox 1173 193 2133 776">
    <p class='ocr_par' dir='ltr' id='par_1_7' title="bbox 1173 193 2133 776">
     <span class='ocr_line' id='line_1_62' title="bbox 1174 193 2128 237; baseline 0.002 -12"><span class='ocrx_word' id='word_1_530' title='bbox 1174 195 1285 235; x_wconf 85' lang='lat' dir='ltr'>Scripta</span> <span class='ocrx_word' id='word_1_531' title='bbox 1294 196 1344 226; x_wconf 86' lang='lat' dir='ltr'>lex</span> <span class='ocrx_word' id='word_1_532' title='bbox 1355 197 1394 227; x_wconf 85' lang='lat' dir='ltr'>ita</span> <span class='ocrx_word' id='word_1_533' title='bbox 1403 195 1563 237; x_wconf 87' lang='lat' dir='ltr'>diligenter</span> <span class='ocrx_word' id='word_1_534' title='bbox 1570 194 1614 226; x_wconf 82' lang='lat' dir='ltr'>est</span> <span class='ocrx_word' id='word_1_535' title='bbox 1623 214 1632 229; x_wconf 83' lang='lat'>,</span> <span class='ocrx_word' id='word_1_536' title='bbox 1646 201 1680 227; x_wconf 87' lang='lat' dir='ltr'>ut</span> <span class='ocrx_word' id='word_1_537' title='bbox 1688 202 1758 226; x_wconf 85' lang='lat' dir='ltr'>eum</span> <span class='ocrx_word' id='word_1_538' title='bbox 1769 193 1905 235; x_wconf 72' lang='lat' dir='ltr'>scripsisse</span> <span class='ocrx_word' id='word_1_539' title='bbox 1913 202 2046 235; x_wconf 82' lang='lat' dir='ltr'>appareat</span> <span class='ocrx_word' id='word_1_540' title='bbox 2053 214 2061 227; x_wconf 83' lang='lat'><em>‚</em></span> <span class='ocrx_word' id='word_1_541' title='bbox 2074 197 2128 235; x_wconf 81' lang='lat' dir='ltr'>qui</span> 
     </span>
     <span class='ocr_line' id='line_1_63' title="bbox 1175 236 2132 279; baseline -0.001 -13"><span class='ocrx_word' id='word_1_542' title='bbox 1175 237 1230 266; x_wconf 87' lang='lat' dir='ltr'>alia</span> <span class='ocrx_word' id='word_1_543' title='bbox 1239 236 1395 279; x_wconf 69' lang='lat' dir='ltr'>ve&amp;igalia</span> <span class='ocrx_word' id='word_1_544' title='bbox 1404 248 1467 268; x_wconf 88' lang='lat' dir='ltr'>non</span> <span class='ocrx_word' id='word_1_545' title='bbox 1477 238 1597 268; x_wconf 87' lang='lat' dir='ltr'>haberet</span> <span class='ocrx_word' id='word_1_546' title='bbox 1608 248 1613 266; x_wconf 88' lang='lat'>:</span> <span class='ocrx_word' id='word_1_547' title='bbox 1627 239 1667 267; x_wconf 85' lang='lat' dir='ltr'>ita</span> <span class='ocrx_word' id='word_1_548' title='bbox 1676 236 1760 267; x_wconf 70' lang='lat' dir='ltr'>acute</span> <span class='ocrx_word' id='word_1_549' title='bbox 1772 256 1781 270; x_wconf 83' lang='lat'>‚</span> <span class='ocrx_word' id='word_1_550' title='bbox 1792 246 1825 267; x_wconf 87' lang='lat' dir='ltr'>ut</span> <span class='ocrx_word' id='word_1_551' title='bbox 1833 237 1968 267; x_wconf 90' lang='lat' dir='ltr'>Siculum</span> <span class='ocrx_word' id='word_1_552' title='bbox 1980 247 1985 265; x_wconf 77' lang='lat'>2</span> <span class='ocrx_word' id='word_1_553' title='bbox 1999 238 2037 267; x_wconf 85' lang='lat' dir='ltr'>ita</span> <span class='ocrx_word' id='word_1_554' title='bbox 2048 237 2132 266; x_wconf 88' lang='lat' dir='ltr'>seve-</span> 
     </span>
     <span class='ocr_line' id='line_1_64' title="bbox 1175 277 2130 320; baseline 0 -13"><span class='ocrx_word' id='word_1_555' title='bbox 1175 277 1208 307; x_wconf 79' lang='lat' dir='ltr'>re</span> <span class='ocrx_word' id='word_1_556' title='bbox 1220 298 1228 310; x_wconf 88' lang='lat'>,</span> <span class='ocrx_word' id='word_1_557' title='bbox 1241 287 1274 308; x_wconf 88' lang='lat' dir='ltr'>ut</span> <span class='ocrx_word' id='word_1_558' title='bbox 1291 288 1454 318; x_wconf 83' lang='lat' dir='ltr'>tyrannum</span> <span class='ocrx_word' id='word_1_559' title='bbox 1467 290 1472 308; x_wconf 89' lang='lat'>:</span> <span class='ocrx_word' id='word_1_560' title='bbox 1490 289 1548 320; x_wconf 83' lang='lat' dir='ltr'>qua</span> <span class='ocrx_word' id='word_1_561' title='bbox 1563 280 1627 320; x_wconf 82' lang='lat' dir='ltr'>lege</span> <span class='ocrx_word' id='word_1_562' title='bbox 1635 279 1742 310; x_wconf 86' lang='lat' dir='ltr'>Siculis</span> <span class='ocrx_word' id='word_1_563' title='bbox 1755 288 1857 309; x_wconf 87' lang='lat' dir='ltr'>tamen</span> <span class='ocrx_word' id='word_1_564' title='bbox 1875 288 1951 309; x_wconf 83' lang='lat' dir='ltr'>arare</span> <span class='ocrx_word' id='word_1_565' title='bbox 1965 277 2130 318; x_wconf 85' lang='lat' dir='ltr'>expediret.</span> 
     </span>
     <span class='ocr_line' id='line_1_65' title="bbox 1176 320 2132 362; baseline 0 -14"><span class='ocrx_word' id='word_1_566' title='bbox 1176 328 1246 348; x_wconf 87' lang='lat' dir='ltr'>nam</span> <span class='ocrx_word' id='word_1_567' title='bbox 1259 322 1298 349; x_wconf 91' lang='lat' dir='ltr'>ita</span> <span class='ocrx_word' id='word_1_568' title='bbox 1308 320 1466 362; x_wconf 86' lang='lat' dir='ltr'>diligenter</span> <span class='ocrx_word' id='word_1_569' title='bbox 1486 326 1500 350; x_wconf 92' lang='lat'><em>7</em></span> <span class='ocrx_word' id='word_1_570' title='bbox 1510 320 1671 351; x_wconf 86' lang='lat' dir='ltr'>constituta</span> <span class='ocrx_word' id='word_1_571' title='bbox 1681 321 1698 350; x_wconf 93' lang='lat' dir='ltr'>s</span> <span class='ocrx_word' id='word_1_572' title='bbox 1694 321 1748 351; x_wconf 77' lang='lat' dir='ltr'>unt</span> <span class='ocrx_word' id='word_1_573' title='bbox 1760 320 1826 359; x_wconf 73' lang='lat' dir='ltr'>jum</span> <span class='ocrx_word' id='word_1_574' title='bbox 1839 320 2008 350; x_wconf 80' lang='lat' dir='ltr'>decumano</span> <span class='ocrx_word' id='word_1_575' title='bbox 2019 340 2027 353; x_wconf 89' lang='lat'>,</span> <span class='ocrx_word' id='word_1_576' title='bbox 2047 328 2080 348; x_wconf 90' lang='lat' dir='ltr'>ut</span> <span class='ocrx_word' id='word_1_577' title='bbox 2089 328 2132 349; x_wconf 82' lang='lat' dir='ltr'>ta-</span> 
     </span>
     <span class='ocr_line' id='line_1_66' title="bbox 1176 359 2130 402; baseline 0.002 -14"><span class='ocrx_word' id='word_1_578' title='bbox 1176 369 1247 389; x_wconf 86' lang='lat' dir='ltr'>men</span> <span class='ocrx_word' id='word_1_579' title='bbox 1256 361 1292 390; x_wconf 84' lang='lat' dir='ltr'>ab</span> <span class='ocrx_word' id='word_1_580' title='bbox 1306 363 1397 390; x_wconf 74' lang='lat' dir='ltr'>invito</span> <span class='ocrx_word' id='word_1_581' title='bbox 1407 370 1516 391; x_wconf 77' lang='lat' dir='ltr'>aratore</span> <span class='ocrx_word' id='word_1_582' title='bbox 1528 363 1595 402; x_wconf 84' lang='lat' dir='ltr'>plus</span> <span class='ocrx_word' id='word_1_583' title='bbox 1605 362 1730 393; x_wconf 87' lang='lat' dir='ltr'>decuma</span> <span class='ocrx_word' id='word_1_584' title='bbox 1740 372 1803 392; x_wconf 87' lang='lat' dir='ltr'>non</span> <span class='ocrx_word' id='word_1_585' title='bbox 1813 360 1899 402; x_wconf 87' lang='lat' dir='ltr'>poffit</span> <span class='ocrx_word' id='word_1_586' title='bbox 1906 361 2023 391; x_wconf 87' lang='lat' dir='ltr'>auferri.</span> <span class='ocrx_word' id='word_1_587' title='bbox 2050 359 2130 391; x_wconf 74' lang='lat' dir='ltr'>cum</span> 
     </span>
     <span class='ocr_line' id='line_1_67' title="bbox 1175 399 2127 443; baseline 0.003 -14"><span class='ocrx_word' id='word_1_588' title='bbox 1175 401 1238 430; x_wconf 84' lang='lat' dir='ltr'>haec</span> <span class='ocrx_word' id='word_1_589' title='bbox 1255 400 1349 432; x_wconf 83' lang='lat' dir='ltr'>effent</span> <span class='ocrx_word' id='word_1_590' title='bbox 1366 405 1405 433; x_wconf 84' lang='lat' dir='ltr'>ita</span> <span class='ocrx_word' id='word_1_591' title='bbox 1423 402 1599 437; x_wconf 81' lang='lat' dir='ltr'>constituta,</span> <span class='ocrx_word' id='word_1_592' title='bbox 1619 406 1726 433; x_wconf 89' lang='lat' dir='ltr'>Verres</span> <span class='ocrx_word' id='word_1_593' title='bbox 1748 399 1761 423; x_wconf 77' lang='grc'><strong>3</strong></span> <span class='ocrx_word' id='word_1_594' title='bbox 1772 412 1816 434; x_wconf 87' lang='lat' dir='ltr'>tot</span> <span class='ocrx_word' id='word_1_595' title='bbox 1829 405 1933 437; x_wconf 70' lang='lat' dir='ltr'>amns,</span> <span class='ocrx_word' id='word_1_596' title='bbox 1950 412 2036 443; x_wconf 86' lang='lat' dir='ltr'>atque</span> <span class='ocrx_word' id='word_1_597' title='bbox 2051 401 2127 432; x_wconf 75' lang='lat' dir='ltr'>adeo</span> 
     </span>
     <span class='ocr_line' id='line_1_68' title="bbox 1174 442 2132 485; baseline 0.004 -15"><span class='ocrx_word' id='word_1_598' title='bbox 1174 442 1289 472; x_wconf 81' lang='lat' dir='ltr'>saeculis</span> <span class='ocrx_word' id='word_1_599' title='bbox 1306 445 1447 474; x_wconf 68' lang='lat' dir='ltr'>inventus</span> <span class='ocrx_word' id='word_1_600' title='bbox 1458 444 1497 475; x_wconf 89' lang='lat' dir='ltr'>est</span> <span class='ocrx_word' id='word_1_601' title='bbox 1508 465 1516 478; x_wconf 97' lang='lat'>,</span> <span class='ocrx_word' id='word_1_602' title='bbox 1538 447 1590 485; x_wconf 91' lang='lat' dir='ltr'>qui</span> <span class='ocrx_word' id='word_1_603' title='bbox 1602 446 1665 475; x_wconf 84' lang='lat' dir='ltr'>haec</span> <span class='ocrx_word' id='word_1_604' title='bbox 1676 455 1739 475; x_wconf 91' lang='lat' dir='ltr'>non</span> <span class='ocrx_word' id='word_1_605' title='bbox 1749 453 1950 475; x_wconf 85' lang='lat' dir='ltr'>commutaret</span> <span class='ocrx_word' id='word_1_606' title='bbox 1960 465 1968 478; x_wconf 87' lang='lat'>‚</span> <span class='ocrx_word' id='word_1_607' title='bbox 1988 444 2037 474; x_wconf 88' lang='lat' dir='ltr'>sed</span> <span class='ocrx_word' id='word_1_608' title='bbox 2047 453 2132 474; x_wconf 83' lang='lat' dir='ltr'>ever-</span> 
     </span>
     <span class='ocr_line' id='line_1_69' title="bbox 1173 487 2133 525; baseline 0.004 -14"><span class='ocrx_word' id='word_1_609' title='bbox 1173 491 1248 513; x_wconf 83' lang='lat' dir='ltr'>teret</span> <span class='ocrx_word' id='word_1_610' title='bbox 1259 493 1263 512; x_wconf 87' lang='lat'>:</span> <span class='ocrx_word' id='word_1_611' title='bbox 1274 494 1365 524; x_wconf 85' lang='lat' dir='ltr'>eaque</span> <span class='ocrx_word' id='word_1_612' title='bbox 1377 504 1384 518; x_wconf 84' lang='lat'>,</span> <span class='ocrx_word' id='word_1_613' title='bbox 1396 495 1462 525; x_wconf 84' lang='lat' dir='ltr'>quae</span> <span class='ocrx_word' id='word_1_614' title='bbox 1474 487 1588 523; x_wconf 82' lang='lat' dir='ltr'>jamdiu</span> <span class='ocrx_word' id='word_1_615' title='bbox 1597 487 1764 517; x_wconf 84' lang='lat' dir='ltr'>adsalutem</span> <span class='ocrx_word' id='word_1_616' title='bbox 1776 487 1926 517; x_wconf 87' lang='lat' dir='ltr'>sociorum</span> <span class='ocrx_word' id='word_1_617' title='bbox 1937 506 1945 519; x_wconf 86' lang='lat'><em>‚</em></span> <span class='ocrx_word' id='word_1_618' title='bbox 1956 487 2133 516; x_wconf 78' lang='lat' dir='ltr'>utilitatem·-</span> 
     </span>
     <span class='ocr_line' id='line_1_70' title="bbox 1174 525 2132 568; baseline 0.003 -15"><span class='ocrx_word' id='word_1_619' title='bbox 1174 534 1232 564; x_wconf 89' lang='lat' dir='ltr'>que</span> <span class='ocrx_word' id='word_1_620' title='bbox 1245 525 1360 564; x_wconf 84' lang='lat' dir='ltr'>reipub.</span> <span class='ocrx_word' id='word_1_621' title='bbox 1372 526 1550 565; x_wconf 83' lang='lat' dir='ltr'>composita,</span> <span class='ocrx_word' id='word_1_622' title='bbox 1570 537 1793 568; x_wconf 73' lang='lat' dir='ltr'>compar-amque</span> <span class='ocrx_word' id='word_1_623' title='bbox 1806 526 1916 561; x_wconf 77' lang='lat' dir='ltr'>essent,</span> <span class='ocrx_word' id='word_1_624' title='bbox 1936 528 1972 558; x_wconf 88' lang='lat' dir='ltr'>ad</span> <span class='ocrx_word' id='word_1_625' title='bbox 1989 528 2056 557; x_wconf 87' lang='lat' dir='ltr'>suos</span> <span class='ocrx_word' id='word_1_626' title='bbox 2070 528 2132 556; x_wconf 84' lang='lat' dir='ltr'>im·-</span> 
     </span>
     <span class='ocr_line' id='line_1_71' title="bbox 1174 565 2131 610; baseline 0.004 -15"><span class='ocrx_word' id='word_1_627' title='bbox 1174 565 1366 605; x_wconf 81' lang='lat' dir='ltr'>probiffimos</span> <span class='ocrx_word' id='word_1_628' title='bbox 1383 566 1496 607; x_wconf 74' lang='lat' dir='ltr'>quaestus</span> <span class='ocrx_word' id='word_1_629' title='bbox 1510 577 1694 598; x_wconf 74' lang='lat' dir='ltr'>converteret:</span> <span class='ocrx_word' id='word_1_630' title='bbox 1707 572 1758 610; x_wconf 78' lang='lat' dir='ltr'>qui</span> <span class='ocrx_word' id='word_1_631' title='bbox 1777 568 1912 609; x_wconf 74' lang='lat' dir='ltr'>primum</span> <span class='ocrx_word' id='word_1_632' title='bbox 1927 578 2023 599; x_wconf 85' lang='lat' dir='ltr'>certos</span> <span class='ocrx_word' id='word_1_633' title='bbox 2042 568 2131 599; x_wconf 81' lang='lat' dir='ltr'>insti-</span> 
     </span>
     <span class='ocr_line' id='line_1_72' title="bbox 1174 608 2132 644; baseline 0.004 -8"><span class='ocrx_word' id='word_1_634' title='bbox 1174 609 1401 638; x_wconf 86' lang='lat' dir='ltr'>tueritnomine</span> <span class='ocrx_word' id='word_1_635' title='bbox 1421 608 1604 639; x_wconf 85' lang='lat' dir='ltr'>decumanos</span> <span class='ocrx_word' id='word_1_636' title='bbox 1616 629 1623 642; x_wconf 87' lang='lat'>‚</span> <span class='ocrx_word' id='word_1_637' title='bbox 1638 621 1666 639; x_wconf 86' lang='lat' dir='ltr'>re</span> <span class='ocrx_word' id='word_1_638' title='bbox 1677 621 1744 640; x_wconf 83' lang='lat' dir='ltr'>vera</span> <span class='ocrx_word' id='word_1_639' title='bbox 1762 610 1916 641; x_wconf 87' lang='lat' dir='ltr'>ministros</span> <span class='ocrx_word' id='word_1_640' title='bbox 1927 632 1934 644; x_wconf 85' lang='lat'>‚</span> <span class='ocrx_word' id='word_1_641' title='bbox 1950 621 1982 640; x_wconf 87' lang='lat' dir='ltr'>ac</span> <span class='ocrx_word' id='word_1_642' title='bbox 1992 611 2132 640; x_wconf 82' lang='lat' dir='ltr'>satellites</span> 
     </span>
     <span class='ocr_line' id='line_1_73' title="bbox 1175 648 2130 692; baseline 0.004 -14"><span class='ocrx_word' id='word_1_643' title='bbox 1175 648 1374 688; x_wconf 82' lang='lat' dir='ltr'>cupiditatum</span> <span class='ocrx_word' id='word_1_644' title='bbox 1393 650 1511 679; x_wconf 88' lang='lat' dir='ltr'>suarum</span> <span class='ocrx_word' id='word_1_645' title='bbox 1526 661 1530 678; x_wconf 91' lang='lat'>:</span> <span class='ocrx_word' id='word_1_646' title='bbox 1550 661 1601 690; x_wconf 88' lang='lat' dir='ltr'>per</span> <span class='ocrx_word' id='word_1_647' title='bbox 1617 661 1691 691; x_wconf 87' lang='lat' dir='ltr'>quos</span> <span class='ocrx_word' id='word_1_648' title='bbox 1713 651 1866 682; x_wconf 77' lang='lat' dir='ltr'>ostendam</span> <span class='ocrx_word' id='word_1_649' title='bbox 1885 651 1920 682; x_wconf 76' lang='lat' dir='ltr'>sic</span> <span class='ocrx_word' id='word_1_650' title='bbox 1941 654 2130 692; x_wconf 82' lang='lat' dir='ltr'>provinciam</span> 
     </span>
     <span class='ocr_line' id='line_1_74' title="bbox 1173 692 2129 732; baseline 0.005 -13"><span class='ocrx_word' id='word_1_651' title='bbox 1173 700 1226 730; x_wconf 86' lang='lat' dir='ltr'>per</span> <span class='ocrx_word' id='word_1_652' title='bbox 1236 692 1403 720; x_wconf 87' lang='lat' dir='ltr'>triennium</span> <span class='ocrx_word' id='word_1_653' title='bbox 1418 701 1555 721; x_wconf 75' lang='lat' dir='ltr'>vexatam</span> <span class='ocrx_word' id='word_1_654' title='bbox 1569 712 1577 724; x_wconf 81' lang='lat'>,</span> <span class='ocrx_word' id='word_1_655' title='bbox 1591 701 1677 732; x_wconf 81' lang='lat' dir='ltr'>atque</span> <span class='ocrx_word' id='word_1_656' title='bbox 1688 693 1826 723; x_wconf 79' lang='lat' dir='ltr'>vastatam</span> <span class='ocrx_word' id='word_1_657' title='bbox 1840 715 1848 726; x_wconf 96' lang='lat'>,</span> <span class='ocrx_word' id='word_1_658' title='bbox 1866 693 1996 730; x_wconf 71' lang='lat' dir='ltr'>iudices,</span> <span class='ocrx_word' id='word_1_659' title='bbox 2021 703 2053 724; x_wconf 85' lang='lat' dir='ltr'>ut</span> <span class='ocrx_word' id='word_1_660' title='bbox 2061 703 2129 723; x_wconf 83' lang='lat' dir='ltr'>eam</span> 
     </span>
     <span class='ocr_line' id='line_1_75' title="bbox 1176 732 2130 776; baseline 0.003 -16"><span class='ocrx_word' id='word_1_661' title='bbox 1176 732 1281 761; x_wconf 88' lang='lat' dir='ltr'>multis</span> <span class='ocrx_word' id='word_1_662' title='bbox 1292 734 1380 762; x_wconf 84' lang='lat' dir='ltr'>annis</span> <span class='ocrx_word' id='word_1_663' title='bbox 1390 752 1398 765; x_wconf 92' lang='lat'>,</span> <span class='ocrx_word' id='word_1_664' title='bbox 1414 733 1582 762; x_wconf 85' lang='lat' dir='ltr'>multorum</span> <span class='ocrx_word' id='word_1_665' title='bbox 1593 735 1765 764; x_wconf 86' lang='lat' dir='ltr'>innocentia</span> <span class='ocrx_word' id='word_1_666' title='bbox 1776 755 1784 767; x_wconf 91' lang='lat'>,</span> <span class='ocrx_word' id='word_1_667' title='bbox 1806 735 2001 776; x_wconf 84' lang='lat' dir='ltr'>sapientiaque</span> <span class='ocrx_word' id='word_1_668' title='bbox 2011 745 2130 764; x_wconf 80' lang='lat' dir='ltr'>recreare</span> 
     </span>
    </p>
   </div>
   <div class='ocr_carea' id='block_1_8' title="bbox 1174 776 2168 815">
    <p class='ocr_par' dir='ltr' id='par_1_8' title="bbox 1174 776 2168 815">
     <span class='ocr_line' id='line_1_76' title="bbox 1174 776 2168 815; baseline 0.004 -13"><span class='ocrx_word' id='word_1_669' title='bbox 1174 783 1370 814; x_wconf 88' lang='lat' dir='ltr'>nequeamus.</span> <span class='ocrx_word' id='word_1_670' title='bbox 1394 777 1507 804; x_wconf 90' lang='lat' dir='ltr'>Eorum</span> <span class='ocrx_word' id='word_1_671' title='bbox 1521 776 1664 804; x_wconf 90' lang='lat' dir='ltr'>omnium</span> <span class='ocrx_word' id='word_1_672' title='bbox 1676 794 1684 808; x_wconf 88' lang='lat'>‚</span> <span class='ocrx_word' id='word_1_673' title='bbox 1703 778 1755 815; x_wconf 89' lang='lat' dir='ltr'>qui</span> <span class='ocrx_word' id='word_1_674' title='bbox 1766 776 1925 806; x_wconf 82' lang='lat' dir='ltr'>decumani</span> <span class='ocrx_word' id='word_1_675' title='bbox 1936 776 2126 813; x_wconf 77' lang='lat' dir='ltr'>vocabantur,</span> <span class='ocrx_word' id='word_1_676' title='bbox 2144 783 2168 815; x_wconf 82' lang='lat'><em>9</em></span> 
     </span>
    </p>
   </div>
   <div class='ocr_carea' id='block_1_9' title="bbox 1146 816 2130 857">
    <p class='ocr_par' dir='ltr' id='par_1_9' title="bbox 1146 816 2130 857">
     <span class='ocr_line' id='line_1_77' title="bbox 1146 816 2130 857; baseline 0.005 -14"><span class='ocrx_word' id='word_1_677' title='bbox 1146 825 1148 834; x_wconf 75' lang='lat'><strong>¹</strong></span> <span class='ocrx_word' id='word_1_678' title='bbox 1173 817 1311 854; x_wconf 85' lang='lat' dir='ltr'>princeps</span> <span class='ocrx_word' id='word_1_679' title='bbox 1319 824 1379 845; x_wconf 92' lang='lat' dir='ltr'>erat</span> <span class='ocrx_word' id='word_1_680' title='bbox 1392 816 1492 856; x_wconf 73' lang='lat' dir='ltr'>Qille</span> <span class='ocrx_word' id='word_1_681' title='bbox 1503 818 1665 855; x_wconf 85' lang='lat' dir='ltr'>Apronius,</span> <span class='ocrx_word' id='word_1_682' title='bbox 1678 827 1769 857; x_wconf 88' lang='lat' dir='ltr'>quem</span> <span class='ocrx_word' id='word_1_683' title='bbox 1780 817 1886 847; x_wconf 87' lang='lat' dir='ltr'>videtis</span> <span class='ocrx_word' id='word_1_684' title='bbox 1903 829 1909 846; x_wconf 77' lang='lat'>1</span> <span class='ocrx_word' id='word_1_685' title='bbox 1928 818 1965 848; x_wconf 91' lang='lat' dir='ltr'>de</span> <span class='ocrx_word' id='word_1_686' title='bbox 1974 818 2060 857; x_wconf 82' lang='lat' dir='ltr'>cujus</span> <span class='ocrx_word' id='word_1_687' title='bbox 2069 820 2130 848; x_wconf 90' lang='lat' dir='ltr'>im-</span> 
     </span>
    </p>
   </div>
   <div class='ocr_carea' id='block_1_10' title="bbox 1163 855 2131 2468">
    <p class='ocr_par' dir='ltr' id='par_1_10' title="bbox 1163 855 2131 2436">
     <span class='ocr_line' id='line_1_78' title="bbox 1171 855 2127 899; baseline 0.004 -14"><span class='ocrx_word' id='word_1_688' title='bbox 1171 856 1318 895; x_wconf 87' lang='lat' dir='ltr'>probitate</span> <span class='ocrx_word' id='word_1_689' title='bbox 1330 855 1467 898; x_wconf 82' lang='lat' dir='ltr'>fingulari</span> <span class='ocrx_word' id='word_1_690' title='bbox 1481 856 1716 898; x_wconf 69' lang='lat' dir='ltr'>gravissimarum</span> <span class='ocrx_word' id='word_1_691' title='bbox 1730 858 1913 899; x_wconf 86' lang='lat' dir='ltr'>legationum</span> <span class='ocrx_word' id='word_1_692' title='bbox 1924 861 2127 899; x_wconf 83' lang='lat' dir='ltr'>querimonia,</span> 
     </span>
     <span class='ocr_line' id='line_1_79' title="bbox 1171 897 2131 940; baseline 0.003 -13"><span class='ocrx_word' id='word_1_693' title='bbox 1171 897 1304 928; x_wconf 87' lang='lat' dir='ltr'>audistis.</span> <span class='ocrx_word' id='word_1_694' title='bbox 1328 899 1479 938; x_wconf 82' lang='lat' dir='ltr'>Adspicite</span> <span class='ocrx_word' id='word_1_695' title='bbox 1491 919 1499 932; x_wconf 89' lang='lat'><strong>‚</strong></span> <span class='ocrx_word' id='word_1_696' title='bbox 1515 899 1631 938; x_wconf 80' lang='lat' dir='ltr'>judices</span> <span class='ocrx_word' id='word_1_697' title='bbox 1642 920 1650 932; x_wconf 94' lang='lat'>,</span> <span class='ocrx_word' id='word_1_698' title='bbox 1672 900 1791 929; x_wconf 88' lang='lat' dir='ltr'>vultum</span> <span class='ocrx_word' id='word_1_699' title='bbox 1807 901 1941 929; x_wconf 80' lang='lat' dir='ltr'>hominis</span> <span class='ocrx_word' id='word_1_700' title='bbox 1954 921 1962 934; x_wconf 87' lang='lat'>‚</span> <span class='ocrx_word' id='word_1_701' title='bbox 1985 901 2131 940; x_wconf 83' lang='lat' dir='ltr'>&amp;adspe-</span> 
     </span>
     <span class='ocr_line' id='line_1_80' title="bbox 1172 938 2130 982; baseline 0.003 -14"><span class='ocrx_word' id='word_1_702' title='bbox 1172 938 1257 968; x_wconf 65' lang='lat' dir='ltr'>&amp;um</span> <span class='ocrx_word' id='word_1_703' title='bbox 1270 950 1275 968; x_wconf 91' lang='lat'>:</span> <span class='ocrx_word' id='word_1_704' title='bbox 1291 940 1324 969; x_wconf 76' lang='lat'>8:</span> <span class='ocrx_word' id='word_1_705' title='bbox 1339 950 1377 969; x_wconf 83' lang='lat' dir='ltr'>ex</span> <span class='ocrx_word' id='word_1_706' title='bbox 1391 951 1424 970; x_wconf 89' lang='lat' dir='ltr'>ea</span> <span class='ocrx_word' id='word_1_707' title='bbox 1438 943 1627 971; x_wconf 82' lang='lat' dir='ltr'>contumacia</span> <span class='ocrx_word' id='word_1_708' title='bbox 1637 961 1644 973; x_wconf 93' lang='lat'>,</span> <span class='ocrx_word' id='word_1_709' title='bbox 1662 951 1750 981; x_wconf 80' lang='lat' dir='ltr'>quam</span> <span class='ocrx_word' id='word_1_710' title='bbox 1765 939 1812 971; x_wconf 81' lang='lat' dir='ltr'>hic</span> <span class='ocrx_word' id='word_1_711' title='bbox 1826 943 1854 969; x_wconf 81' lang='lat' dir='ltr'>in</span> <span class='ocrx_word' id='word_1_712' title='bbox 1867 943 1978 982; x_wconf 58' lang='lat' dir='ltr'>perdita</span> <span class='ocrx_word' id='word_1_713' title='bbox 1993 940 2069 970; x_wconf 76' lang='lat' dir='ltr'>rebus</span> <span class='ocrx_word' id='word_1_714' title='bbox 2084 953 2130 971; x_wconf 80' lang='lat' dir='ltr'>re-</span> 
     </span>
     <span class='ocr_line' id='line_1_81' title="bbox 1173 981 2127 1024; baseline 0.002 -14"><span class='ocrx_word' id='word_1_715' title='bbox 1173 983 1249 1010; x_wconf 87' lang='lat' dir='ltr'>tinet</span> <span class='ocrx_word' id='word_1_716' title='bbox 1269 1001 1278 1014; x_wconf 90' lang='lat'>‚</span> <span class='ocrx_word' id='word_1_717' title='bbox 1301 985 1316 1008; x_wconf 92' lang='lat'>9</span> <span class='ocrx_word' id='word_1_718' title='bbox 1332 982 1401 1011; x_wconf 86' lang='lat' dir='ltr'>iilos</span> <span class='ocrx_word' id='word_1_719' title='bbox 1412 982 1476 1021; x_wconf 83' lang='lat' dir='ltr'>ejus</span> <span class='ocrx_word' id='word_1_720' title='bbox 1492 982 1610 1021; x_wconf 88' lang='lat' dir='ltr'>spiritus</span> <span class='ocrx_word' id='word_1_721' title='bbox 1620 983 1799 1012; x_wconf 85' lang='lat' dir='ltr'>Sicilienseis</span> <span class='ocrx_word' id='word_1_722' title='bbox 1811 992 1887 1024; x_wconf 88' lang='lat' dir='ltr'>quos</span> <span class='ocrx_word' id='word_1_723' title='bbox 1902 981 1989 1012; x_wconf 77' lang='lat' dir='ltr'>fuiffe</span> <span class='ocrx_word' id='word_1_724' title='bbox 2005 986 2127 1022; x_wconf 87' lang='lat' dir='ltr'>putetis,</span> 
     </span>
     <span class='ocr_line' id='line_1_82' title="bbox 1170 1023 2129 1065; baseline 0.002 -14"><span class='ocrx_word' id='word_1_725' title='bbox 1170 1024 1297 1063; x_wconf 85' lang='lat' dir='ltr'>cogitate</span> <span class='ocrx_word' id='word_1_726' title='bbox 1306 1043 1315 1055; x_wconf 87' lang='lat'>,</span> <span class='ocrx_word' id='word_1_727' title='bbox 1331 1033 1363 1053; x_wconf 87' lang='lat' dir='ltr'>ac</span> <span class='ocrx_word' id='word_1_728' title='bbox 1373 1023 1582 1053; x_wconf 85' lang='lat' dir='ltr'>recordamini.</span> <span class='ocrx_word' id='word_1_729' title='bbox 1608 1026 1668 1054; x_wconf 86' lang='lat' dir='ltr'>Hic</span> <span class='ocrx_word' id='word_1_730' title='bbox 1678 1023 1719 1054; x_wconf 90' lang='lat' dir='ltr'>est</span> <span class='ocrx_word' id='word_1_731' title='bbox 1729 1027 1880 1064; x_wconf 78' lang='lat' dir='ltr'>Apronius</span> <span class='ocrx_word' id='word_1_732' title='bbox 1891 1045 1899 1058; x_wconf 88' lang='lat'>,</span> <span class='ocrx_word' id='word_1_733' title='bbox 1915 1035 2004 1065; x_wconf 90' lang='lat' dir='ltr'>quem</span> <span class='ocrx_word' id='word_1_734' title='bbox 2016 1027 2049 1053; x_wconf 79' lang='lat' dir='ltr'>in</span> <span class='ocrx_word' id='word_1_735' title='bbox 2059 1034 2129 1063; x_wconf 84' lang='lat' dir='ltr'>pro-</span> 
     </span>
     <span class='ocr_line' id='line_1_83' title="bbox 1169 1064 2130 1106; baseline 0.002 -13"><span class='ocrx_word' id='word_1_736' title='bbox 1169 1066 1268 1093; x_wconf 86' lang='lat' dir='ltr'>vincia</span> <span class='ocrx_word' id='word_1_737' title='bbox 1278 1072 1339 1094; x_wconf 78' lang='lat' dir='ltr'>tota</span> <span class='ocrx_word' id='word_1_738' title='bbox 1346 1068 1453 1094; x_wconf 84' lang='lat' dir='ltr'>Verres</span> <span class='ocrx_word' id='word_1_739' title='bbox 1461 1085 1469 1098; x_wconf 89' lang='lat'>,</span> <span class='ocrx_word' id='word_1_740' title='bbox 1480 1064 1550 1095; x_wconf 74' lang='lat' dir='ltr'>cum</span> <span class='ocrx_word' id='word_1_741' title='bbox 1562 1065 1694 1106; x_wconf 88' lang='lat' dir='ltr'>undique</span> <span class='ocrx_word' id='word_1_742' title='bbox 1704 1064 1898 1106; x_wconf 86' lang='lat' dir='ltr'>nequiffimos</span> <span class='ocrx_word' id='word_1_743' title='bbox 1907 1067 2047 1095; x_wconf 85' lang='lat' dir='ltr'>homines</span> <span class='ocrx_word' id='word_1_744' title='bbox 2057 1076 2130 1096; x_wconf 86' lang='lat' dir='ltr'>con-</span> 
     </span>
     <span class='ocr_line' id='line_1_84' title="bbox 1169 1103 2129 1147; baseline 0.002 -13"><span class='ocrx_word' id='word_1_745' title='bbox 1169 1103 1301 1145; x_wconf 82' lang='lat' dir='ltr'>quififfet</span> <span class='ocrx_word' id='word_1_746' title='bbox 1310 1125 1317 1138; x_wconf 88' lang='lat'><strong><em>‚</em></strong></span> <span class='ocrx_word' id='word_1_747' title='bbox 1340 1106 1373 1136; x_wconf 66' lang='grc' dir='ltr'>ὃς</span> <span class='ocrx_word' id='word_1_748' title='bbox 1383 1105 1454 1136; x_wconf 73' lang='lat' dir='ltr'>cum</span> <span class='ocrx_word' id='word_1_749' title='bbox 1468 1107 1528 1146; x_wconf 84' lang='lat' dir='ltr'>ipse</span> <span class='ocrx_word' id='word_1_750' title='bbox 1537 1107 1634 1136; x_wconf 83' lang='lat' dir='ltr'>secum</span> <span class='ocrx_word' id='word_1_751' title='bbox 1646 1108 1688 1137; x_wconf 86' lang='lat' dir='ltr'>sui</span> <span class='ocrx_word' id='word_1_752' title='bbox 1699 1106 1821 1137; x_wconf 80' lang='lat' dir='ltr'>simileis</span> <span class='ocrx_word' id='word_1_753' title='bbox 1831 1106 1962 1137; x_wconf 80' lang='lat' dir='ltr'>duxiffet</span> <span class='ocrx_word' id='word_1_754' title='bbox 1973 1127 1981 1140; x_wconf 89' lang='lat'>,</span> <span class='ocrx_word' id='word_1_755' title='bbox 2003 1117 2067 1136; x_wconf 90' lang='lat' dir='ltr'>non</span> <span class='ocrx_word' id='word_1_756' title='bbox 2078 1117 2129 1147; x_wconf 79' lang='lat' dir='ltr'>pa-</span> 
     </span>
     <span class='ocr_line' id='line_1_85' title="bbox 1171 1148 2129 1189; baseline 0.002 -13"><span class='ocrx_word' id='word_1_757' title='bbox 1171 1157 1237 1176; x_wconf 89' lang='lat' dir='ltr'>rum</span> <span class='ocrx_word' id='word_1_758' title='bbox 1256 1148 1369 1177; x_wconf 88' lang='lat' dir='ltr'>multos</span> <span class='ocrx_word' id='word_1_759' title='bbox 1382 1158 1387 1176; x_wconf 89' lang='lat'>:</span> <span class='ocrx_word' id='word_1_760' title='bbox 1407 1150 1541 1188; x_wconf 85' lang='lat' dir='ltr'>nequitia</span> <span class='ocrx_word' id='word_1_761' title='bbox 1551 1168 1560 1181; x_wconf 85' lang='lat'>‚</span> <span class='ocrx_word' id='word_1_762' title='bbox 1578 1149 1695 1179; x_wconf 82' lang='lat' dir='ltr'>luxuria</span> <span class='ocrx_word' id='word_1_763' title='bbox 1705 1169 1713 1182; x_wconf 88' lang='lat'>‚</span> <span class='ocrx_word' id='word_1_764' title='bbox 1733 1148 1852 1179; x_wconf 84' lang='lat' dir='ltr'>audacia</span> <span class='ocrx_word' id='word_1_765' title='bbox 1866 1169 1874 1183; x_wconf 90' lang='lat'>,</span> <span class='ocrx_word' id='word_1_766' title='bbox 1893 1149 1942 1189; x_wconf 79' lang='lat' dir='ltr'>fui</span> <span class='ocrx_word' id='word_1_767' title='bbox 1949 1148 2129 1189; x_wconf 72' lang='lat' dir='ltr'>simillimum</span> 
     </span>
     <span class='ocr_line' id='line_1_86' title="bbox 1167 1188 2125 1230; baseline 0.002 -12"><span class='ocrx_word' id='word_1_768' title='bbox 1167 1188 1323 1227; x_wconf 85' lang='lat' dir='ltr'>judicavit.</span> <span class='ocrx_word' id='word_1_769' title='bbox 1347 1192 1449 1230; x_wconf 82' lang='lat' dir='ltr'>Itaque</span> <span class='ocrx_word' id='word_1_770' title='bbox 1459 1189 1530 1219; x_wconf 83' lang='lat' dir='ltr'>istos</span> <span class='ocrx_word' id='word_1_771' title='bbox 1542 1192 1620 1219; x_wconf 87' lang='lat' dir='ltr'>inter</span> <span class='ocrx_word' id='word_1_772' title='bbox 1631 1191 1659 1220; x_wconf 86' lang='lat' dir='ltr'>se</span> <span class='ocrx_word' id='word_1_773' title='bbox 1673 1191 1808 1230; x_wconf 88' lang='lat' dir='ltr'>perbrevi</span> <span class='ocrx_word' id='word_1_774' title='bbox 1818 1200 1952 1230; x_wconf 89' lang='lat' dir='ltr'>tempore</span> <span class='ocrx_word' id='word_1_775' title='bbox 1962 1210 1970 1224; x_wconf 88' lang='lat'>‚</span> <span class='ocrx_word' id='word_1_776' title='bbox 1991 1200 2057 1220; x_wconf 91' lang='lat' dir='ltr'>non</span> <span class='ocrx_word' id='word_1_777' title='bbox 2067 1201 2125 1224; x_wconf 67' lang='grc' dir='ltr'>τες,</span> 
     </span>
     <span class='ocr_line' id='line_1_87' title="bbox 1170 1231 2127 1273; baseline 0.002 -13"><span class='ocrx_word' id='word_1_778' title='bbox 1170 1240 1235 1260; x_wconf 90' lang='lat' dir='ltr'>non</span> <span class='ocrx_word' id='word_1_779' title='bbox 1245 1232 1318 1260; x_wconf 82' lang='lat' dir='ltr'>ratio</span> <span class='ocrx_word' id='word_1_780' title='bbox 1327 1250 1341 1264; x_wconf 87' lang='lat'>‚-</span> <span class='ocrx_word' id='word_1_781' title='bbox 1352 1241 1416 1261; x_wconf 91' lang='lat' dir='ltr'>non</span> <span class='ocrx_word' id='word_1_782' title='bbox 1425 1231 1653 1261; x_wconf 81' lang='lat' dir='ltr'>commendatio</span> <span class='ocrx_word' id='word_1_783' title='bbox 1664 1233 1760 1273; x_wconf 80' lang='lat' dir='ltr'>aliqua</span> <span class='ocrx_word' id='word_1_784' title='bbox 1770 1252 1779 1265; x_wconf 85' lang='lat'>,</span> <span class='ocrx_word' id='word_1_785' title='bbox 1794 1232 1841 1262; x_wconf 85' lang='lat' dir='ltr'>sed</span> <span class='ocrx_word' id='word_1_786' title='bbox 1853 1231 2022 1262; x_wconf 89' lang='lat' dir='ltr'>studiorum</span> <span class='ocrx_word' id='word_1_787' title='bbox 2032 1234 2127 1272; x_wconf 89' lang='lat' dir='ltr'>turpi-</span> 
     </span>
     <span class='ocr_line' id='line_1_88' title="bbox 1171 1271 2127 1313; baseline 0.002 -12"><span class='ocrx_word' id='word_1_788' title='bbox 1171 1271 1243 1302; x_wconf 90' lang='lat' dir='ltr'>tudo</span> <span class='ocrx_word' id='word_1_789' title='bbox 1255 1293 1262 1305; x_wconf 90' lang='lat'>,</span> <span class='ocrx_word' id='word_1_790' title='bbox 1286 1271 1510 1313; x_wconf 86' lang='lat' dir='ltr'>fimilitudoque</span> <span class='ocrx_word' id='word_1_791' title='bbox 1527 1274 1699 1312; x_wconf 84' lang='lat' dir='ltr'>conjunxit.</span> <span class='ocrx_word' id='word_1_792' title='bbox 1724 1275 1825 1303; x_wconf 87' lang='lat' dir='ltr'>Verris</span> <span class='ocrx_word' id='word_1_793' title='bbox 1842 1283 1942 1304; x_wconf 87' lang='lat' dir='ltr'>mores</span> <span class='ocrx_word' id='word_1_794' title='bbox 1957 1273 2127 1313; x_wconf 87' lang='lat' dir='ltr'>improbos,</span> 
     </span>
     <span class='ocr_line' id='line_1_89' title="bbox 1170 1313 2127 1356; baseline 0.001 -13"><span class='ocrx_word' id='word_1_795' title='bbox 1170 1314 1364 1354; x_wconf 82' lang='lat' dir='ltr'>impurosque</span> <span class='ocrx_word' id='word_1_796' title='bbox 1374 1314 1482 1344; x_wconf 86' lang='lat' dir='ltr'>nostis.</span> <span class='ocrx_word' id='word_1_797' title='bbox 1506 1314 1609 1355; x_wconf 83' lang='lat' dir='ltr'>fingite</span> <span class='ocrx_word' id='word_1_798' title='bbox 1618 1315 1707 1345; x_wconf 90' lang='lat' dir='ltr'>vobis</span> <span class='ocrx_word' id='word_1_799' title='bbox 1717 1335 1726 1348; x_wconf 94' lang='lat'>,</span> <span class='ocrx_word' id='word_1_800' title='bbox 1736 1313 1757 1344; x_wconf 88' lang='lat' dir='ltr'>fi</span> <span class='ocrx_word' id='word_1_801' title='bbox 1766 1315 1890 1355; x_wconf 89' lang='lat' dir='ltr'>potestis</span> <span class='ocrx_word' id='word_1_802' title='bbox 1901 1335 1909 1348; x_wconf 91' lang='lat'>,</span> <span class='ocrx_word' id='word_1_803' title='bbox 1919 1316 2062 1356; x_wconf 78' lang='lat' dir='ltr'>aliquem,</span> <span class='ocrx_word' id='word_1_804' title='bbox 2073 1317 2127 1356; x_wconf 84' lang='lat' dir='ltr'>qui</span> 
     </span>
     <span class='ocr_line' id='line_1_90' title="bbox 1169 1355 2126 1397; baseline 0.002 -13"><span class='ocrx_word' id='word_1_805' title='bbox 1169 1356 1202 1386; x_wconf 85' lang='lat' dir='ltr'>in</span> <span class='ocrx_word' id='word_1_806' title='bbox 1213 1356 1358 1385; x_wconf 90' lang='lat' dir='ltr'>omnibus</span> <span class='ocrx_word' id='word_1_807' title='bbox 1372 1355 1437 1386; x_wconf 87' lang='lat' dir='ltr'>istis</span> <span class='ocrx_word' id='word_1_808' title='bbox 1448 1356 1535 1386; x_wconf 87' lang='lat' dir='ltr'>rebus</span> <span class='ocrx_word' id='word_1_809' title='bbox 1545 1367 1595 1396; x_wconf 85' lang='lat' dir='ltr'>par</span> <span class='ocrx_word' id='word_1_810' title='bbox 1606 1357 1641 1387; x_wconf 89' lang='lat' dir='ltr'>ad</span> <span class='ocrx_word' id='word_1_811' title='bbox 1651 1359 1794 1386; x_wconf 85' lang='lat' dir='ltr'>omnium</span> <span class='ocrx_word' id='word_1_812' title='bbox 1805 1356 1986 1397; x_wconf 74' lang='lat' dir='ltr'>flagitiorum</span> <span class='ocrx_word' id='word_1_813' title='bbox 2000 1356 2126 1387; x_wconf 74' lang='lat' dir='ltr'>nefarias</span> 
     </span>
     <span class='ocr_line' id='line_1_91' title="bbox 1168 1396 2127 1439; baseline 0.001 -13"><span class='ocrx_word' id='word_1_814' title='bbox 1168 1396 1312 1426; x_wconf 87' lang='lat' dir='ltr'>libidines</span> <span class='ocrx_word' id='word_1_815' title='bbox 1329 1396 1388 1427; x_wconf 81' lang='lat' dir='ltr'>effe</span> <span class='ocrx_word' id='word_1_816' title='bbox 1411 1396 1554 1438; x_wconf 76' lang='lat' dir='ltr'>¹0p0ffit;</span> <span class='ocrx_word' id='word_1_817' title='bbox 1574 1401 1600 1427; x_wconf 87' lang='lat' dir='ltr'>is</span> <span class='ocrx_word' id='word_1_818' title='bbox 1617 1400 1834 1438; x_wconf 86' lang='lat' dir='ltr'>eritApronius</span> <span class='ocrx_word' id='word_1_819' title='bbox 1845 1399 1914 1428; x_wconf 87' lang='lat' dir='ltr'>ille:</span> <span class='ocrx_word' id='word_1_820' title='bbox 1932 1400 2004 1439; x_wconf 84' lang='lat' dir='ltr'>qui,</span> <span class='ocrx_word' id='word_1_821' title='bbox 2017 1407 2052 1428; x_wconf 87' lang='lat' dir='ltr'>ut</span> <span class='ocrx_word' id='word_1_822' title='bbox 2065 1400 2127 1438; x_wconf 86' lang='lat' dir='ltr'>ipse</span> 
     </span>
     <span class='ocr_line' id='line_1_92' title="bbox 1174 1438 2125 1481; baseline 0.001 -13"><span class='ocrx_word' id='word_1_823' title='bbox 1174 1442 1198 1457; x_wconf 94' lang='lat'>¹¹</span> <span class='ocrx_word' id='word_1_824' title='bbox 1210 1448 1274 1468; x_wconf 90' lang='lat' dir='ltr'>non</span> <span class='ocrx_word' id='word_1_825' title='bbox 1286 1439 1384 1468; x_wconf 91' lang='lat' dir='ltr'>solum</span> <span class='ocrx_word' id='word_1_826' title='bbox 1399 1441 1458 1469; x_wconf 82' lang='lat' dir='ltr'>vita</span> <span class='ocrx_word' id='word_1_827' title='bbox 1473 1460 1481 1473; x_wconf 85' lang='lat'>,</span> <span class='ocrx_word' id='word_1_828' title='bbox 1501 1440 1548 1469; x_wconf 85' lang='lat' dir='ltr'>sed</span> <span class='ocrx_word' id='word_1_829' title='bbox 1559 1441 1648 1470; x_wconf 85' lang='lat' dir='ltr'>etiam</span> <span class='ocrx_word' id='word_1_830' title='bbox 1660 1450 1783 1480; x_wconf 88' lang='lat' dir='ltr'>corpore</span> <span class='ocrx_word' id='word_1_831' title='bbox 1793 1461 1800 1474; x_wconf 90' lang='lat'>‚</span> <span class='ocrx_word' id='word_1_832' title='bbox 1812 1450 1898 1480; x_wconf 90' lang='lat' dir='ltr'>atque</span> <span class='ocrx_word' id='word_1_833' title='bbox 1908 1449 1959 1469; x_wconf 85' lang='lat' dir='ltr'>ore</span> <span class='ocrx_word' id='word_1_834' title='bbox 1969 1438 2125 1481; x_wconf 83' lang='lat' dir='ltr'>significat,</span> 
     </span>
     <span class='ocr_line' id='line_1_93' title="bbox 1169 1480 2127 1523; baseline 0.002 -14"><span class='ocrx_word' id='word_1_835' title='bbox 1169 1481 1319 1510; x_wconf 87' lang='lat' dir='ltr'>immensa</span> <span class='ocrx_word' id='word_1_836' title='bbox 1331 1481 1428 1522; x_wconf 83' lang='lat' dir='ltr'>aliqua</span> <span class='ocrx_word' id='word_1_837' title='bbox 1436 1491 1545 1521; x_wconf 86' lang='lat' dir='ltr'>vorago</span> <span class='ocrx_word' id='word_1_838' title='bbox 1554 1480 1598 1511; x_wconf 91' lang='lat' dir='ltr'>est</span> <span class='ocrx_word' id='word_1_839' title='bbox 1608 1501 1616 1515; x_wconf 92' lang='lat'>‚</span> <span class='ocrx_word' id='word_1_840' title='bbox 1637 1491 1686 1511; x_wconf 88' lang='lat' dir='ltr'>aut</span> <span class='ocrx_word' id='word_1_841' title='bbox 1698 1492 1804 1523; x_wconf 82' lang='lat' dir='ltr'>gurges</span> <span class='ocrx_word' id='word_1_842' title='bbox 1814 1484 1960 1511; x_wconf 84' lang='lat' dir='ltr'>vitiorum</span> <span class='ocrx_word' id='word_1_843' title='bbox 1970 1501 1978 1514; x_wconf 82' lang='lat'>,</span> <span class='ocrx_word' id='word_1_844' title='bbox 1997 1482 2127 1520; x_wconf 83' lang='lat' dir='ltr'>turpitu-</span> 
     </span>
     <span class='ocr_line' id='line_1_94' title="bbox 1168 1522 2125 1563; baseline 0.001 -12"><span class='ocrx_word' id='word_1_845' title='bbox 1168 1522 1336 1563; x_wconf 88' lang='lat' dir='ltr'>dinumque</span> <span class='ocrx_word' id='word_1_846' title='bbox 1343 1525 1496 1552; x_wconf 88' lang='lat' dir='ltr'>omnium.</span> <span class='ocrx_word' id='word_1_847' title='bbox 1521 1525 1652 1553; x_wconf 83' lang='lat' dir='ltr'>Huncin</span> <span class='ocrx_word' id='word_1_848' title='bbox 1661 1525 1804 1553; x_wconf 88' lang='lat' dir='ltr'>omnibus</span> <span class='ocrx_word' id='word_1_849' title='bbox 1816 1523 1922 1563; x_wconf 85' lang='lat' dir='ltr'>stupris</span> <span class='ocrx_word' id='word_1_850' title='bbox 1931 1543 1938 1556; x_wconf 87' lang='lat'>,</span> <span class='ocrx_word' id='word_1_851' title='bbox 1951 1524 2030 1552; x_wconf 86' lang='lat' dir='ltr'>hunc</span> <span class='ocrx_word' id='word_1_852' title='bbox 2038 1524 2071 1552; x_wconf 92' lang='lat' dir='ltr'>in</span> <span class='ocrx_word' id='word_1_853' title='bbox 2078 1522 2125 1552; x_wconf 87' lang='lat' dir='ltr'>fa—</span> 
     </span>
     <span class='ocr_line' id='line_1_95' title="bbox 1168 1564 2127 1605; baseline 0.001 -12"><span class='ocrx_word' id='word_1_854' title='bbox 1168 1574 1279 1593; x_wconf 90' lang='lat' dir='ltr'>norum</span> <span class='ocrx_word' id='word_1_855' title='bbox 1295 1564 1532 1604; x_wconf 83' lang='lat' dir='ltr'>expilationibus</span> <span class='ocrx_word' id='word_1_856' title='bbox 1543 1585 1551 1597; x_wconf 95' lang='lat'>,</span> <span class='ocrx_word' id='word_1_857' title='bbox 1572 1565 1653 1595; x_wconf 90' lang='lat' dir='ltr'>hunc</span> <span class='ocrx_word' id='word_1_858' title='bbox 1666 1567 1698 1594; x_wconf 90' lang='lat' dir='ltr'>in</span> <span class='ocrx_word' id='word_1_859' title='bbox 1709 1567 1836 1605; x_wconf 80' lang='lat' dir='ltr'>impuris</span> <span class='ocrx_word' id='word_1_860' title='bbox 1845 1567 1997 1595; x_wconf 87' lang='lat' dir='ltr'>conviviis</span> <span class='ocrx_word' id='word_1_861' title='bbox 2013 1567 2127 1604; x_wconf 86' lang='lat' dir='ltr'>princi-</span> 
     </span>
     <span class='ocr_line' id='line_1_96' title="bbox 1168 1605 2126 1647; baseline 0.001 -12"><span class='ocrx_word' id='word_1_862' title='bbox 1168 1615 1239 1645; x_wconf 88' lang='lat' dir='ltr'>pem</span> <span class='ocrx_word' id='word_1_863' title='bbox 1249 1605 1414 1636; x_wconf 80' lang='lat' dir='ltr'>adhibebat:</span> <span class='ocrx_word' id='word_1_864' title='bbox 1427 1609 1627 1646; x_wconf 85' lang='lat' dir='ltr'>¹2tantamque</span> <span class='ocrx_word' id='word_1_865' title='bbox 1637 1607 1761 1637; x_wconf 82' lang='lat' dir='ltr'>habebat</span> <span class='ocrx_word' id='word_1_866' title='bbox 1770 1606 2041 1647; x_wconf 70' lang='lat' dir='ltr'>morumfimilitudo</span> <span class='ocrx_word' id='word_1_867' title='bbox 2051 1616 2126 1636; x_wconf 87' lang='lat' dir='ltr'>con-</span> 
     </span>
     <span class='ocr_line' id='line_1_97' title="bbox 1167 1646 2126 1688; baseline 0.001 -12"><span class='ocrx_word' id='word_1_868' title='bbox 1167 1646 1360 1688; x_wconf 74' lang='lat' dir='ltr'>junEtionem</span> <span class='ocrx_word' id='word_1_869' title='bbox 1370 1668 1379 1681; x_wconf 82' lang='grc'>,</span> <span class='ocrx_word' id='word_1_870' title='bbox 1403 1657 1489 1688; x_wconf 86' lang='lat' dir='ltr'>atque</span> <span class='ocrx_word' id='word_1_871' title='bbox 1507 1648 1701 1678; x_wconf 88' lang='lat' dir='ltr'>concordiam</span> <span class='ocrx_word' id='word_1_872' title='bbox 1712 1669 1720 1682; x_wconf 94' lang='lat'>,</span> <span class='ocrx_word' id='word_1_873' title='bbox 1744 1658 1777 1678; x_wconf 90' lang='lat' dir='ltr'>ut</span> <span class='ocrx_word' id='word_1_874' title='bbox 1792 1650 1945 1688; x_wconf 87' lang='lat' dir='ltr'>Apronius</span> <span class='ocrx_word' id='word_1_875' title='bbox 1955 1668 1964 1681; x_wconf 93' lang='lat'>,</span> <span class='ocrx_word' id='word_1_876' title='bbox 1987 1649 2040 1688; x_wconf 90' lang='lat' dir='ltr'>qui</span> <span class='ocrx_word' id='word_1_877' title='bbox 2058 1648 2126 1678; x_wconf 86' lang='lat' dir='ltr'>aliis</span> 
     </span>
     <span class='ocr_line' id='line_1_98' title="bbox 1168 1689 2127 1723; baseline 0 -5"><span class='ocrx_word' id='word_1_878' title='bbox 1168 1689 1354 1719; x_wconf 82' lang='lat' dir='ltr'>inhumanus</span> <span class='ocrx_word' id='word_1_879' title='bbox 1365 1710 1373 1723; x_wconf 86' lang='lat'>‚</span> <span class='ocrx_word' id='word_1_880' title='bbox 1390 1700 1423 1719; x_wconf 85' lang='lat' dir='ltr'>ac</span> <span class='ocrx_word' id='word_1_881' title='bbox 1434 1689 1569 1720; x_wconf 83' lang='lat' dir='ltr'>barbarus</span> <span class='ocrx_word' id='word_1_882' title='bbox 1580 1710 1588 1723; x_wconf 91' lang='lat'>,</span> <span class='ocrx_word' id='word_1_883' title='bbox 1597 1716 1599 1718; x_wconf 96' lang='lat'>.</span> <span class='ocrx_word' id='word_1_884' title='bbox 1609 1690 1657 1721; x_wconf 88' lang='lat' dir='ltr'>isti</span> <span class='ocrx_word' id='word_1_885' title='bbox 1671 1692 1726 1720; x_wconf 90' lang='lat' dir='ltr'>uni</span> <span class='ocrx_word' id='word_1_886' title='bbox 1736 1689 1918 1720; x_wconf 90' lang='lat' dir='ltr'>commodus</span> <span class='ocrx_word' id='word_1_887' title='bbox 1927 1710 1935 1723; x_wconf 89' lang='lat'>,</span> <span class='ocrx_word' id='word_1_888' title='bbox 1956 1700 1988 1720; x_wconf 92' lang='lat' dir='ltr'>ac</span> <span class='ocrx_word' id='word_1_889' title='bbox 1999 1689 2127 1719; x_wconf 84' lang='lat' dir='ltr'>disertus</span> 
     </span>
     <span class='ocr_line' id='line_1_99' title="bbox 1167 1730 2123 1772; baseline 0 -12"><span class='ocrx_word' id='word_1_890' title='bbox 1167 1730 1332 1761; x_wconf 89' lang='lat' dir='ltr'>videretur:</span> <span class='ocrx_word' id='word_1_891' title='bbox 1344 1741 1377 1761; x_wconf 87' lang='lat' dir='ltr'>ut</span> <span class='ocrx_word' id='word_1_892' title='bbox 1387 1751 1395 1764; x_wconf 88' lang='lat'>,</span> <span class='ocrx_word' id='word_1_893' title='bbox 1407 1741 1497 1772; x_wconf 90' lang='lat' dir='ltr'>quem</span> <span class='ocrx_word' id='word_1_894' title='bbox 1508 1741 1617 1762; x_wconf 89' lang='lat' dir='ltr'>omnes</span> <span class='ocrx_word' id='word_1_895' title='bbox 1628 1730 1768 1766; x_wconf 70' lang='lat' dir='ltr'>odissent,</span> <span class='ocrx_word' id='word_1_896' title='bbox 1780 1742 1876 1772; x_wconf 91' lang='lat' dir='ltr'>neque</span> <span class='ocrx_word' id='word_1_897' title='bbox 1886 1731 1986 1762; x_wconf 84' lang='lat' dir='ltr'>videre</span> <span class='ocrx_word' id='word_1_898' title='bbox 1995 1731 2123 1764; x_wconf 88' lang='lat' dir='ltr'>vellent,</span> 
     </span>
     <span class='ocr_line' id='line_1_100' title="bbox 1169 1771 2126 1813; baseline 0 -11"><span class='ocrx_word' id='word_1_899' title='bbox 1169 1772 1231 1802; x_wconf 87' lang='lat' dir='ltr'>fine</span> <span class='ocrx_word' id='word_1_900' title='bbox 1242 1782 1278 1802; x_wconf 91' lang='lat' dir='ltr'>eo</span> <span class='ocrx_word' id='word_1_901' title='bbox 1291 1772 1344 1802; x_wconf 89' lang='lat' dir='ltr'>iste</span> <span class='ocrx_word' id='word_1_902' title='bbox 1354 1771 1410 1802; x_wconf 83' lang='lat' dir='ltr'>effe</span> <span class='ocrx_word' id='word_1_903' title='bbox 1418 1783 1482 1802; x_wconf 89' lang='lat' dir='ltr'>non</span> <span class='ocrx_word' id='word_1_904' title='bbox 1493 1772 1601 1813; x_wconf 85' lang='lat' dir='ltr'>posset:</span> <span class='ocrx_word' id='word_1_905' title='bbox 1622 1783 1654 1804; x_wconf 91' lang='lat' dir='ltr'>ut</span> <span class='ocrx_word' id='word_1_906' title='bbox 1664 1794 1672 1807; x_wconf 92' lang='lat'>‚</span> <span class='ocrx_word' id='word_1_907' title='bbox 1681 1772 1753 1804; x_wconf 73' lang='lat' dir='ltr'>cum</span> <span class='ocrx_word' id='word_1_908' title='bbox 1765 1774 1816 1803; x_wconf 88' lang='lat' dir='ltr'>alii</span> <span class='ocrx_word' id='word_1_909' title='bbox 1827 1794 1836 1807; x_wconf 89' lang='lat'>‚</span> <span class='ocrx_word' id='word_1_910' title='bbox 1847 1783 1884 1803; x_wconf 89' lang='lat' dir='ltr'>ne</span> <span class='ocrx_word' id='word_1_911' title='bbox 1894 1775 2047 1803; x_wconf 88' lang='lat' dir='ltr'>conviviis</span> <span class='ocrx_word' id='word_1_912' title='bbox 2056 1775 2126 1813; x_wconf 87' lang='lat' dir='ltr'>qui—</span> 
     </span>
     <span class='ocr_line' id='line_1_101' title="bbox 1169 1814 2128 1855; baseline 0 -11"><span class='ocrx_word' id='word_1_913' title='bbox 1169 1814 1238 1844; x_wconf 76' lang='lat' dir='ltr'>dem</span> <span class='ocrx_word' id='word_1_914' title='bbox 1253 1814 1360 1844; x_wconf 89' lang='lat' dir='ltr'>iisdem</span> <span class='ocrx_word' id='word_1_915' title='bbox 1375 1835 1383 1847; x_wconf 86' lang='lat'>‚</span> <span class='ocrx_word' id='word_1_916' title='bbox 1405 1815 1513 1855; x_wconf 90' lang='lat' dir='ltr'>quibus</span> <span class='ocrx_word' id='word_1_917' title='bbox 1523 1818 1676 1854; x_wconf 84' lang='lat' dir='ltr'>Apronius</span> <span class='ocrx_word' id='word_1_918' title='bbox 1687 1835 1695 1848; x_wconf 90' lang='lat'>,</span> <span class='ocrx_word' id='word_1_919' title='bbox 1716 1816 1764 1844; x_wconf 92' lang='lat' dir='ltr'>hic</span> <span class='ocrx_word' id='word_1_920' title='bbox 1778 1814 1892 1849; x_wconf 19' lang='lat' dir='ltr'>iisdem&gt;</span> <span class='ocrx_word' id='word_1_921' title='bbox 1902 1817 1992 1844; x_wconf 87' lang='lat' dir='ltr'>etiarn</span> <span class='ocrx_word' id='word_1_922' title='bbox 2008 1814 2128 1854; x_wconf 75' lang='lat' dir='ltr'>poculis</span> 
     </span>
     <span class='ocr_line' id='line_1_102' title="bbox 1168 1855 2127 1896; baseline -0.001 -10"><span class='ocrx_word' id='word_1_923' title='bbox 1168 1865 1316 1886; x_wconf 87' lang='lat' dir='ltr'>uteretur:</span> <span class='ocrx_word' id='word_1_924' title='bbox 1337 1855 1490 1896; x_wconf 74' lang='lat' dir='ltr'>postremo</span> <span class='ocrx_word' id='word_1_925' title='bbox 1500 1876 1509 1889; x_wconf 96' lang='lat'>,</span> <span class='ocrx_word' id='word_1_926' title='bbox 1534 1866 1566 1886; x_wconf 91' lang='lat' dir='ltr'>ut</span> <span class='ocrx_word' id='word_1_927' title='bbox 1584 1857 1645 1885; x_wconf 83' lang='lat' dir='ltr'>odor</span> <span class='ocrx_word' id='word_1_928' title='bbox 1658 1858 1784 1896; x_wconf 86' lang='lat' dir='ltr'>Apronii</span> <span class='ocrx_word' id='word_1_929' title='bbox 1797 1858 1975 1886; x_wconf 79' lang='lat' dir='ltr'>taeterrimus</span> <span class='ocrx_word' id='word_1_930' title='bbox 1988 1858 2048 1885; x_wconf 90' lang='lat' dir='ltr'>oris</span> <span class='ocrx_word' id='word_1_931' title='bbox 2063 1877 2071 1888; x_wconf 86' lang='lat'>‚</span> <span class='ocrx_word' id='word_1_932' title='bbox 2092 1856 2127 1886; x_wconf 71' lang='grc' dir='ltr'>ὃς</span> 
     </span>
     <span class='ocr_line' id='line_1_103' title="bbox 1168 1896 2127 1938; baseline 0 -11"><span class='ocrx_word' id='word_1_933' title='bbox 1168 1899 1301 1937; x_wconf 84' lang='lat' dir='ltr'>corporis</span> <span class='ocrx_word' id='word_1_934' title='bbox 1319 1917 1328 1931; x_wconf 85' lang='lat'>‚</span> <span class='ocrx_word' id='word_1_935' title='bbox 1354 1908 1445 1937; x_wconf 90' lang='lat' dir='ltr'>quem</span> <span class='ocrx_word' id='word_1_936' title='bbox 1466 1897 1512 1936; x_wconf 83' lang='lat' dir='ltr'>(ut</span> <span class='ocrx_word' id='word_1_937' title='bbox 1529 1899 1623 1935; x_wconf 75' lang='lat' dir='ltr'>aiunt)</span> <span class='ocrx_word' id='word_1_938' title='bbox 1640 1908 1678 1927; x_wconf 88' lang='lat' dir='ltr'>ne</span> <span class='ocrx_word' id='word_1_939' title='bbox 1694 1896 1793 1927; x_wconf 77' lang='lat' dir='ltr'>bestiae</span> <span class='ocrx_word' id='word_1_940' title='bbox 1818 1897 1943 1938; x_wconf 87' lang='lat' dir='ltr'>quidem</span> <span class='ocrx_word' id='word_1_941' title='bbox 1959 1896 2034 1927; x_wconf 82' lang='lat' dir='ltr'>ferre</span> <span class='ocrx_word' id='word_1_942' title='bbox 2055 1899 2127 1936; x_wconf 86' lang='lat' dir='ltr'>pos—</span> 
     </span>
     <span class='ocr_line' id='line_1_104' title="bbox 1169 1938 2127 1978; baseline 0 -10"><span class='ocrx_word' id='word_1_943' title='bbox 1169 1941 1233 1969; x_wconf 84' lang='lat' dir='ltr'>sent</span> <span class='ocrx_word' id='word_1_944' title='bbox 1241 1958 1249 1971; x_wconf 87' lang='lat'>,</span> <span class='ocrx_word' id='word_1_945' title='bbox 1261 1940 1313 1968; x_wconf 87' lang='lat' dir='ltr'>uni</span> <span class='ocrx_word' id='word_1_946' title='bbox 1324 1938 1371 1968; x_wconf 92' lang='lat' dir='ltr'>isti</span> <span class='ocrx_word' id='word_1_947' title='bbox 1383 1940 1482 1968; x_wconf 92' lang='lat' dir='ltr'>suavis</span> <span class='ocrx_word' id='word_1_948' title='bbox 1490 1959 1499 1972; x_wconf 87' lang='lat'><strong><em>‚</em></strong></span> <span class='ocrx_word' id='word_1_949' title='bbox 1515 1939 1706 1978; x_wconf 87' lang='lat' dir='ltr'>&amp;jucundus</span> <span class='ocrx_word' id='word_1_950' title='bbox 1715 1938 1874 1969; x_wconf 73' lang='lat' dir='ltr'>videretur.</span> <span class='ocrx_word' id='word_1_951' title='bbox 1898 1939 1952 1968; x_wconf 86' lang='lat' dir='ltr'>Ille</span> <span class='ocrx_word' id='word_1_952' title='bbox 1963 1947 2022 1968; x_wconf 84' lang='lat' dir='ltr'>erat</span> <span class='ocrx_word' id='word_1_953' title='bbox 2032 1940 2065 1968; x_wconf 88' lang='lat' dir='ltr'>in</span> <span class='ocrx_word' id='word_1_954' title='bbox 2074 1940 2127 1968; x_wconf 84' lang='lat' dir='ltr'>tri—</span> 
     </span>
     <span class='ocr_line' id='line_1_105' title="bbox 1168 1979 2126 2019; baseline 0 -10"><span class='ocrx_word' id='word_1_955' title='bbox 1168 1980 1271 2009; x_wconf 79' lang='lat' dir='ltr'>bunali</span> <span class='ocrx_word' id='word_1_956' title='bbox 1280 1982 1454 2019; x_wconf 85' lang='lat' dir='ltr'>proximus:</span> <span class='ocrx_word' id='word_1_957' title='bbox 1469 1984 1498 2007; x_wconf 87' lang='lat'>¹3</span> <span class='ocrx_word' id='word_1_958' title='bbox 1509 1982 1542 2009; x_wconf 89' lang='lat' dir='ltr'>in</span> <span class='ocrx_word' id='word_1_959' title='bbox 1551 1980 1692 2010; x_wconf 84' lang='lat' dir='ltr'>cubiculo</span> <span class='ocrx_word' id='word_1_960' title='bbox 1704 1980 1784 2010; x_wconf 85' lang='lat' dir='ltr'>solus</span> <span class='ocrx_word' id='word_1_961' title='bbox 1797 1991 1802 2009; x_wconf 90' lang='lat'>:</span> <span class='ocrx_word' id='word_1_962' title='bbox 1821 1982 1853 2010; x_wconf 89' lang='lat' dir='ltr'>in</span> <span class='ocrx_word' id='word_1_963' title='bbox 1863 1982 2009 2010; x_wconf 88' lang='lat' dir='ltr'>convivio</span> <span class='ocrx_word' id='word_1_964' title='bbox 2021 1979 2126 2010; x_wconf 90' lang='lat' dir='ltr'>domi-</span> 
     </span>
     <span class='ocr_line' id='line_1_106' title="bbox 1168 2020 2128 2062; baseline -0.001 -11"><span class='ocrx_word' id='word_1_965' title='bbox 1168 2031 1225 2051; x_wconf 91' lang='lat' dir='ltr'>nus</span> <span class='ocrx_word' id='word_1_966' title='bbox 1239 2031 1244 2050; x_wconf 90' lang='lat'><strong>:</strong></span> <span class='ocrx_word' id='word_1_967' title='bbox 1257 2031 1289 2051; x_wconf 91' lang='lat' dir='ltr'>ac</span> <span class='ocrx_word' id='word_1_968' title='bbox 1297 2030 1363 2051; x_wconf 88' lang='lat' dir='ltr'>tum</span> <span class='ocrx_word' id='word_1_969' title='bbox 1376 2022 1511 2051; x_wconf 79' lang='lat' dir='ltr'>maxime</span> <span class='ocrx_word' id='word_1_970' title='bbox 1523 2041 1530 2054; x_wconf 95' lang='lat'>‚</span> <span class='ocrx_word' id='word_1_971' title='bbox 1541 2020 1612 2051; x_wconf 76' lang='lat' dir='ltr'>cum</span> <span class='ocrx_word' id='word_1_972' title='bbox 1624 2041 1631 2054; x_wconf 89' lang='lat'><em>‚</em></span> <span class='ocrx_word' id='word_1_973' title='bbox 1642 2021 1801 2052; x_wconf 84' lang='lat' dir='ltr'>accubante</span> <span class='ocrx_word' id='word_1_974' title='bbox 1811 2031 1983 2062; x_wconf 86' lang='lat' dir='ltr'>praetextato</span> <span class='ocrx_word' id='word_1_975' title='bbox 1992 2023 2128 2061; x_wconf 69' lang='lat' dir='ltr'>praetoris</span> 
     </span>
     <span class='ocr_line' id='line_1_107' title="bbox 1166 2061 2124 2103; baseline 0.001 -11"><span class='ocrx_word' id='word_1_976' title='bbox 1166 2061 1232 2092; x_wconf 87' lang='lat' dir='ltr'>filio</span> <span class='ocrx_word' id='word_1_977' title='bbox 1241 2082 1250 2096; x_wconf 88' lang='lat'><strong><em>‚</em></strong></span> <span class='ocrx_word' id='word_1_978' title='bbox 1261 2065 1293 2092; x_wconf 90' lang='lat' dir='ltr'>in</span> <span class='ocrx_word' id='word_1_979' title='bbox 1303 2065 1449 2092; x_wconf 88' lang='lat' dir='ltr'>convivio</span> <span class='ocrx_word' id='word_1_980' title='bbox 1464 2063 1563 2093; x_wconf 86' lang='lat' dir='ltr'>saltare</span> <span class='ocrx_word' id='word_1_981' title='bbox 1572 2063 1672 2093; x_wconf 87' lang='lat' dir='ltr'>nudus</span> <span class='ocrx_word' id='word_1_982' title='bbox 1682 2072 1817 2103; x_wconf 76' lang='lat' dir='ltr'>coeperat.</span> <span class='ocrx_word' id='word_1_983' title='bbox 1853 2066 1959 2096; x_wconf 87' lang='lat' dir='ltr'>Hunc,</span> <span class='ocrx_word' id='word_1_984' title='bbox 1972 2065 2017 2092; x_wconf 90' lang='lat' dir='ltr'>uti</span> <span class='ocrx_word' id='word_1_985' title='bbox 2026 2063 2124 2093; x_wconf 86' lang='lat' dir='ltr'>dicere</span> 
     </span>
     <span class='ocr_line' id='line_1_108' title="bbox 1165 2103 2122 2144; baseline 0.001 -10"><span class='ocrx_word' id='word_1_986' title='bbox 1165 2103 1299 2137; x_wconf 87' lang='lat' dir='ltr'>institui,</span> <span class='ocrx_word' id='word_1_987' title='bbox 1309 2106 1477 2144; x_wconf 86' lang='lat' dir='ltr'>principem</span> <span class='ocrx_word' id='word_1_988' title='bbox 1490 2109 1519 2131; x_wconf 80' lang='lat'>¹4</span> <span class='ocrx_word' id='word_1_989' title='bbox 1528 2107 1633 2134; x_wconf 86' lang='lat' dir='ltr'>Verres</span> <span class='ocrx_word' id='word_1_990' title='bbox 1643 2105 1677 2134; x_wconf 87' lang='lat' dir='ltr'>ad</span> <span class='ocrx_word' id='word_1_991' title='bbox 1687 2104 1820 2135; x_wconf 86' lang='lat' dir='ltr'>fortunas</span> <span class='ocrx_word' id='word_1_992' title='bbox 1830 2114 1978 2135; x_wconf 83' lang='lat' dir='ltr'>aratorum</span> <span class='ocrx_word' id='word_1_993' title='bbox 1989 2125 1997 2138; x_wconf 86' lang='lat'>‚</span> <span class='ocrx_word' id='word_1_994' title='bbox 2008 2114 2122 2135; x_wconf 84' lang='lat' dir='ltr'>vexan-</span> 
     </span>
     <span class='ocr_line' id='line_1_109' title="bbox 1166 2144 2117 2187; baseline 0 -12"><span class='ocrx_word' id='word_1_995' title='bbox 1166 2145 1216 2175; x_wconf 85' lang='lat' dir='ltr'>das</span> <span class='ocrx_word' id='word_1_996' title='bbox 1227 2166 1235 2179; x_wconf 88' lang='lat'>,</span> <span class='ocrx_word' id='word_1_997' title='bbox 1254 2145 1491 2186; x_wconf 87' lang='lat' dir='ltr'>diripiendasque</span> <span class='ocrx_word' id='word_1_998' title='bbox 1502 2144 1559 2175; x_wconf 89' lang='lat' dir='ltr'>esse</span> <span class='ocrx_word' id='word_1_999' title='bbox 1569 2146 1668 2176; x_wconf 87' lang='lat' dir='ltr'>voluit</span> <span class='ocrx_word' id='word_1_1000' title='bbox 1680 2157 1685 2174; x_wconf 92' lang='lat'>:</span> <span class='ocrx_word' id='word_1_1001' title='bbox 1703 2148 1793 2183; x_wconf 87' lang='lat' dir='ltr'>hujus</span> <span class='ocrx_word' id='word_1_1002' title='bbox 1803 2147 1929 2176; x_wconf 72' lang='lat' dir='ltr'>audaciae</span> <span class='ocrx_word' id='word_1_1003' title='bbox 1939 2166 1948 2179; x_wconf 89' lang='lat'>,</span> <span class='ocrx_word' id='word_1_1004' title='bbox 1964 2148 2117 2187; x_wconf 83' lang='lat' dir='ltr'>nequitiae‚</span> 
     </span>
     <span class='ocr_line' id='line_1_110' title="bbox 1165 2185 2121 2228; baseline 0.002 -12"><span class='ocrx_word' id='word_1_1005' title='bbox 1165 2187 1352 2220; x_wconf 81' lang='lat' dir='ltr'>crudelitati,</span> <span class='ocrx_word' id='word_1_1006' title='bbox 1380 2185 1565 2217; x_wconf 89' lang='lat' dir='ltr'>fideliffimos</span> <span class='ocrx_word' id='word_1_1007' title='bbox 1579 2188 1674 2217; x_wconf 87' lang='lat' dir='ltr'>socios</span> <span class='ocrx_word' id='word_1_1008' title='bbox 1685 2208 1693 2221; x_wconf 90' lang='lat'>,</span> <span class='ocrx_word' id='word_1_1009' title='bbox 1714 2188 1904 2228; x_wconf 88' lang='lat' dir='ltr'>optimosque</span> <span class='ocrx_word' id='word_1_1010' title='bbox 1914 2190 2006 2218; x_wconf 89' lang='lat' dir='ltr'>civeis</span> <span class='ocrx_word' id='word_1_1011' title='bbox 2018 2188 2121 2218; x_wconf 88' lang='lat' dir='ltr'>scitote</span> 
     </span>
     <span class='ocr_line' id='line_1_111' title="bbox 1167 2227 2121 2270; baseline 0.001 -13"><span class='ocrx_word' id='word_1_1012' title='bbox 1167 2229 1225 2258; x_wconf 91' lang='lat' dir='ltr'>hoc</span> <span class='ocrx_word' id='word_1_1013' title='bbox 1238 2238 1361 2268; x_wconf 82' lang='lat' dir='ltr'>praetore</span> <span class='ocrx_word' id='word_1_1014' title='bbox 1373 2228 1495 2258; x_wconf 83' lang='lat' dir='ltr'>traditos</span> <span class='ocrx_word' id='word_1_1015' title='bbox 1505 2249 1514 2262; x_wconf 87' lang='lat'>,</span> <span class='ocrx_word' id='word_1_1016' title='bbox 1534 2228 1667 2268; x_wconf 80' lang='lat' dir='ltr'>judices,</span> <span class='ocrx_word' id='word_1_1017' title='bbox 1686 2239 1772 2270; x_wconf 83' lang='lat' dir='ltr'>arque</span> <span class='ocrx_word' id='word_1_1018' title='bbox 1782 2229 1917 2260; x_wconf 65' lang='lat' dir='ltr'>addiEiws</span> <span class='ocrx_word' id='word_1_1019' title='bbox 1927 2227 2014 2259; x_wconf 74' lang='lat' dir='ltr'>fuifl‘e</span> <span class='ocrx_word' id='word_1_1020' title='bbox 2023 2249 2032 2263; x_wconf 93' lang='lat'>‚</span> <span class='ocrx_word' id='word_1_1021' title='bbox 2045 2227 2121 2259; x_wconf 69' lang='lat' dir='ltr'>rioms</span> 
     </span>
     <span class='ocr_line' id='line_1_112' title="bbox 1167 2269 2119 2320; baseline 0.003 -22"><span class='ocrx_word' id='word_1_1022' title='bbox 1167 2269 1298 2305; x_wconf 70' lang='lat' dir='ltr'>institam</span> <span class='ocrx_word' id='word_1_1023' title='bbox 1320 2270 1355 2302; x_wconf 61' lang='grc' dir='ltr'><strong><em>ὼ</em></strong></span> <span class='ocrx_word' id='word_1_1024' title='bbox 1367 2269 1460 2299; x_wconf 56' lang='lat' dir='ltr'>edistis</span> <span class='ocrx_word' id='word_1_1025' title='bbox 1473 2291 1483 2303; x_wconf 88' lang='lat'>,</span> <span class='ocrx_word' id='word_1_1026' title='bbox 1505 2279 1567 2300; x_wconf 88' lang='lat' dir='ltr'>tota</span> <span class='ocrx_word' id='word_1_1027' title='bbox 1584 2273 1749 2301; x_wconf 85' lang='lat' dir='ltr'>Hieronica</span> <span class='ocrx_word' id='word_1_1028' title='bbox 1766 2272 1829 2320; x_wconf 75' lang='lat' dir='ltr'>lege</span> <span class='ocrx_word' id='word_1_1029' title='bbox 1848 2271 2119 2311; x_wconf 80' lang='lat' dir='ltr'>(quemadmodum</span> 
     </span>
     <span class='ocr_line' id='line_1_113' title="bbox 1166 2311 2121 2352; baseline 0.001 -11"><span class='ocrx_word' id='word_1_1030' title='bbox 1166 2320 1250 2341; x_wconf 86' lang='lat' dir='ltr'>antea</span> <span class='ocrx_word' id='word_1_1031' title='bbox 1260 2311 1469 2349; x_wconf 67' lang='lat' dir='ltr'>dixi)reie6ta‚</span> <span class='ocrx_word' id='word_1_1032' title='bbox 1484 2312 1517 2342; x_wconf 65' lang='grc' dir='ltr'>ὃς</span> <span class='ocrx_word' id='word_1_1033' title='bbox 1530 2312 1688 2352; x_wconf 80' lang='lat' dir='ltr'>repudiata.</span> <span class='ocrx_word' id='word_1_1034' title='bbox 1712 2316 1862 2346; x_wconf 87' lang='lat' dir='ltr'>Primum,</span> <span class='ocrx_word' id='word_1_1035' title='bbox 1881 2312 2027 2346; x_wconf 54' lang='lat' dir='ltr'>edifitum,</span> <span class='ocrx_word' id='word_1_1036' title='bbox 2039 2313 2121 2352; x_wconf 84' lang='lat' dir='ltr'>judi-</span> 
     </span>
     <span class='ocr_line' id='line_1_114' title="bbox 1163 2353 2124 2393; baseline 0.003 -11"><span class='ocrx_word' id='word_1_1037' title='bbox 1163 2363 1210 2383; x_wconf 87' lang='lat' dir='ltr'>ces</span> <span class='ocrx_word' id='word_1_1038' title='bbox 1225 2373 1233 2386; x_wconf 87' lang='lat'>‚</span> <span class='ocrx_word' id='word_1_1039' title='bbox 1257 2353 1355 2383; x_wconf 85' lang='lat' dir='ltr'>audite</span> <span class='ocrx_word' id='word_1_1040' title='bbox 1373 2354 1547 2392; x_wconf 68' lang='lat' dir='ltr'>praeclarum</span> <span class='ocrx_word' id='word_1_1041' title='bbox 1563 2364 1568 2382; x_wconf 74' lang='grc' dir='ltr'><em>τ</em></span> <span class='ocrx_word' id='word_1_1042' title='bbox 1593 2363 1764 2393; x_wconf 72' lang='lat' dir='ltr'>QUANTUM</span> <span class='ocrx_word' id='word_1_1043' title='bbox 1787 2355 1969 2385; x_wconf 89' lang='lat' dir='ltr'>decumanus</span> <span class='ocrx_word' id='word_1_1044' title='bbox 1987 2353 2124 2385; x_wconf 82' lang='lat' dir='ltr'>edidisset</span> 
     </span>
     <span class='ocr_line' id='line_1_115' title="bbox 1163 2393 2124 2436; baseline 0.002 -12"><span class='ocrx_word' id='word_1_1045' title='bbox 1163 2404 1309 2425; x_wconf 86' lang='lat' dir='ltr'>aratorem</span> <span class='ocrx_word' id='word_1_1046' title='bbox 1319 2393 1372 2424; x_wconf 85' lang='lat' dir='ltr'>fibi</span> <span class='ocrx_word' id='word_1_1047' title='bbox 1385 2395 1519 2425; x_wconf 87' lang='lat' dir='ltr'>decumae</span> <span class='ocrx_word' id='word_1_1048' title='bbox 1528 2394 1595 2425; x_wconf 84' lang='lat' dir='ltr'>dare</span> <span class='ocrx_word' id='word_1_1049' title='bbox 1606 2405 1752 2436; x_wconf 88' lang='lat' dir='ltr'>oportere,</span> <span class='ocrx_word' id='word_1_1050' title='bbox 1765 2405 1796 2426; x_wconf 92' lang='lat' dir='ltr'>ut</span> <span class='ocrx_word' id='word_1_1051' title='bbox 1803 2405 1920 2427; x_wconf 83' lang='lat' dir='ltr'>tantum</span> <span class='ocrx_word' id='word_1_1052' title='bbox 1930 2406 2022 2426; x_wconf 80' lang='lat' dir='ltr'>arator</span> <span class='ocrx_word' id='word_1_1053' title='bbox 2031 2395 2124 2426; x_wconf 84' lang='lat' dir='ltr'>decu-</span> 
     </span>
    </p>

    <p class='ocr_par' dir='ltr' id='par_1_11' title="bbox 2026 2448 2120 2468">
     <span class='ocr_line' id='line_1_116' title="bbox 2026 2448 2120 2468; baseline 0 -1"><span class='ocrx_word' id='word_1_1054' title='bbox 2026 2448 2120 2468; x_wconf 85' lang='lat' dir='ltr'>mano</span> 
     </span>
    </p>
   </div>
   <div class='ocr_carea' id='block_1_11' title="bbox 168 2489 2122 2503">
    <p class='ocr_par' dir='ltr' id='par_1_12' title="bbox 168 2489 2122 2503">
     <span class='ocr_line' id='line_1_117' title="bbox 168 2489 2122 2503; baseline 0 886"><span class='ocrx_word' id='word_1_1055' title='bbox 168 2489 2122 2503; x_wconf 95' lang='lat' dir='ltr'> </span> 
     </span>
    </p>
   </div>
   <div class='ocr_carea' id='block_1_12' title="bbox 157 2516 1119 3089">
    <p class='ocr_par' dir='ltr' id='par_1_13' title="bbox 162 2516 1119 2622">
     <span class='ocr_line' id='line_1_118' title="bbox 200 2516 1119 2552; baseline 0 -10"><span class='ocrx_word' id='word_1_1056' title='bbox 200 2519 417 2551; x_wconf 37' lang='lat' dir='ltr'>x.&#39;Sapient1[ffimos</span> <span class='ocrx_word' id='word_1_1057' title='bbox 427 2518 457 2547; x_wconf 64' lang='grc' dir='ltr'>ὠ·</span> <span class='ocrx_word' id='word_1_1058' title='bbox 466 2517 624 2550; x_wconf 58' lang='lat' dir='ltr'>clart&#39;ffimoL]</span> <span class='ocrx_word' id='word_1_1059' title='bbox 646 2517 711 2542; x_wconf 83' lang='lat' dir='ltr'>Non</span> <span class='ocrx_word' id='word_1_1060' title='bbox 730 2517 804 2552; x_wconf 86' lang='lat' dir='ltr'>potui</span> <span class='ocrx_word' id='word_1_1061' title='bbox 815 2516 957 2543; x_wconf 85' lang='lat' dir='ltr'>excludere</span> <span class='ocrx_word' id='word_1_1062' title='bbox 970 2526 1060 2543; x_wconf 86' lang='lat' dir='ltr'>vocem</span> <span class='ocrx_word' id='word_1_1063' title='bbox 1071 2526 1119 2552; x_wconf 85' lang='lat' dir='ltr'>po-</span> 
     </span>
     <span class='ocr_line' id='line_1_119' title="bbox 162 2551 1119 2588; baseline 0 -10"><span class='ocrx_word' id='word_1_1064' title='bbox 162 2551 295 2584; x_wconf 79' lang='lat' dir='ltr'>stremam,</span> <span class='ocrx_word' id='word_1_1065' title='bbox 304 2554 437 2579; x_wconf 77' lang='lat' dir='ltr'>inventam</span> <span class='ocrx_word' id='word_1_1066' title='bbox 449 2562 501 2579; x_wconf 88' lang='lat' dir='ltr'>non</span> <span class='ocrx_word' id='word_1_1067' title='bbox 513 2551 593 2578; x_wconf 86' lang='lat' dir='ltr'>modo</span> <span class='ocrx_word' id='word_1_1068' title='bbox 601 2552 628 2578; x_wconf 84' lang='lat' dir='ltr'>iu</span> <span class='ocrx_word' id='word_1_1069' title='bbox 639 2552 745 2578; x_wconf 81' lang='lat' dir='ltr'>Metell.</span> <span class='ocrx_word' id='word_1_1070' title='bbox 757 2551 799 2579; x_wconf 82' lang='lat' dir='ltr'>sed</span> <span class='ocrx_word' id='word_1_1071' title='bbox 810 2554 890 2579; x_wconf 79' lang='lat' dir='ltr'>etiam</span> <span class='ocrx_word' id='word_1_1072' title='bbox 901 2553 980 2579; x_wconf 87' lang='lat' dir='ltr'>Fabr.</span> <span class='ocrx_word' id='word_1_1073' title='bbox 991 2552 1038 2579; x_wconf 83' lang='lat' dir='ltr'>nisi</span> <span class='ocrx_word' id='word_1_1074' title='bbox 1048 2552 1119 2588; x_wconf 81' lang='lat' dir='ltr'>quod</span> 
     </span>
     <span class='ocr_line' id='line_1_120' title="bbox 162 2587 737 2622; baseline -0.002 -7"><span class='ocrx_word' id='word_1_1075' title='bbox 162 2587 185 2615; x_wconf 80' lang='lat' dir='ltr'>is</span> <span class='ocrx_word' id='word_1_1076' title='bbox 195 2590 375 2622; x_wconf 70' lang='lat' dir='ltr'>clariffimffque.</span> <span class='ocrx_word' id='word_1_1077' title='bbox 395 2589 452 2614; x_wconf 86' lang='lat' dir='ltr'>aliis</span> <span class='ocrx_word' id='word_1_1078' title='bbox 463 2587 524 2614; x_wconf 80' lang='lat' dir='ltr'>edd.</span> <span class='ocrx_word' id='word_1_1079' title='bbox 535 2587 561 2613; x_wconf 90' lang='lat' dir='ltr'>id</span> <span class='ocrx_word' id='word_1_1080' title='bbox 576 2587 647 2614; x_wconf 84' lang='lat' dir='ltr'>verbi</span> <span class='ocrx_word' id='word_1_1081' title='bbox 658 2588 737 2614; x_wconf 87' lang='lat' dir='ltr'>abest.</span> 
     </span>
    </p>

    <p class='ocr_par' dir='ltr' id='par_1_14' title="bbox 159 2624 1117 2696">
     <span class='ocr_line' id='line_1_121' title="bbox 197 2624 1117 2659; baseline 0.001 -9"><span class='ocrx_word' id='word_1_1082' title='bbox 197 2632 225 2650; x_wconf 88' lang='lat'>2.</span> <span class='ocrx_word' id='word_1_1083' title='bbox 243 2627 332 2657; x_wconf 81' lang='lat' dir='ltr'>Ingenii</span> <span class='ocrx_word' id='word_1_1084' title='bbox 340 2625 502 2658; x_wconf 70' lang='lat' dir='ltr'>diligentiaeque</span> <span class='ocrx_word' id='word_1_1085' title='bbox 511 2624 580 2658; x_wconf 51' lang='lat' dir='ltr'>rum]</span> <span class='ocrx_word' id='word_1_1086' title='bbox 597 2624 640 2649; x_wconf 91' lang='lat' dir='ltr'>Sic</span> <span class='ocrx_word' id='word_1_1087' title='bbox 652 2624 774 2659; x_wconf 79' lang='lat' dir='ltr'>Hittorp.</span> <span class='ocrx_word' id='word_1_1088' title='bbox 786 2624 819 2650; x_wconf 84' lang='lat' dir='ltr'>sic</span> <span class='ocrx_word' id='word_1_1089' title='bbox 829 2624 907 2651; x_wconf 77' lang='lat' dir='ltr'>Fabr.</span> <span class='ocrx_word' id='word_1_1090' title='bbox 918 2624 944 2650; x_wconf 71' lang='grc' dir='ltr'>δε</span> <span class='ocrx_word' id='word_1_1091' title='bbox 958 2624 1053 2650; x_wconf 84' lang='lat' dir='ltr'>Metel.</span> <span class='ocrx_word' id='word_1_1092' title='bbox 1065 2634 1117 2651; x_wconf 88' lang='lat' dir='ltr'>non</span> 
     </span>
     <span class='ocr_line' id='line_1_122' title="bbox 159 2658 690 2696; baseline 0.002 -12"><span class='ocrx_word' id='word_1_1093' title='bbox 159 2659 330 2694; x_wconf 70' lang='lat' dir='ltr'>prudenn&#39;aeque</span> <span class='ocrx_word' id='word_1_1094' title='bbox 341 2679 349 2691; x_wconf 91' lang='lat'>‚</span> <span class='ocrx_word' id='word_1_1095' title='bbox 360 2659 429 2696; x_wconf 91' lang='lat' dir='ltr'>quod</span> <span class='ocrx_word' id='word_1_1096' title='bbox 441 2660 466 2686; x_wconf 78' lang='lat' dir='ltr'>in</span> <span class='ocrx_word' id='word_1_1097' title='bbox 479 2658 604 2686; x_wconf 42' lang='lat' dir='ltr'>bacienus</span> <span class='ocrx_word' id='word_1_1098' title='bbox 615 2659 690 2685; x_wconf 78' lang='lat' dir='ltr'>cusis.</span> 
     </span>
    </p>

    <p class='ocr_par' dir='ltr' id='par_1_15' title="bbox 163 2694 1118 2766">
     <span class='ocr_line' id='line_1_123' title="bbox 199 2694 1118 2730; baseline 0 -9"><span class='ocrx_word' id='word_1_1099' title='bbox 199 2703 225 2730; x_wconf 82' lang='lat'>3.</span> <span class='ocrx_word' id='word_1_1100' title='bbox 252 2697 389 2730; x_wconf 70' lang='lat' dir='ltr'>Pqsseffi‘ones</span> <span class='ocrx_word' id='word_1_1101' title='bbox 406 2696 564 2721; x_wconf 74' lang='lat' dir='ltr'>hereditatum</span> <span class='ocrx_word' id='word_1_1102' title='bbox 573 2694 588 2721; x_wconf 71' lang='grc' dir='ltr'><em>ἃ</em></span> <span class='ocrx_word' id='word_1_1103' title='bbox 599 2695 677 2721; x_wconf 62' lang='lat' dir='ltr'>liberis</span> <span class='ocrx_word' id='word_1_1104' title='bbox 687 2696 720 2720; x_wconf 76' lang='lat' dir='ltr'>nd</span> <span class='ocrx_word' id='word_1_1105' title='bbox 728 2696 841 2730; x_wconf 68' lang='lat' dir='ltr'>alienos]</span> <span class='ocrx_word' id='word_1_1106' title='bbox 863 2695 1018 2724; x_wconf 72' lang='lat' dir='ltr'>Adiecimus</span> <span class='ocrx_word' id='word_1_1107' title='bbox 1038 2696 1118 2722; x_wconf 88' lang='lat' dir='ltr'>modo</span> 
     </span>
     <span class='ocr_line' id='line_1_124' title="bbox 163 2729 1118 2766; baseline 0 -9"><span class='ocrx_word' id='word_1_1108' title='bbox 163 2729 230 2757; x_wconf 83' lang='lat' dir='ltr'>illud</span> <span class='ocrx_word' id='word_1_1109' title='bbox 239 2729 255 2756; x_wconf 72' lang='grc' dir='ltr'><em>ἃ</em></span> <span class='ocrx_word' id='word_1_1110' title='bbox 265 2732 342 2757; x_wconf 71' lang='lat' dir='ltr'>liberis</span> <span class='ocrx_word' id='word_1_1111' title='bbox 354 2750 362 2763; x_wconf 87' lang='lat'>‚</span> <span class='ocrx_word' id='word_1_1112' title='bbox 379 2731 509 2758; x_wconf 79' lang='lat' dir='ltr'>admoniti</span> <span class='ocrx_word' id='word_1_1113' title='bbox 528 2732 543 2756; x_wconf 69' lang='grc' dir='ltr'>ἀ</span> <span class='ocrx_word' id='word_1_1114' title='bbox 553 2732 654 2757; x_wconf 85' lang='lat' dir='ltr'>Nannii</span> <span class='ocrx_word' id='word_1_1115' title='bbox 665 2730 766 2766; x_wconf 84' lang='lat' dir='ltr'>scriptis</span> <span class='ocrx_word' id='word_1_1116' title='bbox 779 2753 786 2763; x_wconf 95' lang='grc'><em>,</em></span> <span class='ocrx_word' id='word_1_1117' title='bbox 807 2733 871 2758; x_wconf 83' lang='lat' dir='ltr'>item</span> <span class='ocrx_word' id='word_1_1118' title='bbox 883 2731 960 2758; x_wconf 85' lang='lat' dir='ltr'>Fabr.</span> <span class='ocrx_word' id='word_1_1119' title='bbox 973 2732 1000 2757; x_wconf 74' lang='grc' dir='ltr'>δε</span> <span class='ocrx_word' id='word_1_1120' title='bbox 1013 2732 1118 2758; x_wconf 87' lang='lat' dir='ltr'>Metell.</span> 
     </span>
    </p>

    <p class='ocr_par' dir='ltr' id='par_1_16' title="bbox 157 2765 1116 2874">
     <span class='ocr_line' id='line_1_125' title="bbox 184 2765 1116 2802; baseline 0.002 -10"><span class='ocrx_word' id='word_1_1121' title='bbox 184 2765 235 2792; x_wconf 85' lang='lat' dir='ltr'>uod</span> <span class='ocrx_word' id='word_1_1122' title='bbox 245 2774 333 2793; x_wconf 76' lang='lat' dir='ltr'>tamen</span> <span class='ocrx_word' id='word_1_1123' title='bbox 343 2777 394 2794; x_wconf 89' lang='lat' dir='ltr'>non</span> <span class='ocrx_word' id='word_1_1124' title='bbox 404 2767 455 2793; x_wconf 80' lang='lat' dir='ltr'>effe</span> <span class='ocrx_word' id='word_1_1125' title='bbox 464 2767 602 2793; x_wconf 86' lang='lat' dir='ltr'>Ciceronis</span> <span class='ocrx_word' id='word_1_1126' title='bbox 613 2766 764 2802; x_wconf 65' lang='lat' dir='ltr'>legitimum</span> <span class='ocrx_word' id='word_1_1127' title='bbox 775 2768 870 2794; x_wconf 82' lang='lat' dir='ltr'>clamat</span> <span class='ocrx_word' id='word_1_1128' title='bbox 881 2767 1014 2793; x_wconf 76' lang='lat' dir='ltr'>Palatinus</span> <span class='ocrx_word' id='word_1_1129' title='bbox 1025 2767 1116 2794; x_wconf 84' lang='lat' dir='ltr'>secun-</span> 
     </span>
     <span class='ocr_line' id='line_1_126' title="bbox 162 2776 1116 2840; baseline 0.002 -12"><span class='ocrx_word' id='word_1_1130' title='bbox 162 2776 212 2828; x_wconf 63' lang='lat' dir='ltr'>dus</span> <span class='ocrx_word' id='word_1_1131' title='bbox 223 2811 231 2833; x_wconf 80' lang='lat'>3</span> <span class='ocrx_word' id='word_1_1132' title='bbox 252 2801 500 2839; x_wconf 82' lang='lat' dir='ltr'>admittendumque</span> <span class='ocrx_word' id='word_1_1133' title='bbox 510 2803 596 2838; x_wconf 88' lang='lat' dir='ltr'>potius</span> <span class='ocrx_word' id='word_1_1134' title='bbox 616 2802 631 2828; x_wconf 76' lang='grc' dir='ltr'><em>ἂ</em></span> <span class='ocrx_word' id='word_1_1135' title='bbox 645 2804 696 2836; x_wconf 54' lang='lat' dir='ltr'>suit</span> <span class='ocrx_word' id='word_1_1136' title='bbox 714 2804 747 2828; x_wconf 77' lang='lat' dir='ltr'>ad</span> <span class='ocrx_word' id='word_1_1137' title='bbox 755 2805 853 2830; x_wconf 82' lang='lat' dir='ltr'>alienos.</span> <span class='ocrx_word' id='word_1_1138' title='bbox 874 2803 938 2840; x_wconf 80' lang='lat' dir='ltr'>quid</span> <span class='ocrx_word' id='word_1_1139' title='bbox 948 2803 1094 2839; x_wconf 77' lang='lat' dir='ltr'>elegantius</span> <span class='ocrx_word' id='word_1_1140' title='bbox 1105 2805 1116 2830; x_wconf 89' lang='lat'>?</span> 
     </span>
     <span class='ocr_line' id='line_1_127' title="bbox 157 2837 843 2874; baseline 0.001 -10"><span class='ocrx_word' id='word_1_1141' title='bbox 157 2837 360 2874; x_wconf 77' lang='lat' dir='ltr'>Jurisconsultis</span> <span class='ocrx_word' id='word_1_1142' title='bbox 370 2839 439 2865; x_wconf 86' lang='lat' dir='ltr'>enim</span> <span class='ocrx_word' id='word_1_1143' title='bbox 451 2839 589 2871; x_wconf 73' lang='lat' dir='ltr'>heredessm·</span> <span class='ocrx_word' id='word_1_1144' title='bbox 599 2857 607 2869; x_wconf 94' lang='lat'>‚</span> <span class='ocrx_word' id='word_1_1145' title='bbox 618 2837 677 2865; x_wconf 87' lang='lat' dir='ltr'>sunt</span> <span class='ocrx_word' id='word_1_1146' title='bbox 687 2839 747 2865; x_wconf 75' lang='lat' dir='ltr'>filii.</span> <span class='ocrx_word' id='word_1_1147' title='bbox 838 2856 843 2862; x_wconf 81' lang='lat'><em>-</em></span> 
     </span>
    </p>

    <p class='ocr_par' dir='ltr' id='par_1_17' title="bbox 165 2874 1118 2972">
     <span class='ocr_line' id='line_1_128' title="bbox 198 2874 1117 2909; baseline 0.002 -10"><span class='ocrx_word' id='word_1_1148' title='bbox 198 2881 227 2907; x_wconf 84' lang='lat'>4.</span> <span class='ocrx_word' id='word_1_1149' title='bbox 245 2877 370 2908; x_wconf 74' lang='lat' dir='ltr'>Legemque</span> <span class='ocrx_word' id='word_1_1150' title='bbox 378 2876 413 2901; x_wconf 77' lang='lat' dir='ltr'>his</span> <span class='ocrx_word' id='word_1_1151' title='bbox 423 2876 493 2900; x_wconf 79' lang='lat' dir='ltr'>rebm</span> <span class='ocrx_word' id='word_1_1152' title='bbox 504 2893 512 2905; x_wconf 88' lang='lat'>,</span> <span class='ocrx_word' id='word_1_1153' title='bbox 530 2884 579 2908; x_wconf 78' lang='lat' dir='ltr'>quae</span> <span class='ocrx_word' id='word_1_1154' title='bbox 596 2876 649 2908; x_wconf 76' lang='lat' dir='ltr'>ipfis</span> <span class='ocrx_word' id='word_1_1155' title='bbox 666 2875 791 2900; x_wconf 66' lang='lat' dir='ltr'>videretur</span> <span class='ocrx_word' id='word_1_1156' title='bbox 802 2893 810 2905; x_wconf 85' lang='lat'>‚</span> <span class='ocrx_word' id='word_1_1157' title='bbox 822 2874 866 2907; x_wconf 77' lang='lat' dir='ltr'>fid</span> <span class='ocrx_word' id='word_1_1158' title='bbox 882 2875 1020 2909; x_wconf 57' lang='lat' dir='ltr'>edico-ena]</span> <span class='ocrx_word' id='word_1_1159' title='bbox 1043 2875 1086 2901; x_wconf 82' lang='lat' dir='ltr'>Est</span> <span class='ocrx_word' id='word_1_1160' title='bbox 1103 2876 1117 2901; x_wconf 71' lang='grc' dir='ltr'>ἑ</span> 
     </span>
     <span class='ocr_line' id='line_1_129' title="bbox 165 2908 1118 2945; baseline 0.002 -10"><span class='ocrx_word' id='word_1_1161' title='bbox 165 2908 367 2936; x_wconf 80' lang='lat' dir='ltr'>membranaceis</span> <span class='ocrx_word' id='word_1_1162' title='bbox 379 2911 484 2945; x_wconf 82' lang='lat' dir='ltr'>Laugii.</span> <span class='ocrx_word' id='word_1_1163' title='bbox 504 2909 619 2945; x_wconf 69' lang='lat' dir='ltr'>Vulgata</span> <span class='ocrx_word' id='word_1_1164' title='bbox 629 2929 637 2941; x_wconf 86' lang='lat'>‚</span> <span class='ocrx_word' id='word_1_1165' title='bbox 655 2920 726 2944; x_wconf 81' lang='lat' dir='ltr'>quam</span> <span class='ocrx_word' id='word_1_1166' title='bbox 734 2912 789 2944; x_wconf 80' lang='lat' dir='ltr'>ipfis</span> <span class='ocrx_word' id='word_1_1167' title='bbox 799 2911 852 2936; x_wconf 76' lang='lat' dir='ltr'>vld.</span> <span class='ocrx_word' id='word_1_1168' title='bbox 865 2911 976 2936; x_wconf 72' lang='lat' dir='ltr'>dicerent.</span> <span class='ocrx_word' id='word_1_1169' title='bbox 997 2911 1039 2937; x_wconf 90' lang='lat' dir='ltr'>sed</span> <span class='ocrx_word' id='word_1_1170' title='bbox 1050 2910 1118 2938; x_wconf 73' lang='lat' dir='ltr'>Pall.</span> 
     </span>
     <span class='ocr_line' id='line_1_130' title="bbox 165 2945 687 2972; baseline 0 -1"><span class='ocrx_word' id='word_1_1171' title='bbox 165 2945 193 2971; x_wconf 82' lang='lat'>&amp;</span> <span class='ocrx_word' id='word_1_1172' title='bbox 203 2945 268 2971; x_wconf 82' lang='lat' dir='ltr'>olim</span> <span class='ocrx_word' id='word_1_1173' title='bbox 278 2945 342 2971; x_wconf 82' lang='lat' dir='ltr'>editi</span> <span class='ocrx_word' id='word_1_1174' title='bbox 353 2945 456 2972; x_wconf 73' lang='lat' dir='ltr'>servant</span> <span class='ocrx_word' id='word_1_1175' title='bbox 467 2953 552 2972; x_wconf 78' lang='lat' dir='ltr'>tamen</span> <span class='ocrx_word' id='word_1_1176' title='bbox 564 2946 687 2972; x_wconf 81' lang='lat' dir='ltr'>edicerent.</span> 
     </span>
    </p>

    <p class='ocr_par' dir='ltr' id='par_1_18' title="bbox 164 2981 1118 3053">
     <span class='ocr_line' id='line_1_131' title="bbox 203 2981 1118 3018; baseline 0.002 -12"><span class='ocrx_word' id='word_1_1177' title='bbox 203 2989 229 3013; x_wconf 88' lang='lat'>5.</span> <span class='ocrx_word' id='word_1_1178' title='bbox 247 2982 294 3013; x_wconf 69' lang='lat' dir='ltr'>Qi</span> <span class='ocrx_word' id='word_1_1179' title='bbox 309 2982 364 3014; x_wconf 59' lang='lat' dir='ltr'>caste</span> <span class='ocrx_word' id='word_1_1180' title='bbox 381 2988 430 3006; x_wconf 73' lang='lat' dir='ltr'>tum</span> <span class='ocrx_word' id='word_1_1181' title='bbox 442 2981 595 3015; x_wconf 68' lang='lat' dir='ltr'>Romaefuit]</span> <span class='ocrx_word' id='word_1_1182' title='bbox 615 2981 665 3007; x_wconf 84' lang='lat' dir='ltr'>Ms.</span> <span class='ocrx_word' id='word_1_1183' title='bbox 676 2981 802 3013; x_wconf 79' lang='lat' dir='ltr'>Metelli,</span> <span class='ocrx_word' id='word_1_1184' title='bbox 822 2984 893 3018; x_wconf 79' lang='lat' dir='ltr'>cassu.</span> <span class='ocrx_word' id='word_1_1185' title='bbox 914 2982 942 3008; x_wconf 66' lang='lat'>30</span> <span class='ocrx_word' id='word_1_1186' title='bbox 953 2981 987 3009; x_wconf 86' lang='lat' dir='ltr'>fic</span> <span class='ocrx_word' id='word_1_1187' title='bbox 997 2982 1037 3007; x_wconf 89' lang='grc' dir='ltr'>Μ.</span> <span class='ocrx_word' id='word_1_1188' title='bbox 1049 2981 1118 3008; x_wconf 86' lang='lat' dir='ltr'>Tul-</span> 
     </span>
     <span class='ocr_line' id='line_1_132' title="bbox 164 3015 732 3053; baseline 0.002 -11"><span class='ocrx_word' id='word_1_1189' title='bbox 164 3016 231 3043; x_wconf 84' lang='lat' dir='ltr'>lium</span> <span class='ocrx_word' id='word_1_1190' title='bbox 241 3015 363 3052; x_wconf 73' lang='lat' dir='ltr'>scripsiss‘e</span> <span class='ocrx_word' id='word_1_1191' title='bbox 373 3025 406 3043; x_wconf 82' lang='lat' dir='ltr'>ex</span> <span class='ocrx_word' id='word_1_1192' title='bbox 417 3017 588 3053; x_wconf 80' lang='lat' dir='ltr'>Qintiliano</span> <span class='ocrx_word' id='word_1_1193' title='bbox 597 3016 732 3043; x_wconf 84' lang='lat' dir='ltr'>discimus.</span> 
     </span>
    </p>

    <p class='ocr_par' dir='ltr' id='par_1_19' title="bbox 199 3051 1117 3089">
     <span class='ocr_line' id='line_1_133' title="bbox 199 3051 1117 3089; baseline 0.003 -13"><span class='ocrx_word' id='word_1_1194' title='bbox 199 3051 228 3077; x_wconf 92' lang='lat'>6.</span> <span class='ocrx_word' id='word_1_1195' title='bbox 247 3052 325 3077; x_wconf 60' lang='lat' dir='ltr'>stram</span> <span class='ocrx_word' id='word_1_1196' title='bbox 343 3055 487 3078; x_wconf 76' lang='lat' dir='ltr'>Hieronicam</span> <span class='ocrx_word' id='word_1_1197' title='bbox 503 3054 569 3085; x_wconf 77' lang='lat' dir='ltr'>Iegem</span> <span class='ocrx_word' id='word_1_1198' title='bbox 579 3053 719 3087; x_wconf 67' lang='lat' dir='ltr'>fiasr‘ulisti]</span> <span class='ocrx_word' id='word_1_1199' title='bbox 740 3054 770 3079; x_wconf 85' lang='lat' dir='ltr'>In</span> <span class='ocrx_word' id='word_1_1200' title='bbox 782 3052 887 3079; x_wconf 85' lang='lat' dir='ltr'>Metell.</span> <span class='ocrx_word' id='word_1_1201' title='bbox 898 3053 957 3080; x_wconf 75' lang='lat' dir='ltr'>sane</span> <span class='ocrx_word' id='word_1_1202' title='bbox 969 3053 1069 3089; x_wconf 78' lang='lat' dir='ltr'>legitur</span> <span class='ocrx_word' id='word_1_1203' title='bbox 1077 3053 1117 3079; x_wconf 84' lang='lat' dir='ltr'>bis</span> 
     </span>
    </p>
   </div>
   <div class='ocr_carea' id='block_1_13' title="bbox 1155 2518 2122 3093">
    <p class='ocr_par' dir='ltr' id='par_1_20' title="bbox 1155 2518 2122 3093">
     <span class='ocr_line' id='line_1_134' title="bbox 1197 2518 2120 2553; baseline 0.004 -10"><span class='ocrx_word' id='word_1_1204' title='bbox 1197 2526 1225 2552; x_wconf 90' lang='lat'>7.</span> <span class='ocrx_word' id='word_1_1205' title='bbox 1245 2521 1436 2551; x_wconf 73' lang='lat' dir='ltr'>Consiimtafimt</span> <span class='ocrx_word' id='word_1_1206' title='bbox 1444 2522 1505 2552; x_wconf 80' lang='lat' dir='ltr'>jura</span> <span class='ocrx_word' id='word_1_1207' title='bbox 1515 2519 1663 2553; x_wconf 51' lang='lat' dir='ltr'>decumana]</span> <span class='ocrx_word' id='word_1_1208' title='bbox 1685 2519 1728 2545; x_wconf 80' lang='lat' dir='ltr'>Est</span> <span class='ocrx_word' id='word_1_1209' title='bbox 1739 2520 1754 2545; x_wconf 75' lang='lat' dir='ltr'>:i</span> <span class='ocrx_word' id='word_1_1210' title='bbox 1766 2518 1839 2544; x_wconf 85' lang='lat' dir='ltr'>libris</span> <span class='ocrx_word' id='word_1_1211' title='bbox 1851 2519 1878 2543; x_wconf 90' lang='lat' dir='ltr'>N</span> <span class='ocrx_word' id='word_1_1212' title='bbox 1882 2519 1952 2545; x_wconf 79' lang='lat' dir='ltr'>annii</span> <span class='ocrx_word' id='word_1_1213' title='bbox 1963 2528 1993 2546; x_wconf 75' lang='lat' dir='ltr'>ac</span> <span class='ocrx_word' id='word_1_1214' title='bbox 2002 2520 2120 2547; x_wconf 85' lang='lat' dir='ltr'>Metelli.</span> 
     </span>
     <span class='ocr_line' id='line_1_135' title="bbox 1161 2554 1579 2590; baseline 0.002 -11"><span class='ocrx_word' id='word_1_1215' title='bbox 1161 2554 1288 2590; x_wconf 75' lang='lat' dir='ltr'>publicati</span> <span class='ocrx_word' id='word_1_1216' title='bbox 1299 2554 1344 2580; x_wconf 79' lang='lat' dir='ltr'>alii</span> <span class='ocrx_word' id='word_1_1217' title='bbox 1357 2574 1364 2584; x_wconf 89' lang='lat'>‚</span> <span class='ocrx_word' id='word_1_1218' title='bbox 1375 2555 1505 2580; x_wconf 72' lang='lat' dir='ltr'>decumani.</span> <span class='ocrx_word' id='word_1_1219' title='bbox 1571 2558 1579 2562; x_wconf 72' lang='lat'><strong><em>⁴</em></strong></span> 
     </span>
     <span class='ocr_line' id='line_1_136' title="bbox 1198 2589 2119 2624; baseline 0.003 -8"><span class='ocrx_word' id='word_1_1220' title='bbox 1198 2589 1226 2616; x_wconf 85' lang='lat'>8.</span> <span class='ocrx_word' id='word_1_1221' title='bbox 1247 2592 1285 2615; x_wconf 72' lang='lat' dir='ltr'>‘Ibt</span> <span class='ocrx_word' id='word_1_1222' title='bbox 1294 2591 1363 2615; x_wconf 72' lang='lat' dir='ltr'>annis</span> <span class='ocrx_word' id='word_1_1223' title='bbox 1374 2597 1444 2623; x_wconf 60' lang='lat' dir='ltr'>arque</span> <span class='ocrx_word' id='word_1_1224' title='bbox 1454 2590 1600 2623; x_wconf 69' lang='lat' dir='ltr'>adeosaecm&#39;is</span> <span class='ocrx_word' id='word_1_1225' title='bbox 1609 2590 1747 2623; x_wconf 54' lang='lat' dir='ltr'>imai-tun]</span> <span class='ocrx_word' id='word_1_1226' title='bbox 1769 2590 1903 2616; x_wconf 74' lang='lat' dir='ltr'>particula</span> <span class='ocrx_word' id='word_1_1227' title='bbox 1913 2590 2016 2624; x_wconf 63' lang='lat' dir='ltr'>adjeeta</span> <span class='ocrx_word' id='word_1_1228' title='bbox 2025 2601 2058 2618; x_wconf 83' lang='lat' dir='ltr'>ex</span> <span class='ocrx_word' id='word_1_1229' title='bbox 2070 2592 2119 2619; x_wconf 78' lang='lat' dir='ltr'>ins.</span> 
     </span>
     <span class='ocr_line' id='line_1_137' title="bbox 1163 2625 1966 2660; baseline 0.001 -9"><span class='ocrx_word' id='word_1_1230' title='bbox 1163 2626 1269 2651; x_wconf 81' lang='lat' dir='ltr'>Metell.</span> <span class='ocrx_word' id='word_1_1231' title='bbox 1279 2626 1332 2650; x_wconf 70' lang='lat' dir='ltr'>adeo</span> <span class='ocrx_word' id='word_1_1232' title='bbox 1340 2626 1425 2658; x_wconf 56' lang='lat' dir='ltr'>seculis</span> <span class='ocrx_word' id='word_1_1233' title='bbox 1435 2633 1467 2649; x_wconf 78' lang='lat' dir='ltr'>tot</span> <span class='ocrx_word' id='word_1_1234' title='bbox 1476 2629 1599 2651; x_wconf 61' lang='lat' dir='ltr'>mmmm.</span> <span class='ocrx_word' id='word_1_1235' title='bbox 1619 2625 1688 2660; x_wconf 83' lang='lat' dir='ltr'>quod</span> <span class='ocrx_word' id='word_1_1236' title='bbox 1700 2625 1797 2660; x_wconf 72' lang='lat' dir='ltr'>placuit</span> <span class='ocrx_word' id='word_1_1237' title='bbox 1807 2625 1966 2653; x_wconf 81' lang='lat' dir='ltr'>Gulielmio.</span> 
     </span>
     <span class='ocr_line' id='line_1_138' title="bbox 1197 2661 2121 2696; baseline 0.005 -10"><span class='ocrx_word' id='word_1_1238' title='bbox 1197 2670 1226 2696; x_wconf 90' lang='lat'>9.</span> <span class='ocrx_word' id='word_1_1239' title='bbox 1247 2663 1297 2686; x_wconf 75' lang='lat' dir='ltr'>Islos</span> <span class='ocrx_word' id='word_1_1240' title='bbox 1307 2662 1462 2694; x_wconf 43' lang='lat' dir='ltr'>ejus-spiritur</span> <span class='ocrx_word' id='word_1_1241' title='bbox 1470 2661 1631 2694; x_wconf 48' lang='lat' dir='ltr'>Sicilia-nstin]</span> <span class='ocrx_word' id='word_1_1242' title='bbox 1646 2662 1687 2687; x_wconf 78' lang='lat' dir='ltr'>Sic</span> <span class='ocrx_word' id='word_1_1243' title='bbox 1697 2662 1783 2688; x_wconf 81' lang='lat' dir='ltr'>omnis</span> <span class='ocrx_word' id='word_1_1244' title='bbox 1795 2669 1869 2688; x_wconf 83' lang='lat' dir='ltr'>vetus</span> <span class='ocrx_word' id='word_1_1245' title='bbox 1881 2661 1963 2689; x_wconf 65' lang='lat' dir='ltr'>leffio</span> <span class='ocrx_word' id='word_1_1246' title='bbox 1973 2662 2044 2690; x_wconf 77' lang='lat' dir='ltr'>edita</span> <span class='ocrx_word' id='word_1_1247' title='bbox 2055 2663 2121 2691; x_wconf 70' lang='lat' dir='ltr'>scri-</span> 
     </span>
     <span class='ocr_line' id='line_1_139' title="bbox 1181 2704 1269 2723; baseline -0.011 0"><span class='ocrx_word' id='word_1_1248' title='bbox 1181 2704 1206 2723; x_wconf 79' lang='lat' dir='ltr'>ta</span> <span class='ocrx_word' id='word_1_1249' title='bbox 1227 2707 1269 2723; x_wconf 88' lang='lat' dir='ltr'>ue.</span> 
     </span>
     <span class='ocr_line' id='line_1_140' title="bbox 1162 2707 2121 2768; baseline 0.005 -11"><span class='ocrx_word' id='word_1_1250' title='bbox 1162 2707 1178 2733; x_wconf 75' lang='grc' dir='ltr'>Ρ</span> <span class='ocrx_word' id='word_1_1251' title='bbox 1202 2707 1242 2758; x_wconf 53' lang='grc' dir='ltr'>ἒ).</span> <span class='ocrx_word' id='word_1_1252' title='bbox 1262 2735 1330 2766; x_wconf 74' lang='lat' dir='ltr'>Pqffit</span> <span class='ocrx_word' id='word_1_1253' title='bbox 1338 2744 1347 2764; x_wconf 83' lang='lat'>,·</span> <span class='ocrx_word' id='word_1_1254' title='bbox 1356 2733 1376 2758; x_wconf 73' lang='lat' dir='ltr'>is</span> <span class='ocrx_word' id='word_1_1255' title='bbox 1385 2734 1429 2757; x_wconf 77' lang='lat' dir='ltr'>erit</span> <span class='ocrx_word' id='word_1_1256' title='bbox 1437 2735 1557 2765; x_wconf 70' lang='lat' dir='ltr'>Apronius</span> <span class='ocrx_word' id='word_1_1257' title='bbox 1565 2733 1627 2767; x_wconf 64' lang='lat' dir='ltr'>ille]</span> <span class='ocrx_word' id='word_1_1258' title='bbox 1643 2733 1685 2758; x_wconf 78' lang='lat' dir='ltr'>Ita</span> <span class='ocrx_word' id='word_1_1259' title='bbox 1694 2733 1801 2768; x_wconf 68' lang='lat' dir='ltr'>egregie</span> <span class='ocrx_word' id='word_1_1260' title='bbox 1811 2733 1884 2760; x_wconf 77' lang='lat' dir='ltr'>Nan.</span> <span class='ocrx_word' id='word_1_1261' title='bbox 1897 2734 1925 2760; x_wconf 73' lang='grc' dir='ltr'>δε</span> <span class='ocrx_word' id='word_1_1262' title='bbox 1936 2735 2031 2761; x_wconf 84' lang='lat' dir='ltr'>Metel.</span> <span class='ocrx_word' id='word_1_1263' title='bbox 2042 2734 2121 2762; x_wconf 88' lang='lat' dir='ltr'>codd.</span> 
     </span>
     <span class='ocr_line' id='line_1_141' title="bbox 1161 2768 1426 2805; baseline -0.011 -10"><span class='ocrx_word' id='word_1_1264' title='bbox 1161 2778 1214 2805; x_wconf 79' lang='lat' dir='ltr'>prce</span> <span class='ocrx_word' id='word_1_1265' title='bbox 1227 2768 1334 2803; x_wconf 72' lang='lat' dir='ltr'>vulg-,ito</span> <span class='ocrx_word' id='word_1_1266' title='bbox 1346 2788 1354 2799; x_wconf 87' lang='lat'>,</span> <span class='ocrx_word' id='word_1_1267' title='bbox 1365 2775 1426 2793; x_wconf 78' lang='lat' dir='ltr'>erat.</span> 
     </span>
     <span class='ocr_line' id='line_1_142' title="bbox 1201 2804 2116 2839; baseline 0.004 -9"><span class='ocrx_word' id='word_1_1268' title='bbox 1201 2814 1208 2830; x_wconf 82' lang='grc' dir='ltr'><strong>ι</strong></span> <span class='ocrx_word' id='word_1_1269' title='bbox 1218 2814 1240 2830; x_wconf 81' lang='lat' dir='ltr'>i.</span> <span class='ocrx_word' id='word_1_1270' title='bbox 1264 2805 1391 2837; x_wconf 73' lang='lat' dir='ltr'>Nonftlum</span> <span class='ocrx_word' id='word_1_1271' title='bbox 1401 2804 1509 2838; x_wconf 73' lang='lat' dir='ltr'>vita,sed</span> <span class='ocrx_word' id='word_1_1272' title='bbox 1517 2806 1587 2828; x_wconf 72' lang='lat' dir='ltr'>etiam</span> <span class='ocrx_word' id='word_1_1273' title='bbox 1597 2805 1711 2839; x_wconf 62' lang='lat' dir='ltr'>corpore]</span> <span class='ocrx_word' id='word_1_1274' title='bbox 1723 2806 1782 2831; x_wconf 78' lang='lat' dir='ltr'>Vox</span> <span class='ocrx_word' id='word_1_1275' title='bbox 1793 2808 1864 2831; x_wconf 79' lang='lat' dir='ltr'>etiam</span> <span class='ocrx_word' id='word_1_1276' title='bbox 1873 2815 1924 2832; x_wconf 88' lang='lat' dir='ltr'>uon</span> <span class='ocrx_word' id='word_1_1277' title='bbox 1936 2806 1971 2833; x_wconf 88' lang='lat' dir='ltr'>est</span> <span class='ocrx_word' id='word_1_1278' title='bbox 1981 2807 2010 2833; x_wconf 84' lang='lat' dir='ltr'>in</span> <span class='ocrx_word' id='word_1_1279' title='bbox 2020 2807 2116 2834; x_wconf 74' lang='lat' dir='ltr'>Metel.</span> 
     </span>
     <span class='ocr_line' id='line_1_143' title="bbox 1163 2839 1529 2875; baseline -0.005 -9"><span class='ocrx_word' id='word_1_1280' title='bbox 1163 2840 1209 2866; x_wconf 88' lang='lat' dir='ltr'>ms.</span> <span class='ocrx_word' id='word_1_1281' title='bbox 1222 2850 1306 2875; x_wconf 84' lang='lat' dir='ltr'>neque</span> <span class='ocrx_word' id='word_1_1282' title='bbox 1316 2839 1444 2865; x_wconf 71' lang='lat' dir='ltr'>defiderax</span> <span class='ocrx_word' id='word_1_1283' title='bbox 1453 2840 1529 2865; x_wconf 77' lang='lat' dir='ltr'>erim.</span> 
     </span>
     <span class='ocr_line' id='line_1_144' title="bbox 1200 2877 2120 2912; baseline 0.004 -10"><span class='ocrx_word' id='word_1_1284' title='bbox 1200 2885 1241 2902; x_wconf 80' lang='grc' dir='ltr'>η.</span> <span class='ocrx_word' id='word_1_1285' title='bbox 1261 2881 1404 2909; x_wconf 70' lang='lat' dir='ltr'>Tantumque</span> <span class='ocrx_word' id='word_1_1286' title='bbox 1412 2877 1513 2900; x_wconf 76' lang='lat' dir='ltr'>habebat</span> <span class='ocrx_word' id='word_1_1287' title='bbox 1522 2877 1867 2912; x_wconf 79' lang='lat' dir='ltr'>morumfimilimdo.]Melius</span> <span class='ocrx_word' id='word_1_1288' title='bbox 1877 2877 1948 2905; x_wconf 75' lang='lat' dir='ltr'>forte</span> <span class='ocrx_word' id='word_1_1289' title='bbox 1959 2877 2030 2905; x_wconf 73' lang='lat' dir='ltr'>idem</span> <span class='ocrx_word' id='word_1_1290' title='bbox 2041 2879 2120 2912; x_wconf 84' lang='lat' dir='ltr'>liber,</span> 
     </span>
     <span class='ocr_line' id='line_1_145' title="bbox 1161 2914 1240 2938; baseline 0 -1"><span class='ocrx_word' id='word_1_1291' title='bbox 1161 2914 1240 2938; x_wconf 82' lang='lat' dir='ltr'>habet.</span> 
     </span>
     <span class='ocr_line' id='line_1_146' title="bbox 1199 2947 2122 2985; baseline 0.004 -11"><span class='ocrx_word' id='word_1_1292' title='bbox 1199 2956 1241 2983; x_wconf 83' lang='lat'>¹3·</span> <span class='ocrx_word' id='word_1_1293' title='bbox 1260 2950 1288 2972; x_wconf 84' lang='lat' dir='ltr'>In</span> <span class='ocrx_word' id='word_1_1294' title='bbox 1299 2947 1491 2980; x_wconf 57' lang='lat' dir='ltr'>cubiculofhltm]</span> <span class='ocrx_word' id='word_1_1295' title='bbox 1507 2947 1623 2982; x_wconf 78' lang='lat' dir='ltr'>Liquido</span> <span class='ocrx_word' id='word_1_1296' title='bbox 1636 2947 1703 2974; x_wconf 74' lang='lat' dir='ltr'>Pau.</span> <span class='ocrx_word' id='word_1_1297' title='bbox 1714 2949 1786 2975; x_wconf 76' lang='lat' dir='ltr'>Nan.</span> <span class='ocrx_word' id='word_1_1298' title='bbox 1800 2948 1894 2975; x_wconf 88' lang='lat' dir='ltr'>Metel.</span> <span class='ocrx_word' id='word_1_1299' title='bbox 1906 2949 1966 2976; x_wconf 83' lang='lat' dir='ltr'>libri</span> <span class='ocrx_word' id='word_1_1300' title='bbox 1977 2950 2122 2985; x_wconf 68' lang='lat' dir='ltr'>agnoscunt</span> 
     </span>
     <span class='ocr_line' id='line_1_147' title="bbox 1155 2982 2119 3020; baseline 0.006 -13"><span class='ocrx_word' id='word_1_1301' title='bbox 1155 2984 1220 3016; x_wconf 68' lang='lat' dir='ltr'>solva</span> <span class='ocrx_word' id='word_1_1302' title='bbox 1230 3002 1238 3014; x_wconf 85' lang='lat'>,</span> <span class='ocrx_word' id='word_1_1303' title='bbox 1251 2991 1280 3008; x_wconf 80' lang='lat' dir='ltr'>ut</span> <span class='ocrx_word' id='word_1_1304' title='bbox 1290 2984 1317 3008; x_wconf 86' lang='lat'>&amp;</span> <span class='ocrx_word' id='word_1_1305' title='bbox 1328 2982 1392 3008; x_wconf 87' lang='lat' dir='ltr'>olim</span> <span class='ocrx_word' id='word_1_1306' title='bbox 1405 2982 1471 3008; x_wconf 75' lang='lat' dir='ltr'>editi</span> <span class='ocrx_word' id='word_1_1307' title='bbox 1480 2992 1582 3009; x_wconf 85' lang='lat' dir='ltr'>omnes.</span> <span class='ocrx_word' id='word_1_1308' title='bbox 1603 2993 1687 3019; x_wconf 83' lang='lat' dir='ltr'>neque</span> <span class='ocrx_word' id='word_1_1309' title='bbox 1698 2984 1775 3010; x_wconf 79' lang='lat' dir='ltr'>aliter</span> <span class='ocrx_word' id='word_1_1310' title='bbox 1785 2985 1938 3020; x_wconf 84' lang='lat' dir='ltr'>legendum.</span> <span class='ocrx_word' id='word_1_1311' title='bbox 1960 2984 2119 3019; x_wconf 65' lang='lat' dir='ltr'>Lambinus,</span> 
     </span>
     <span class='ocr_line' id='line_1_148' title="bbox 1170 3028 1243 3044; baseline 0.014 -1"><span class='ocrx_word' id='word_1_1312' title='bbox 1170 3028 1243 3044; x_wconf 65' lang='lat' dir='ltr'>ocem.</span> 
     </span>
     <span class='ocr_line' id='line_1_149' title="bbox 1155 3020 2119 3093; baseline 0.006 -15"><span class='ocrx_word' id='word_1_1313' title='bbox 1155 3020 1178 3052; x_wconf 75' lang='lat' dir='ltr'><em>s</em></span> <span class='ocrx_word' id='word_1_1314' title='bbox 1201 3062 1242 3086; x_wconf 81' lang='lat'>14.</span> <span class='ocrx_word' id='word_1_1315' title='bbox 1254 3056 1335 3079; x_wconf 77' lang='lat' dir='ltr'>Verres</span> <span class='ocrx_word' id='word_1_1316' title='bbox 1345 3054 1490 3085; x_wconf 75' lang='lat' dir='ltr'>adfhrmmu</span> <span class='ocrx_word' id='word_1_1317' title='bbox 1501 3061 1623 3079; x_wconf 79' lang='lat' dir='ltr'>aratorum</span> <span class='ocrx_word' id='word_1_1318' title='bbox 1632 3057 1758 3081; x_wconf 71' lang='lat' dir='ltr'>vexandas</span> <span class='ocrx_word' id='word_1_1319' title='bbox 1766 3056 1854 3091; x_wconf 72' lang='lat' dir='ltr'>A1‘›-1·p.]</span> <span class='ocrx_word' id='word_1_1320' title='bbox 1860 3057 1922 3083; x_wconf 85' lang='lat' dir='ltr'>Non</span> <span class='ocrx_word' id='word_1_1321' title='bbox 1934 3058 2007 3093; x_wconf 85' lang='lat' dir='ltr'>potui</span> <span class='ocrx_word' id='word_1_1322' title='bbox 2018 3068 2068 3084; x_wconf 90' lang='lat' dir='ltr'>non</span> <span class='ocrx_word' id='word_1_1323' title='bbox 2080 3058 2119 3084; x_wconf 71' lang='lat' dir='ltr'>se-</span> 
     </span>
    </p>
   </div>
   <div class='ocr_carea' id='block_1_14' title="bbox 164 3088 2118 3128">
    <p class='ocr_par' dir='ltr' id='par_1_21' title="bbox 164 3088 2118 3128">
     <span class='ocr_line' id='line_1_150' title="bbox 164 3088 2118 3128; baseline 0.005 -17"><span class='ocrx_word' id='word_1_1324' title='bbox 164 3092 236 3112; x_wconf 72' lang='lat' dir='ltr'>man»</span> <span class='ocrx_word' id='word_1_1325' title='bbox 244 3093 315 3112; x_wconf 74' lang='lat' dir='ltr'>totam</span> <span class='ocrx_word' id='word_1_1326' title='bbox 324 3090 478 3114; x_wconf 82' lang='lat' dir='ltr'>Hieronicam.</span> <span class='ocrx_word' id='word_1_1327' title='bbox 493 3088 520 3115; x_wconf 89' lang='lat' dir='ltr'>in</span> <span class='ocrx_word' id='word_1_1328' title='bbox 529 3098 580 3124; x_wconf 80' lang='lat' dir='ltr'>qua</span> <span class='ocrx_word' id='word_1_1329' title='bbox 589 3090 761 3126; x_wconf 79' lang='lat' dir='ltr'>repetitione,</span> <span class='ocrx_word' id='word_1_1330' title='bbox 772 3098 824 3118; x_wconf 84' lang='lat' dir='ltr'>non</span> <span class='ocrx_word' id='word_1_1331' title='bbox 833 3098 926 3126; x_wconf 83' lang='lat' dir='ltr'>parum</span> <span class='ocrx_word' id='word_1_1332' title='bbox 939 3089 1077 3119; x_wconf 70' lang='lat' dir='ltr'>venustatis</span> <span class='ocrx_word' id='word_1_1333' title='bbox 1089 3090 1117 3115; x_wconf 75' lang='grc'>8(</span> <span class='ocrx_word' id='word_1_1334' title='bbox 1161 3090 1205 3125; x_wconf 86' lang='lat' dir='ltr'>qui</span> <span class='ocrx_word' id='word_1_1335' title='bbox 1217 3088 1378 3124; x_wconf 79' lang='lat' dir='ltr'>exemplaria</span> <span class='ocrx_word' id='word_1_1336' title='bbox 1390 3089 1466 3115; x_wconf 86' lang='lat' dir='ltr'>Fabr.</span> <span class='ocrx_word' id='word_1_1337' title='bbox 1477 3090 1506 3115; x_wconf 88' lang='lat'>&amp;</span> <span class='ocrx_word' id='word_1_1338' title='bbox 1516 3090 1623 3116; x_wconf 84' lang='lat' dir='ltr'>Metell.</span> <span class='ocrx_word' id='word_1_1339' title='bbox 1643 3101 1700 3126; x_wconf 83' lang='lat' dir='ltr'>quae</span> <span class='ocrx_word' id='word_1_1340' title='bbox 1719 3101 1770 3118; x_wconf 86' lang='lat' dir='ltr'>nou</span> <span class='ocrx_word' id='word_1_1341' title='bbox 1791 3092 1963 3128; x_wconf 53' lang='lat' dir='ltr'>Qnostebant</span> <span class='ocrx_word' id='word_1_1342' title='bbox 1978 3093 2046 3121; x_wconf 83' lang='lat' dir='ltr'>illud</span> <span class='ocrx_word' id='word_1_1343' title='bbox 2058 3095 2118 3120; x_wconf 82' lang='lat' dir='ltr'>vul-</span> 
     </span>
    </p>
   </div>
   <div class='ocr_carea' id='block_1_15' title="bbox 165 3120 547 3159">
    <p class='ocr_par' dir='ltr' id='par_1_22' title="bbox 165 3120 547 3159">
     <span class='ocr_line' id='line_1_151' title="bbox 165 3120 547 3159; baseline 0.003 -8"><span class='ocrx_word' id='word_1_1344' title='bbox 165 3120 355 3158; x_wconf 72' lang='lat' dir='ltr'>indignationis</span> <span class='ocrx_word' id='word_1_1345' title='bbox 366 3122 450 3152; x_wconf 75' lang='lat' dir='ltr'>videri</span> <span class='ocrx_word' id='word_1_1346' title='bbox 459 3131 547 3159; x_wconf 77' lang='lat' dir='ltr'>queat.</span> 
     </span>
    </p>
   </div>
   <div class='ocr_carea' id='block_1_16' title="bbox 1161 3125 1822 3163">
    <p class='ocr_par' dir='ltr' id='par_1_23' title="bbox 1161 3125 1822 3163">
     <span class='ocr_line' id='line_1_152' title="bbox 1161 3125 1822 3163; baseline 0 -10"><span class='ocrx_word' id='word_1_1347' title='bbox 1161 3132 1253 3162; x_wconf 65' lang='lat' dir='ltr'>gatum</span> <span class='ocrx_word' id='word_1_1348' title='bbox 1265 3143 1276 3160; x_wconf 78' lang='lat'>‚</span> <span class='ocrx_word' id='word_1_1349' title='bbox 1285 3128 1367 3153; x_wconf 73' lang='lat' dir='ltr'>Verres</span> <span class='ocrx_word' id='word_1_1350' title='bbox 1377 3125 1410 3152; x_wconf 76' lang='lat' dir='ltr'>ad</span> <span class='ocrx_word' id='word_1_1351' title='bbox 1418 3125 1621 3162; x_wconf 61' lang='lat' dir='ltr'>evertendas-fuat.</span> <span class='ocrx_word' id='word_1_1352' title='bbox 1631 3135 1671 3154; x_wconf 78' lang='lat' dir='ltr'>ar.</span> <span class='ocrx_word' id='word_1_1353' title='bbox 1681 3137 1738 3155; x_wconf 73' lang='lat' dir='ltr'>vex.</span> <span class='ocrx_word' id='word_1_1354' title='bbox 1749 3128 1822 3163; x_wconf 54' lang='lat' dir='ltr'>diris.</span> 
     </span>
    </p>
   </div>
   <div class='ocr_carea' id='block_1_17' title="bbox 1581 3161 2120 3197">
    <p class='ocr_par' dir='ltr' id='par_1_24' title="bbox 1581 3161 2120 3197">
     <span class='ocr_line' id='line_1_153' title="bbox 1581 3161 2120 3197; baseline 0.004 -7"><span class='ocrx_word' id='word_1_1355' title='bbox 1581 3161 1625 3191; x_wconf 81' lang='lat' dir='ltr'>Ll</span> <span class='ocrx_word' id='word_1_1356' title='bbox 1645 3170 1658 3197; x_wconf 86' lang='lat'><strong>3</strong></span> <span class='ocrx_word' id='word_1_1357' title='bbox 2004 3167 2120 3192; x_wconf 64' lang='lat' dir='ltr'>LUtt-nm</span> 
     </span>
    </p>
   </div>
   <div class='ocr_carea' id='block_1_18' title="bbox 2145 2321 2187 2345">
    <p class='ocr_par' dir='ltr' id='par_1_25' title="bbox 2145 2321 2187 2345">
     <span class='ocr_line' id='line_1_154' title="bbox 2145 2321 2187 2345; baseline 0 0"><span class='ocrx_word' id='word_1_1358' title='bbox 2145 2321 2187 2345; x_wconf 81' lang='lat'>10</span> 
     </span>
    </p>
   </div>
  </div>
 </body>
</html>
