2302 3353
176 117 181 131 '
543 129 614 162 niz
664 113 1082 160 INVENa‘onE
1126 115 1517 165 Runa-onorem
1561 114 1689 165 Liri.
1723 114 1754 159 1.

178 202 243 227 non
253 193 374 236 indiget.
396 199 466 223 nam
496 190 624 221 uandam
635 188 768 231 indigere
776 190 966 230 perspicuum
976 189 1025 220 est.
1049 191 1129 230 sepa-

178 245 236 267 rata
245 235 287 267 est
296 237 384 276 igitur
394 233 430 263 ab
485 233 620 262 unitione
639 230 818 272 approbatio.
841 230 959 261 Falsum
977 240 1046 271 ergo
1064 230 1107 261 est
1117 251 1125 264 ‚

117 286 131 320 3
143 287 160 319 7
178 287 242 307 non
258 275 317 306 effe
325 275 391 315 plus
401 273 489 315 quarn
510 274 682 313 tripertitam
701 273 999 313 argumentationem.
1032 274 1128 311 Atque

177 327 216 348 ex
225 319 272 347 his
281 315 355 346 illud
365 316 427 355 jam
437 314 625 354 perspicuum
636 312 679 344 est
689 333 697 347 ,
718 312 776 343 esse
786 312 932 354 quandam
943 321 1128 353 argumenta-

176 360 293 391 tionem
304 376 312 389 ,
331 358 363 386 in
373 366 429 396 qua
438 365 532 396 neque
543 353 703 395 propositio
715 374 723 388 ,
743 364 839 395 neque
849 351 989 384 assumtio
999 352 1128 394 indigeat

175 396 394 439 approbationis
406 417 414 430 ‚
427 396 620 435 hujusmodi,
633 395 675 433 (ut
686 404 797 425 certum
808 394 950 436 quiddam
962 414 969 427 ,
982 394 1014 424 ὃς
1025 394 1124 426 breve,

175 439 308 478 exempli
318 438 399 468 causa
410 458 417 472 ‚
428 447 574 478 ponamus
585 438 605 477 ς)
624 435 646 467 sl
655 437 844 476 summopere
854 437 993 475 sapientia
1002 434 1128 475 petenda

172 480 217 510 est
229 490 235 509 ε
257 481 447 519 summopere
458 478 582 509 stultitia
590 477 708 508 vitanda
719 478 769 508 est.
788 478 910 507 summo
928 486 1027 507 autem
1038 486 1127 516 opere

172 521 312 562 sapientia
321 520 447 561 petenda
457 519 499 550 est
511 531 516 548 :
537 521 657 550 summo
677 521 767 560 igitur
776 529 863 559 opere
874 518 998 548 stultitia
1006 517 1126 548 vitanda

170 563 222 594 est.
235 564 294 593 Hic
304 564 335 592 &
345 560 496 595 afl’umtio,
509 561 541 591 &
550 560 712 601 propositio
722 561 872 600 perspicua
881 559 931 590 est.
952 570 1039 600 quare
1050 569 1127 588 neu-

171 613 214 635 tra
222 614 342 645 quoque
354 603 468 644 indiget
477 602 750 643 approbationessx
761 603 806 630 his
817 601 961 631 omnibus
971 600 1046 630 illud
1057 610 1124 639 per·-

171 646 308 685 spicuum
319 644 619 685 est‚approbationem
629 653 694 673 tum
705 643 906 683 adjungi,tum
917 652 981 671 non
991 642 1035 681 adj
1041 642 1122 682 ungi.

171 689 220 718 Ex
230 696 291 727 quo
302 687 508 727 cognoscitur,
528 695 624 726 neque
636 687 668 714 in
677 682 880 724 propositione
891 703 899 716 ‚
920 693 1016 723 neque
1036 685 1069 712 in
1080 683 1124 712 as-

170 729 323 758 sumtione
333 729 481 758 contineri
490 728 745 766 approbationem,
764 725 812 754 sed
823 733 978 764 utramque
990 726 1042 755 suo
1054 724 1123 753 loco

171 767 307 810 positam,
319 771 384 799 vim
396 769 486 800 suam,
499 777 638 807 tanquam
647 776 757 796 certam
769 766 801 795 &
810 768 961 805 propriam
973 765 1119 804 obtinere.

171 810 263 852 Qod
274 809 295 839 fi
305 812 345 840 ita
354 809 396 840 est
406 829 413 842 ,
433 808 595 839 commode
607 809 704 847 partiti
716 808 785 837 sunt
795 808 840 836 illi
852 827 859 839 ,
882 809 934 847 qui
944 809 976 837 in
988 809 1122 847 quinque

170 853 277 892 parteis
287 851 498 882 distribuerunt
507 852 809 891 argumentationem.
833 851 974 888 Quinque
986 850 1054 879 sunt
1065 849 1121 888 igi-

171 902 220 924 tur
227 901 322 932 partes
333 893 395 932 ejus
405 893 670 932 argumentationis
681 911 689 924 ‚
710 901 775 930 quae
791 900 842 929 pei·
860 892 1121 920 ratiocinationem

170 934 310 964 tradimur
322 944 327 962 :
352 931 515 972 Propofitio
526 953 535 966 ‚
555 942 607 972 per
616 942 705 972 quam
716 933 798 961 locus
810 933 834 960 is
846 930 976 961 breviter
992 932 1122 971 exponi-

170 983 226 1008 tur,
237 984 274 1004 ex
285 984 346 1014 quo
358 975 403 1004 vis
413 975 516 1004 omnis
527 983 645 1013 oportet
654 982 773 1003 emanet
782 974 1018 1002 ratiocinationis
1031 983 1036 1001 :
1050 975 1122 1002 Pro-

168 1014 323 1055 positionis
333 1015 504 1054 approbatio
515 1035 524 1048 ,
544 1026 595 1055 per
605 1025 696 1055 quam
707 1014 736 1044 id
748 1035 756 1047 ,
776 1013 856 1054 quod
868 1014 995 1044 breviter
1005 1012 1122 1053 exposi-

168 1066 235 1088 tum
244 1056 296 1090 est,
308 1056 473 1087 rationibus
484 1055 674 1089 affirmatum,
688 1056 873 1096 probabilius
885 1056 917 1085 &
930 1057 1057 1095 apertius
1069 1054 1102 1085 fit
1114 1065 1118 1082 :

167 1097 319 1128 Affumtio
332 1118 340 1131 ,
362 1108 415 1138 per
423 1108 512 1139 quam
524 1098 553 1128 id
564 1098 644 1139 quod
656 1108 692 1127 ex
702 1095 904 1137 propositione
915 1097 949 1126 ad
960 1096 1121 1127 ostenden-

167 1139 241 1170 dum
259 1142 388 1179 pertinet
396 1159 405 1173 ,
426 1137 581 1169 assumitur
603 1151 608 1168 :
637 1137 837 1169 Affumtionis
857 1138 1029 1178 approbatio
1041 1158 1049 1171 ‚
1069 1148 1122 1178 per

167 1191 256 1221 quam
268 1181 299 1210 id
309 1201 317 1214 ,
329 1181 410 1221 quod
420 1179 583 1211 assumtum
593 1180 635 1210 est
645 1201 653 1214 ,
674 1180 839 1210 rationibus
850 1178 985 1210 firmatur
996 1190 1001 1208 :
1023 1182 1116 1210 Com-

116 1242 118 1244 -
164 1224 268 1263 plexio
281 1243 289 1256 ‚
300 1232 351 1262 per
360 1232 449 1263 quarn
460 1222 490 1252 id
502 1242 509 1255 ,
522 1223 604 1262 quod
614 1220 773 1252 conficitur
788 1231 825 1250 ex
836 1223 924 1251 omni
933 1230 1121 1263 argumenta-

166 1266 250 1295 tione
261 1284 269 1297 ,
291 1265 417 1294 breviter
428 1266 600 1304 exponitur.
624 1266 698 1306 Qae
708 1263 851 1303 plurimas
862 1263 949 1293 habet
959 1273 1119 1305 argumen-

167 1308 239 1336 tatio
248 1308 354 1346 parteis
365 1326 373 1339 ‚
399 1316 431 1336 ea
441 1306 555 1337 constat
564 1317 601 1337 ex
612 1306 659 1336 his
669 1307 802 1348 quinque
810 1304 952 1346 partibus.
985 1305 1120 1336 Secunda

167 1346 211 1378 est
220 1347 437 1389 quadripertita.
461 1351 561 1378 Tertia
571 1350 723 1388 tripertita.
742 1350 823 1378 Dein
834 1348 980 1387 bipertita,
991 1347 1073 1388 quod
1084 1349 1118 1377 in

106 1402 122 1431 3
131 1393 147 1425 8
168 1388 365 1419 controversia
374 1389 425 1419 est.
460 1393 469 1408 ¹
483 1392 530 1419 De
542 1400 716 1431 unaquaque
725 1399 805 1430 parte
814 1388 911 1429 potest
921 1389 1012 1419 alicui
1021 1388 1118 1418 videri

165 1429 248 1471 pofi'e
259 1450 267 1464 ,
287 1428 453 1460 consistere.
476 1434 591 1461 Eorum
603 1434 711 1473 igitur,
731 1442 796 1472 quae
806 1430 944 1461 constant
953 1450 961 1463 ‚
982 1431 1120 1471 exempla

164 1481 315 1514 ponemus
329 1483 334 1500 z
354 1473 465 1501 horum
476 1493 484 1505 ,
505 1483 570 1513 quae
591 1473 679 1503 dubia
699 1473 767 1503 sunt
775 1493 783 1505 ,
810 1475 940 1502 rationes
950 1470 1117 1502 afferemus.

165 1516 413 1555 Quinquepertita
432 1517 648 1555 argumentatio
659 1514 702 1544 est
711 1513 888 1552 hujusmodi
900 1524 905 1542 z
925 1516 1043 1544 OMNEs
1062 1524 1119 1543 LE-

166 1564 225 1585 Gas
235 1576 243 1588 ,
262 1555 376 1594 judices
388 1575 395 1589 ‚
408 1555 443 1585 ad
453 1555 655 1585 commodum
667 1558 739 1595 reip.
751 1554 858 1585 referre
868 1564 987 1595 oportet
998 1575 1006 1589 ‚
1029 1556 1061 1585 &
1072 1565 1118 1585 eas

165 1606 204 1627 ex
214 1598 339 1631 utilitate
348 1599 520 1631 communi,
532 1608 596 1627 non
606 1608 644 1627 ex
657 1598 895 1638 scriptione,quae
906 1599 939 1625 in
949 1597 1054 1626 litteris
1065 1596 1117 1630 est,

165 1640 358 1678 interpretari.
391 1642 433 1669 Ea
452 1641 536 1669 enim
556 1641 663 1669 virtute
683 1639 716 1668 &
736 1639 876 1678 sapientia
886 1639 1013 1677 majores
1024 1638 1119 1668 nostri

167 1678 288 1710 fuerunt
299 1700 306 1714 ‚
319 1689 352 1710 ut
360 1681 393 1709 in
402 1680 517 1721 legibus
528 1680 690 1711 scribendis
700 1681 779 1710 nihil
790 1679 843 1709 fibi
853 1679 934 1710 aliud
946 1700 954 1713 ,
974 1679 1030 1709 nisi
1041 1681 1118 1710 salu-

166 1729 228 1751 tem
239 1741 248 1754 ,
270 1730 354 1762 atque
365 1722 524 1752 utilitatem
536 1724 607 1762 reip.
619 1731 828 1762 proponerent.
852 1731 949 1761 neque
959 1724 1043 1751 enim
1054 1720 1117 1762 ipsi,

166 1762 249 1803 quod
259 1762 380 1796 obesset,
393 1763 517 1793 scribere
527 1764 668 1794 volebant
682 1774 686 1792 :
708 1764 751 1797 &,
763 1762 783 1792 fi
794 1762 978 1803 scripsiss'ent‚
991 1762 1062 1793 cum
1073 1764 1119 1794 es-

167 1805 210 1836 set
218 1804 417 1838 intellektum,
429 1805 617 1845 repudiatum
627 1807 663 1835 iri
673 1806 769 1847 legem
780 1805 995 1845 intelligebant.
1015 1808 1119 1835 Nemo

165 1847 251 1875 enim
262 1846 340 1887 leges
352 1846 452 1888 legum
465 1847 546 1877 causa
556 1848 645 1877 salvas
657 1846 714 1876 effe
726 1847 791 1876 vult
801 1867 809 1880 ‚
823 1847 871 1876 sed
882 1849 952 1886 reip.
964 1847 1046 1888 quod
1057 1851 1070 1866 2
1081 1845 1118 1876 ex

165 1886 280 1928 legibus
292 1890 411 1917 omneis
420 1889 556 1928 rempub.
569 1888 684 1928 optime
693 1898 800 1929 putant
809 1888 1119 1929 administrariQam

166 1928 208 1958 ob
218 1938 281 1957 rem
292 1930 382 1969 igitur
390 1929 468 1970 leges
478 1931 583 1959 servari
594 1939 711 1969 oportet
720 1950 729 1963 ,
751 1929 787 1960 ad
806 1940 870 1959 eam
891 1931 1006 1960 causam
1018 1931 1122 1969 scripta

168 1971 275 1999 omnia
284 1971 466 2008 interpretari
475 1973 618 2000 convenit
631 1982 636 1999 2
647 1972 705 2000 hoc
715 1970 758 2001 est
766 1991 774 2004 ,
786 1973 934 2011 quoniam
944 1973 1015 2011 reip.
1028 1972 1121 2000 servi-

167 2019 237 2040 mus
248 2030 257 2044 ,
270 2020 307 2040 ex
318 2010 430 2050 reipub.
446 2011 614 2041 commodo
624 2020 709 2052 atque
724 2012 850 2042 utilitate
860 2013 937 2052 leges
947 2014 1120 2051 interprete-

168 2061 247 2081 mur.
279 2054 360 2081 Nam
381 2060 413 2081 ut
423 2062 459 2081 ex
470 2052 620 2083 medicina
629 2053 708 2083 ninil
718 2062 835 2092 oportet
843 2062 945 2093 putare
959 2054 1118 2092 proficisci,

168 2090 224 2122 nisi
234 2092 315 2133 quod
325 2092 360 2122 ad
370 2095 501 2133 corporis
512 2095 668 2124 utilitatem
681 2094 952 2135 spthessquoniam
963 2097 1026 2133 ejus
1037 2096 1119 2124 causa

167 2132 211 2164 est
219 2133 354 2164 instituta
366 2144 370 2162 :
387 2133 424 2163 fic
434 2134 450 2164 a
460 2134 575 2175 legibus
586 2136 663 2165 nihil
673 2138 816 2165 convenit
825 2135 1026 2168 arbitrari,nifi
1037 2137 1117 2176 quod

166 2177 239 2215 reip.
250 2175 396 2209 conducat
407 2196 415 2208 ,
426 2177 584 2215 proticisci,
597 2179 740 2217 quoniam
753 2178 816 2214 ejus
827 2177 910 2206 causa
920 2178 987 2206 sunt
997 2187 1119 2217 compa—

166 2225 242 2247 ratae.
277 2219 354 2257 Ergo
364 2219 396 2246 in
406 2218 464 2247 hoc
474 2228 593 2258 quoque
600 2219 718 2257 judicio
729 2217 851 2248 desinite
861 2218 956 2248 literas
968 2219 1040 2259 legis
1051 2228 1117 2258 per-

166 2258 285 2289 scrutari
295 2270 304 2292 3
327 2258 360 2288 &
369 2258 477 2299 legem,
491 2268 523 2289 ut
533 2270 651 2300 aequum
665 2259 717 2292 est,
728 2270 766 2289 ex
777 2260 903 2289 utilitate
912 2262 984 2300 reip.
997 2264 1008 2286 3
1020 2259 1117 2289 consi—

167 2298 274 2330 deiate.
297 2299 377 2340 Qid
388 2302 470 2330 enim
482 2303 575 2341 magis
589 2302 662 2331 utile
673 2301 825 2332 Thebanis
836 2301 893 2331 fuit
903 2321 911 2334 2
923 2303 1013 2341 quam
1024 2303 1117 2331 Lace—

166 2339 337 2370 daemonios
357 2344 488 2381 opprimi
499 2344 509 2371 ?
529 2347 547 2369 4
557 2345 612 2372 Cui
622 2345 664 2372 rei
676 2353 770 2384 magis
781 2343 1023 2382 Epaminondam
1034 2344 1121 2379 The--

166 2381 315 2412 banorum
325 2384 545 2422 imperatorem,
557 2385 647 2425 quam
657 2383 792 2414 viEtoriae
803 2384 1030 2417 Thebanorum,
1043 2395 1116 2414 con-

167 2423 259 2453 sulere
270 2422 389 2453 decuit?
422 2425 503 2465 Qid
513 2426 595 2455 hunc
605 2434 683 2456 tanta
694 2426 910 2456 Thebanorum
922 2427 1014 2467 gloria
1026 2445 1033 2459 ,
1055 2435 1114 2455 tam

166 2464 245 2494 claro
263 2474 348 2505 atque
368 2475 512 2496 exornato
531 2476 642 2507 tropaeo
650 2469 745 2498 carius
758 2488 767 2501 ,
787 2477 838 2497 aut
846 2469 999 2507 antiquius
1009 2468 1115 2497 habere

165 2508 331 2536 convenit?
346 2510 460 2547 Scripto
471 2508 611 2538 videlicet
621 2509 692 2550 legis
705 2507 827 2542 01111110,
839 2510 985 2548 scriptoris
996 2509 1115 2538 senten—

164 2548 238 2578 tiam
258 2546 437 2579 considerare
452 2549 584 2581 debebat.
609 2554 622 2578 5
633 2554 730 2591 Atque
740 2552 798 2580 hoc
808 2551 932 2592 quidem
941 2551 1007 2581 satis
1019 2549 1116 2580 consi-

2056 123 2121 171 45

1173 189 1306 221 dei-atum
1321 190 1373 224 est,
1385 190 1500 221 nullam
1511 188 1568 221 effe
1578 188 1745 232 Iegem,nifi
1755 188 1867 229 reipub.
1879 188 1961 219 causa
1972 188 2118 228 scriptam.

1172 234 1329 262 Summam
1341 234 1428 274 igitur
1436 234 1597 262 amentiam
1609 230 1666 262 effe
1676 230 1874 263 existimabat,
1883 230 1963 271 quod
1976 230 2117 269 scriptum
2132 258 2135 261 ,

1173 270 1243 301 esset
1254 275 1324 312 reip.
1338 274 1436 303 salutis
1447 274 1529 303 causa
1539 294 1546 307 ‚
1559 273 1589 303 id
1600 283 1664 303 non
1675 283 1712 303 ex
1723 272 1834 312 reipub.
1847 272 1936 302 salute
1947 273 2119 310 interpreta-

1170 313 1204 340 rL
1238 313 1327 353 Qod
1345 312 1365 343 si
1384 315 1459 356 leges
1471 317 1590 344 omneis
1600 314 1635 345 ad
1645 315 1802 344 utilitatem
1814 316 1884 352 reip.
1896 312 1995 342 referri
2006 322 2118 342 conve-

1171 353 1216 381 nit
1228 372 1234 384 ,
1248 354 1297 396 liic
1307 363 1405 384 autem
1417 356 1500 385 saluti
1511 358 1582 396 reip.
1593 355 1708 395 profuit
1718 376 1726 389 ,
1736 353 1874 395 profefiffi
1885 364 1949 383 non
1959 353 2055 393 potest
2065 363 2117 382 eo-

1170 391 1238 422 dem
1252 393 1330 423 111610
1342 395 1373 424 &
1382 397 1598 426 communibus
1607 396 1739 427 fortunis
1747 393 1929 426 consuluiss'e
1941 415 1948 429 2
1962 396 1993 424 &
2005 394 2117 436 legibus

1169 443 1233 462 non
1244 434 1465 474 obtemperass'e.
1507 441 1655 477 Qattuor
1662 447 1762 468 autem
1771 437 1900 477 partibus
1911 435 2025 466 constat
2033 445 2119 477 argu-

1170 477 1326 508 mentatio,
1337 474 1407 505 curn
1419 486 1469 506 aut
1476 482 1684 517 proponimus,
1695 488 1744 509 aut
1753 478 1892 509 afi'umim
1898 489 1930 508 us
1939 476 2000 507 sine
2009 487 2116 517 appro-

1170 516 1300 546 batione.
1321 516 1354 546 Id
1365 516 1457 546 facere
1468 529 1592 557 oportet,
1605 519 1675 549 cum
1687 530 1735 550 aut
1744 518 1907 560 propositio
1918 530 1955 549 ex
1967 520 1994 549 se
2006 519 2118 548 11116111·

1167 559 1246 597 gitur
1257 577 1265 591 ,
1285 566 1336 587 aut
1345 557 1484 588 ass‘umtio
1494 561 1641 598 perspicua
1652 561 1693 591 est
1706 572 1710 590 :
1731 564 1764 591 ὅε
1774 562 1888 591 nullius
1897 561 2119 601 approbationis

1167 598 1291 640 indiget.
1315 598 1528 638 Propositionis
1537 602 1747 640 approbatione
1757 605 1899 642 praeterita
1910 624 1917 635 ,
1929 610 2068 643 quattuor
2077 611 2117 631 ex

1167 642 1297 679 partibus
1307 643 1523 680 argumentatio
1535 641 1670 672 tra&atur
1679 644 1713 672 ad
1725 645 1803 674 hunc
1816 644 1954 674 modum:
1963 645 2116 685 Jumcns,

1166 679 1181 701 ⁶
1194 683 1245 722 qui
1257 692 1294 711 ex
1305 681 1608 722 legejuratijudicatis
1620 703 1628 715 ‚
1650 684 1761 724 legibus
1781 686 1982 725 obtemperare
1992 684 2117 714 debetis.

1168 724 1376 762 Obtemperare
1387 731 1485 753 autem
1496 723 1609 764 legibus
1620 733 1683 753 non
1694 726 1825 764 potestis,
1837 726 1892 756 nisi
1903 727 1944 760 id,
1957 726 2037 766 quod
2049 726 2119 756 scri-

1165 774 1253 804 ptum
1265 763 1307 794 est
1316 766 1349 794 in
1359 764 1433 805 lege,
1446 765 1623 805 sequamini.
1645 766 1725 805 quod
1747 769 1829 797 enim
1847 770 1953 797 certius
1964 769 2036 809 legis
2050 768 2118 797 scri-

1166 815 1233 846 ptor
1243 805 1453 835 testimonium
1464 807 1628 836 voluntatis
1639 808 1656 837 s
1654 817 1696 836 uae
1708 808 1872 848 relinquere
1883 811 1981 847 potuit
1991 829 1998 842 ‚
2011 809 2113 849 quarn,

1186 846 1248 877 uod
1258 847 1319 886 ipse
1330 857 1437 888 magna
1449 857 1518 876 cum
1530 858 1608 880 cura,
1620 856 1706 889 atque
1716 849 1869 890 diligentia
1880 849 2008 888 scripsit?
2027 849 2117 890 Qod

1177 899 1186 918 i
1196 889 1301 918 littera:
1312 898 1375 918 11011
1384 888 1542 922 exstarent,
1556 899 1734 931 magnopere
1745 901 1791 920 eas
1801 892 2026 930 requireremus,
2038 901 2069 920 ut
2080 900 2119 920 ex

1166 931 1212 960 his
1233 931 1382 970 scriptoris
1400 930 1539 961 voluutas
1557 932 1782 972 cognosceretur
1794 943 1798 960 :
1819 942 1874 961 nec
1883 941 1984 961 tamen
1997 934 2118 971 Epami-

1167 971 1276 1002 nonda:
1288 973 1530 1011 permitteremus
1542 991 1550 1003 ,
1571 982 1609 1001 ne
1620 971 1641 1001 fi
1652 981 1734 1002 extra
1745 972 1891 1010 judicium
1902 973 2024 1013 quidem
2035 972 2114 1006 effer,

1168 1022 1200 1043 ut
1210 1015 1234 1042 is
1246 1014 1334 1043 nobis
1345 1013 1522 1043 sententiam
1533 1013 1606 1054 legis
1616 1016 1855 1054 interpretaretur
1866 1034 1874 1047 ‚
1902 1013 2015 1043 nedum
2037 1024 2118 1044 nunc

1166 1054 1244 1085 istud
1252 1056 1408 1094 patiamur,
1420 1065 1489 1084 cum
1500 1055 1665 1095 111-36110161(
1676 1055 1709 1086 sit
1719 1077 1726 1090 ‚
1749 1066 1812 1086 non
1822 1066 1860 1085 ex
1871 1065 1908 1085 eo
1923 1076 1930 1088 ,
1944 1055 2024 1096 quod
2037 1065 2117 1095 aper-

1165 1094 1274 1126 tiffime‘
1289 1097 1429 1135 scriptum
1440 1095 1481 1125 est
1491 1117 1498 1129 ,
1517 1096 1563 1126 sed
1574 1107 1612 1126 ex
1623 1108 1659 1127 eo
1671 1118 1679 1131 ‚
1699 1098 1779 1138 quod
1792 1098 1848 1127 suae
1861 1098 1950 1127 causae
1961 1099 2114 1130 convenit,

1167 1138 1315 1177 scriPtoris
1326 1138 1512 1167 voluntatem
1525 1140 1718 1178 interpretari.
1751 1138 1842 1180 Qod
1861 1137 1881 1167 si
1900 1149 1954 1168 vos
1964 1158 1973 1171 ‚
1995 1138 2117 1175 judices,

1164 1180 1279 1220 legibus
1290 1178 1493 1218 obtemperare
1503 1179 1627 1213 debetis,
1641 1181 1713 1210 &id
1725 1180 1817 1210 facere
1828 1190 1890 1210 non
1902 1179 2024 1220 potestis
2036 1200 2044 1213 ‚
2064 1178 2119 1209 nisi

1166 1221 1248 1262 quod
1259 1221 1402 1260 scriPturn
1413 1219 1455 1250 est
1464 1223 1497 1250 in
1509 1221 1583 1263 lege,
1597 1222 1773 1262 sequamini,
1786 1222 1857 1263 quid
1868 1222 1957 1251 causae
1970 1220 2011 1250 est
2022 1241 2030 1254 ,
2042 1223 2117 1262 quin

1166 1262 1257 1293 istum
1278 1270 1379 1292 contra
1398 1262 1497 1304 legem
1514 1261 1762 1302 feciss'ejudicetis
1775 1267 1784 1292 ?
1807 1262 2006 1293 Assumtionis
2017 1273 2050 1292 au
2056 1273 2118 1293 tern

1164 1305 1376 1345 approbatione
1385 1306 1540 1343 praeterita,
1553 1305 1762 1346 quadripertita
1773 1304 1811 1334 sic
1823 1304 1873 1334 fiet
1881 1306 2099 1345 argumentatio
2112 1315 2119 1334 z

1165 1350 1232 1386 Q1
1255 1356 1345 1376 SAEPE
1364 1355 1507 1376 NUMERO
1525 1357 1583 1376 nos
1602 1356 1653 1386 per
1671 1345 1763 1377 fidem
1792 1345 1962 1376 fefellerunt
1973 1366 1981 1379 ,
2010 1356 2118 1377 eorum

1165 1389 1294 1418 orationi
1306 1386 1397 1417 fidem
1408 1387 1514 1417 habere
1525 1398 1590 1418 non
1602 1388 1755 1418 debemus.
1787 1387 1891 1429 Siquid
1902 1390 1985 1418 enim
1996 1386 2119 1427 perfidia

1164 1431 1289 1460 illorum
1300 1429 1474 1459 detrimenti
1484 1432 1684 1469 acceperimus
1695 1449 1703 1463 ‚
1724 1440 1816 1460 nemo
1828 1431 1883 1459 erit
1893 1449 1902 1463 ‚
1925 1438 2030 1469 praeter
2048 1429 2119 1459 nos-

1166 1472 1307 1511 metipsos
1320 1490 1328 1504 ,
1340 1481 1431 1511 quem
1441 1472 1503 1509 jure
1512 1473 1643 1502 accusare
1653 1470 1806 1511 poffimus.
1830 1474 1874 1501 Ac
1883 1469 1984 1511 primo
1994 1470 2119 1511 quidem

1164 1514 1262 1552 decipi
1271 1512 1507 1542 incommodum
1519 1512 1576 1542 est:
1596 1515 1705 1542 iterum
1717 1533 1726 1547 ,
1739 1512 1863 1543 stultum
1876 1523 1881 1541 z
1901 1511 1990 1542 tertio
2002 1533 2010 1546 ,
2022 1521 2117 1552 turpe.

1166 1554 1426 1595 Karthaginienses
1436 1562 1535 1584 autem
1544 1555 1671 1594 persaepe
1678 1556 1741 1593 jam
1752 1565 1807 1588 nos
1817 1553 1999 1585 fefellerunt.
2028 1556 2117 1583 Sum-

1166 1607 1215 1626 ma
1225 1598 1314 1638 igitur
1323 1597 1454 1625 amentia
1464 1594 1506 1625 est
1515 1607 1548 1626 in
1559 1606 1665 1626 eorum
1676 1595 1734 1626 fide
1745 1597 1827 1636 spem
1845 1596 1950 1626 habere
1961 1616 1968 1628 ‚
1987 1605 2118 1636 quorum

1164 1637 1285 1678 perfidia
1295 1639 1383 1667 toties
1393 1636 1530 1677 deceptus
1542 1636 1586 1667 fis.
1617 1640 1747 1679 Utraque
1756 1638 1967 1678 approbatione
1977 1638 2121 1676 praeterita

1163 1682 1307 1720 tripertita
1318 1677 1351 1709 fit
1361 1698 1369 1712 ,
1390 1680 1448 1708 1106
1462 1679 1567 1719 Ρειὲὶοῑ
1598 1682 1659 1709 Α111
1670 1689 1838 1710 metuamus
1848 1678 2119 1720 Karthaginienseis

1165 1730 1292 1762 oportet,
1304 1719 1325 1750 si
1335 1720 1517 1750 incolumeis
1528 1731 1578 1751 eos
1590 1721 1798 1762 reliquerimus
1811 1733 1816 1751 ;
1837 1730 1887 1751 aut
1895 1731 2000 1750 eorum
2012 1720 2118 1749 urbem

1165 1764 1328 1794 diruamus.
1352 1773 1385 1792 ac
1395 1770 1527 1792 metuere
1537 1763 1662 1803 quidem
1672 1773 1737 1794 non
1746 1771 1871 1803 oportet.
1904 1761 2005 1792 Restat
2015 1763 2114 1802 igitur,

1167 1814 1199 1835 ut
1217 1805 1322 1835 urbem
1343 1803 1504 1834 diruamus.
1528 1807 1602 1835 Sunt
1612 1813 1711 1839 autem
1721 1808 1772 1846 qui
1782 1813 1886 1845 putant
1896 1813 2116 1844 nonnunquam

1166 1852 1179 1876 7
1191 1845 1272 1887 posse
1283 1846 1500 1885 complexione
1511 1846 1544 1876 &
1557 1855 1692 1887 oportere
1702 1846 1899 1887 supersederi,
1920 1855 1990 1875 cum
2009 1845 2039 1875 id
2051 1855 2118 1884 per—

1166 1890 1302 1929 spicuum
1313 1886 1356 1921 sit,
1367 1887 1447 1929 quod
1457 1886 1632 1919 conficiatur
1640 1898 1678 1918 ex
1688 1890 1924 1918 ratiocinatione.
1935 1885 2046 1928 quodsi
2057 1885 2118 1920 fiat,

1167 1931 1336 1970 bipertitam
1347 1939 1468 1970 quoque
1479 1927 1543 1959 fieri
1553 1931 1845 1970 argumentationem
1857 1949 1865 1962 ‚
1887 1929 1944 1958 hoc
1953 1928 2048 1958 modo
2060 1939 2066 1957 ;
2087 1931 2117 1958 Si

1166 1972 1298 2011 peperit,
1308 1972 1394 2011 virgo
1404 1980 1468 2000 non
1479 1970 1530 2000 est.
1553 1972 1668 2031 peperit
1677 1980 1787 2000 autem.
1810 1970 1860 2000 hic
1869 1971 1935 2000 satis
1945 1968 2002 1998 effe
2011 1969 2119 1999 dicunt

1166 2022 1330 2053 proponere
1339 2031 1347 2045 ,
1360 2012 1392 2041 ὃ(
1402 2009 1545 2041 assumere
1558 2022 1563 2040 z
1608 2013 1753 2052 quoniam
1762 2012 1951 2051 perspicuum
1963 2009 1997 2040 fit
2006 2030 2014 2043 ,
2035 2010 2118 2051 quod

1167 2051 1350 2086 conficiatur,
1362 2052 1584 2092 complexionis
1593 2063 1657 2083 rem
1668 2063 1731 2082 non
1742 2052 1884 2094 indigere.
1905 2052 2004 2082 Nobis
2014 2060 2115 2081 autem

1166 2095 1284 2124 videtur
1294 2115 1302 2128 ,
1323 2095 1355 2124 &
1365 2096 1467 2124 omnis
1477 2095 1663 2125 ratiocinatio
1675 2093 1880 2124 concludenda
1889 2092 1948 2123 esse
1961 2103 1966 2121 :
1987 2093 2019 2122 &
2038 2091 2115 2122 illud

1165 2138 1287 2169 Vitium,
1299 2135 1378 2176 quod
1389 2135 1450 2165 illis
1460 2135 1607 2175 displicet,
1618 2145 1796 2176 magnopere
1806 2134 1973 2168 vitandum,
1985 2134 2116 2175 nequod

1164 2178 1352 2218 perspicuum
1363 2175 1397 2206 sit
1407 2197 1415 2210 ‚
1436 2177 1466 2206 id
1476 2178 1509 2206 in
1519 2177 1771 2217 complexionem
1783 2176 1954 2206 inferamus.
1986 2178 2054 2205 Hoc
2064 2186 2116 2205 au—

1167 2229 1228 2249 tem
1249 2217 1314 2248 fieri
1332 2220 1460 2258 poterit,
1480 2216 1501 2247 fi
1519 2219 1770 2259 complexionum
1788 2228 1893 2260 genera
1904 2217 2116 2259 intelligantur.

1168 2263 1248 2290 Nam
1258 2269 1307 2289 aut
1317 2262 1356 2290 ita
1365 2259 1604 2299 comple&emur
1613 2281 1621 2294 ‚
1642 2262 1718 2290 utin
1729 2270 1825 2290 unum
1836 2259 2038 2289 conducamus
2048 2268 2118 2298 pro—

1165 2300 1344 2342 positionem
1355 2321 1363 2334 ,
1385 2302 1417 2331 &
1428 2300 1641 2332 assumtionem
1652 2323 1660 2335 ‚
1685 2302 1742 2331 hoc
1761 2301 1855 2331 modo
1867 2312 1872 2330 z
1905 2298 1995 2342 Qod
2007 2299 2027 2329 si
2037 2301 2116 2340 leges

1166 2345 1283 2373 omneis
1295 2342 1329 2372 ad
1342 2343 1502 2372 utilitatem
1513 2345 1584 2383 reip.
1597 2343 1698 2373 referri
1708 2345 1853 2373 convenit
1864 2363 1872 2375 ,
1893 2342 1942 2371 hic
1961 2351 2060 2371 autem
2072 2342 2116 2371 sa—

1163 2386 1218 2414 luti
1237 2384 1349 2424 reipub.
1370 2384 1482 2424 profuit
1494 2395 1498 2413 :
1518 2383 1653 2424 profetffi‘)
1666 2395 1729 2415 non
1740 2383 1836 2424 potest
1844 2383 1951 2413 eodem
1961 2382 2041 2412 facito
2052 2403 2060 2415 ‚
2082 2383 2115 2412 &²

1164 2427 1250 2456 saluti
1261 2428 1421 2456 communi
1431 2426 1610 2456 consuluisse
1619 2447 1627 2460 ,
1649 2426 1806 2466 &legibus
1817 2435 1881 2454 non
1889 2421 2111 2464 obtemperass'e.

1165 2471 1226 2497 Aut
1236 2470 1275 2497 ita
1286 2488 1293 2501 ,
1315 2476 1347 2497 ut
1357 2478 1395 2497 ex
1405 2470 1552 2497 contrario
1563 2469 1707 2497 sententia
1716 2465 1891 2497 conficiatur
1903 2486 1911 2499 ‚
1931 2466 1988 2495 hoc
1998 2465 2092 2495 modo
2105 2475 2112 2493 t

1164 2513 1290 2539 Summa
1300 2512 1388 2550 igitur
1397 2511 1526 2539 amentia
1535 2508 1588 2541 est,
1601 2512 1633 2538 in
1644 2518 1748 2538 eorum
1761 2507 1818 2537 fide
1827 2508 1909 2547 spem
1920 2507 2114 2547 habere‚qu0-

1165 2561 1231 2581 rum
1242 2550 1365 2592 perfidia
1375 2552 1461 2580 toties
1472 2550 1610 2590 deceptus
1620 2549 1665 2580 sis.
1689 2553 1749 2579 Aut
1759 2552 1798 2580 ita
1808 2568 1817 2583 ‚
1828 2558 1861 2579 ut
1869 2548 1900 2579 id
1911 2549 2020 2581 solum,
2032 2547 2114 2593 quod

2016 2592 2098 2619 conl:
2109 2606 2115 2610 ·

202 2686 212 2703 1
220 2697 225 2703 .
245 2680 278 2705 De
295 2687 437 2711 unaquaque
452 2685 524 2711 parre
538 2681 613 2711 potet?
624 2698 631 2710 ,
642 2680 692 2709 (Ire.
712 2681 770 2712 poffe
789 2680 926 2713 cnnfistere.]
946 2680 987 2705 Ita
996 2679 1060 2704 olim
1072 2679 1125 2704 im—
1142 2708 1144 2716 A
1158 2684 1250 2714 <Atque
1261 2682 1298 2705 hoc
1307 2681 1376 2706 idem.
1389 2679 1487 2714 Palpr.
1498 2683 1546 2706 (Λι-
1557 2680 1595 2703 hac
1604 2679 1703 2713 quidem.
1715 2679 1763 2706 sec.
1773 2679 1870 2707 §Adhuc
1879 2679 1980 2713 quidem,
1992 2676 2062 2712 quod
2073 2676 2116 2702 ul-

161 2712 254 2748 pressi3
278 2712 401 2739 recedunt
412 2714 479 2739 Pali.
492 2715 645 2749 posteriores
665 2714 838 2740 iiitcrseruere
850 2734 858 2746 ,
876 2718 952 2748 jore-f?
963 2734 970 2746 ,
980 2715 1030 2745 &a
1050 2725 1123 2747 argu-
1160 2716 1255 2741 timuin
1268 2716 1364 2751 placet,
1376 2725 1433 2741 nam
1445 2722 1508 2740 tert.
1521 2714 1681 2746 luxuriatur,
1692 2716 1718 2741 in
1729 2725 1782 2751 quo
1794 2724 1801 2746 3
1813 2718 1896 2747 Acptr
1905 2716 1943 2740 hoc
1953 2715 2051 2748 quidem.

161 2751 323 2774 „tentationem
336 2750 394 2782 ptyfi
422 2751 544 2782 confistere.

161 2793 257 2818 quoque.

197 2827 227 2845 2.·
245 2822 285 2845 Ex
293 2820 377 2853 &gibus
387 2830 463 2846 omncs
483 2822 632 2855 rempublic]
654 2821 769 2857 Vulgata
779 2824 838 2855 resp.
850 2821 892 2848 sed
903 2828 999 2857 praeter
1009 2821 1076 2848 Pau.
1092 2822 1119 2847 &

162 2854 297 2881 Grevenb.
309 2856 363 2881 imo
375 2857 400 2882 &
413 2856 473 2882 edd.
485 2856 590 2892 pristas,
602 2858 627 2883 iii
640 2858 745 2893 quibus,
755 2867 840 2883 omnem
853 2859 985 2890 rempublic.

198 2898 225 2926 3.
244 2891 397 2924 Considerate.
415 2893 481 2925 Qia'
488 2894 572 2927 cufim]
596 2892 668 2919 Editi
680 2902 762 2930 nuper
773 2913 781 2925 ‚
798 2894 933 2927 confiderare
943 2893 1004 2926 quod
1010 2894 1047 2918 hic
1050 2894 1119 2926 ftcir.

162 2926 303 2959 Qidem'm.
324 2927 458 2962 quomodo
470 2928 535 2954 nulli
547 2929 634 2964 scripti
647 2939 711 2965 quos
727 2929 869 2956 Lambinus
882 2928 1013 2954 consuluit
1024 2948 1032 2959 ‚
1053 2929 1119 2954 nulli

163 2961 275 2988 Palatini
287 2981 296 2993 ‚
307 2963 394 2989 nullus
406 2964 598 2990 Gulielmiauus
611 2975 616 2991 :
630 2965 672 2990 sed
684 2974 730 2991 uec
740 2964 896 3001 conspicitur
907 2965 933 2990 111
944 2963 1062 2990 editione
1074 2973 1118 2989 ve-

162 2996 284 3027 terrima,
294 2998 347 3024 imo
358 3007 389 3024 ue
400 2999 505 3034 quidem
518 3001 543 3025 iu
555 3000 726 3035 stephaniam
735 3002 795 3027 :inni
808 3009 892 3026 κων.

175 3066 181 3071 .
198 3039 228 3064 4.
245 3034 290 3058 cici
300 3036 334 3059 rei
342 3042 413 3066 magis
422 3036 634 3069 Epammndam]
653 3037 763 3072 Recepit
775 3035 841 3063 istud
853 3035 997 3062 Lambinus
1010 3054 1018 3067 ,
1027 3034 1070 3061 scd
1084 3044 1115 3061 ex

162 3064 233 3093 libro
241 3067 341 3104 aliqum
354 3069 385 3095 sic
395 3073 465 3095 certi:
477 3070 533 3096 Pal.
545 3071 593 3096 sec.
606 3071 697 3107 vulgo,
706 3072 771 3105 Qid
779 3073 849 3105 magis
858 3075 944 3104 Epam.

200 3110 229 3134 5-
247 3107 336 3139 'Atque
344 3106 383 3131 hoe
392 3106 483 3142 quidm
493 3125 501 3140 ,
513 3107 580 3142 dja]
592 3107 737 3137 Lambinus
748 3126 756 3141 2
767 3111 802 3135 At
810 3110 850 3137 hoc
859 3108 959 3143 quidem.
979 3106 1044 3136 olim
1057 3105 1118 3139 mfi,

587 2750 646 2777 sunt
666 2751 745 2777 etiam
765 2751 809 2786 qui
827 2760 919 2785 quaque
939 2758 1076 2777 mutarunt
1094 2751 1120 2776 iu

1197 2752 1224 2776 6.
1244 2753 1291 2783 βψ
1300 2762 1328 2777 ex
1338 2751 1585 2784 legejuraris-ninam
1595 2752 1680 2783 legsbus
1692 2770 1699 2781 ‚
1710 2751 1777 2785 &c.]
1799 2750 1887 2776 Habet
1899 2749 2042 2775 Lambinus
2055 2766 2063 2780 ,
2073 2750 2118 2781 lege

1154 2788 1236 2820 jurati
1246 2788 1306 2819 estis,
1316 2789 1411 2819 affinius,
1422 2786 1472 2815 εἴγε.
1484 2786 1582 2821 inepte,
1593 2793 1741 2822 praeterque
1752 2795 1841 2812 omues
1853 2785 1945 2811 libi-os.

1197 2831 1223 2856 7.
1234 2823 1296 2855 'Posse
1307 2824 1453 2855 complexione
1462 2823 1490 2852 (ἔγ
1499 2821 1856 2856 οροι’1ι’1ϊ]1ιῃεν]ὲᾶενε.]1111161
1866 2818 2046 2856 &interposui
2058 2818 2115 2844 sua-

1161 2858 1186 2883 su
1200 2858 1266 2884 Pau.
1278 2859 1408 2889 oninium,
1422 2867 1505 2891 neque
1515 2857 1592 2882 aliter
1601 2858 1679 2883 etiam
1691 2857 1776 2884 editio
1785 2857 1857 2882 Rob.
1869 2857 2002 2892 Stephani.
2021 2854 2116 2880 Vitio-

1163 2894 1227 2924 rius,
1234 2895 1291 2926 pqffe
1301 2896 1447 2926 complexione
1451 2893 1595 2925 supersidere
1604 2895 1734 2925 opportune).
1754 2893 1910 2924 Lambinus,
1920 2899 2019 2925 oportere
2028 2898 2114 2917 totum

1161 2928 1270 2954 delevit.
1291 2929 1326 2954 ita
1338 2929 1434 2954 icilicet
1447 2928 1486 2959 iit,
1498 2937 1555 2953 cuin
1566 2928 1653 2954 abitur
1664 2931 1677 2955 a
1690 2929 1747 2956 mis.

1198 2964 1222 2990 8.
1243 2966 1358 2995 §aoniam
1364 2966 1510 2996 perspicuum
1513 2965 1546 2997 fit
1554 2965 1614 2997 quod
1622 2967 1775 2998 conficiam&
1787 2965 1941 2997 complexionis
1952 2983 1960 2995 ,
1969 2962 2035 2995 elsa]
2056 2962 2114 2987 Ha—

1160 2999 1261 3025 bueriin
1274 3001 1389 3034 quinque
1402 3008 1475 3025 ioccs
1486 3000 1585 3034 priores
1597 3009 1645 3035 pro
1656 3000 1831 3036 supervacuis,
1843 3000 1961 3035 repetitis
1973 2998 2068 3024 scilicet
2079 3006 2112 3022 ex

1160 3035 1285 3070 superiori
1296 3034 1425 3064 clausula3
1447 3034 1516 3070 quod
1527 3034 1609 3071 ipsum
1619 3035 1704 3062 adhuc
1714 3037 1794 3068 magia
1805 3035 1934 3070 detegunt
1954 3033 2012 3059 libri
2032 3032 2111 3058 nosti-i

1160 3070 1217 3096 ruff.
1230 3071 1255 3096 iu
1267 3070 1359 3105 quibus
1372 3089 1379 3101 ,
1391 3072 1527 3107 cqficiamr
1536 3081 1564 3096 ux
1574 3075 1664 3097 ratione
1676 3091 1683 3104 ,
1701 3064 1767 3107 ‹11on
1763 3074 1787 3107 st
1797 3074 1847 3107 fiat
1857 3090 1868 3105 ‚
1878 3070 2032 3104 complexionis
2043 3087 2051 3100 ‚
2061 3068 2112 3097 &0-

1159 3113 1217 3143 quat
1226 3106 1314 3134 omnia
1323 3106 1502 3142 praeceilcmiit
1513 3125 1521 3141 ,
1531 3114 1561 3134 ut
1571 3106 1639 3133 dixi.
2046 3139 2085 3163 Im

1590 3143 1612 3170 1?
1632 3151 1646 3178 3
2013 3147 2037 3167 ι.
2084 3145 2110 3163 or

2140 440 2182 471 39

2137 1812 2184 1843 40
