2302 3353
511 135 608 167 ss-An
641 117 1075 178 HERENNMJM,
1113 128 1313 187 Limia
1346 130 1689 189 securioris.

98 218 105 236 »ς
134 205 169 236 in
177 201 280 235 bestiis
287 199 404 232 nullam
414 206 511 239 neque
520 196 744 238 bonam‚neque
754 197 865 229 malam
878 200 1026 230 rationem
1037 199 1095 230 effe

74 965 121 990 20
138 956 200 985 tita-

134 245 290 277 videamus
304 253 310 271 :
332 244 365 272 in
382 239 440 270 isto
457 239 602 280 plurimas
623 239 657 268 ὅ(
673 237 810 279 pessimas
830 241 960 270 rationes
980 241 1095 280 semper

133 285 222 319 fuisse
240 284 452 325 intelligamus.
482 282 513 311 Si
532 290 602 322 ergo
619 280 774 320 pollicitus
787 281 853 310 sum
861 301 872 314 ,
893 290 944 311 me
955 280 1094 312 daturum

134 329 252 360 causam
263 346 271 360 ,
283 335 340 366 qua
349 322 490 355 indu&us
502 320 623 363 Ulysses
631 320 782 353 accesserit
793 322 829 352 ad
840 321 1037 357 maleficium,
1051 323 1094 357 &‚

134 370 157 401 fi
167 369 396 400 inimicitiarum
406 365 582 395 acerrimam
592 366 739 394 rationem
750 384 758 398 ‚
782 364 815 394 δε
834 365 960 404 periculi
979 373 1097 395 metum

130 407 320 443 ,intercessiss'e
331 406 534 438 demonstravi
547 417 553 435 ε
575 415 640 436 non
649 405 693 436 est
701 405 830 437 dubium
841 426 850 440 ,
872 408 947 446 quin
956 405 1099 437 confitea-

134 463 181 484 tur
199 451 316 483 causam
335 447 478 480 maleficii
496 446 592 479 fuiffe.
625 451 704 489 Ergo
721 446 934 479 absolutiffima
952 447 995 478 est
1012 458 1099 490 argu-

135 494 282 526 mentatio
300 502 332 522 ea
342 512 351 526 ‚
370 501 436 532 qua:
445 501 484 521 ex
493 492 625 531 quinque
637 489 769 530 partibus
779 489 893 521 constat
905 500 910 519 :
932 490 980 520 sed
991 500 1024 520 ea
1034 501 1099 520 non

135 538 252 576 semper
269 532 383 565 necesse
401 532 445 563 est
462 535 516 562 uti.
546 535 630 563 Tum
648 534 734 562 enim
744 533 959 572 complexione
969 532 1100 572 superse-

135 578 272 610 dendum
282 575 334 610 est,
347 573 367 605 si
377 584 421 605 res
433 575 530 605 brevis
541 573 594 608 est,
606 583 639 604 ut
647 573 732 604 facile
744 576 890 604 memoria
900 575 1100 614 comprehen-

137 621 222 651 datur
234 629 240 648 :
252 627 317 649 tum
328 618 483 648 exornatio
493 615 746 657 praetermittenda
755 615 808 648 est,
821 614 841 645 si
850 626 959 661 parurn
966 616 1099 656 locuples

135 662 173 693 ad
184 658 431 701 amplificandum
442 679 451 692 ‚
464 658 497 688 &
507 657 717 688 exornandum
728 667 772 687 res
783 657 902 687 videtur
911 656 978 687 esse.
1000 660 1055 687 Sin
1066 657 1099 687 &

137 703 236 735 brevis
247 704 303 733 erit
313 702 530 742 argumentatio
541 721 551 735 ,
572 700 658 730 &res
670 701 766 728 tenuis
777 719 785 732 ‚
806 707 855 728 aut
864 699 991 729 humilis
1005 710 1010 727 z
1032 708 1098 729 tum

137 746 172 776 &
190 745 385 775 exornatione
395 763 404 777 ‚
426 743 459 773 &
477 741 690 781 complexione
710 740 962 780 supersedendum
981 740 1033 771 est.
1062 744 1098 771 In

137 789 226 818 omni
235 786 490 828 argumentatione
499 783 535 813 de
547 782 660 813 duabus
673 783 804 822 partibus
821 781 981 822 postremis
991 803 999 816 ,
1023 783 1096 817 haec,

136 837 227 871 quam
236 828 371 868 exposui,
384 828 458 856 ratio
468 824 510 855 est
518 824 661 855 habenda.
686 827 763 865 Ergo
773 822 953 864 amplissima
961 824 1003 854 est
1013 835 1099 865 argu-

138 872 285 901 mentatio
295 868 547 910 quinquepartita:
570 864 739 896 brevissima
747 865 789 896 est
799 875 953 906 tripartita:
976 866 1096 896 medio—

136 915 204 946 cris,
217 912 326 943 sublata
336 919 385 940 aut
394 910 591 939 exornatione
602 929 610 942 ‚
623 917 672 938 aut
681 908 896 949 complexione
909 928 917 942 ,
928 908 1097 949 quadripar-

244 955 317 983 Duo
334 961 440 993 genera
458 951 476 980 s
473 959 527 980 unt
544 951 720 981 vitiosarum
730 952 1023 991 argumentationum
1037 961 1043 979 ;
1062 961 1097 980 u—

135 1005 225 1028 num,
235 993 316 1035 quod
326 993 362 1023 ab
371 992 534 1023 adversario
544 992 720 1032 reprehendi
728 991 825 1032 potest
834 1012 842 1025 ‚
866 991 956 1032 idque
967 994 1096 1032 pertinet

133 1037 171 1067 ad
181 1037 295 1066 causam
308 1045 314 1064 ι
333 1035 458 1064 alterum
469 1054 478 1068 ‚
496 1034 576 1075 quod
587 1032 700 1064 tametsi
710 1036 902 1074 nugatorium
913 1033 957 1064 est
967 1054 975 1067 ,
995 1042 1096 1065 tamen

135 1088 201 1110 non
209 1077 324 1118 indiget
332 1074 567 1116 reprehensione.
600 1079 675 1116 Qae
692 1075 749 1106 sint
757 1095 766 1110 ,
786 1086 851 1117 quae
871 1074 1096 1116 reprehensione

133 1119 281 1150 confutari
290 1120 450 1149 conveniat
459 1138 468 1152 ‚
479 1128 544 1159 quae
556 1119 643 1148 tacite
654 1121 810 1148 contemni
822 1138 831 1152 ‚
842 1127 927 1158 atque
938 1120 1024 1148 vitari
1035 1116 1096 1148 fine

133 1159 359 1202 reprehensione
369 1180 377 1194 ‚
397 1158 419 1189 fi
437 1160 576 1200 exempla
594 1159 746 1199 subjecero
758 1180 766 1193 ‚
787 1160 952 1201 intelligere
963 1159 1096 1207 dilucide

134 1205 254 1245 poteris.
279 1205 352 1232 Haec
360 1203 495 1242 cognitio
504 1202 679 1232 vitiosarum
689 1204 983 1243 argumentationum
994 1201 1096 1249 dupli—

134 1255 203 1276 cem
214 1245 372 1275 utilitatem
382 1241 491 1274 afferet.
514 1253 584 1274 nam
597 1243 629 1274 ὃς
639 1248 729 1274 vitare
741 1246 774 1273 in
783 1245 1040 1285 argumentatione
1051 1254 1098 1273 vi-

136 1289 214 1318 tium
233 1285 411 1317 admonebit
421 1304 429 1319 ,
450 1285 483 1316 &
492 1285 528 1315 ab
538 1286 603 1315 aliis
613 1295 678 1315 non
686 1287 813 1315 vitatum
824 1285 988 1315 commode
999 1295 1097 1325 repre-

134 1329 265 1360 hendere
275 1328 401 1358 docebit.
425 1329 579 1369 Qioniam
590 1326 1051 1368 igiturostendimus‚perfe6tam
1064 1327 1097 1357 &

134 1371 255 1412 plenam
265 1362 555 1410 argumentationem
566 1379 603 1399 ex
612 1371 745 1410 quinque
753 1369 885 1409 partibus
895 1368 1028 1399 constare
1041 1389 1049 1402 ,
1063 1371 1095 1399 in

134 1422 194 1444 una
215 1422 307 1453 uaque
328 1420 407 1451 parte
427 1413 693 1452 argumentationis
706 1414 715 1430 ¹
728 1421 793 1451 quae
802 1412 875 1441 vitia
884 1410 1006 1441 vitanda
1014 1411 1092 1445 sunt,

133 1464 194 1485 con
218 1453 356 1484 deremus
369 1463 374 1482 z
396 1461 429 1483 ut
438 1453 471 1482 &
482 1451 535 1493 ipsi
545 1452 581 1482 ab
590 1453 638 1483 his
647 1454 729 1482 vitiis
739 1452 874 1483 recedere
886 1472 895 1487 ‚
918 1453 951 1483 &
960 1452 1093 1483 adversa-

132 1497 248 1527 sionim
265 1496 535 1536 argumentationes
554 1495 608 1524 hac
624 1496 822 1535 praeceptione
832 1497 864 1524 in
874 1494 1018 1525 omnibus
1027 1504 1092 1534 par-

131 1539 212 1568 tibus
221 1546 342 1570 tentare,
353 1536 386 1567 &
395 1537 430 1567 ab
438 1536 536 1577 aliqua
545 1546 625 1576 parte
634 1536 807 1567 labefaCtare
816 1535 970 1577 poffimus.
991 1540 1094 1576 Expo-

97 1608 100 1609 γ
132 1579 199 1610 sitio
208 1579 315 1609 vitiosa
323 1577 376 1613 est,
388 1577 460 1609 cum
471 1580 507 1608 ab
519 1579 679 1619 aliqua,aut
690 1577 705 1609 ‘a
715 1579 829 1618 majore
838 1587 916 1618 parte
925 1578 961 1609 ad
971 1580 1092 1609 omneis

72 2170 114 2196 21

131 1620 324 1652 conferturid
335 1640 344 1654 ‚
355 1619 437 1662 quod
447 1630 511 1650 non
521 1618 682 1650 necessario
692 1619 734 1650 est
744 1621 888 1650 omnibus
897 1620 1072 1651 attributum
1087 1631 1092 1650 ε

134 1671 168 1694 ut
177 1661 197 1693 fi
206 1665 271 1704 quis
281 1663 339 1693 hoc
349 1661 444 1692 modo
453 1670 584 1702 exponat
592 1682 601 1696 ‚
625 1664 725 1691 Omnes
734 1663 787 1704 qui
797 1663 825 1691 in
830 1670 997 1704 paupertate
1011 1663 1092 1702 fiant,

133 1705 252 1736 malunt
261 1703 410 1734 maleficio
419 1713 516 1743 parare
526 1703 646 1734 divitias
656 1724 665 1738 ,
676 1704 768 1745 quam
779 1702 882 1734 officio
892 1713 1093 1744 paupertatem

134 1748 221 1777 tueri.
259 1748 290 1776 Si
300 1748 365 1787 quis
375 1746 433 1775 hoc
443 1745 537 1775 modo
547 1746 717 1786 exposuerit
727 1748 1017 1786 argumentationem
1030 1766 1038 1780 ‚
1061 1755 1094 1776 ut

133 1798 199 1819 non
210 1796 291 1819 curet
298 1797 438 1828 quaerere,
456 1787 551 1828 qualis
562 1789 645 1822 ratio,
656 1796 706 1818 aut
714 1789 838 1818 rationis
848 1787 1039 1818 confirmatio
1049 1786 1092 1822 sit,

129 1831 228 1870 ipsam
236 1829 324 1861 facile
333 1829 587 1869 reprehendemus
596 1828 813 1870 expositionem
824 1850 833 1864 ,
862 1829 936 1860 cum
954 1829 1094 1860 ostende-

133 1882 213 1906 mus,
224 1871 255 1901 id
265 1871 345 1912 quod
355 1873 389 1901 in
397 1871 499 1912 aliquo
508 1881 634 1911 paupere
643 1871 785 1912 improbo
794 1870 837 1905 sit,
850 1873 882 1902 in
892 1873 1012 1902 omneis
1021 1881 1091 1912 pau-

133 1923 218 1954 peres
235 1911 311 1943 falsb
331 1913 365 1943 &
382 1913 493 1952 injuria
509 1912 647 1943 conferri.
682 1917 760 1943 Item
769 1914 874 1944 vitiosa
883 1911 1029 1954 expofitio
1040 1913 1092 1948 est,

134 1953 208 1984 cum
227 1954 257 1984 id
267 1974 276 1988 ‚
295 1953 376 1993 quod
384 1952 450 1983 raro
461 1952 495 1984 fit
505 1973 513 1988 ‚
535 1953 600 1984 fieri
609 1957 739 1985 omnino
748 1964 869 1996 negatur
879 1975 887 1989 ‚
908 1957 966 1985 hoc
979 1955 1073 1986 modo
1087 1966 1093 1984 :

134 1997 227 2025 Nemo
233 1994 318 2037 potest
327 2004 390 2024 uno
401 1994 528 2034 aspecStu,
540 2004 636 2036 neque
646 1998 816 2035 praeteriens
826 2015 836 2030 ‚
855 1999 888 2027 in
898 2006 1034 2027 amorem
1044 1999 1093 2026 in-

133 2037 242 2067 cidere.
273 2046 344 2066 nam
366 2034 438 2066 cum
455 2045 521 2066 non
538 2046 632 2066 nemo
650 2037 805 2067 devenerit
821 2039 854 2067 in
871 2048 1008 2068 amorem
1030 2048 1093 2068 uno

134 2077 255 2118 aspe&u
265 2098 274 2111 ‚
295 2078 329 2107 &
338 2075 410 2107 cum
419 2077 471 2107 ille
481 2078 616 2107 neminem
626 2078 736 2108 dixerit
744 2080 876 2109 omnino
887 2099 896 2113 ,
909 2078 1094 2114 nihildiffert

133 2118 200 2150 raro
210 2119 242 2149 id
252 2118 327 2153 fieri,
339 2118 512 2149 dummodo
520 2119 682 2159 aliquando
692 2118 766 2154 fieri,
778 2129 826 2151 aut
836 2119 916 2160 posse
927 2119 991 2150 fieri
1001 2121 1093 2150 intel-

134 2161 249 2202 ligatur.
293 2163 372 2191 Item
382 2161 488 2191 vitiofii
496 2159 643 2200 expositio
652 2160 697 2191 est
705 2180 715 2195 ,
726 2160 799 2191 cum
809 2164 928 2192 omneis
937 2172 982 2192 res
991 2161 1092 2192 osten-

134 2203 235 2233 dimus
245 2212 301 2234 nos
311 2200 473 2243 collegiss'e,
485 2202 518 2232 δε
528 2202 658 2243 aliquam
667 2212 732 2233 rem
742 2202 883 2234 idoneam
894 2205 1088 2243 praeterimus,

131 2245 191 2276 hoc
209 2244 304 2275 modo
314 2264 323 2278 ‚
342 2246 498 2285 Qoniam
517 2245 606 2285 igitur
622 2245 760 2274 hominem
768 2246 888 2285 occisum
896 2245 1011 2276 constat
1018 2244 1087 2280 effe,

131 2285 248 2317 necesse
257 2286 300 2316 est
308 2295 358 2316 aut
366 2287 381 2316 a
391 2286 583 2326 praedonibus
598 2307 607 2320 ,
627 2294 677 2316 aut
684 2286 721 2316 ab
730 2288 867 2318 inimicis
876 2288 1009 2317 occisum
1020 2287 1088 2322 effe,

130 2337 182 2359 aut
191 2327 241 2359 abs
252 2337 279 2358 te
289 2348 298 2362 ,
317 2337 409 2368 quem
418 2328 470 2358 ille
479 2327 621 2358 heredem
631 2327 809 2359 testamento
819 2338 857 2359 ex
866 2338 946 2369 pane
955 2328 1089 2361 faciebat.

130 2370 285 2410 praedones
305 2370 360 2400 illo
378 2369 447 2400 loco
458 2379 614 2410 nunquam
624 2371 692 2400 sunt
701 2368 771 2400 visi:
794 2372 958 2401 inimicum
967 2372 1089 2402 nullum

130 2411 264 2442 habebat.
287 2412 363 2441 relin
385 2413 464 2442 uitur
474 2431 483 2445 ,
494 2409 515 2441 fi
525 2421 621 2453 neque
629 2410 645 2442 a
655 2411 846 2452 praedonibus
858 2433 867 2446 ,
877 2422 975 2453 neque
984 2413 1020 2443 ab
1029 2416 1092 2443 ini-

131 2455 220 2484 micis
229 2454 342 2484 occisus
352 2463 367 2482 e
395 2474 404 2487 ‚
416 2455 562 2494 quoniam
572 2454 654 2484 alteri
664 2464 727 2484 non
737 2463 819 2484 erant
830 2474 838 2488 ‚
849 2455 954 2484 alteros
963 2464 1027 2484 non
1037 2456 1090 2486 ha-

130 2495 219 2525 bebat
230 2515 238 2528 ‚
250 2503 284 2525 ut
291 2495 340 2525 abs
352 2503 379 2525 te
389 2493 423 2525 fit
431 2498 617 2525 interemtus.
640 2497 722 2526 Nam
733 2497 765 2525 in
775 2496 984 2536 hujuscemodi
993 2507 1089 2537 expo-

130 2535 247 2570 sitione,
257 2536 481 2577 reprehensione
492 2545 612 2567 utemur
621 2557 629 2570 ,
641 2536 737 2578 siquos
747 2547 850 2577 praeter
858 2548 910 2568 eos
919 2558 928 2572 ‚
950 2548 1025 2580 quos
1035 2540 1087 2570 ille

128 2578 249 2613 dixerit,
259 2577 387 2620 potuifl‘e
397 2579 540 2620 suscipere
549 2577 737 2610 maleficium
747 2579 965 2611 ostenderimus
979 2591 985 2610 z
1004 2582 1088 2613 velut

2052 153 2105 185 lt

1146 207 1179 236 in
1190 207 1248 237 hoc
1259 207 1413 247 exemplo,
1426 206 1497 238 curn
1508 207 1620 240 dixerit
1628 208 1744 240 necesse
1755 208 1814 241 effe
1823 219 1872 242 aut
1880 210 1896 242 ὲ
1905 212 2107 252 praedonibus,

1146 257 1195 277 aut
1204 248 1241 278 ab
1252 250 1397 284 inimicis,
1409 259 1458 280 aut
1467 250 1482 280 a
1492 250 1581 281 nobis
1591 253 1726 282 occisum
1736 251 1795 282 ess'e
1807 264 1812 281 :
1835 253 1970 285 dicemus
1979 256 2108 296 potuisse

1145 289 1193 318 vel
1203 289 1219 319 a
1224 290 1356 327 familia,
1367 292 1415 322 vel
1425 290 1441 322 ἐι
1451 292 1620 325 ‚coheredibus
1632 293 1750 324 nostris.
1774 293 1853 325 Cum
1864 296 1922 326 hoc
1931 298 2026 328 modo
2037 299 2108 329 illo-

1146 339 1214 359 rum
1224 332 1440 364 colleffionem
1451 333 1713 366 disturbaverimus
1725 356 1734 371 ,
1757 336 1846 366 nobis
1856 337 1992 369 latiorem
2004 340 2107 371 locum

1145 370 1328 403 defendendi
1345 376 1560 416 relinquemus.
1595 380 1673 420 Ergo
1692 379 1751 411 hoc
1769 388 1888 420 quoque
1897 380 2055 412 vitandum
2065 382 2109 413 est

1144 413 1177 441 in
1187 412 1383 452 expositione,
1395 418 1564 458 nequando,
1577 418 1649 450 curn
1661 422 1768 451 omnia
1777 419 1928 463 collegisse
1939 422 2105 458 videamur,

1144 454 1275 495 aliquam
1284 455 1425 487 idoneam
1435 468 1547 498 partem
1558 462 1779 502 reliquerimus.
1807 465 1885 493 Item
1896 465 2004 495 vitiosa
2011 476 2108 506 expo—

1145 494 1211 526 sitio
1223 496 1276 530 est,
1288 507 1353 538 quae
1362 499 1475 530 constat
1484 511 1521 531 ex
1530 502 1601 533 falsa
1610 506 1857 535 enumeratione:
1869 514 1902 535 ut
1911 504 1941 540 fi,
1955 505 2025 537 cum
2038 509 2107 547 plu-

1144 547 1173 567 ra
1185 539 1261 572 sunt,
1274 541 1411 578 pauciora
1420 541 1565 576 dicamus,
1577 545 1635 575 hoc
1646 545 1741 576 modo
1751 567 1759 580 ‚
1772 549 1848 578 Duae
1857 557 1903 577 res
1914 548 1983 578 sunt
1992 569 2001 583 ‚
2023 550 2107 590 judi-

1142 589 1190 609 ces
1201 599 1210 613 ,
1221 590 1287 621 quae
1297 584 1417 611 omneis
1428 582 1463 612 ad
1475 584 1658 616 maleficium
1670 589 1841 628 impellunt,
1852 589 1978 619 luxuries
1987 591 2021 623 (9-
2030 602 2106 621 ava·

1142 622 1224 650 ritia.
1279 622 1330 653 uid
1341 626 1446 654 amor?
1457 626 1574 665 inquiet
1583 630 1740 668 quispiam.
1760 630 1833 671 quid
1843 632 1970 662 ambitio
1982 636 1992 662 ?
2003 637 2018 652 2
2029 634 2104 675 quid

1142 663 1248 704 religio
1260 667 1270 693 ?
1292 665 1365 705 quid
1376 675 1473 696 metus
1483 669 1589 697 mortis
1601 671 1610 697 ?
1630 671 1702 709 quid
1712 674 1831 711 imperii
1841 674 1986 714 cupiditas
1998 677 2009 704 ?
2029 675 2104 717 quid

1142 705 1272 747 denique
1282 708 1337 736 alia
1347 709 1494 747 permulta
1505 712 1514 737 ?
1525 711 1603 739 Item
1614 709 1685 741 falsa
1694 717 1881 745 enumeratio
1891 715 2021 749 est,cum
2031 727 2105 758 pau-

1141 749 1222 778 ciora
1232 748 1309 782 sunt,
1323 749 1355 778 ὃς
1366 749 1449 789 plura
1458 749 1599 785 dicimus,
1611 752 1670 783 hoc
1680 755 1783 788 modo,
1797 759 1872 786 Tres
1883 768 1928 788 res
1938 758 2006 789 sunt
2016 780 2024 793 ,
2037 770 2104 800 quae

1143 791 1263 819 omneis
1274 791 1429 821 homineis
1441 792 1620 827 sollicitant,
1634 804 1732 825 metus
1742 816 1750 829 ,
1762 798 1904 836 cupiditas
1915 820 1923 833 ,
1947 797 2102 841 aegritudo.

1141 833 1215 861 Satis
1234 834 1318 863 enirn
1337 831 1433 863 fuerat
1451 833 1559 865 dixiss'e
1579 844 1686 865 metum
1698 837 1730 867 &
1740 840 1923 879 cupiditatem
1935 845 1945 870 ἓ
1957 845 2104 883 quoniam

1139 873 1350 913 aegritudinem
1369 885 1441 905 cum
1461 884 1524 906 utra
1546 887 1582 907 ue
1602 888 1632 908 re
1647 879 1845 918 conjunclam
1856 881 1913 912 effe
1923 883 2037 915 necesse
2048 884 2100 915 est.

1141 917 1219 945 Item
1230 917 1338 946 vitiosa
1346 916 1493 957 expositio
1503 887 1556 952 eg,
1590 930 1634 949 uae
1644 922 1779 951 nimium
1790 922 1881 963 longe
1892 927 2101 963 repetitui-‚hoc

1139 956 1243 991 modo,
1256 959 1391 987 Omnium
1402 960 1553 991 malorum
1593 962 1689 992 ultitia
1698 962 1741 993 est
1751 972 1845 995 mater
1855 985 1863 998 ‚
1883 975 1949 1005 quae
1960 970 2034 1001 parit
2043 970 2102 998 im—

1140 999 1255 1028 mensas
1265 1000 1440 1039 cupiditates
1453 1012 1459 1030 :
1479 1004 1633 1033 immensae
1646 1003 1736 1045 porro
1747 1005 1920 1045 cupiditates
1932 1002 2058 1040 in‘finitae
2069 1010 2103 1041 δε

1140 1041 1344 1071 immoderata:
1357 1043 1433 1073 sunt.
1456 1045 1501 1074 liae
1510 1047 1628 1084 pariunt
1635 1048 1787 1077 avaritiam
1801 1058 1806 1076 ;
1817 1050 1937 1078 avaritia
1947 1049 2036 1089 porro
2046 1052 2103 1081 ho-

1140 1084 1259 1112 minem
1271 1083 1305 1113 ad
1316 1084 1444 1124 quodvis
1455 1085 1639 1117 maleficium
1651 1089 1791 1128 impellit.
1813 1091 2044 1130 Igituravaritia
2054 1095 2103 1123 in-

1140 1123 1223 1154 duffi
1244 1125 1399 1156 adversarii
1420 1127 1514 1158 nostri
1526 1148 1534 1162 ‚
1555 1130 1654 1159 hocin
1665 1131 1693 1160 se
1701 1130 1816 1161 facinus
1828 1131 2019 1164 admiserunt.
2044 1133 2104 1164 Hic

1139 1165 1181 1199 id,
1193 1167 1273 1207 quod
1285 1176 1455 1199 extremum
1467 1169 1584 1200 dffium
1596 1171 1648 1204 est,
1661 1172 1727 1202 satis
1738 1172 1797 1203 fuit
1806 1183 1956 1213 exponere
1969 1195 1977 1209 ‚
1990 1186 2027 1206 ne
2039 1179 2101 1206 En-

1139 1210 1238 1241 nium,
1251 1208 1283 1238 δε
1293 1218 1405 1240 ceteros
1415 1213 1516 1251 po'e’tas
1526 1214 1701 1248 imitemur,
1723 1215 1833 1257 quibus
1842 1217 1901 1248 hoc
1912 1217 2007 1248 modo
2018 1218 2099 1259 loqui

1138 1249 1314 1280 concessum
1327 1251 1379 1285 est,

1181 1293 1307 1321 Urinam
1327 1304 1358 1322 ne
1375 1295 1404 1323 in
1425 1305 1530 1324 nemore
1548 1296 1621 1326 Pelio
1633 1296 1776 1336 sicuribus

1182 1335 1251 1373 Caes'a
1270 1334 1404 1372 cecidiffiet
1420 1335 1539 1378 abiegna
1556 1339 1595 1367 ad
1610 1347 1714 1368 terram
1735 1339 1846 1371 trabes.-

1181 1377 1263 1404 Neve
1279 1377 1340 1406 inde
1359 1379 1438 1406 navis
1456 1380 1610 1408 inchoanda
1627 1382 1773 1411 exordium

1180 1417 1321 1460 Coepiffet,
1343 1430 1402 1460 quae
1420 1431 1492 1450 nunc
1508 1423 1670 1452 nominatur
1689 1425 1798 1454 nomine

1177 1462 1264 1500 tArgo
1276 1480 1284 1492 ‚
1306 1470 1365 1501 qua
1385 1461 1462 1490 vesti
1478 1464 1598 1503 Argivi
1615 1463 1712 1494 delesti
1730 1466 1791 1495 viri
1801 1487 1811 1500 .

1178 1500 1312 1530 Petebant
1331 1504 1410 1532 illam
1424 1505 1521 1546 pellem
1538 1507 1704 1536 inauratam
1720 1509 1815 1537 arietis
1826 1527 1836 1542 ,

1180 1544 1202 1571 C
1200 1542 1279 1572 olchis
1290 1564 1299 1576 ,
1320 1545 1433 1585 imperio
1452 1556 1519 1586 regu
1537 1548 1616 1576 Peli-e
1629 1556 1678 1590 per
1696 1549 1791 1579 dolum
1800 1562 1811 1578 .-

1182 1587 1195 1611 3
1207 1587 1288 1613 Nam
1305 1596 1451 1628 nunquam
1468 1589 1532 1616 hera
1551 1599 1642 1618 errans
1660 1601 1722 1619 mea
1734 1612 1741 1624 ‚
1762 1592 1840 1621 domo
1858 1593 1964 1635 efferret
1979 1594 2074 1636 pedem

1178 1626 1282 1656 Medea
1295 1647 1302 1660 ,
1323 1638 1417 1658 ammo
1436 1640 1507 1670 agra
1518 1650 1526 1662 ,
1545 1641 1638 1660 amore
1652 1633 1722 1671 fievo
1738 1634 1852 1673 [Σηπία.

1138 1670 1219 1698 Nam
1229 1666 1278 1698 hic
1288 1669 1353 1700 satis
1364 1679 1423 1701 erat
1433 1671 1531 1702 dicere
1544 1672 1581 1711 (4
1590 1671 1611 1703 fi
1620 1673 1651 1703 id
1661 1674 1770 1709 modo,
1783 1676 1863 1716 quod
1874 1676 1945 1708 ess‘et
1955 1678 2032 1712 satis,
2044 1688 2095 1709 cu·

1137 1707 1220 1740 rass‘et
1230 1712 1326 1751 poeta)

1177 1752 1302 1780 ‘Utinam
1319 1763 1351 1782 ne
1368 1754 1433 1784 hera
1451 1765 1543 1785 errans
1562 1766 1624 1786 mea
1637 1777 1645 1791 ,
1668 1757 1747 1787 domo
1766 1760 1874 1800 efferret
1886 1760 1986 1803 pedem>

1178 1796 1192 1820 5
1203 1794 1318 1825 Medea.

1138 1837 1216 1875 Ergo
1234 1836 1289 1866 hac
1306 1847 1426 1878 quoque
1443 1838 1479 1868 ab
1499 1839 1610 1870 ultimo
1628 1843 1807 1881 repetitione
1818 1844 1850 1873 in
1859 1843 2098 1884 expositionibus

1139 1887 1317 1918 magnopere
1329 1879 1580 1919 supersedendum
1593 1882 1646 1912 est.
1669 1881 1684 1903 ⁶
1697 1886 1770 1914 Non
1791 1887 1875 1915 enim
1894 1886 2097 1926 reprehensio-

1137 1928 1188 1952 ne,
1200 1918 1343 1951 ficutaliae
1353 1922 1534 1961 complures,
1547 1928 1561 1951 7
1569 1923 1618 1953 sed
1629 1925 1677 1955 sua
1686 1926 1789 1964 sponte
1798 1928 1904 1958 vitiosa
1912 1927 1963 1957 est.
1977 1931 2097 1958 Virio—

1139 1969 1177 1989 sA
1204 1963 1278 1991 ratio
1296 1961 1340 1992 est
1351 1983 1359 1995 ,
1379 1973 1445 2007 quae
1454 1964 1489 1994 ad
1499 1963 1720 2004 expositionem
1731 1977 1795 1997 non
1806 1967 1847 1998 est
1857 1969 2094 2004 accommodata.

1137 2001 1186 2031 vel
1205 2011 1324 2042 propter
1343 2004 1550 2035 infirmitatem
1563 2026 1571 2039 ‚
1591 2007 1639 2036 vel
1649 2017 1768 2047 propoer
1776 2011 1951 2040 vanitatem.
1974 2009 2098 2042 Infirma

1135 2044 1210 2072 ratio
1219 2042 1263 2073 est
1274 2064 1281 2076 ‚
1293 2054 1358 2084 quae
1367 2055 1431 2075 non
1441 2045 1602 2076 necessario
1613 2048 1744 2078 ostendit
1753 2051 1792 2079 ita
1801 2049 1858 2080 esse
1869 2071 1877 2085 ‚
1898 2052 2097 2092 quemadmo-

1136 2083 1210 2113 dum
1221 2084 1388 2124 expofiturn
1398 2086 1459 2117 est:
1481 2088 1563 2118 velut
1573 2089 1649 2127 apud
1659 2090 1795 2121 Plautum
1809 2112 1817 2125 .

1177 2128 1324 2155 ..Amicum
1341 2126 1492 2168 castigare,
1513 2128 1545 2158 ob
1563 2132 1694 2159 meritam
1711 2133 1826 2162 noxiam
1838 2155 1847 2167 ,

1178 2168 1306 2197 Immane
1324 2168 1367 2197 eff
1378 2170 1496 2208 facinus
1506 2181 1518 2198 .·
1540 2170 1640 2200 verimi
1658 2173 1687 2201 in
1704 2181 1785 2203 atate
1803 2176 1885 2209 utile,

1177 2210 1219 2237 Et
1236 2209 1416 2240 conducibile.
1490 2237 1497 2246 ,

1139 2251 1212 2280 Haec
1221 2250 1367 2290 expositio
1377 2252 1429 2284 est.
1451 2253 1606 2285 videamus
1618 2277 1626 2289 ,
1648 2267 1714 2298 quae
1724 2259 1799 2289 ratio
1809 2257 1944 2292 afferatur
1955 2271 1963 2292 t

1219 2294 1301 2322 Nam
1319 2304 1366 2334 ego
1385 2296 1511 2324 amicum
1529 2298 1605 2327 hodie
1625 2309 1720 2328 meum

1219 2329 1234 2353 3
1247 2337 1268 2364 C
1267 2335 1438 2377 oncastigabo
1455 2346 1503 2378 pro
1524 2341 1686 2370 commerita
1705 2343 1803 2372 noxia.

1137 2377 1184 2405 Ex
1195 2385 1244 2409 eo,
1255 2377 1337 2417 quod
1348 2379 1408 2419 ipse
1416 2378 1546 2410 faeturus
1558 2381 1611 2415 est,
1624 2392 1688 2412 non
1698 2394 1736 2413 ex
1744 2394 1782 2414 eo
1794 2404 1801 2417 ‚
1814 2386 1896 2426 quod
1906 2384 1970 2417 fieri
1981 2397 2093 2419 conve-

1134 2418 1191 2450 nit,
1203 2418 1276 2448 utile
1286 2420 1358 2459 quid
1368 2419 1402 2450 fit
1413 2441 1421 2453 ,
1433 2423 1628 2453 ratiocinatur.
1657 2427 1739 2455 Vana
1748 2428 1821 2458 ratio
1830 2427 1874 2457 est
1884 2448 1892 2461 ‚
1904 2438 1970 2469 quae
1978 2439 2016 2459 ex
2025 2429 2095 2461 falsa

1134 2459 1216 2489 causa
1225 2461 1349 2494 constat,
1360 2463 1419 2492 hoc
1431 2463 1526 2493 modo
1538 2475 1543 2492 :
1553 2468 1651 2495 Amor
1657 2465 1818 2507 fugiendus
1829 2477 1892 2499 non
1902 2469 1954 2499 est.
1973 2476 2043 2500 nam
2053 2482 2094 2502 ex

1133 2510 1170 2530 eo
1180 2500 1328 2533 veriflima
1335 2504 1463 2534 nascitur
1472 2508 1610 2537 amicitia.
1645 2511 1704 2537 Aut
1713 2509 1772 2537 hoc
1781 2509 1876 2540 modo
1887 2522 1895 2544 ς
1916 2511 2094 2555 Philosbphia

1132 2543 1252 2574 vitanda
1260 2544 1312 2575 est.
1335 2544 1418 2576 affert
1427 2548 1511 2576 enim
1524 2548 1686 2578 secordiam
1699 2570 1707 2582 ,
1727 2558 1811 2590 atque
1829 2550 1980 2583 defidiam.
2010 2557 2092 2585 Nam

1133 2584 1179 2614 hae
1188 2587 1321 2631 rationes¹
1334 2586 1391 2618 nisi
1410 2587 1488 2619 falsae.
1504 2587 1616 2623 essent,
1636 2589 1835 2631 expositiones
1852 2603 1973 2636 quoque
1989 2606 2091 2627 earum

2008 2648 2091 2669 VCI'ZS

123 2686 2094 2715 ἫὴἭ

164 2728 174 2745 1
183 2740 189 2745 .
202 2720 332 2752 v{Qirivite'a
340 2719 533 2754 vitandaficnt.]
554 2720 598 2746 Sic
607 2719 666 2747 libri
679 2729 770 2747 omnes
781 2721 847 2747 olim
858 2720 924 2747 editi
937 2741 944 2753 ‚
954 2721 1002 2748 nin
1016 2720 1087 2757 quod

124 2755 182 2781 Pal.
193 2765 234 2791 pr.
243 2754 400 2782 destituatur
410 2755 459 2781 illo
468 2757 552 2787 vitIa;
572 2756 600 2783 St
619 2756 702 2783 abesse
719 2756 815 2793 potest.
844 2757 989 2793 Stephanus
1010 2765 1088 2795 atque

125 2791 275 2822 Manutius,
292 2794 357 2817 ’vitia
366 2792 491 2818 evitanda.

162 2836 191 2853 ι.
209 2827 275 2861 §Qia'
291 2828 392 2862 religio]
412 2827 469 2853 Pal.
489 2826 539 2854 sec.
558 2830 668 2860 irreligio.
688 2828 752 2855 iteni
773 2829 941 2857 Fabi-ieiunus
952 2829 1089 2866 editioque

126 2862 246 2904 princeps
259 2882 268 2895 ,
285 2863 451 2899 inclinatque
460 2863 487 2890 in
498 2863 563 2890 hanc
573 2863 665 2891 lefstio.
683 2865 749 2891 item
760 2866 932 2892 Gulielmius.
953 2874 979 2893 at
989 2876 1048 2893 cum
1059 2868 1085 2893 &

129 2907 155 2924 iii
167 2898 283 2934 pluribus
296 2898 353 2925 mss‘.
364 2899 514 2927 inveniatur
523 2900 650 2934 alterum,
660 2901 684 2928 ei
693 2900 888 2937 adquieverini.
899 2902 934 2929 est
945 2903 1089 2930 enim-ver-

129 2933 190 2961 bum
201 2935 355 2970 ambiguum
368 2937 455 2969 religio.

166 2979 179 3003 3
186 2990 193 2997 .
212 2973 276 2996 Nam
283 2980 405 3005 nunquam
413 2973 472 2997 hera
480 2980 566 2998 errans
576 2981 627 2998 mea
636 2973 697 3000 domo
706 2973 960 3009 effirretpedem‚&c.]
972 2975 1087 3002 Fortean

90 3017 96 3024 «
128 3003 228 3033 reffrus
239 3015 248 3036 ;
269 3011 331 3033 Nam
349 3007 474 3041 nusquam.
493 3008 550 3034 noti
561 3007 716 3044 scriptorum
727 3009 779 3036 loci
792 3030 800 3042 ,
811 3010 854 3036 ubi
867 3010 920 3037 liaec
929 3011 1087 3047 copulantur

130 3041 157 3068 in
169 3051 197 3068 re
205 3041 307 3074 eadem,
317 3043 432 3076 nusquam
441 3043 502 3069 domo
513 3062 521 3076 ,
540 3044 568 3070 Sc
578 3046 788 3079 nufiquampedem.
809 3046 983 3074 Gulielmius.

162 3084 195 3109 -4,
213 3081 238 3102 Si
245 3079 273 3103 id
280 3078 340 3103 modo
348 3079 409 3111 quod
416 3080 468 3112 esset
479 3079 542 3112 saris
560 3081 660 3113 curaffir
672 3083 767 3116 po'era]
788 3081 900 3108 Atridet
919 3083 1008 3109 animo
1028 3092 1088 3110 meo

131 3110 260 3147 scriptura
276 3113 395 3141 Palatina
404 3122 413 3144 3
427 3116 452 3148 fi
458 3115 486 3140 id
492 3116 553 3141 modo
561 3116 685 3150 quod-faris
693 3119 746 3150 fft
754 3125 866 3145 curarent
870 3121 950 3153 pob'tae.
968 3119 1007 3148 ita
1016 3120 1087 3148 enim

131 3145 215 3174 sodex
226 3157 337 3176 numero
345 3149 447 3185 primus
459 3169 468 3184 ‚
480 3158 587 3187 quartus
598 3151 719 3187 ,sunm
744 3181 747 3183 .

1166 2733 1193 2758 5.
1213 2725 1310 2752 Medea.
1329 2728 1415 2761 Ergo]
1444 2728 1485 2753 lta
1495 2728 1605 2763 expreffi
1619 2749 1627 2760 ,
1637 2729 1738 2758 secutus
1749 2731 1818 2759 Pau.
1829 2732 1873 2760 sex
1886 2753 1893 2766 ‚
1905 2735 1950 2770 qui
1962 2735 2019 2762 heic
2029 2738 2089 2773 qui-

1107 2724 1112 2775 Ι
1128 2758 1190 2786 deni
1202 2760 1341 2793 habebant,
1352 2765 1428 2788 animo
1436 2773 1501 2796 agro,
1511 2765 1750 2800 amorestvofimcia,
1762 2777 1813 2794 noti
1824 2770 1904 2796 etiam
1915 2770 2042 2832 sutpei'ius.
2062 2781 2091 2801 at

1129 2795 1163 2822 ibi
1176 2797 1281 2833 proprie
1294 2798 1387 2824 habere
1399 2799 1486 2825 locum
1499 2819 1506 2829 ‚
1517 2809 1569 2826 iioii
1581 2802 1660 2828 etiam
1671 2802 1728 2830 heic
1739 2823 1747 2835 ‚
1758 2813 1837 2831 nenio
1847 2815 1899 2832 non
1912 2808 1935 2833 vi

1129 2842 1181 2868 que
1191 2833 1271 2859 etiam
1283 2844 1334 2860 non
1347 2834 1422 2860 habet
1433 2834 1595 2863 Vifmriana.
2021 2856 2029 2861 «

1165 2869 1194 2895 6.
1213 2873 1265 2894 Non
1275 2872 1335 2895 enim
1346 2872 1510 2903 reprehenfione
1520 2890 1528 2902 ‚
1530 2874 1594 2905 ficut
1603 2875 1654 2899 ali.e
1662 2877 1787 2907 complures
1800 2896 1807 2908 ,
1827 2877 1893 2912 ὢν]
1917 2878 1988 2905 Editi
1999 2881 2087 2916 poste-

1130 2904 1212 2930 riores
1224 2907 1390 2939 reprehensione
1399 2914 1444 2939 cgrt
1455 2909 1529 2939 ‚ficut
1541 2927 1549 2939 ,
1566 2908 1616 2938 (ἰν-ε.
1638 2909 1680 2935 sed
1694 2911 1801 2938 verbum
1813 2913 1879 2939 illud
1890 2921 1935 2947 eget
1946 2925 1995 2942 non
2008 2917 2087 2943 liube-

1130 2950 1188 2966 mus
1207 2941 1233 2966 iii
1254 2940 1315 2967 edd.
1335 2942 1426 2977 primis
1440 2960 1448 2973 ,
1466 2943 1492 2969 iii
1503 2943 1572 2970 Pali.
1583 2952 1629 2972 aut
1639 2946 1798 2974 Bruilerenfi
1810 2958 1817 2980 3
1838 2950 1927 2986 estque
1946 2954 2087 2988 magistelli

1127 2976 1249 3011 alicujus.

1163 3020 1192 3047 7,
1210 3013 1389 3045 sedfiiasponre
1398 3015 1484 3048 vitiofiz
1491 3016 1552 3050 effi]
1573 3017 1673 3045 Vocula
1677 3019 1721 3053 fid
1730 3029 1781 3046 non
1793 3026 1869 3048 extat
1880 3022 1975 3049 imPal.
1986 3033 2027 3060 pr.
2039 3034 2085 3051 ne-

1129 3056 1180 3083 que
1191 3047 1382 3083 requisiverim.
1997 3072 2000 3075 ·

1164 3083 1192 3109 8.
1211 3085 1370 3116 Concastigabo
1375 3092 1418 3117 pro
1426 3090 1558 3114 commerita
1566 3090 1664 3124 noxia]
1686 3089 1761 3117 Libri
1783 3099 1884 3119 veteres
1904 3103 1951 3129 pro
1961 3097 2086 3128 commissa,

1127 3129 1179 3145 non
1192 3118 1264 3145 reste
1276 3138 1285 3150 ‚
1295 3119 1323 3144 &
1333 3119 1413 3146 aliter
1422 3121 1447 3148 in
1461 3123 1554 3150 Plauto
1563 3125 1628 3161 ipso.
1647 3125 1714 3153 addc
1725 3127 1795 3163 quod
1807 3128 1915 3156 verbum
1925 3132 2085 3163 corntncrendi,

1129 3154 1266 3183 habitatin
1276 3164 1305 3182 re
1315 3156 1386 3184 mala
1394 3157 1422 3184 δε
1432 3157 1548 3195 flagitio.
1999 3177 2002 3180 ·

1568 3197 1589 3224 B
1608 3204 1625 3223 2.

1957 2815 1984 2834 et
1996 2828 2004 2840 ‚
2015 2809 2089 2836 ideo-

1966 3210 1975 3228 1
1983 3221 1988 3228 .
2000 3204 2088 3237 Instare

2122 933 2167 957 22
