2337 3400
171 144 266 208 586
575 140 643 187 M.
713 137 763 182 T
801 151 834 182 15
869 150 898 181 L
936 149 965 180 L
1003 149 1020 178 1
1058 148 1075 178 1

179 235 250 257 cum
269 225 322 255 tibi
343 221 459 263 objcc'hr
476 221 508 250 sit
523 220 630 260 species
645 217 797 259 singularis
810 217 864 247 viri
878 237 885 249 ,
904 214 1094 256 perterritum
1109 219 1137 242 te

182 269 219 298 de
231 268 337 298 somno
348 265 468 295 excitari
482 284 488 297 ‚
501 261 597 292 furere
607 263 696 291 eriam
710 261 783 300 saepe
795 259 983 300 vigilantem.
1007 258 1060 285 Me
1070 255 1139 295 qui-

184 310 255 340 dem
265 308 381 338 miseret
391 308 536 345 parietum
547 303 692 343 ipsorum,
702 310 788 343 atque
798 301 956 331 1001011111]-
972 297 1044 339 quid
1054 298 1138 327 enim

185 360 329 390 umquam
342 348 454 378 domus
465 347 514 376 1113
526 345 654 378 viderat,
668 343 721 374 nisi
733 342 876 384 pudicum
888 362 896 376 ,
908 339 961 371 nisi
972 349 1010 369 ex
1022 340 1140 379 optimo

186 401 271 422 more
285 411 292 424 ‚
314 391 346 419 &
358 387 537 420 [306111111113
547 387 724 427 disciplina?
741 385 801 416 fuit
813 387 896 414 enim
911 384 963 412 iile
976 384 1041 415 vir,
1061 383 1094 411 P.
1105 382 1140 411 C.

190 432 263 463 sicut
273 433 352 463 scitis
363 452 371 465 ,
389 430 460 461 cum
470 430 543 460 foris
553 429 647 459 clarus
658 448 667 462 ‚
685 427 752 458 tum
763 427 848 457 domi
858 423 1067 456 admirandus:
1088 432 1140 453 ne-

186 485 244 515 que
255 473 341 504 rebus
350 473 482 503 externis
493 473 585 512 magis
595 469 768 503 laudandus,
780 469 869 510 quam
884 466 1025 498 institutis
1035 465 1142 495 dome-

190 517 280 547 sticis.
304 517 392 554 hujus
403 517 435 544 in
446 513 563 544 sedibus
585 517 593 531 ¹
604 522 659 552 pro
670 512 816 542 cubiculis
828 509 958 542 stabula,
979 518 1033 549 pro
1048 507 1142 537 tricli-

188 559 248 589 niis
259 560 378 598 popina:
391 557 467 586 sunt.
501 558 537 585 Et
551 553 570 583 si
582 556 638 591 iam
651 563 745 595 negat.
768 553 864 583 nolite
875 572 882 585 ,
896 552 990 582 nolite
1005 559 1144 591 quaerere.

187 599 267 641 frugi
282 599 376 629 faetus
386 598 436 628 est.
461 597 543 627 iilam
557 597 638 626 suam
650 596 712 626 suas
723 605 767 625 res
778 593 831 625 sibi
844 594 948 624 habere
961 590 1064 632 2juss'1t
1076 610 1084 624 ,
1105 600 1143 620 ex

187 640 486 672 duodecimtabulis:
509 639 618 669 claveis
627 638 759 671 ademit,
773 636 910 678 forasque
920 635 1028 675 exegit.
1052 632 1141 673 quam

188 682 279 723 porro
291 681 435 722 spe&atus
445 682 519 711 civis
529 700 538 715 ,
557 680 648 721 quam
668 680 806 720 probatus
819 689 825 708 :
845 679 929 717 cujus
940 687 977 707 ex
988 686 1076 706 omni
1087 677 1147 705 vita

188 725 269 754 nihil
280 724 321 754 est
330 722 464 759 honestius
476 742 483 756 ‚
501 721 592 764 quam
603 721 685 762 quod
695 731 766 750 cum
778 722 873 750 mima
882 719 953 750 fecit
963 718 1147 748 divortium?

185 769 230 797 ·At
240 766 331 807 quam
341 764 445 796 crebro
456 764 592 804 usurpat,
606 765 638 793 &
649 763 741 802 confir!
750 763 782 793 &
792 762 966 791 „Al-ironias?
982 761 1039 790 hoc
1049 758 1091 788 est
1102 758 1147 788 di-

190 815 256 839 cere
268 828 276 841 ,
298 808 330 838 &
341 807 467 840 consul,
485 806 517 836 &
532 804 806 846 impudicissimus:
828 802 992 835 &consul‚
1010 802 1041 831 ὃ(
1053 801 1148 830 homo

190 848 401 891 nequissimus.
423 848 496 890 quid
507 850 588 878 enim
601 846 643 877 est
652 847 732 876 aliud
743 845 916 876 Antonius?
935 853 1006 874 nam
1017 841 1037 872 si
1049 842 1148 883 digni-

190 900 233 922 tas
247 890 458 933 significaretur
474 892 506 919 in
525 891 669 919 nomine:
689 887 828 921 dixisset,
847 886 936 916 credo
948 905 956 919 ,
975 883 1148 925 aliquando.

194 937 207 961 3
216 942 288 964 avus
300 943 366 964 tuus
378 954 386 966 ‚
411 935 451 962 Er
459 932 553 971 consid
562 951 571 964 ,
582 931 616 963 &-
625 931 788 959 KAntonius.
812 937 980 969 numquam
992 927 1081 957 dixit.
1103 925 1150 955 di-

189 973 280 1006 xifl’et
298 977 389 1005 etiam
409 975 523 1014 collega
543 982 647 1007 meus3
665 981 786 1012 patruus
804 980 882 1001 tuus.
906 968 961 999 nisi
975 978 1006 1000 tu
1024 969 1106 999 solus
1120 976 1150 996 es

192 1018 356 1048 Antonius.
379 1016 434 1047 Sed
446 1017 558 1045 omitto
567 1024 599 1044 ea
608 1023 735 1054 peccata,
748 1023 813 1054 quae
824 1022 887 1043 non
899 1012 1074 1042 suntearum
1086 1018 1150 1049 par-

190 1060 271 1090 tium
286 1059 404 1099 propria
414 1077 422 1091 ‚
443 1056 553 1097 quibus
574 1065 605 1086 tu
620 1055 758 1095 rempub.
772 1053 935 1085 vexavisti:
957 1053 992 1084 ad
1002 1052 1077 1092 ipsas
1088 1059 1150 1081 tuas

191 1103 300 1141 parteis
310 1100 398 1130 redeo
407 1119 416 1133 ,
432 1100 462 1128 id
473 1097 515 1128 est
525 1118 532 1132 ‚
548 1097 582 1128 ad
593 1098 683 1128 civile
694 1097 824 1127 bellum:
844 1095 926 1137 quod
938 1104 1042 1126 natum
1053 1113 1061 1128 ‚
1077 1102 1151 1123 con-

130 1148 174 1182 29
196 1141 299 1173 flatum
312 1161 319 1176 ,
339 1142 505 1180 susceptum
521 1149 609 1179 opera
622 1148 670 1170 tua
682 1137 734 1169 est.
759 1141 818 1169 Cur
828 1142 856 1169 ei
867 1138 946 1168 bello
957 1146 1023 1167 turn
1033 1143 1152 1175 propter

196 1184 391 1216 timiditatem
402 1192 484 1212 tuam
494 1202 502 1215 ,
516 1190 581 1211 tum
593 1180 863 1221 propterlibidines
873 1179 994 1210 defuisti
1006 1185 1014 1209 Ξ
1026 1176 1152 1219 gustaras

194 1227 319 1257 civilem
331 1225 505 1264 sanguinem
518 1244 527 1257 ‚
542 1224 590 1253 vel
602 1222 704 1263 potius
713 1222 905 1252 exsorbucras
919 1232 924 1249 z
941 1220 1039 1250 fueras
1049 1221 1080 1248 in
1091 1219 1153 1247 acie

192 1268 355 1299 Pharsalica
371 1264 579 1306 antesignanus
599 1276 605 1294 :
637 1267 670 1294 L.
686 1266 865 1294 Domitium
884 1282 892 1296 ‚
913 1259 1151 1292 nobilissimum,

193 1309 229 1340 &
240 1307 433 1339 clarissimum
444 1310 544 1337 virum
557 1327 566 1340 ,
584 1306 749 1337 occideras:
770 1306 882 1335 multos
894 1324 901 1338 ‚
922 1306 974 1345 qui
992 1303 1028 1333 de
1044 1301 1152 1342 proelio

191 1350 378 1392 effugerant,
399 1359 477 1391 quos
489 1349 598 1383 caefar,
618 1357 649 1378 ut
664 1348 851 1380 nonnullos,
870 1344 991 1376 foi-tasse
1008 1341 1152 1376 servasset,

192 1391 396 1425 crudelissime}
406 1392 576 1432 persecutus
587 1390 757 1421 trucidaras.
780 1389 890 1430 quibus
901 1388 988 1418 rebus
999 1388 1101 1418 tantis,
1113 1393 1154 1414 ta—

195 1435 278 1465 libus
286 1434 374 1476 gestis
385 1454 394 1467 ‚
412 1433 485 1474 quid
494 1432 552 1463 fuit
561 1433 652 1463 causae
664 1452 672 1465 ,
687 1434 782 1462 curin
792 1430 926 1461 Africam
936 1429 1079 1460 Caesarem
1091 1436 1154 1457 non

195 1477 346 1518 sequerere
357 1496 365 1510 ,
383 1475 455 1506 cum
466 1475 629 1515 praesertim
639 1474 712 1504 belli
725 1481 790 1514 pars
798 1480 882 1502 tanta
891 1471 1008 1502 restaret
1019 1474 1030 1500 ἓ
1053 1473 1154 1510 Itaque

195 1529 289 1560 quem
302 1519 404 1549 locum
416 1517 493 1558 apud
504 1517 602 1557 ipsum
615 1516 756 1546 Caesarem
768 1514 834 1555 post
844 1516 907 1554 ejus
917 1523 955 1544 ex
964 1512 1064 1543 Africa
1076 1511 1156 1542 redi-

195 1569 261 1592 tum
272 1559 430 1590 obtinuisti
443 1563 453 1589 ἓ
472 1568 535 1599 quo
545 1567 675 1588 nurnero
693 1556 776 1586 fuisti
789 1560 800 1586 ἓ
818 1558 903 1594 cujus
920 1564 951 1586 tu
969 1554 1158 1594 imperatoris

195 1601 324 1643 quaestor
333 1601 440 1634 fueras,
451 1600 606 1630 di&atoris
616 1597 753 1639 magister
762 1599 912 1639 equitum,
923 1597 996 1627 belli
1006 1597 1155 1636 princep5‚

195 1644 379 1674 crudelitatis
388 1642 492 1673 3116101
501 1662 510 1674 ,
528 1640 633 1681 praedae
643 1641 740 1671 socius
750 1660 758 1673 ‚
779 1639 966 1673 testamenti,
985 1647 1018 1668 ut
1029 1637 1154 1669 dicebat,

196 1686 258 1726 ipse
270 1705 277 1719 ,
292 1684 373 1715 filius
383 1704 392 1719 ,
404 1684 566 1724 appellatus
576 1692 606 1712 es
617 1682 652 1712 de
663 1683 788 1723 pecunia
800 1702 808 1715 ‚
821 1691 912 1723 quam
921 1691 976 1721 pro
986 1679 1091 1713 domo,
1103 1688 1157 1719 pro

199 1728 294 1758 hortis
306 1746 314 1760 ‚
335 1737 389 1767 pro
408 1726 539 1756 sefflone
552 1724 690 1754 debebas.
714 1723 816 1754 Primo
827 1721 1005 1763 respondisti
1014 1722 1101 1761 plane
1113 1720 1155 1750 fe-

200 1771 309 1799 rociter
321 1779 325 1796 :
339 1769 383 1801 ἃ,
397 1777 434 1797 110
445 1769 550 1798 omnia
558 1766 660 1796 videar
667 1774 771 1796 contra
780 1773 818 1799 te,
829 1764 1051 1805 propemodum
1062 1773 1155 1803 aequa,

199 1810 317 1850 &justa
327 1809 344 1840 (1
351 1809 454 1840 100033.
467 1812 493 1839 A
502 1818 551 1838 me
560 1808 688 1838 GCaesai·
697 1809 857 1847 pecuniam
870 1807 1155 1846 ?curpotiuS,quam

198 1862 255 1893 ego
265 1852 301 1882 ab
311 1852 387 1881 illo?
400 1861 437 1880 an
447 1851 499 1880 ille
508 1848 569 1879 fine
579 1859 629 1879 me
639 1852 733 1879 vicit?
747 1858 774 1878 ar
784 1858 821 1878 ne
831 1850 930 1888 potuit
939 1847 1075 1888 quidem.
1101 1857 1156 1887 ego

198 1895 235 1925 ad
255 1894 342 1923 illum
363 1893 434 1924 belli
451 1892 550 1922 civilis
566 1892 681 1921 causam
700 1891 805 1920 attuli:
825 1900 880 1931 ego
890 1890 968 1929 leges
977 1889 1158 1929 perniciosas

198 1938 299 1976 rogavi
314 1958 318 1963 .
337 1945 394 1976 ego
411 1944 491 1964 arma
505 1942 607 1964 contra
615 1932 753 1962 consules
764 1952 772 1966 ‚
791 1931 1041 1971 imperatoresque
1054 1931 1158 1970 populi

199 1979 295 2009 Rom.
306 1986 409 2008 contra
418 1976 551 2006 senatum
566 1995 573 2009 ,
584 1975 794 2015 populumque
805 1977 902 2004 Rom.
912 1982 1017 2004 contra
1025 1971 1098 2002 deos
1107 1982 1158 2012 pa·

200 2021 273 2050 trios
284 2041 292 2053 ‚
304 2019 423 2060 arasque
435 2038 443 2052 ,
456 2018 488 2048 &
497 2017 583 2047 focos
594 2037 602 2051 ‚
613 2025 715 2047 contra
724 2018 849 2056 patriam
859 2016 927 2046 tuli.
950 2025 1024 2045 num
1037 2013 1090 2044 sibi
1102 2014 1158 2044 soli

198 2062 294 2093 vicit?
317 2070 462 2100 QJORUM
480 2059 596 2090 facinus
608 2058 651 2089 est
663 2067 829 2088 commune
842 2078 850 2092 ‚
869 2067 923 2087 cur
932 2067 995 2087 non
1006 2055 1155 2087 siteorum

200 2103 298 2144 praeda
316 2103 514 2133 communis?
533 2102 586 2143 Jus
596 2100 782 2141 postulabas:
802 2100 850 2130 sed
860 2099 977 2141 quidad
989 2102 1075 2129 rem?
1091 2098 1158 2138 plus

201 2145 255 2175 ille
265 2153 388 2184 poterat.
412 2148 512 2184 Itaque
522 2163 530 2176 ‚
541 2141 668 2174 excussis
679 2145 737 2172 tuis
748 2142 875 2172 vocibus
885 2162 893 2176 ‚
907 2142 939 2172 &
949 2140 983 2171 ad
995 2150 1022 2171 te
1034 2161 1042 2174 ,
1052 2144 1070 2167 4
1080 2142 1112 2170 &
1122 2139 1158 2170 ad

203 2187 315 2227 praedes
329 2196 395 2216 tuos
406 2186 520 2216 milites
529 2183 628 2214 misit:
649 2194 719 2214 cum
729 2185 849 2223 repente
861 2204 869 2218 ‚
890 2183 906 2213 a
921 2191 949 2214 te
962 2184 1097 2223 praeclara
1110 2182 1161 2211 illa

204 2229 303 2259 tabula
321 2229 431 2268 prolata
442 2247 450 2261 ‚
468 2227 776 2268 quirisushominum
788 2225 824 2255 de
836 2235 864 2256 te
875 2232 954 2255 erat?
972 2233 1084 2255 tantam
1099 2222 1157 2254 effe

203 2270 334 2301 tabulam
344 2290 352 2304 ‚
370 2278 430 2300 tam
442 2279 534 2299 varias
545 2289 553 2302 ‚
569 2278 629 2299 tam
642 2268 750 2297 multas
760 2265 953 2307 possessiones
964 2286 972 2300 ‚
989 2276 1027 2296 ex
1036 2265 1159 2307 quibus,

202 2321 306 2353 pi‘aeter
315 2321 426 2351 partem
438 2311 548 2340 Miseni
562 2331 569 2344 ‚
583 2310 660 2340 nihil
670 2317 731 2338 erat
740 2329 747 2342 ‚
762 2308 842 2349 quod
854 2311 878 2338 is
890 2329 897 2342 ‚
912 2310 964 2348 qui
974 2307 1161 2338 ’3υᾶ1011310-

204 2363 253 2385 tur
264 2374 272 2387 ‚
290 2352 386 2394 posset
393 2354 479 2392 suum
489 2352 594 2382 dicere.
618 2350 780 2382 Au8tionis
791 2349 861 2379 verb
873 2350 1049 2379 misti-abilis
1058 2349 1160 2388 adspe-

204 2395 271 2426 &us
282 2407 286 2424 :
298 2394 387 2425 vestis
398 2396 534 2434 Pompeii
545 2403 608 2423 non
620 2393 711 2423 multa
724 2413 731 2426 ‚
745 2402 835 2433 eaque
848 2391 1012 2421 maculosa:
1025 2391 1159 2431 ejusdem

205 2437 341 2479 qiiaedam
351 2445 487 2478 argentea
497 2436 561 2467 vasa
569 2436 673 2466 collisa
686 2458 691 2464 .
710 2434 857 2465 sordidata
874 2434 1024 2472 mancipia
1036 2442 1042 2462 ε
1062 2440 1096 2462 111
1105 2432 1160 2462 (10-

205 2549 261 2567 erat
271 2543 398 2567 violamus.
418 2541 519 2576 inepte.
541 2539 653 2566 ebrietas
665 2540 734 2566 0111111
746 2539 771 2564 Sc
785 2538 860 2564 furor
870 2537 923 2564 duo
934 2537 993 2564 sunt
1005 2557 1012 2569 ,
1033 2546 1090 2572 quer:
1111 2547 1163 2563 11011

207 2578 344 2612 patiuntur
355 2576 490 2603 simulacra
501 2576 526 2602 iu
539 2576 636 2602 somnis
654 2574 758 2611 liquido
769 2573 842 2600 uobis
854 2574 983 2610 imprimi.
1004 2574 1094 2609 itaque
1113 2573 1163 2599 mi-

208 2622 252 2638 ror
272 2612 398 2639 haetenus
417 2611 542 2639 exsulasse
571 2611 644 2638 libris
664 2610 808 2638 restionem
837 2611 940 2638 ratione
967 2610 1085 2636 maxime
1105 2609 1163 2636 sub-

209 2657 311 2676 nixam.

250 2694 272 2710 1.
293 2688 339 2710 Ῥω
348 2685 618 2718 ciebimlisstabula‚pro
626 2683 737 2710 tricliniis
746 2682 917 2718 popinaefimr.]
928 2682 971 2708 Sic
980 2681 1050 2709 Pali.
1061 2682 1087 2708 ὅ(
1099 2681 1163 2708 olim

209 2720 286 2748 editi.
306 2721 394 2755 itaque
406 2731 455 2747 non
468 2721 503 2747 est
515 2721 585 2756 quod
596 2720 761 2754 conjeetmus
773 2719 853 2746 ullius
863 2718 1046 2746 admittamus.

248 2765 275 2782 1..
295 2759 375 2790 Juffit,
385 2766 413 2781 cx
421 2758 535 2782 dimdcci'm
543 2758 632 2783 tabulis
647 2776 654 2788 ,
672 2757 758 2783 claveis
767 2757 854 2783 ademit
864 2775 871 2787 ‚
885 2756 996 2789 forasqtre
1006 2753 1103 2788 exegit]
1123 2755 1165 2780 Ita

211 2792 269 2818 fere
291 2793 396 2818 Nouius
411 2794 435 2819 111
457 2797 563 2826 Exigere.
579 2791 762 2828 probabatque
782 2793 846 2819 hauc
866 2792 1009 2818 leftioiiem
1031 2791 1165 2817 Vistorius

212 2828 308 2854 11011.
324 2829 640 2865 131,1οἑ’1.0;111.1..110111
653 2830 773 2855 Muretus
785 2828 832 2854 lib.
843 2827 1062 2855 v.x'';1i·iai·.ieet.
1072 2836 1128 2863 cap.
1141 2827 1168 2853 8.

213 2865 241 2890 8<
252 2864 349 2890 alludit
369 2865 424 2890 Pal.
437 2866 484 2890 sec.
496 2867 521 2891 111
534 2875 585 2901 quo
599 2885 606 2895 ‚
626 2867 769 2897 clares-fecit
780 2865 867 2890 ademit
877 2884 885 2896 ‚
896 2867 978 2897 exegit.
1001 2863 1082 2899 vulgo
1091 2870 1168 2889 antea

213 2907 280 2928 erar,
286 2902 350 2934 j-”Z‘fi‘
361 2922 364 2925 .
386 2912 414 2926 cx
424 2902 537 2927 duodecim
547 2903 634 2928 tabulis
645 2902 739 2935 sarisam
749 2901 840 2926 addidit
850 2913 857 2929 ,-
867 2904 949 2934 evergit.
968 2899 1090 2926 videatur
1101 2901 1166 2925 Fer-

213 2937 297 2970 rarius
311 2955 318 2968 ‚
331 2937 393 2962 itt-in
409 2937 563 2964 Lambinus.
584 2938 703 2964 Ariminus
715 2936 872 2963 Theodorus
884 2937 988 2963 Siberus
1004 2955 1011 2968 ,
1023 2936 1066 2962 lias
1079 2935 1168 2961 literas

214 2973 312 2999 nostras
323 2973 421 2998 eximie
432 2971 524 2998 11061113
537 2993 544 3004 ‚
556 2974 662 3009 putabat
671 2973 797 3009 glossema
806 2973 885 3004 iliud,
895 2983 924 2999 cx
935 2981 991 2999 xri.
1002 2972 1101 2998 rabulis.
1121 2973 1170 2997 Su-

212 3017 261 3044 pra
271 3017 375 3045 quoque
394 3007 464 3034 edidi
476 3018 483 3037 ς
505 3010 706 3043 illmnfimmsirar
717 3019 753 3035 res
762 3011 848 3036 hahere
859 3028 867 3042 ,
886 3011 937 3039 dyc.
956 3008 1042 3044 ejessia
1053 3017 1115 3034 voce
1125 3010 1171 3034 mi-

215 3054 288 3071 mam.
311 3054 367 3080 quae
378 3054 427 3070 11011
440 3052 494 3070 01111
507 3045 531 3071 in
544 3046 601 3071 msl‘.
613 3046 717 3072 nostris.

234 3084 242 3088 ⁴
251 3089 278 3117 3.
298 3084 382 3108 (mus
391 3089 459 3112 tum,
470 3084 502 3106 Et
511 3083 628 3114 Consul&
637 3083 781 3116 Antonius]
803 3081 859 3108 Pal.
870 3091 910 3118 pr.
921 3091 985 3107 arm
993 3080 1079 3113 tumst}
1089 3081 1170 3114 consu-

213 3118 256 3142 lem
265 3118 294 3148 (5:-
302 3120 439 3143 Antonium.
463 3126 547 3152 neque
557 3117 634 3143 311101·
645 3117 695 3142 sec.
716 3118 760 3143 uisi
772 3118 842 3152 quod
853 3118 875 3144 is
887 3137 895 3149 ‚
915 3120 1047 3145 §Antonius
1065 3117 1080 3142 a
1092 3125 1169 3142 manu

212 3154 309 3190 prima.
331 3153 479 3188 vulgata.sc
488 3163 517 3183 (5-
527 3153 637 3186 conficti-m
647 3153 675 3183 ὼ·
683 3156 811 3179 Antonium
822 3166 829 3180 :
849 3154 935 3180 nostra
945 3154 980 3180 est
993 3163 1007 3179 a
1018 3151 1170 3185 conjeftura

215 3189 342 3230 Ferrarii.
362 3198 421 3217 mea
437 3188 567 3217 sententia
577 3208 586 3222 ‚
606 3187 788 3225 quadrigariis
800 3189 941 3218 vei-borum
952 3189 988 3218 est
1007 3190 1022 3217 ἐι
1033 3187 1169 3223 1101311135

1147 133 1200 179 C
1236 149 1253 178 1
1290 147 1382 178 OE
1418 149 1588 182 iton
1625 151 1641 182 x
1680 139 1726 183 ξ’

1184 215 1315 245 letemus
1326 213 1490 254 quidquam
1503 213 1561 246 effe
1573 225 1612 246 ex
1624 216 1686 247 illis
1696 215 1831 258 reliquiis
1842 236 1850 251 ,
1868 216 1948 258 quod
1960 216 2060 248 videre
2070 216 2141 257 pos·

1184 256 1293 287 semus.
1327 257 1403 286 hanc
1418 265 1518 286 tamen
1535 257 1709 289 aufflonem
1722 260 1842 290 heredes
1856 262 1890 290 L.
1902 259 2011 290 Rubrii
2021 259 2141 292 decreto

1184 299 1302 329 Caesaris
1322 297 1553 337 prohibuerunt.
1576 301 1714 332 Haerebat
1732 301 1856 332 nebulo.
1881 300 1944 342 0110
1959 301 1987 331 [0
2003 309 2139 335 verteret,

1185 350 1249 388 non
1269 339 1404 370 habebat.
1428 343 1556 380 5quippe
1568 342 1600 370 in
1611 342 1657 371 his
1667 341 1733 382 ipsis
1747 344 1935 384 temporibus
1949 342 2035 373 domi
2047 342 2143 373 Caesa·

1187 392 1225 412 ris
1236 381 1370 424 percuffiar
1382 381 1418 411 ab
1429 381 1485 412 isto
1496 381 1602 413 missus
1610 402 1619 417 ‚
1636 383 1833 424 deprehensus
1844 385 1994 416 dicebatur
2003 382 2060 414 effe
2070 393 2142 414 cum

1187 423 1249 454 [103.
1273 424 1308 454 de
1319 434 1380 469 quo
1389 424 1482 454 Caesar
1493 426 1525 454 in
1536 424 1636 455 senatu
1646 446 1654 458 ,
1666 426 1763 466 aperte
1773 430 1806 457 in
1817 436 1845 458 te
1855 428 2011 460 invehens,
2021 425 2143 467 questus

1187 465 1238 496 est.
1263 465 1462 496 Proficiscitur
1471 467 1503 495 in
1516 467 1690 507 Hispaniam
1702 468 1794 499 Caesar
1804 488 1813 503 ,
1833 471 1933 508 paucis
1953 469 2009 499 tibi
2027 468 2062 498 ad
2084 468 2145 498 sol-

1187 506 1332 541 vendum,
1343 516 1461 548 propter
1472 509 1607 547 inopiam
1616 517 1710 543 tuam,
1723 513 1887 552 prorogatis
1895 510 2012 540 diebus·
2027 520 2065 539 ne
2076 519 2145 540 tum

1186 549 1309 591 quidem
1326 550 1464 590 sequeris.
1487 559 1549 580 tam
1566 550 1665 580 bonus
1682 553 1825 592 gladiator
1837 552 1943 582 rudem
1956 561 2014 582 tam
2026 550 2087 581 0110
2097 561 2146 581 30-

1188 591 1291 632 cepisti
1304 596 1314 617 ?
1337 593 1428 621 Hunc
1438 593 1526 632 igitur
1537 592 1692 632 quisquam
1703 613 1712 626 ‚
1723 595 1816 633 quiin
1827 594 1885 623 suis
1896 594 2038 633 partibus,
2050 593 2080 623 id
2090 592 2144 627 est,

1188 636 1221 663 in
1234 634 1291 664 suis
1302 632 1435 663 fortunis
1445 643 1504 664 tarn
1516 633 1641 664 timidus
1651 633 1757 668 fuerit,
1767 635 1970 674 pertimescat?
1992 633 2145 666 Profesz‘tus

1189 674 1231 706 est
1241 675 1360 706 tandem
1371 675 1532 716 aliquando
1542 677 1575 705 in
1586 676 1762 716 Hispaniam
1775 686 1782 705 ·.
1799 676 1848 706 sed
1859 675 1924 706 11110
1937 696 1946 710 ,
1966 685 1998 706 ut
2008 679 2065 710 ait,
2078 686 2146 717 per-

1189 720 1292 748 venire
1306 727 1370 748 non
1384 720 1491 758 potuit.
1516 720 1658 758 Qonam
1671 718 1766 748 modo
1776 719 1865 758 igitur
1875 718 2033 748 Dolabella
2040 728 2148 759 perve-

1190 761 1235 789 nit
1246 768 1257 790 ?
1277 763 1338 789 Aut
1357 769 1424 789 NON
1444 769 1667 790 suscrmssunA
1683 758 1804 790 fuitista
1813 760 1897 790 causa
1907 779 1915 793 ‚
1929 761 2064 790 Antoni:
2082 768 2144 793 aut,

1189 800 1261 831 cum
1272 800 1441 841 suscepisses
1450 821 1458 835 ‚
1473 800 1662 832 defendenda
1672 802 1764 842 usque
1773 801 1808 832 ad
1818 810 2000 831 exrremum.
2024 803 2086 833 Ter
2095 801 2148 830 de-

1191 845 1334 884 pugnavit
1344 843 1435 874 Caesar
1443 853 1513 873 cum
1524 843 1641 873 civibus
1650 863 1658 878 ‚
1679 845 1711 873 iri
1721 842 1890 877 Theffalia,
1905 842 2003 873 Africa
2013 863 2022 876 ‚
2040 842 2149 882 Hispa-

1192 887 1250 915 nia.
1274 885 1420 915 omnibus
1437 883 1524 915 affuit
1537 886 1584 914 his
1596 887 1704 927 pugnis
1714 885 1890 916 Dolabella:
1909 887 1943 914 in
1959 881 2149 924 Hispaniensi

1191 928 1281 957 etiam
1292 927 1402 957 vulnus
1415 929 1536 966 accepit.
1561 929 1591 958 Si
1604 927 1641 957 de
1656 937 1727 957 meo
1743 927 1859 966 judicio
1876 927 2001 968 quaeris:
2020 926 2149 956 nollem.

1193 968 1241 999 sed
1253 978 1354 998 tamen
1363 967 1523 999 consilium
1533 966 1548 988 ⁶
1556 970 1572 998 3
1583 971 1683 1008 primo
1694 968 1974 1009 reprehendendum
1985 988 1993 1002 ‚
2007 966 2150 997 laudanda

1192 1009 1354 1046 constantia.
1378 1016 1392 1039 7
1401 1013 1451 1041 Tu
1461 1009 1532 1041 vero
1542 1013 1609 1051 quis
1621 1021 1652 1041 es
1663 1015 1673 1038 ἓ
1692 1013 1749 1042 Cn.
1761 1012 1897 1051 Pompeii
1911 1010 1997 1040 liberi
2011 1008 2149 1050 primum

1191 1054 1316 1091 patriam
1326 1052 1508 1092 repetebant.
1531 1052 1611 1082 esto:
1631 1051 1720 1083 fuerit
1739 1054 1802 1083 haec
1818 1054 1945 1093 partium
1964 1053 2046 1082 causa
2061 1060 2150 1085 c0m7

1193 1095 1309 1123 munis.
1332 1093 1504 1133 repetebant
1520 1094 1657 1133 praeterea
1676 1094 1748 1124 deos
1762 1115 1770 1128 ,
1790 1104 1909 1135 penates
1926 1096 2036 1134 patrios
2047 1113 2056 1127 ‚
2075 1101 2149 1125 3133,

1192 1133 1278 1164 [0003
1289 1154 1297 1169 ,
1317 1135 1410 1165 larem
1423 1135 1513 1164 suum
1525 1134 1720 1166 familiarem:
1745 1138 1777 1166 in
1789 1146 1855 1176 quae
1864 1145 1896 1166 tu
1906 1136 2061 1165 invaseras.
2085 1136 2151 1164 haec

1193 1176 1265 1206 cum
1274 1184 1439 1216 repeterent
1448 1178 1538 1206 armis
1548 1179 1570 1206 ii
1582 1197 1590 1209 ‚
1601 1187 1731 1218 quorum
1744 1187 1825 1208 erant
1834 1177 1949 1218 legibus
1961 1188 1966 1206 2
1977 1175 2028 1207 etsi
2041 1186 2078 1205 m
2090 1185 2151 1205 RE-

1196 1228 1254 1248 rius
1267 1216 1460 1259 iniquissimis
1470 1218 1543 1258 quid
1558 1218 1653 1258 potest
1665 1217 1721 1248 effe
1729 1221 1825 1259 aequi?
1845 1228 1947 1248 tamen
1956 1228 2016 1248 erat
2023 1216 2152 1258 aequiffis

1195 1269 1282 1289 mum
1292 1268 1395 1290 contra
1404 1262 1461 1290 Cn.
1471 1261 1608 1300 Pompeii
1620 1260 1729 1290 liberos
1741 1263 1796 1290 Cn.
1807 1263 1943 1300 Pompeii
1959 1269 2090 1300 pugnare
2104 1260 2151 1289 se.-¹

1194 1301 1322 1331 Ctorem.
1348 1297 1417 1332 8Au
1435 1310 1468 1332 tu
1479 1302 1623 1332 Narbone
1634 1303 1751 1333 mensas
1766 1303 1917 1342 hospitum
1936 1309 2153 1333 convomeres,

1197 1343 1354 1374 Dolabella
1363 1352 1456 1384 prote
1467 1345 1500 1374 in
1511 1344 1657 1384 Hispania
1665 1343 1839 1376 dimicaret?
1856 1346 1908 1385 qui
1924 1342 1996 1373 vero
2006 1342 2152 1375 Narbone

1195 1385 1352 1415 9reditus?
1372 1385 1404 1416 &
1415 1395 1516 1416 tamen
1526 1385 1673 1427 quaerebat
1684 1406 1693 1419 ‚
1711 1396 1763 1416 cur
1780 1397 1834 1427 ego
1853 1396 1891 1416 ex
1909 1386 1972 1425 ipso
1989 1384 2074 1415 cursu
2088 1393 2152 1415 tam

1197 1425 1295 1458 subito
1312 1426 1507 1458 revertissem.
1531 1428 1664 1468 Exposui
1684 1438 1778 1468 nuper
1788 1448 1797 1462 ,
1817 1431 1849 1458 P.
1860 1430 1892 1457 C.
1907 1428 2022 1458 causam
2039 1425 2152 1456 reditus

1198 1471 1270 1499 mei.
1294 1469 1398 1503 volui,
1420 1468 1440 1498 fi
1448 1468 1564 1509 possem
1577 1490 1585 1503 ,
1606 1472 1696 1500 etiam
1706 1480 1772 1500 ante
1783 1470 1931 1500 Kalendas
1939 1470 2005 1511 Jan⁴
2015 1465 2155 1508 prodesse

1197 1512 1270 1551 reip.
1281 1521 1350 1542 nam
1362 1531 1371 1545 ‚
1389 1511 1471 1552 quod
1482 1512 1650 1552 quaerebas,
1671 1512 1828 1552 quomodo
1840 1510 1977 1541 redissem
1990 1521 1997 1538 2
2015 1507 2154 1550 primum

1199 1553 1265 1583 luce
1275 1573 1283 1586 ‚
1299 1563 1362 1583 non
1373 1553 1503 1583 tenebris
1515 1564 1520 1582 :
1541 1553 1649 1583 deinde
1659 1563 1729 1583 cum
1739 1555 1846 1584 calceis
1857 1574 1865 1586 ,
1879 1554 1911 1583 &
1922 1562 1987 1594 toga
1997 1572 2005 1586 ,
2022 1554 2051 1571 ¹0
2059 1551 2154 1582 nullis

1199 1605 1254 1625 nec
1264 1595 1400 1628 Gallicis,
1412 1605 1467 1624 nec
1475 1595 1599 1624 lacerna.
1615 1598 1654 1624 At
1664 1605 1752 1624 etiaim
1764 1595 1888 1634 adspicis
1899 1604 1961 1627 me,
1973 1596 2004 1624 ὃς
2013 1592 2151 1633 quidem,

1199 1646 1233 1667 ut
1243 1637 1352 1667 videris
1364 1657 1372 1670 ‚
1392 1639 1493 1667 iratus.
1517 1639 1573 1666 Nae
1584 1637 1685 1676 tujam
1697 1647 1817 1666 mecum
1829 1640 1860 1665 in
1870 1638 1992 1677 gratiam
2002 1635 2101 1664 redeas
2112 1632 2155 1668 ‚fi

1201 1679 1271 1709 scias
1281 1698 1289 1712 ‚
1311 1679 1402 1719 quam
1422 1689 1471 1708 me
1479 1679 1584 1719 pudeat
1600 1680 1740 1719 nequitiae
1752 1688 1809 1708 ruae
1820 1699 1830 1712 ‚
1848 1687 1932 1714 cuius
1943 1688 1970 1706 te
1978 1677 2076 1716 ipsum
2089 1685 2154 1706 non

1199 1721 1299 1760 pudet.
1323 1730 1361 1749 ex
1376 1721 1521 1750 omnibus
1538 1718 1678 1750 omnium
1692 1719 1810 1761 flagitiis
1822 1721 1942 1749 nullum
1954 1727 2067 1757 turpius
2077 1717 2153 1752 vidi,

1203 1763 1321 1792 nullum
1335 1766 1359 1781 ¹¹
1370 1762 1541 1802 audivi-qui
1552 1761 1689 1802 magister
1699 1765 1834 1802 equitum
1845 1760 1931 1791 suifl'e
1942 1761 1996 1790 tibi
2009 1759 2155 1793 viderere,

1200 1806 1233 1833 in
1243 1806 1421 1844 proximum
1431 1813 1546 1833 annum
1557 1803 1744 1833 consulatum
1755 1813 1869 1843 peteres
1878 1823 1886 1836 ‚
1901 1803 1951 1832 vel
1959 1799 2060 1842 potius
2070 1811 2156 1841 roga-

1200 1856 1244 1876 res
1256 1858 1264 1880 3
1275 1848 1299 1874 is
1311 1855 1360 1885 per
1371 1847 1539 1884 municipia
1548 1864 1556 1879 ‚
1567 1845 1758 1885 coloniasque
1770 1845 1873 1875 Galliae
1885 1865 1894 1878 ,
1905 1844 1921 1874 a
1929 1854 1997 1884 qua,
2010 1852 2065 1872 nos
2075 1851 2159 1876 turn,

1201 1897 1270 1917 cum
1283 1887 1453 1917 consulatus
1463 1888 1633 1926 petebatur,
1654 1896 1718 1918 non
1728 1887 1881 1928 rogabatur
1891 1906 1899 1920 ‚
1911 1895 2010 1925 petere
2018 1885 2157 1915 consula:

1201 1939 1265 1959 tum
1276 1928 1445 1959 solebamus
1456 1949 1464 1963 ‚
1475 1938 1546 1958 curn
1558 1929 1694 1962 Gallicis,
1707 1929 1739 1958 &
1751 1930 1865 1960 lacerna
1873 1926 2037 1958 cucurristi.
2057 1929 2098 1956 At
2107 1927 2157 1956 vi-

1201 1971 1268 2001 dete
1279 1972 1444 2001 levitatem.
1469 1973 1545 2000 Cum
1557 1971 1629 2000 hora
1639 1970 1699 2000 diei
1709 1970 1827 2001 decima
1834 1969 1896 2000 fere
1908 1990 1916 2004 ‚
1935 1969 1970 2000 ad
1981 1972 2055 1999 Saxa
2068 1967 2156 2001 rubra

1201 2011 1326 2043 veniss'et
1336 2032 1343 2045 ‚
1364 2012 1526 2042 delituitin
1536 2012 1662 2053 quadam
1674 2013 1838 2053 cauponula
1849 2032 1857 2046 ‚
1876 2021 1962 2052 atque
1972 2011 2015 2041 ibi
2026 2011 2053 2041 se
2065 2009 2156 2039 occul-

1202 2063 1264 2084 tans
1274 2075 1281 2088 ‚
1293 2055 1459 2095 perpotavit
1469 2054 1503 2084 ad
1514 2055 1671 2094 vesperum
1684 2066 1689 2083 ;
1700 2054 1770 2084 inde
1780 2053 1849 2084 cisio
1860 2054 1992 2084 celeriter
2002 2053 2037 2082 ad
2049 2053 2156 2082 urbem

1203 2097 1344 2128 3111001113
1354 2117 1362 2130 ,
1375 2097 1503 2127 domum
1515 2098 1598 2126 venit
1606 2098 1700 2136 capite
1710 2097 1860 2127 involuto.
1872 2097 1991 2137 Janitor
2002 2115 2011 2128 ,
2022 2095 2098 2133 Quis
2108 2097 2155 2124 tu?

1202 2141 1218 2170 a
1228 2141 1331 2169 Marco
1341 2138 1519 2169 tabellarius.
1544 2137 1712 2168 Confestim
1723 2138 1757 2168 ad
1768 2148 1832 2169 eam
1843 2158 1852 2172 ,
1871 2138 1917 2178 cuj
1922 2147 1955 2167 us
1968 2136 2051 2167 causa
2063 2145 2157 2166 vene-

1203 2191 1263 2215 rat,
1282 2181 1452 2211 deducitur:
1475 2182 1562 2221 eique
1576 2180 1733 2220 epistolam
1749 2180 1846 2211 tradit.
1869 2189 1960 2220 quam
1969 2177 2158 2208 cumillale·

1203 2232 1283 2265 geret
1294 2222 1370 2253 flens
1379 2222 1449 2261 (erat
1460 2225 1542 2252 enim
1553 2222 1696 2252 amatorie
1706 2222 1810 2262 scripta
1820 2232 1825 2251 ε
1839 2230 1926 2260 caput
1934 2228 2035 2250 autem
2045 2219 2158 2249 littera-

1204 2276 1271 2295 rum
1282 2284 1291 2298 ,
1311 2264 1363 2294 sibi
1377 2275 1447 2294 cum
1465 2265 1517 2294 illa
1534 2265 1629 2294 mima
1639 2263 1759 2303 posthac
1769 2262 1992 2293 nihilfuturum
2005 2271 2010 2289 z
2029 2270 2157 2292 omnem

1204 2308 1231 2338 se
1241 2316 1376 2337 amorem
1388 2304 1524 2341 abiecisse
1533 2306 1619 2335 illinc
1630 2325 1638 2339 ‚
1648 2308 1777 2346 atquem
1785 2306 1860 2334 hanc
1874 2301 2072 2343 transfudisse)
2085 2301 2159 2334 cum

1205 2350 1316 2379 mulier
1329 2347 1411 2377 fleret
1423 2346 1560 2376 uberius:
1580 2349 1676 2376 homo
1696 2346 1864 2376 misericors
1879 2344 1956 2375 ferre
1973 2355 2035 2375 non
2049 2346 2159 2384 potuit:

1203 2399 1291 2430 caput
1308 2391 1420 2429 aperuit
1431 2400 1440 2422 3
1458 2391 1490 2418 in
1507 2388 1623 2417 collum
1645 2386 1759 2418 invasit.
1792 2390 1818 2416 O
1836 2388 1994 2417 hominem
2016 2389 2159 2427 nequam!

1206 2431 1290 2472 (quid
1299 2433 1384 2461 enim
1395 2429 1475 2460 aliud
1485 2430 1583 2460 dicam
1598 2432 1608 2458 ?
1623 2430 1715 2470 magis
1724 2429 1842 2469 proprie
1853 2429 1930 2459 nihil
1944 2426 2063 2469 possum
2078 2427 2161 2458 dice-

2102 2471 2160 2511 re.)

1204 2535 1356 2571 stripsitque
1375 2535 1472 2560 Cicero
1486 2541 1588 2560 tantum
1601 2543 1609 2564 5
1629 2534 1656 2558 id
1673 2534 1763 2566 dixtffet
1781 2534 1845 2559 credo
1864 2533 1991 2566 aliqnando
2002 2541 2064 2558 awos
2083 2539 2139 2557 tum
2148 2541 2160 2564 ,-

1205 2580 1332 2606 numquam
1343 2571 1403 2596 dixit
1438 2571 1529 2603 dixisykt
1537 2574 1610 2595 etiam
1620 2570 1698 2602 colliga
1708 2578 1781 2600 mem,
1791 2569 1842 2599 &a

1240 2615 1267 2641 4.
1288 2611 1318 2633 Et
1329 2607 1455 2639 adpraedes
1465 2613 1516 2631 tuos
1528 2625 1536 2637 ,
1557 2608 1642 2631 milites
1652 2606 1737 2639 κύμη]
1760 2607 1799 2631 lia
1808 2605 1923 2639 conjecit
1941 2603 2160 2640 quidem-Ferra-

1205 2645 1270 2676 rius,
1284 2643 1325 2669 sed
1336 2642 1424 2669 firmat
1435 2642 1611 2668 Mauritianus
1623 2641 1717 2668 noster.
1730 2641 1823 2676 vulgo,
1832 2642 1997 2674 priedaaemaae.

1243 2690 1269 2714 5.
1289 2682 1377 2713 Qippc
1385 2682 1411 2705 in
1419 2679 1454 2703 his
1463 2680 1516 2711 ipsis
1526 2679 1665 2711 temporibus
1676 2697 1683 2709 ‚
1694 2677 1760 2711 dm]
1783 2679 1821 2703 lta
1832 2686 1923 2703 omnes
1934 2676 1995 2702 libri
2007 2685 2015 2707 3
2037 2675 2106 2703 unde
2116 2674 2159 2701 su-

1204 2715 1281 2753 spicio
1294 2716 1345 2742 fnit
1356 2714 1505 2741 milicimio
1517 2713 1693 2748 s'tiiss'e3quippe
1701 2716 1727 2739 ni
1738 2717 1746 2739 ?
1756 2713 1790 2738 his
1800 2715 1862 2747 ipsis.
1874 2721 1903 2740 ut
1913 2712 2010 2739 Cicero
2020 2708 2164 2746 significet‚'
2181 2733 2183 2735 .

1207 2754 1304 2781 merito
1314 2750 1452 2788 trepidasse
1464 2759 1472 2781 3
1486 2758 1578 2786 utpote
1589 2751 1632 2785 qui
1645 2748 1796 2776 insidiarum
1812 2751 1891 2776 etiam
1903 2747 2053 2774 manifestus
2064 2746 2170 2777 fuerit„

1240 2791 1266 2816 6.
1287 2793 1310 2816 A
1316 2792 1389 2822 primo
1398 2787 1614 2820 reprehendendum.
1624 2787 1631 2819 ]
1656 2785 1697 2812 12st
1708 2786 1735 2811 8<
1747 2787 1795 2812 lxo:
1805 2786 1832 2812 iu
1843 2785 1911 2811 Pali.
1921 2794 1950 2810 :ic
1960 2785 2049 2810 Maur.

1241 2834 1268 2862 7.
1288 2828 1320 2851 Tu
1332 2835 1385 2850 vera
1394 2824 1446 2857 quis
1454 2831 1477 2847 es
1490 2823 1522 2856 52]
1545 2822 1588 2848 Pal
1596 2842 1601 2847 .
1613 2821 1661 2847 sec.
1674 2828 1700 2846 m
1709 2822 1765 2846 verb
1775 2822 1834 2856 qui-‘l
1840 2822 1914 2854 canses
1926 2824 1936 2847 ,²

1244 2864 1270 2889 S.
1285 2865 1326 2888 An
1337 2868 1362 2886 m
1372 2861 1489 2895 ‘Rqrbone
1498 2858 1586 2891 mensas
1595 2859 1708 2889 hospitum
1717 2858 1885 2890 con-vomeres]
1900 2854 1978 2882 Haud
1989 2854 2067 2882 aliter
2079 2855 2167 2886 etiarm

1209 2898 1264 2925 Pal.
1276 2897 1325 2924 sec.
1337 2897 1468 2933 publicata
1477 2894 1547 2920 enini
1560 2913 1568 2925 ,
1579 2896 1604 2919 in
1615 2893 1704 2926 mensas
1714 2894 1775 2926 hosp.
1788 2902 1839 2918 cum
1849 2901 1963 2918 vomeres.
1983 2892 2072 2919 Maur.
2093 2900 2161 2927 pra:-

1210 2934 1321 2965 fcmbar,
1343 2935 1463 2966 hospitium
1471 2938 1624 2956 convomeres.
2162 2932 2168 2959 :

1246 2979 1262 3006 9
1269 2991 1274 2997 ,
1294 2970 1392 2996 Reii'ltus
1403 2968 1449 2998 ἓςῖγ
1459 2974 1536 2991 tamen
1546 2966 1674 3000 (sumebat,
1684 2972 1726 2989 cur
1735 2965 1795 2998 egem]
1808 2964 1923 2991 Ferrarii
1935 2963 1981 2990 ms.
1994 2964 2084 2990 reditus
2094 2965 2143 2998 ejus
2153 2967 2168 2994 ἓ,

1203 3009 1255 3041 jam
1265 3008 1392 3041 querebat.
1413 3002 1481 3030 unde
1492 3002 1556 3028 facit
1567 3000 1727 3027 Gulielmius
1742 3020 1749 3032 ,
1760 3000 1850 3026 rcdiim
1860 3003 1920 3035 ejus,
1931 3002 2027 3034 quijam
2036 3002 2164 3035 qum-ebat,

1209 3043 1260 3074 εἶχε.
1281 3051 1331 3068 11011
1343 3041 1439 3077 placet.
1460 3042 1530 3064 certe
1542 3039 1556 3063 a
1570 3037 1678 3072 vulg-ito
1689 3036 1754 3063 stain
1767 3036 1834 3062 Pali.
1847 3038 1875 3062 δε
1888 3044 1962 3062 vetus
1974 3035 2115 3073 impreffio.

1251 3087 1291 3105 10.
1311 3077 1386 3103 ΝιιΙΙίς
1396 3085 1435 3101 nec
1445 3073 1564 3107 Gallicis]
1586 3073 1705 3107 Recepta
1724 3072 1806 3099 1015110
1817 3091 1826 3105 ,
1846 3073 1934 3106 caligis.
1953 3071 1996 3098 sed
2008 3071 2113 3099 Gellius
2130 3071 2168 3098 li-

1211 3115 1260 3141 bro
1272 3122 1343 3140 xiii.
1355 3122 1409 3147 cap.
1422 3120 1468 3136 20.
1480 3109 1567 3136 laudat
1578 3110 1704 3134 alterurn.
1962 3106 1978 3114 *⁴
2133 3135 2143 3139 ..
2159 3128 2168 3141 ὁ

1251 3160 1259 3176 1
1270 3159 1291 3176 1.
1302 3150 1409 3177 cAudi'ri
1416 3150 1458 3181 qui
1466 3147 1583 3179 magister,
1592 3145 1660 3179 Ua]
1681 3144 1785 3179 Abjeci,
1795 3143 1868 3178 qubm
1877 3144 1947 3178 quod,
1958 3142 2108 3172 volentibus
2117 3141 2168 3170 ali-

1212 3185 1344 3223 quot.inss.
1353 3183 1470 3215 Ferrarii
1482 3191 1500 3215 5.
1512 3180 1705 3218 respondetque
1717 3182 1802 3209 noster
1812 3180 1871 3213 Pal.
1881 3179 1932 3208 sec.
1976 3209 1978 3211 ,
2002 3210 2007 3213 ,
2050 3204 2054 3212 ,
2162 3192 2166 3196 -

2072 3209 2099 3242 ι.
2106 3203 2177 3240 Pro-⁵

2169 638 2214 673 ΞΟ

2175 1974 2221 2012 3¹.
