2302 3353
509 157 579 189 nn
611 140 809 188 CLAR.
844 133 1131 190 Ona-ron.

170 239 220 261 me
229 227 245 260 *a
255 228 297 258 M.
307 223 413 258 Tullio
421 219 478 253 effe
487 221 631 255 dicerem,
642 222 694 262 qui
703 221 842 260 patricius
856 229 927 250 cum
938 222 1042 250 Servio
1051 222 1118 251 Sul-

173 272 254 312 picio
262 267 383 300 consule
394 284 403 299 ,
419 273 499 294 anno
508 273 539 294 x.
549 262 616 303 post
625 261 746 292 exactos
755 271 836 303 reges
845 260 911 291 fuit.
935 264 1056 291 Catonis
1068 272 1121 292 au-

171 310 233 342 tem
243 310 389 340 orationes
407 315 470 335 non
486 302 588 334 minus
607 304 712 334 multae
727 313 803 333 veiae
823 303 891 332 sunt
898 321 911 339 ,
929 302 1019 343 quam
1031 305 1123 333 Attici

168 350 261 392 Lyfiae
282 361 287 380 :
308 349 392 389 cujus
409 346 534 377 arbitror
551 346 695 386 plurimas
713 343 782 375 effe.
818 344 870 374 Est
888 346 971 374 enlm
991 346 1120 377 Atticus,

167 393 310 434 quoniam
321 389 398 420 certe
409 389 535 419 Athenis
546 386 589 417 est
599 387 631 416 &
645 396 731 417 natus
742 386 775 416 &
787 394 924 416 mortuus
935 406 943 419 ,
956 385 988 415 &
997 384 1120 415 10116105

167 434 256 465 0111111
274 433 388 463 civium
409 438 534 459 munere
553 439 559 458 z
578 438 762 469 quamquam
774 430 912 458 Timaeus
930 437 1000 457 eum
1012 447 1020 460 ,
1041 425 1121 467 quasi

165 476 285 507 Licinia
295 494 303 507 ,
315 473 348 503 &
358 473 460 502 Mucia
467 472 531 511 lege
541 472 647 511 repetit
655 470 806 510 Syracusas
818 480 824 498 :
836 470 869 499 δε
878 469 1010 510 quodam
1022 468 1117 499 modo

167 516 210 547 est
218 515 367 546 nonnulla
377 515 410 543 in
420 515 461 543 115
472 515 563 543 etiam
572 512 738 552 inter2ipsos
749 509 927 541 similitudo.
951 512 1028 540 acuti
1040 511 1118 544 sunt,

167 558 331 599 elegantes,
352 555 458 588 faceti,
478 554 591 585 breves.
616 554 671 584 Sed
683 553 734 583 ille
745 555 863 583 Graecus
882 553 918 583 ab
933 554 1021 582 omni
1032 551 1118 582 laude

162 599 290 630 felicior.
311 597 409 628 Habet
417 597 504 626 enim
513 604 608 626 certos
619 596 662 625 sui
680 594 827 625 studiosos
839 614 847 628 ,
858 595 912 635 qui
923 603 987 624 non
998 602 1058 623 tam
1068 594 1120 623 ha-

165 641 246 672 bitus
266 640 399 680 corporis
421 639 542 678 opimos
563 657 572 670 ,
593 636 685 677 quam
702 636 881 676 gracilitates
897 634 1117 668 consetfflentur,

165 692 241 724 quos
250 680 390 712 valetudo
402 678 496 709 modo
507 679 586 709 bona
594 678 628 708 sit
637 698 646 711 ‚
658 679 785 708 tenuitas
795 679 802 706 i
828 677 856 707 sa
865 676 1000 706 delestat.
1011 686 1119 717 quam-

186 733 254 755 uam
265 725 297 753 in
307 721 392 762 Lysia
403 721 474 761 saepe
485 721 551 751 sunt
561 720 650 750 etiam
661 719 779 752 lacerti,
822 729 837 748 c
848 727 880 748 ut
890 716 953 748 fieri
963 718 1040 747 nihil
1050 718 1118 758 pos-

163 733 198 796 gt
207 766 356 796 valentius
377 775 383 793 :
403 762 508 793 verum
528 761 570 791 est
579 760 656 790 certe
676 770 782 801 genere
794 768 857 790 toto
877 758 1046 800 strigosior,
1069 759 1117 790 sed

163 807 251 838 habet
262 815 362 836 tamen
380 805 446 835 suos
460 803 626 838 laudatores,
642 821 650 835 ‚
669 803 721 842 qui
732 802 786 831 hac
804 802 863 841 ipsa
881 802 945 840 ejus
955 801 1117 831 subtilitate

104 858 120 889 ,ι
130 861 148 894 7
164 848 330 879 admodum
349 846 506 888 gaudeant.
528 846 673 874 Catonem
692 841 764 873 vero
783 845 850 884 quis
861 842 1033 873 nostrorum
1050 852 1116 873 ora-

164 897 265 921 torum
276 909 284 923 ,
296 887 479 929 quiquidem
489 895 571 915 nunc
580 885 663 918 sunt,
678 885 771 925 legit?
782 894 830 914 aut
839 887 905 926 quis
915 887 1003 915 novit
1012 886 1118 914 omni-

161 930 226 963 no?
249 935 288 960 At
297 939 387 971 quern
397 930 494 958 virum
506 930 517 956 ?
534 926 576 956 dii
587 926 660 957 boni
677 928 682 955 !
702 928 792 956 mitto
801 928 903 956 civem
915 946 924 960 ,
943 936 992 956 aut
1002 927 1118 957 senato-

162 983 226 1004 rem
237 992 245 1006 ,
256 981 304 1001 aut
314 974 533 1010 imperatorem.
556 975 691 997 oratorem
699 970 784 998 enim
795 968 929 998 hocloco
940 970 1114 1009 quaerimus.

161 1016 236 1055 Qis
247 1013 301 1042 illo
310 1013 427 1053 gravior
436 1012 468 1039 in
479 1010 626 1040 laudando
638 1012 648 1039 ?
667 1010 801 1039 acerbior
809 1011 841 1039 in
856 1009 1053 1050 vituperando
1064 1012 1075 1039 ?
1086 1011 1119 1040 in

161 1055 314 1087 sententiis
325 1054 454 1093 argutior
466 1054 475 1081 ?
485 1053 518 1081 in
529 1051 666 1081 docendo
678 1071 686 1086 ,
700 1049 947 1093 edisserendoque
958 1052 1096 1082 subtilior
1108 1054 1119 1081 ?

162 1095 292 1127 Refertae
303 1095 370 1125 sunt
379 1095 528 1124 orationes
539 1093 669 1133 amplius
678 1102 801 1123 centum
811 1095 1027 1134 quinquaginta
1035 1093 1117 1134 (quas

160 1137 282 1179 quidem
291 1136 386 1173 adhuc
397 1136 568 1165 invenerim
580 1155 589 1167 ‚
610 1135 643 1164 &
653 1135 791 1176 legerim)
802 1135 834 1165 ὃς
845 1136 944 1165 verbis
955 1156 963 1169 ‚
987 1136 1019 1165 &
1030 1136 1117 1165 rebus

159 1178 334 1210 illustribus.
346 1178 415 1207 licet
433 1186 470 1206 ex
487 1177 533 1206 1115
546 1177 656 1218 eligant
665 1186 698 1207 ea
709 1197 717 1210 ,
737 1186 803 1217 quae
821 1179 976 1207 notatione
989 1177 1117 1207 &laude

159 1220 248 1262 digna
257 1219 323 1250 fint.
338 1228 446 1249 omnes
457 1220 591 1248 oratoriae
601 1220 726 1248 virtutes
736 1220 768 1248 in
779 1220 822 1248 eis
831 1220 1028 1258 reperientur.
1047 1220 1117 1260 Jam

159 1261 232 1293 vero
244 1262 369 1302 Origines
379 1261 441 1299 ejus
451 1270 542 1301 quem
555 1258 662 1289 florem
672 1280 680 1293 ‚
700 1268 750 1289 aut
759 1259 839 1300 quod
851 1260 958 1290 lumen
968 1261 1118 1301 eloquen-

160 1306 208 1334 tiae
218 1314 281 1334 non
290 1303 400 1333 habent
419 1305 428 1331 ?
451 1305 607 1331 Amatores
615 1302 685 1330 huic
696 1301 803 1331 desunt
814 1321 822 1334 ‚
843 1300 927 1331 sicuti
938 1303 1042 1332 multis
1051 1303 1115 1341 jam

159 1345 228 1376 ante
239 1345 348 1376 saeculis
361 1344 393 1373 &
403 1342 528 1373 Philisto
537 1341 687 1382 Syracusio
697 1362 705 1375 ,
717 1341 812 1382 &ipsi
822 1343 1008 1383 Thucydidi.
1033 1346 1115 1374 Nam

159 1394 192 1417 ut
209 1388 318 1416 horum
336 1383 460 1415 concisis
481 1385 634 1414 sententiis
647 1405 655 1417 ‚
680 1385 831 1414 interdum
856 1387 947 1414 etiam
966 1395 1030 1415 non
1051 1385 1118 1415 satis

158 1430 275 1469 apertis,
292 1431 301 1447 ¹
315 1425 386 1456 cum
397 1426 550 1459 brevitate,
561 1433 626 1455 turn
636 1427 736 1455 nimio
746 1428 896 1460 acumine,
909 1425 1004 1456 officit
1014 1428 1119 1458 Theo-

156 1471 284 1511 pompus
303 1468 432 1498 elatione
447 1487 456 1501 ,
482 1475 567 1508 atque
585 1467 744 1497 altitudine
762 1469 907 1498 oiationis
929 1469 988 1498 suae
1009 1479 1014 1497 :
1032 1468 1116 1509 quod

159 1511 240 1542 idem
252 1509 344 1550 Lysiae
357 1508 577 1539 Demosthenes
593 1529 601 1543 ,
621 1507 659 1539 sic
670 1511 792 1540 Catonis
811 1509 981 1540 luminibus
1000 1509 1119 1540 obstru-

161 1555 216 1584 xit.
235 1556 250 1572 ²
261 1553 323 1582 haec
338 1551 537 1592 posteriorum
556 1549 634 1591 quasi
645 1560 814 1593 exaggerata
831 1550 920 1582 altius
932 1553 1037 1582 oratio.
1061 1551 1117 1582 Sed

163 1595 196 1625 &
208 1598 222 1622 3
233 1595 266 1625 in
275 1593 381 1624 nostris
391 1592 506 1623 inscitia
515 1591 558 1622 est
567 1613 575 1626 ‚
596 1591 678 1633 quod
688 1596 710 1623 ii
723 1592 775 1633 ipsi
787 1614 795 1626 ‚
809 1595 861 1634 qui
876 1595 909 1623 in
921 1596 1032 1624 Graecis
1042 1595 1120 1624 anti-

161 1638 272 1678 quitate
281 1634 463 1666 delectantur
472 1644 562 1675 eaque
573 1635 734 1665 subtilitate
747 1655 756 1669 ‚
774 1645 863 1676 quam
875 1637 1006 1666 Atticam
1016 1636 1119 1676 appel—

159 1678 223 1708 lant
232 1698 242 1712 ,
261 1678 336 1708 hanc
346 1678 379 1706 in
390 1679 503 1707 Catone
514 1696 522 1710 ‚
542 1686 607 1706 non
625 1685 777 1707 noverunt
795 1676 920 1717 quidem
933 1688 938 1705 :
958 1677 1117 1720 Hyperidlae

160 1719 269 1750 volunt
277 1717 334 1749 efl'e
345 1738 354 1752 ,
376 1718 408 1748 δε
419 1716 525 1758 Lysiae.
536 1718 652 1748 Laudo.
665 1717 715 1749 sed
724 1729 778 1748 cur
786 1719 897 1748 nolunt
907 1721 1030 1749 Catonis
1041 1721 1052 1748 ?
1063 1722 1118 1748 At—

161 1763 223 1791 tico
232 1771 338 1802 genere
347 1759 467 1790 dicendi
479 1760 507 1790 se
515 1759 640 1802 gaudere
651 1760 765 1790 dicunt.
777 1762 929 1800 Sapienter
939 1760 969 1790 id
979 1760 1115 1802 quidem,

160 1810 247 1844 atque
259 1805 374 1832 utinam
384 1803 574 1832 imitarentur
583 1821 591 1835 ‚
611 1811 667 1832 nec
675 1801 735 1832 offa
745 1801 845 1832 solum
856 1822 865 1836 ‚
890 1802 939 1832 scd
950 1805 1040 1833 etiam
1052 1802 1117 1832 san-

202 1847 294 1874 inem.
317 1852 431 1886 gratum
441 1842 484 1873 est
502 1852 604 1873 tamen
615 1863 623 1877 ,
643 1843 725 1884 quod
741 1844 861 1874 volunt.
887 1847 946 1874 Cur
956 1846 1046 1882 igitur
1056 1846 1118 1884 Ly—

160 1854 213 1916 {ils
225 1886 256 1916 &
268 1885 434 1925 Hyperides
445 1894 569 1918 amatur,
581 1883 652 1914 cum
661 1884 782 1925 penitus
796 1887 949 1927 ignoretur
958 1889 1044 1916 Cato?
1053 1889 1118 1916 An-

159 1929 272 1968 tiquior
287 1926 329 1956 est
343 1926 432 1963 hujus
444 1926 540 1956 sermo
552 1946 560 1959 ‚
581 1926 759 1967 &quaedam
777 1927 944 1957 horridiora
953 1927 1053 1958 verba.
1076 1930 1119 1957 Ita

161 1971 245 1998 enim
256 1977 320 1998 tum
330 1967 535 2007 loquebantur.
546 1967 576 1997 id
588 1976 670 1997 muta
681 1987 689 2001 ‚
701 1967 783 2008 quod
792 1977 859 1998 tum
870 1968 921 1998 ille
931 1978 995 1998 non
1005 1971 1116 2008 potuit3

162 2010 196 2040 &
209 2009 280 2040 adde
292 2018 434 2039 numeros
448 2008 498 2041 3&
509 2010 603 2048 aptior
613 2008 648 2038 sit
657 2011 752 2038 oratio
764 2020 769 2037 :
782 2010 841 2048 ipsa
852 2009 941 2039 verba
950 2020 1113 2049 compone,

161 2051 196 2081 δε
205 2050 284 2092 quafi
293 2058 467 2090 coagmenta
477 2070 486 2083 ‚
507 2049 588 2090 quod
604 2060 642 2079 ne
656 2051 751 2080 Graeci
772 2050 895 2091 quidem
907 2060 1020 2080 veteres
1030 2050 1117 2082 faeti-

160 2100 298 2123 taverunt
310 2103 315 2120 z
332 2093 396 2130 jam
408 2093 565 2121 neminem
577 2100 737 2131 antepones
748 2094 866 2122 Catoni.
891 2092 994 2122 Ornari
1005 2095 1116 2123 oratio—

159 2144 231 2165 nem
243 2135 339 2164 Graeci
356 2141 478 2172 putant,
497 2130 518 2161 fi
529 2132 689 2162 verborum
707 2134 973 2164 immutationibus
984 2143 1114 2166 utantur,

159 2189 234 2220 quos
252 2178 398 2219 appellant
417 2178 522 2215 werrae
541 2177 574 2207 &
591 2177 802 2207 sententiarum
815 2198 823 2211 ,
842 2179 1044 2218 orationisque
1052 2177 1116 2208 for-

161 2224 298 2265 mis,quae
308 2223 393 2253 vocit
403 2219 533 2261 w'ttot'lot·
548 2231 611 2252 non
619 2219 780 2251 verisimile
790 2221 937 2263 est,quam
947 2221 1023 2252 sitin
1033 2232 1116 2252 utro-

105 2272 144 2306 18
161 2265 216 2307 que
225 2275 332 2307 genere
343 2265 375 2295 δε
385 2264 486 2294 creber
495 2284 503 2297 ,
523 2264 555 2294 &
565 2262 723 2294 distinetus
735 2266 814 2294 Cato.
836 2266 868 2294 N
870 2274 902 2294 ec
911 2263 983 2294 vero
995 2274 1113 2305 ignoro,

160 2307 299 2338 nondum
310 2305 366 2337 effe
379 2307 444 2336 satis
454 2307 585 2345 politum
595 2307 677 2335 hunc
686 2315 834 2336 oratorem
849 2326 857 2340 2
876 2306 908 2336 &
916 2306 1053 2347 quaerend
1059 2316 1110 2336 um

162 2347 220 2380 effe
237 2348 349 2389 aliquid
367 2347 526 2388 perchtius
545 2358 551 2377 ι
571 2349 678 2388 quippe
697 2346 769 2377 curn
788 2350 828 2378 ita
845 2347 879 2376 sit
888 2347 923 2378 ad
942 2347 1114 2378 nostrorum

162 2399 331 2430 temporum
342 2392 488 2420 rationem
498 2397 581 2419 vetus
593 2409 602 2422 ,
624 2397 656 2419 ut
673 2389 786 2418 nullius
803 2390 946 2429 scriptum
956 2388 1050 2419 exstet
1069 2389 1115 2419 di—

163 2442 257 2474 gnum
269 2431 389 2473 quidem
402 2430 531 2461 leffione
541 2451 549 2465 ,
560 2430 641 2472 quod
652 2429 685 2460 sit
694 2432 855 2471 antiquius.
875 2431 921 2461 std
933 2432 1046 2470 majore
1056 2432 1114 2461 ho-

165 2481 237 2504 nore
246 2476 279 2503 in
287 2473 431 2503 omnibus
440 2473 549 2503 artibus
561 2493 569 2505 ,
589 2471 680 2513 quam
690 2475 723 2502 in
732 2474 785 2503 hac
795 2483 854 2503 una
868 2472 987 2503 dicendi
999 2493 1007 2507 ‚
1018 2473 1115 2503 versa-

162 2523 210 2546 tur
226 2517 394 2555 antiquitas.
417 2516 493 2555 Qis
512 2516 595 2544 enim
606 2524 731 2548 eorum,
752 2516 804 2555 qui
816 2515 877 2545 haec
887 2516 1006 2544 minora
1014 2517 1114 2545 anirn-

162 2556 332 2591 advertunt,
352 2566 416 2587 non
433 2556 576 2597 intelligit
586 2576 595 2589 ‚
623 2557 749 2586 Canachi
763 2556 845 2596 figna
853 2576 861 2589 ‚
883 2556 1025 2597 rigidiora
1044 2554 1112 2590 effe,

186 2598 255 2629 uam
268 2607 299 2628 ut
307 2600 462 2628 imitentur
472 2600 649 2628 veritatem?
666 2597 826 2628 Calamidis
834 2597 905 2627 dura
916 2598 966 2628 illa
974 2597 1111 2639 quidem,

177 2639 212 2670 ed
222 2649 321 2670 tamen
332 2640 473 2670 molliora
483 2660 491 2673 ,
502 2638 592 2680 quam
602 2640 739 2670 Canachi.
762 2639 913 2669 Nondum
925 2642 1061 2679 Myronis
1073 2640 1117 2669 sa—

165 2683 203 2712 tis
214 2681 247 2712 ad
258 2683 411 2712 veritatem
420 2681 547 2712 adducta
558 2700 567 2715 ,
583 2681 647 2722 jam
658 2689 759 2711 tamen
768 2691 834 2722 quae
850 2691 914 2711 non
922 2680 1039 2711 dubites
1049 2681 1118 2721 pul-

203 2807 226 2825 1.
247 2801 304 2824 cum
311 2799 493 2830 bre-ritate,tum
503 2801 573 2824 nimio
582 2797 713 2831 acumine]
725 2797 833 2823 Monuit
844 2797 940 2823 Rivius
950 2797 1003 2822 haec
1013 2806 1065 2824 nori
1076 2797 1115 2822 ci-

163 2834 213 2867 ⁴*tri
232 2835 246 2860 a
257 2833 353 2860 Budaeo
367 2835 392 2861 iu
404 2833 544 2861 Pax—,deciis
556 2853 564 2865 ‚
584 2834 612 2859 &
631 2832 717 2859 censet
735 2832 786 2874 ipse
804 2834 958 2868 interpretis
974 2832 1114 2859 emblema.

163 2869 305 2896 Lambinus
325 2879 387 2895 vero
405 2870 489 2896 statim
509 2870 606 2905 reperit
615 2869 681 2895 duos
692 2868 750 2895 mss,
765 2869 858 2905 quibus
870 2869 980 2895 omuino
990 2868 1118 2895 abessent.

164 2903 292 2932 habentur
309 2914 397 2933 tamen
409 2907 436 2933 in
447 2906 545 2933 Fallat.
564 2906 591 2931 δε
607 2905 700 2940 Cujac.
719 2905 764 2940 qui
783 2912 910 2941 practerea
929 2906 1095 2941 praemittunt
1109 2923 1116 2936 ,

165 2948 250 2967 aurem.

199 2986 227 3003 2.
247 2977 582 3012 HrcposteriorumffRivius
593 2976 696 3004 invenit
706 2977 732 3003 in
745 2986 796 3004 uno
805 2977 885 3008 libro,
893 2978 1044 3011 pestes-orum.
1057 2976 1114 3002 Pal.

165 3011 268 3039 videtui·
278 3014 427 3049 exprimere
438 3014 478 3039 vol
484 3012 545 3039 uiffe
551 3013 673 3046 posteram.

203 3052 276 3083 3..1n
293 3050 372 3082 nestris
380 3050 474 3082 inscitia
483 3050 542 3083 effi]
563 3050 604 3076 Ita
615 3049 718 3084 eujac‘ii
728 3048 812 3075 codex
825 3068 833 3081 ‚
852 3058 914 3075 narn
924 3049 1010 3075 Palat.
1021 3048 1116 3082 inscita.

167 3082 311 3110 Lambinus
322 3084 404 3110 edidit
413 3085 544 3118 inscientia.

202 3125 229 3150 4.
238 3124 287 3147 <Ac
295 3123 320 3145 ln
328 3121 499 3154 Aerione.]1ta
507 3121 535 3146 &
546 3119 603 3145 Pal.
614 3120 642 3145 &
652 3120 746 3155 Cujac.
757 3119 802 3146 nifi
813 3120 883 3156 quod
894 3118 1030 3146 omistrint
1040 3118 1117 3154 diph-

166 3153 305 3190 thongum.
331 3156 400 3183 male
417 3155 505 3185 forsan
522 3156 668 3184 Lambinus
687 3157 732 3192 qui
753 3156 879 3191 expressit·
895 3158 994 3184 Echione
1013 3173 1023 3189 ,
1046 3154 1119 3191 quod

1170 144 1298 190 Lin.
1335 158 1476 191 srva
1508 133 1782 190 Bati’rtrs,
2034 156 2119 206 133

1168 234 1216 254 cra
1225 223 1333 255 dicere.
1357 225 1506 255 Pulcriora
1525 225 1616 254 etiam
1625 223 1769 264 Polycleti
1781 242 1789 257 ‚
1810 221 1912 262 &jam
1929 221 2015 262 plane
2029 222 2127 263 perfe-

1172 264 1216 295 &a
1226 286 1234 298 ‚
1252 274 1284 296 ut
1294 267 1370 296 mihi
1381 266 1504 307 quidem
1520 265 1616 296 videri
1626 265 1728 296 solent.
1754 265 1869 296 Similis
1880 266 1912 294 in
1923 263 2038 306 pistura
2049 266 2122 294 ratio

1170 306 1212 336 est
1225 327 1232 340 ,
1243 308 1275 337 in
1285 318 1342 348 qua
1349 309 1481 338 Zeuxim
1493 328 1500 342 ,
1514 308 1546 337 &
1555 307 1758 349 Polygnotum
1770 326 1778 341 ‚
1791 307 1823 337 &
1832 308 2020 340 Timantem‚
2031 307 2063 336 ὃς
2073 316 2126 335 eo-

1170 357 1255 381 rum,
1273 351 1324 388 qui
1343 359 1408 379 non
1418 348 1537 379 suntusi
1552 348 1717 390 plusquam
1733 357 1859 390 quatuor
1871 348 2040 381 coloribus,
2059 346 2123 377 for-

1169 398 1249 422 mas,
1269 390 1301 419 &
1317 389 1492 421 liniamenta
1501 391 1667 421 laudamus.
1689 394 1756 421 4At
1769 393 1802 421 in
1810 391 1938 420 A'e'tione
1949 410 1957 424 ,
1975 391 2124 420 Nicoma-

1169 430 1242 463 cho,
1261 433 1425 472 Protogene
1438 453 1446 464 ,
1466 433 1569 471 Apelle
1580 453 1587 465 ‚
1609 433 1666 469 iam
1675 432 1804 473 perrefita
1812 433 1880 463 sunt
1890 433 2012 464 omnia,
2031 432 2125 461 &ne-

1168 471 1229 501 scio
1240 480 1277 500 an
1287 472 1408 511 reliquis
1419 475 1449 502 in
1459 475 1546 502 rebus
1555 474 1700 504 omnibus
1711 474 1791 504 idem
1801 475 1927 504 eveniat.
1952 476 2064 503 Nutu„
2081 471 2125 503 est

1168 514 1253 542 enim
1269 511 1357 542 simul
1368 513 1400 542 &
1411 516 1571 543 inventum
1584 535 1592 547 ,
1612 515 1644 544 δε
1654 515 1834 554 11611εᾶ0111.
1858 518 1925 546 Nec
1936 514 2063 545 dubitari
2073 514 2125 544 de-

1168 553 1227 587 bet,
1238 555 1314 595 quin
1322 553 1508 584 fuerintante
1520 558 1691 586 Homerum
1702 559 1798 597 poetae
1811 556 1906 598 :quod
1917 567 1954 586 ex
1965 558 2006 586 eis
2017 557 2125 587 carmi-

1167 595 1257 625 nibus
1268 595 1396 636 intelligi
1407 595 1504 636 potest
1515 616 1522 629 ,
1535 606 1599 636 quae
1609 599 1685 636 apud
1696 599 1784 628 illum
1795 619 1803 632 ‚
1817 599 1890 629 &in
1901 600 2056 629 Phaeacum
2068 617 2076 631 ‚
2089 597 2122 628 &

1166 638 1198 666 in
1214 647 1376 677 procorum
1395 637 1489 678 epulis
1499 646 1656 668 canuntur.
1681 640 1784 680 Qid?
1801 639 1894 671 nostri
1904 649 2016 670 veteres
2025 639 2125 670 versus

1167 678 1221 708 ubi
1238 679 1326 710 sunt?

1260 738 1330 747 .—
1347 731 1416 762 quas
1434 720 1501 750 olim
1517 721 1625 753 Fauni,
1646 722 1779 763 vatesque
1796 722 1947 757 canebant,

1209 765 1223 790 5
1233 765 1302 792 Cum
1323 773 1408 804 neque
1425 764 1580 802 Mufhrum
1590 763 1713 803 scopulos
1730 764 1882 806 quisquam
1893 765 2062 807 superarat,

1207 806 1268 834 Nec
1285 803 1506 844 dististudiofm
1525 811 1606 833 erat.-

1165 847 1251 875 -Ame
1260 848 1332 876 hunc
1347 857 1360 873 .·
1381 848 1422 876 ait
1436 847 1495 886 ipse
1507 845 1542 876 de
1553 846 1580 875 se
1599 856 1604 875 :
1622 855 1678 876 nec
1688 848 1832 877 mentitur
1848 849 1879 877 in
1892 848 2058 888 gloriando.
2081 846 2122 879 sic

1166 890 1250 918 enim
1265 888 1325 919 sese
1336 898 1381 918 res
1398 888 1496 918 habet.
1521 889 1601 917 Nam
1619 888 1651 918 &
1668 886 1793 927 Odyfl‘ea
1805 890 1910 919 Latina
1926 889 1986 923 est,
2004 888 2042 919 sic
2058 899 2123 920 tari-

1165 939 1254 969 quam
1269 939 1344 970 opus
1360 929 1481 970 aliquod
1492 929 1607 959 Daedali
1621 950 1629 962 ,
1650 930 1824 960 &Livianae
1840 929 1946 960 fabulae
1957 951 1965 964 ,
1985 932 2125 961 nonsatis

1165 972 1279 1012 dignae,
1299 982 1366 1012 quae
1384 973 1494 1001 iterum
1512 971 1654 1012 legantur.
1678 974 1776 1012 Atque
1797 973 1847 1002 hic
1858 974 1963 1002 Livius
1976 992 1983 1004 ,
2003 974 2054 1013 qui
2064 974 2126 1012 pri-

1167 1023 1235 1042 mus
1254 1013 1386 1044 fabulam
1398 1033 1406 1047 ,
1425 1015 1457 1043 C.
1468 1013 1576 1043 Clodio
1588 1015 1664 1043 Caeci
1676 1012 1740 1043 filio
1752 1033 1760 1047 ‚
1781 1014 1814 1044 &
1830 1017 1874 1043 M.
1886 1013 2039 1043 Tuditano
2049 1023 2125 1043 coss.

1166 1055 1287 1089 docuit,
1306 1065 1387 1085 anno
1396 1055 1459 1095 ipso
1473 1075 1481 1088 ‚
1502 1063 1660 1095 antequam
1672 1064 1757 1085 natus
1767 1055 1810 1086 est
1819 1058 1937 1086 Ennius
1957 1066 1962 1084 :
1983 1055 2049 1095 post
2059 1057 2123 1085 Ro-

1166 1106 1248 1127 mam
1267 1096 1422 1128 conditam
1439 1105 1540 1126 autem
1552 1096 1779 1137 quartodecimo
1790 1117 1799 1131 ‚
1822 1098 1855 1127 δε
1871 1095 2126 1138 quingentesimo,

1165 1148 1198 1169 nt
1209 1140 1259 1169 hic
1268 1141 1327 1173 ait,
1344 1148 1435 1180 quern
1446 1148 1501 1168 nos
1515 1139 1676 1179 sequimur.
1702 1137 1753 1169 Est
1771 1141 1853 1169 enim
1875 1141 1953 1169 inter
1973 1139 2127 1178 scriptores

1164 1180 1200 1210 de
1212 1191 1342 1211 numero
1361 1190 1510 1210 annorum
1532 1178 1739 1210 controversia.
1763 1183 1861 1211 Attius
1876 1189 1974 1211 autem
1986 1179 2002 1210 a
2013 1183 2048 1219 Q.
2060 1182 2126 1210 Ma-

1164 1224 1253 1252 ximo
1273 1220 1416 1263 quintum
1437 1222 1560 1252 consule
1581 1230 1699 1261 captum
1711 1225 1844 1253 Tarento
1863 1221 1973 1262 scripsit
1984 1223 2123 1256 Livium,

1165 1266 1250 1294 annis
1269 1274 1346 1294 xxx.
1373 1263 1531 1304 postquam
1552 1273 1623 1294 eum
1649 1263 1782 1294 fabulam
1802 1263 1934 1294 docuiffe
1954 1264 1987 1294 &
2008 1266 2124 1294 Atticus

1165 1306 1284 1340 scribit,
1304 1306 1337 1336 &
1348 1315 1403 1335 nos
1416 1308 1448 1335 in
1457 1307 1585 1345 antiquis
1601 1308 1828 1336 commentariis
1844 1307 2031 1335 invenimus.
2056 1308 2122 1335 Do-

1164 1346 1254 1377 cuiss‘e
1264 1357 1365 1378 autem
1374 1346 1505 1377 fabulam
1515 1349 1601 1376 annis
1611 1345 1678 1386 post
1690 1357 1736 1376 XI.
1749 1348 1928 1377 C.Corneiio
1940 1367 1948 1381 ,
1972 1349 2120 1387 QMinu-

1164 1392 1212 1419 cio
1221 1399 1298 1419 coss.
1322 1387 1338 1409 ⁶
1348 1388 1600 1430 ludisJuventatis
1613 1409 1621 1421 ,
1641 1399 1716 1429 quos
1727 1390 1872 1419 Salinator
1890 1394 1905 1417 7
1913 1387 2032 1419 Senensi
2042 1398 2122 1428 proe-

1163 1431 1207 1461 lio
1218 1439 1347 1461 voverat.
1372 1433 1409 1460 In
1419 1440 1480 1471 quo
1491 1439 1587 1460 tantus
1599 1440 1679 1460 error
1689 1433 1763 1460 Attii
1773 1430 1841 1464 fuit,
1862 1439 1893 1460 ut
1904 1431 1950 1460 his
1962 1440 2045 1460 coss.
2067 1439 2121 1460 XL,

1163 1482 1259 1503 annos
1278 1481 1362 1503 natus
1382 1474 1502 1502 Ennius
1520 1471 1609 1502 fuerit
1633 1482 1638 1500 z
1661 1474 1710 1502 cui
1729 1471 1801 1502 cum
1821 1473 1941 1513 aequalis
1960 1471 2050 1502 fuerit
2069 1474 2124 1503 Li-

1163 1517 1230 1544 vius
1242 1535 1250 1549 ‚
1271 1516 1376 1544 minor
1393 1512 1451 1544 fuit
1466 1514 1619 1554 aliquanto
1630 1515 1654 1542 is
1665 1533 1673 1547 ‚
1689 1516 1740 1554 qui
1756 1516 1873 1554 primus
1883 1513 2015 1544 fabulam
2027 1513 2120 1547 dedit,

1163 1556 1254 1597 quam
1265 1558 1299 1590 ii,
1309 1558 1361 1597 qui
1372 1556 1481 1585 multas
1491 1555 1652 1585 docuerant
1660 1565 1727 1585 ante
1739 1557 1793 1586 hos
1807 1566 1886 1586 coss.
1901 1556 1934 1586 δε
1944 1556 2072 1589 Plautus,
2089 1555 2122 1586 ὃς

1165 1600 1302 1628 Naevius.
1328 1600 1400 1628 Haec
1410 1595 1430 1626 si
1442 1599 1544 1627 minus
1554 1605 1618 1636 apta
1627 1596 1768 1627 videntur
1777 1599 1847 1628 huic
1859 1598 1991 1628 sermoni
2001 1617 2010 1631 ,
2023 1599 2123 1631 Brute,

1165 1642 1269 1670 Attico
1279 1637 1384 1680 affigna
1393 1659 1401 1673 ,
1419 1640 1470 1680 qui
1482 1649 1532 1669 me
1542 1637 1745 1669 inflammavit
1755 1638 1853 1669 studio
1864 1660 1872 1674 ‚
1892 1638 2054 1668 illustrium
2067 1640 2125 1668 ho—

1165 1683 1287 1711 minum
1301 1690 1398 1712 aetates
1410 1701 1419 1715 ,
1440 1681 1473 1710 &
1492 1689 1625 1721 tempora
1645 1681 1849 1721 persequendi.
1875 1684 1939 1722 Ego
1958 1680 2030 1711 vero
2043 1701 2051 1713 ‚
2074 1683 2123 1710 in-

1164 1725 1230 1764 quit
1239 1725 1345 1753 Bruuis
1357 1743 1366 1756 ‚
1388 1723 1420 1752 δε
1431 1722 1563 1752 deieetor
1582 1721 1635 1752 ista
1644 1720 1723 1763 quasi
1734 1723 1875 1753 noratitne
1893 1730 2046 1763 temporum
2058 1743 2066 1755 ,
2089 1722 2123 1752 δε

1165 1765 1200 1795 ad
1212 1765 1242 1796 id
1252 1785 1260 1798 ,
1295 1765 1355 1795 uod
1366 1763 1522 1794 instituisti
1534 1784 1543 1798 ,
1563 1773 1716 1794 oratorum
1726 1774 1832 1805 genera
1842 1763 2021 1806 distinguere
2033 1766 2124 1794 aetati-

1165 1807 1239 1841 bus,
1256 1809 1266 1837 i
1311 1817 1342 1836 m
1362 1806 1550 1848 diligentiam
1569 1803 1627 1835 effe
1638 1806 1895 1836 accommodatam
1907 1815 1991 1846 puto.
2016 1805 2124 1840 Recte,

1165 1850 1288 1889 inquam
1300 1869 1308 1882 ,
1324 1851 1410 1878 Brute
1421 1869 1429 1882 ,
1451 1848 1595 1888 intelligis
1607 1858 1611 1876 z
1623 1857 1708 1888 atque
1719 1850 1834 1877 utinam
1846 1847 1994 1878 exstarent
2003 1848 2054 1877 illa
2063 1857 2124 1878 car—

1166 1893 1268 1925 mina,
1288 1901 1354 1931 quae
1373 1891 1479 1920 multis
1490 1890 1582 1919 saeclis
1601 1899 1669 1919 ante
1686 1890 1767 1919 suam
1778 1898 1893 1919 aetatem
1905 1892 1937 1919 in
1948 1890 2044 1930 epulis
2063 1888 2123 1919 effe

1165 1935 1302 1962 cantitata
1310 1934 1326 1961 a
1337 1931 1457 1973 singulis
1469 1932 1607 1961 convivis
1618 1931 1654 1960 de
1665 1931 1815 1960 clarorum
1826 1933 1963 1961 virorum
1973 1931 2121 1963 laudibus,

1164 1976 1197 2003 in
1208 1973 1381 2014 Originibus
1392 1973 1534 2012 scripturn
1546 1972 1666 2012 reliquit
1675 1974 1746 2001 Cato
1760 1982 1765 2000 :
1784 1981 1885 2002 tamen
1896 1973 1977 2002 illius
1986 1982 2076 2013 quem
2090 1974 2124 2002 in

1165 2015 1301 2048 vatibus,
1324 2014 1475 2044 &Faunis
1493 2022 1648 2043 enumerat
1666 2015 1784 2043 Ennius
1796 2033 1804 2047 ‚
1826 2014 1941 2043 bellum
1959 2016 2122 2047 Punicum,

1163 2055 1242 2097 quasi
1251 2057 1389 2096 Myronis
1399 2065 1475 2095 opus
1486 2075 1494 2088 ‚
1512 2054 1648 2085 delet-ht.
1671 2057 1715 2084 Sit
1725 2057 1842 2085 Ennius
1854 2055 1920 2085 sane
1933 2075 1941 2088 ,
1963 2063 1995 2085 ut
2005 2054 2048 2085 est
2058 2065 2122 2085 cei·—

1164 2100 1192 2128 te
1203 2118 1212 2132 ,
1223 2097 1400 2138 perfefflor:
1416 2098 1468 2138 qui
1479 2095 1499 2125 si
1508 2097 1597 2126 illum
1609 2116 1618 2129 ,
1631 2105 1662 2125 ut
1672 2094 1809 2130 simulat,
1819 2105 2027 2127 contemneret
2037 2117 2045 2130 ‚
2058 2106 2122 2126 non

1164 2142 1269 2170 onmia
1286 2139 1362 2169 bella
1381 2139 1558 2179 persequens
1569 2157 1577 2171 ,
1597 2139 1730 2177 primum
1746 2138 1822 2168 illud
1831 2140 1998 2172 Punicum,
2016 2140 2122 2168 acerri-

1164 2191 1250 2210 mum
1270 2180 1386 2210 bellum
1405 2178 1578 2220 reliquisset.
1615 2179 1670 2209 Sed
1693 2179 1752 2218 ipse
1771 2179 1844 2210 dicit
1861 2200 1870 2213 ,
1891 2190 1943 2210 cur
1961 2180 1991 2209 id
2009 2179 2116 2213 faciat,

1161 2223 1343 2263 “ftTiPftre’
1362 2223 1476 2262 inquit,
1495 2221 1549 2249 alii
1560 2231 1616 2249 rem
1628 2220 1766 2261 Vcrfibus‚
1779 2238 1810 2244 --
1831 2221 1864 2251 &
1881 2222 2033 2252 luculenta
2053 2223 2121 2262 qui-

1161 2264 1231 2294 dem
1252 2263 1447 2304 scripserunt,
1467 2265 1558 2293 etiam
1571 2261 1720 2296 siminus,
1741 2262 1831 2304 quarn
1850 2272 1881 2293 tu
1894 2284 1901 2297 ‚
1924 2263 2028 2303 polite.
2053 2265 2121 2293 Nec

1160 2305 1232 2336 vero
1241 2305 1296 2335 tibi
1306 2306 1390 2335 aliter
1403 2305 1498 2335 videri
1509 2304 1615 2338 debet;
1635 2306 1687 2344 qui
1699 2307 1714 2335 a
1726 2306 1835 2335 Naevio
1844 2306 1893 2335 vel
1903 2303 2029 2335 sumsisti
2040 2305 2122 2334 mul-

1162 2357 1206 2381 ta,
1228 2346 1374 2378 fifateris:
1393 2347 1461 2380 vel,
1483 2345 1619 2387 sinegas,
1640 2345 1815 2386 surripuisti.
1839 2349 1916 2376 Cum
1937 2348 1993 2376 hoc
2004 2349 2119 2376 Catone

1161 2389 1329 2432 grandiores
1340 2398 1410 2418 natu
1428 2387 1550 2418 fuerunt
1561 2388 1765 2419 C.Flam.'n*us
1777 2408 1785 2422 ‚
1804 2391 1934 2418 C.Varro
1945 2408 1954 2422 ‚
1975 2389 2120 2429 QMaxi-

1162 2441 1230 2461 mus
1242 2451 1251 2464 ,
1262 2431 1444 2470 Q.Metellus
1456 2451 1465 2463 ,
1477 2430 1658 2460 PLentulus
1668 2450 1676 2463 ‚
1697 2428 1845 2459 P.Ci‘ass'us
1857 2449 1865 2463 ‚
1885 2432 1938 2470 qui
1949 2439 2019 2459 cum
2032 2430 2118 2469 supe-

1161 2475 1238 2503 riore
1257 2471 1399 2502 Africano
1418 2472 1524 2502 consul
1543 2470 1612 2501 fuit.
1636 2471 1737 2510 Ipsum
1758 2473 1929 2510 Scipionem
1948 2473 2117 2511 accepimus

1161 2524 1225 2544 non
1236 2513 1383 2544 infantem
1394 2511 1491 2543 fuiss'e.
1516 2511 1595 2542 filius
1606 2512 1729 2552 quidem
1741 2514 1804 2551 ejus
1814 2533 1823 2546 ,
1843 2515 1867 2542 is
1876 2533 1884 2546 ‚
1901 2515 1955 2553 qui
1964 2513 2045 2542 hunc
2055 2515 2118 2542 mi-

1161 2566 1267 2586 norem
1281 2558 1457 2595 Scipionem
1476 2554 1491 2584 a
1504 2555 1607 2584 Paullo
1625 2554 1794 2594 adoptavit,
1812 2553 1833 2584 si
1851 2562 1956 2596 corpore
1973 2553 2117 2591 valuiffir,

1162 2600 1195 2627 in
1205 2599 1312 2637 primis
1322 2597 1439 2627 habitus
1450 2594 1519 2625 efl'et
1528 2595 1661 2625 disertus.
1680 2595 1818 2626 Indicant
1826 2595 1898 2626 cum
1909 2597 2115 2630 oratiunculae,

1161 2649 1227 2669 tum
1247 2638 1370 2669 historia
1385 2637 1520 2679 quaedam
1533 2639 1634 2667 Graeca
1646 2657 1653 2670 ‚
1674 2637 1778 2677 scripta
1794 2635 1972 2667 dulcissirne.
1996 2640 2116 2668 Nume-

1161 2691 1254 2722 roquc
1265 2680 1373 2710 eodem
1385 2682 1443 2709 ruit
1453 2679 1717 2718 Sex.AElius,juris
1727 2679 1853 2720 quidem
1862 2679 1959 2710 civilis
1971 2682 2115 2709 omnium

2003 2722 2121 2762 peritis·

1160 2796 1268 2832 quidem
1287 2795 1433 2829 conjecerat
1452 2794 1568 2825 Rivius5
1588 2792 1631 2820 sed
1649 2794 1687 2821 ita
1707 2801 1736 2821 ut
1755 2803 1807 2820 nori
1826 2800 1991 2830 praeponeret
2009 2793 2052 2820 illi
2070 2803 2120 2820 no-

1162 2834 1225 2860 stro.

1198 2878 1224 2902 5.
1245 2872 1302 2897 Cum
1311 2877 1382 2902 neque
1392 2867 1518 2900 Musarum
1521 2867 1624 2899 stupidos
1633 2864 1914 2900 qiziffiuamfizperarat]
1926 2863 1996 2891 Illud
2009 2864 2120 2897 πηνα-Γιτ-

1159 2912 1261 2938 pererrat
1272 2924 1280 2935 ,
1292 2913 1343 2930 iioii
1356 2910 1489 2938 comparet
1501 2903 1526 2928 in
1540 2901 1594 2927 Pal.
1606 2909 1651 2927 aut
1662 2903 1755 2935 Cujiic.
1767 2903 1793 2927 ἃ
1806 2901 1890 2927 forsm
1903 2911 1953 2927 non
1964 2900 2060 2934 adjecit
2071 2901 2121 2926 ci-

1163 2949 1224 2966 cero
1236 2959 1243 2971 ‚
1263 2941 1300 2966 uti
1313 2949 1360 2966 nec
1369 2940 1446 2975 paulo
1456 2938 1511 2974 post
1522 2937 1637 2974 complet
1649 2937 1750 2964 versum
1762 2937 1923 2973 sequentem.
1943 2937 2021 2963 habet
2033 2945 2122 2962 tumen

1160 2976 1244 3003 editio
1256 2975 1379 3001 Vissorii.
2087 2993 2090 2996 ,

1196 3013 1224 3037 6.
1245 3012 1320 3037 Ludis
1337 3010 1504 3044 Jtmrntatis]
1528 3009 1570 3036 Est
1582 3010 1596 3035 ii
1608 3009 1769 3036 Viftoiianis
1783 3029 1790 3041 ,
1810 3010 1838 3035 ὅτ
1858 3007 1996 3045 respondet
2009 3008 2121 3034 omnino

1162 3048 1246 3074 Palat.
1267 3047 1312 3073 nisi
1329 3046 1400 3082 quod
1411 3047 1431 3072 is
1443 3046 1518 3073 unica
1537 3046 1633 3079 litera,
1652 3047 1779 3071 Ivi-maris.
1807 3044 1876 3072 unde
1896 3052 1985 3071 uatum
2004 3044 2119 3069 alioruin

1160 3084 1290 3109 Lnft‘atiir.

1198 3127 1224 3152 7.
1244 3118 1443 3153 Senenfiproelioss
1456 3118 1514 3146 Pal.
1523 3119 1603 3153 Senefi.
1623 3117 1758 3145 Vitiorius
1769 3116 1877 3152 conjicit
1886 3120 1988 3143 Senum-n
1996 3126 2003 3138 ι
2015 3133 2022 3146 ,
2033 3113 2120 3140 neseio

1160 3163 1194 3182 an
1206 3153 1355 3182 ricceffmo,
1393 3178 1395 3180 .
1644 3180 1647 3182 ,

1174 3194 1182 3200 “
1601 3189 1626 3217 R
1649 3197 1663 3225 3
1961 3186 2120 3214 bahalim,

2146 1312 2187 1347 ¹9
