2297 3389
745 130 873 175 Lrn.
906 130 967 173 1-1.
1018 145 1086 175 1N
1131 127 1187 174 C.
1224 125 1514 176 VERREM.

160 211 236 242 liatae
246 229 254 245 ‚
268 218 357 252 quam
368 216 400 239 tu
410 207 426 239 a
434 204 604 238 civitatibus
615 204 776 236 statuarum
788 207 916 236 nomine
926 206 1059 247 co'e'gisti.
1072 209 1120 238 vi-

160 253 219 283 deo
228 254 310 282 enim
321 252 385 291 ejus
393 250 526 289 pecuniae
537 248 688 278 summam
699 246 756 277 effe
764 247 959 287 pergrandem
970 259 976 276 2
995 252 1005 267 ¹
1018 248 1052 278 ad
1064 258 1119 279 H-s

161 304 231 325 cxx
243 293 346 323 millia.
373 300 486 321 tantum
507 287 668 319 conficitur
689 298 727 319 ex
741 288 923 319 testimoniis
934 308 942 322 ,
965 299 997 319 ac
1013 290 1120 320 litteris

159 337 332 366 civitatum:
354 333 387 362 Sc
404 331 458 361 iste
468 332 525 361 hoc
541 330 702 364 concedit,
721 340 778 360 nec
795 329 893 370 potest
903 330 989 360 aliter
1006 330 1111 360 dicere.

157 386 244 418 quare
259 372 412 414 cqjusmodi
418 380 554 415 putamus
568 371 616 410 eff}
628 373 677 402 illa
691 392 699 406 ‚
720 382 779 413 quai
793 379 878 412 negat
890 391 899 405 ,
917 370 982 400 css‘cm
994 372 1044 400 haec
1058 379 1119 401 ram

158 415 280 458 improba
287 416 346 456 sint
357 434 366 448 ,
383 415 561 455 quaefarerur
577 418 588 443 ἓ
611 414 693 453 Qid
707 416 790 443 enirn
802 416 847 443 vis
863 412 1006 443 constitui
1020 416 1030 442 ?
1044 423 1118 443 con-

157 460 286 490 sumtam
295 453 487 487 'ess‘eomnem
498 455 584 486 istam
601 457 759 496 pecuniam
769 456 801 484 in
813 454 914 485 statuis
927 457 937 484 ?
959 457 1060 485 Facita
1073 455 1118 484 es-

156 501 195 530 se.
219 508 318 529 tamen
328 499 388 528 hoc
397 497 558 528 ferendum
572 498 658 527 nullo
668 497 763 527 modo
774 495 816 526 est
826 517 833 530 ‚
857 505 969 526 tantam
981 496 1017 526 ab
1028 497 1114 526 sociis

155 542 313 582 pecuniam
323 538 431 569 auferri
442 559 450 573 ‚
463 548 496 568 ut
506 540 650 569 omnibus
660 541 692 568 in
701 540 863 579 angiportis
873 558 881 571 ‚
894 537 1044 577 praedonis
1056 540 1117 567 im-

155 580 324 623 probiffimi
346 581 444 611 statuae
456 589 605 620 ponantur
617 600 625 614 ‚
644 580 701 621 qua
714 583 769 610 vix
784 579 848 609 tuto
871 583 885 598 ²
901 578 1012 609 transiri
1033 578 1116 619 poll'e

158 623 304 655 videatur.
321 622 437 652 Verum
448 623 499 652 ubi
509 624 642 655 tandem,
655 630 704 651 aut
717 623 749 651 in
759 621 867 662 quibus
878 620 979 650 statuis
990 619 1043 650 ista
1052 630 1117 650 tan-

158 670 186 697 t‘a
201 667 327 705 pecunia
340 665 484 704 conficmta
499 664 542 694 est
559 667 570 693 ,Ρ
592 664 793 694 consumetur
807 683 816 696 ‚
843 664 972 702 inquies.
1001 662 1120 692 Scilicet

156 706 365 747 exspec'temus
380 704 551 747 legitimum
561 705 637 735 illud
647 705 906 745 quinquennium.
923 702 944 732 fi
957 705 1014 733 hoc
1028 705 1119 733 inter—

155 749 236 780 vallo
246 758 310 778 non
321 748 538 778 consumserit:
555 756 621 777 turn
631 746 761 787 denique
776 755 893 775 nomen
904 746 968 784 ejus
983 745 1020 775 de
1032 755 1116 784 repe-

157 790 259 821 tundis
268 791 414 830 pecuniis
438 789 596 819 statuarum
616 789 745 817 nomine
767 786 946 817 deferamus.
970 787 1051 816 Reus
1075 785 1116 816 est

158 834 305 862 maximis
319 851 327 866 ‚
349 831 544 871 plurimisque
565 829 746 860 criminibus
766 830 798 858 in
817 828 969 868 judicium
981 836 1114 858 vocatus.

158 883 214 904 11-s
231 883 300 904 cxx
318 873 416 902 millia
425 882 463 902 ex
476 873 535 902 hoc
544 881 606 901 uno
624 881 733 913 genere
750 870 988 910 captavidemus.
1012 868 1118 899 ficon-

158 916 315 946 demnatus
326 916 383 944 eris
396 923 477 943 :non
488 933 497 947 ,
509 915 619 953 opinor
628 933 637 946 ,
650 912 680 942 id
691 922 757 954 ages
766 932 774 945 ‚
788 922 820 941 ut
829 911 882 942 ista
891 913 1017 951 pecunia
1025 913 1116 952 quin—

157 959 293 998 quennio
303 956 494 986 consumatur
503 957 538 984 in
548 954 657 984 statuis.
678 953 721 983 fin
731 954 881 983 absolutus
893 955 949 983 eris
962 964 967 982 2
982 955 1049 993 quis
1059 955 1116 983 erit

156 1007 218 1030 tam
228 1007 335 1028 amens
345 1017 353 1030 ‚
371 999 461 1037 quite
474 1007 513 1026 ex
526 1005 588 1030 tot,
609 996 753 1036 tantisque
770 995 949 1025 criminibus
966 995 1109 1034 elapsum,

156 1039 223 1081 post
232 1041 478 1080 quinquennium
488 1037 647 1068 statuarum
658 1039 785 1067 nomine
796 1036 925 1067 arcessat?
933 1039 975 1066 Ira
983 1036 1005 1065 s1
1014 1046 1111 1076 neque

155 1081 251 1112 adhuc
269 1081 426 1110 consumta
440 1079 494 1110 ista
511 1081 637 1119 pecunia
655 1078 716 1112 est,
732 1079 764 1108 &
783 1078 825 1108 est
841 1079 1028 1118 perspicuum
1047 1088 1112 1108 non

156 1123 352 1154 consumtum
363 1123 400 1151 iri
411 1132 417 1150 z
430 1122 576 1161 licetjam
590 1121 793 1162 intelligamus
805 1141 813 1153 ,
830 1122 986 1150 inventam
999 1118 1057 1149 effe
1068 1130 1112 1149 ra-

154 1167 272 1195 tionem
283 1183 292 1197 ‚
310 1173 398 1204 quare
408 1162 503 1193 &iste
516 1173 569 1192 11-s
586 1173 654 1192 cxx
668 1162 764 1192 millia
782 1172 845 1191 uno
854 1171 959 1203 genere
970 1162 1114 1191 concilia-

155 1209 194 1236 rit
203 1226 212 1240 ‚
229 1206 262 1235 &
271 1206 396 1245 ceperit:
416 1205 449 1234 &
457 1206 546 1235 ceteri
557 1225 565 1238 ‚
585 1203 606 1234 sl
615 1204 631 1234 a
639 1204 726 1234 vobis
736 1205 794 1233 hoc
805 1206 860 1233 erit
867 1203 1108 1243 comprobatum,

155 1247 246 1289 quam
257 1248 362 1277 volent
372 1256 492 1287 magnas
507 1247 563 1276 hoc
581 1248 708 1275 nomine
719 1246 859 1285 pecunias
877 1255 979 1284 capere
993 1243 1111 1284 possint:

155 1298 190 1320 ut
198 1292 259 1326 jam
268 1289 425 1318 videamur
436 1298 500 1318 non
510 1288 525 1318 a
534 1289 669 1327 pecuniis
679 1287 833 1326 capiundis
847 1288 988 1316 homines
999 1286 1109 1316 abster-

155 1341 219 1361 rere
231 1341 236 1359 :
257 1330 306 1360 sed
317 1350 326 1363 ‚
345 1328 416 1360 cum
431 1339 537 1371 genera
545 1329 680 1370 quaedam
689 1329 885 1368 pecuniarum
897 1328 1110 1367 capiundarum

154 1372 414 1412 comprobarimus
429 1391 437 1404 ,
469 1373 628 1400 HONEs'rA
650 1379 789 1399 NOMINA
811 1379 1029 1399 Tunrissrriis
1051 1380 1111 1399 Rc—

155 1424 212 1445 3115
236 1422 421 1443 minoricae..
444 1414 566 1443 Etenim
577 1432 585 1445 ,
601 1411 622 1441 fi
633 1415 667 1442 C.
677 1415 783 1441 Verres
798 1421 851 1441 H-s
867 1421 935 1440 cxx
949 1411 1111 1451 111111111Ρο-

155 1456 272 1496 pulum,
283 1454 365 1484 verbi
374 1455 462 1496 gratia
474 1475 482 1486 ‚
494 1455 725 1493 Centuripinum
735 1451 911 1493 poposciffet
920 1473 928 1486 ‚
940 1463 1063 1494 eamque
1074 1453 1110 1482 ab

155 1499 203 1527 his
213 1498 371 1536 pecuniam
381 1494 557 1526 abstuliffet:
569 1505 633 1525 non
641 1515 650 1529 ,
661 1497 783 1535 opinor,
796 1492 867 1524 ess'et
876 1494 1005 1524 dubium
1017 1515 1025 1528 ‚
1035 1497 1110 1535 quin

153 1547 245 1572 eum,
264 1536 285 1566 fi
299 1546 365 1567 tum
381 1537 413 1567 id
426 1537 551 1577 planum
562 1536 662 1570 fieret,
681 1537 877 1567 condemnari
895 1534 1008 1566 neceffe
1022 1535 1103 1566 effet.

156 1579 256 1621 Qid,
271 1578 292 1608 fi
306 1579 436 1609 eundem
453 1580 602 1619 populum
617 1589 671 1608 H-s
687 1589 759 1608 ccc.
776 1579 873 1608 millia
891 1578 1045 1618 poposcit,
1061 1589 1110 1608 ea-

155 1631 214 1662 que
224 1622 340 1662 co'e'git,
357 1630 442 1661 atque
455 1621 596 1651 abstulit?
617 1631 694 1651 num
705 1621 816 1651 idcirco
826 1619 1012 1653 absolvetur,
1026 1619 1109 1661 quod

155 1663 333 1703 adscriptum
353 1662 411 1696 est,
429 1673 495 1693 eam
506 1664 665 1703 pecuniam
684 1662 782 1692 datam
792 1661 951 1692 statuarum
969 1665 1111 1692 nomine?

157 1714 223 1735 non
233 1725 241 1739 ‚
253 1707 362 1744 opinor
371 1715 376 1733 :
386 1703 441 1734 nifi
449 1704 527 1734 forte
535 1705 566 1734 id
576 1706 702 1745 agimus,
715 1714 778 1734 non
790 1712 821 1734 ut
828 1702 1045 1743 magistratibus
1055 1714 1113 1734 no—

154 1745 221 1777 stris
246 1749 258 1773 3
267 1757 376 1776 moram
387 1747 545 1787 accipiundi
556 1767 564 1780 ‚
580 1746 628 1776 sed
641 1754 673 1776 ut
691 1747 778 1776 sociis
792 1746 905 1785 caufizm
916 1745 1002 1774 dandi
1014 1745 1110 1776 aufer-

152 1785 184 1819 re
199 1788 359 1818 videamur.
384 1787 476 1828 Qod
495 1787 607 1829 liquem
627 1787 727 1818 statuae
746 1797 926 1827 magnopere
949 1786 1109 1822 (1616813111,

155 1830 190 1860 &
200 1828 220 1859 fi
230 1831 295 1870 quis
306 1840 406 1859 earum
418 1832 532 1860 honore
544 1831 576 1860 &
585 1831 678 1870 gloria
687 1829 841 1859 ducitursis
851 1831 914 1859 haec
924 1837 1025 1859 tamen
1036 1839 1110 1859 con—

154 1870 255 1902 stituat
264 1870 377 1901 necesse
387 1870 429 1901 est
440 1882 445 1900 ·.
460 1871 593 1910 primurn
606 1891 615 1905 ‚
628 1873 721 1902 averti
730 1872 888 1911 pecuniam
905 1870 1035 1900 domum
1045 1881 1110 1901 non

154 1913 268 1953 placere
281 1923 286 1941 :
297 1912 406 1942 deinde
417 1932 428 1946 ‚
446 1914 572 1952 ipsarum
583 1912 742 1943 statuarum
755 1911 882 1942 modum
892 1913 1043 1952 quendam
1053 1912 1110 1942 effe

155 1963 292 1994 oportere
303 1964 308 1982 :
323 1953 433 1984 deinde
443 1954 518 1983 illud
528 1974 537 1987 ,
548 1956 628 1984 certe
637 1954 673 1983 ab
682 1955 786 1983 invitis
797 1955 879 2001 exigi
887 1963 950 1982 non
961 1962 1107 1992 oportere.

87 2004 137 2038 59
157 1999 202 2026 Ac
213 1995 249 2025 de
259 1995 415 2025 avertenda
424 1997 550 2035 pecunia
560 2015 568 2028 ‚
588 2005 688 2035 quaero
697 1995 747 2025 abs
759 2003 786 2024 te
796 2015 804 2028 ‚
818 2003 920 2024 utrum
930 1995 998 2034 ipsae
1007 1997 1109 2025 civita-

154 2045 198 2068 tes
217 2037 309 2067 solitae
323 2035 379 2066 fint
398 2036 503 2066 statuas
513 2037 569 2067 tibi
581 2036 734 2066 faciundas
752 2037 847 2066 locare
859 2038 905 2069 ei,
926 2038 974 2065 cui
992 2035 1110 2076 poss'ent

151 2079 260 2122 optima
275 2079 428 2107 conditione
441 2080 536 2108 locare
546 2098 555 2112 ‚
572 2089 608 2108 an
620 2079 752 2119 aliquem
767 2086 931 2108 curatorem
948 2088 1005 2117 prae
1012 2077 1108 2111 ficere,

152 2122 205 2161 qui
215 2120 314 2150 statuis
323 2119 472 2150 faciundis
481 2119 612 2159 praeeffet
621 2140 630 2153 ,
644 2131 682 2155 an
693 2120 765 2152 tibi,
777 2129 814 2149 an
825 2121 874 2152 cui
885 2128 915 2148 tu
928 2118 1108 2158 impe—miles,

150 2162 343 2193 adnumerare
361 2164 529 2201 pecuniam.
554 2164 635 2191 Nam
654 2160 675 2190 fi
692 2171 745 2200 per
763 2170 814 2190 eos
833 2159 932 2190 statuae
950 2159 1076 2194 fiebant,
1097 2161 1111 2191 a

150 2204 260 2246 quibus
269 2203 325 2233 tibi
334 2203 387 2233 iste
398 2204 496 2233 honos
506 2203 666 2233 habebatur
678 2213 683 2232 :
694 2201 793 2232 audio.
805 2200 849 2231 fin
860 2202 1047 2232 Timarchidi
1058 2213 1110 2242 pe-

150 2247 240 2277 cunia
248 2245 458 2275 numerabatur
467 2264 476 2278 ‚
488 2244 585 2275 desme
598 2265 606 2278 ‚
625 2245 724 2285 quaeso
735 2263 743 2277 ,
757 2243 892 2273 simulare
902 2264 910 2276 ‚
925 2253 952 2273 te
962 2263 970 2276 ‚
993 2243 1064 2274 cum
1075 2255 1108 2274 111

153 2285 313 2317 manifesto
322 2285 404 2316 furto
415 2296 530 2316 teneare
541 2285 810 2327 ,gi'ormstudiofum
823 2305 832 2318 ‚
846 2295 878 2315 ac
888 2294 1108 2315 monumento-

152 2339 221 2359 rum
236 2327 333 2358 fuiffe.
357 2328 438 2369 Qid
447 2328 520 2358 verb
532 2330 542 2357 ?
564 2328 693 2358 modum
704 2326 864 2359 statuarum
874 2327 974 2357 haberi
988 2328 1108 2357 nullum

152 2369 266 2411 placet?
282 2372 362 2411 atqui
377 2370 518 2400 habeatur
533 2368 648 2400 neceffe
663 2368 716 2399 est.
738 2370 854 2399 etenim
864 2367 901 2398 fic
917 2367 1106 2399 considerate.

117 2438 121 2442 ,
151 2415 256 2452 Syracu
262 2412 325 2442 sana
333 2413 435 2442 civitas
449 2411 493 2451 (ut
502 2422 567 2441 earn
576 2409 767 2451 potiffimfim
777 2412 952 2450 nominem)
962 2411 1045 2440 dedit
1054 2410 1106 2451 ipfi

152 2450 287 2487 statuam.
298 2452 341 2483 est
350 2455 459 2483 honos.
483 2453 516 2483 δε
525 2455 607 2494 patri.
617 2453 695 2483 bella
702 2453 765 2483 haec
772 2454 889 2492 pietatis
897 2473 905 2486 ,
918 2453 950 2482 &
958 2452 1108 2493 quaestuo-

151 2493 347 2526 fitfimulatio.
370 2495 402 2525 &
412 2494 477 2524 filio
490 2505 496 2524 2
515 2494 587 2525 ferri
596 2496 654 2524 hoc
663 2494 768 2534 potest.
792 2495 873 2524 hunc
884 2496 967 2524 enim
978 2504 1105 2534 puerum

151 2535 475 2570 nonoderant.veri*1m
484 2538 602 2577 quoties
612 2557 621 2570 ‚
640 2537 673 2566 &
682 2546 757 2576 quot
767 2536 946 2565 nominibus
956 2536 971 2566 a
983 2539 1106 2576 Syracu-

138 2578 228 2618 >sanis
239 2577 342 2609 statuas
352 2579 464 2608 auferes
478 2582 529 2608 ?ut
539 2580 573 2608 in
582 2577 649 2608 foro
663 2577 821 2607 statuerent
833 2597 841 2610 ‚
855 2577 1016 2607 abstulisti:
1031 2580 1105 2608 utin

150 2621 232 2651 curia
241 2640 249 2654 ‚
264 2619 399 2661 coegisti:
417 2630 449 2650 ut
457 2621 616 2660 pecuniam
626 2618 795 2649 conferrent
805 2621 891 2649 ineas
903 2618 1007 2649 statuas
1018 2639 1025 2653 ,
1040 2630 1106 2660 quae

152 2663 261 2692 Romae
276 2670 474 2701 ponerentur,
492 2660 658 2701 imperasti:
681 2670 714 2691 ut
731 2661 827 2691 iidem
843 2660 945 2690 darent
962 2662 1104 2691 homines

150 2711 300 2734 aratorum
311 2705 446 2733 nomine.
462 2703 607 2733 dederunt
621 2712 652 2732 ut
661 2703 755 2732 iidem
765 2713 819 2742 pro
829 2704 949 2742 partein
959 2712 1104 2733 commu-

103 2780 112 2784 ,
151 2754 190 2776 ne
207 2745 315 2776 Siciliae
333 2744 512 2776 conferrent.
535 2746 626 2775 etiam
645 2744 676 2775 id
699 2745 901 2775 contulerunt.
925 2755 982 2774 una
999 2745 1103 2775 cavitas

2031 133 2123 178 261

1164 207 1236 238 cum
1248 217 1293 239 tot
1302 207 1481 239 nominibus
1494 208 1655 249 pecuniam
1664 205 1842 242 contulerit,
1863 207 2004 250 idemque
2013 210 2072 241 hoc
2083 212 2124 240 ci-

1163 250 1270 278 vitares
1279 258 1366 280 cetera
1374 249 1512 281 fecerint:
1530 259 1593 280 non
1604 260 1648 280 res
1656 251 1716 290 ipsa
1725 260 1780 280 vos
1789 249 1933 281 admonet
1944 271 1952 284 ,
1964 259 1997 281 ut
2005 254 2128 290 putetis,

1165 290 1279 320 modum
1291 291 1418 333 aliquem
1437 294 1502 321 huic
1515 292 1666 333 cupiditati
1685 291 1814 328 constitui
1829 300 1946 333 oportere
1961 296 1974 322 ,7
1995 293 2087 334 Qod
2107 293 2129 323 fi

1164 333 1222 361 hoc
1233 333 1385 363 voluntate
1396 334 1414 363 s
1411 344 1444 363 ua
1456 334 1537 364 nulla
1548 336 1650 364 civitas
1661 333 1731 364 fecit
1743 344 1748 363 :
1766 331 1787 363 si
1798 343 1906 364 omnes
1916 335 2030 375 imperio
2039 355 2048 369 ,
2068 345 2130 364 me·

1163 380 1196 403 tu
1211 392 1219 405 ,
1239 375 1273 402 vi
1284 393 1292 406 ‚
1307 375 1380 403 malo
1393 374 1516 403 addam
1532 396 1540 408 ,
1563 376 1619 411 tibi
1637 377 1798 415 pecuniam
1817 375 1976 406 statuarum
1996 379 2128 407 nomine

1163 415 1375 445 contulerunt:
1394 425 1446 455 per
1456 416 1526 446 deos
1546 418 1747 447 immortaleis
1757 437 1765 450 ‚
1787 419 1913 447 numcui
1927 417 2055 448 dubium
2068 418 2126 449 effe

1162 457 1274 494 poterit
1283 475 1291 489 ‚
1303 459 1376 496 quin
1388 476 1396 489 ‚
1413 459 1502 487 etiarn
1515 457 1535 487 fi
1545 460 1611 498 quis
1623 458 1753 488 statuerit
1764 479 1772 492 ‚
1785 461 1915 499 accipere
1925 459 1959 489 ad
1971 458 2076 490 statuas
2086 461 2126 490 li-

1163 506 1244 526 cere:
1265 496 1348 526 idem
1371 507 1472 528 tamen
1485 498 1606 532 statuat,
1634 503 1745 539 eripere
1759 500 1837 530 certe
1851 510 1915 531 non
1930 501 2039 531 licere?
2061 504 2127 532 Pri—

1166 536 1254 567 mum
1265 539 1356 578 igitur
1364 541 1398 568 in
1408 540 1483 569 hanc
1493 550 1557 570 rem
1569 540 1673 571 testem
1684 550 1778 571 totam
1788 543 1921 572 Siciliam
1932 542 2029 573 citabo
2041 554 2047 572 :
2058 553 2124 584 quae

1164 580 1243 609 mihi
1264 589 1322 609 una
1335 589 1411 609 voce
1422 579 1580 611 statuarum
1599 584 1725 612 nomine
1736 593 1875 624 magnam
1893 587 2054 624 pecuniam
2073 595 2126 625 per

1163 622 1228 650 vim
1241 620 1373 651 coaciam
1384 620 1443 651 effe
1453 621 1647 653 demonstrat.
1670 634 1741 654 nam
1755 625 1916 665 legationes
1926 628 2068 656 omniurn
2080 629 2125 656 ci-

1163 664 1292 691 vitatum
1304 664 1336 692 in
1346 662 1502 702 postularis
1512 665 1728 694 communibus
1737 685 1745 699 ‚
1755 676 1820 706 quae
1828 665 1891 696 fere
1902 669 2007 697 omnia
2016 678 2055 698 ex
2065 672 2126 698 tuis

1162 705 1282 742 injuriis
1292 713 1359 734 nata
1369 705 1452 737 sunt,
1470 707 1560 735 etiam
1574 706 1630 735 hoc
1642 706 1817 741 ediderunt,
1840 711 1892 739 UT
1907 718 2050 739 STATuAs
2064 719 2126 739 NE—

1167 755 1223 774 cu1
1239 765 1247 778 ‚
1272 755 1343 775 msr
1360 755 1431 775 euM
1449 756 1477 776 rs
1491 756 1534 775 m:
1548 756 1741 777 Pnovmcm
1755 758 1981 783 necessum-r,
2006 761 2124 781 POLLI-

1165 796 1353 817 CEREN-run.
1378 790 1440 817 Tot
1458 797 1596 827 praetores
1615 791 1647 818 in
1657 790 1757 820 Sicilia
1774 790 1895 820 fuerunt
1910 803 1916 820 :
1938 794 2026 822 toties
2045 792 2122 832 apud

1165 829 1293 868 majores
1303 828 1420 859 nostros
1432 830 1525 859 Siculi
1535 830 1670 859 senatum
1680 830 1832 861 adierunt:
1843 835 1930 862 toties
1941 834 1994 863 hac
2003 844 2124 864 memo-

1161 872 1203 900 ria
1215 881 1220 899 :
1235 879 1338 900 tamen
1349 871 1471 910 hujusce
1483 873 1557 900 novi
1565 870 1703 911 postulati
1713 882 1806 912 genus
1817 893 1826 905 ,
1840 882 1927 913 atque
1939 877 2124 915 principium

1164 921 1211 941 tua
1221 921 1344 952 praetura
1353 913 1458 942 attulit.
1482 912 1562 953 Qid
1573 915 1657 942 enim
1671 923 1729 943 tam
1741 924 1857 944 novum
1870 934 1878 947 ‚
1898 925 1962 945 non
1975 916 2070 946 solum
2080 928 2123 950 re,

1163 953 1212 983 sed
1224 964 1333 995 genere
1344 955 1408 993 ipso
1417 953 1586 994 postulandi
1598 957 1608 984 ?
1619 965 1689 984 nam
1700 964 1806 988 cetera,
1818 966 1884 995 quae
1894 957 2003 986 suntin
2013 959 2120 988 iisdem

1161 995 1317 1034 postulatis
1331 995 1368 1025 de
1395 996 1514 1035 injuriis
1525 998 1582 1026 tuis
1592 1017 1600 1029 ,
1622 997 1689 1026 sunt
1698 1007 1778 1027 nova
1796 1008 1802 1025 :
1821 997 1870 1027 sed
1882 1007 1981 1027 tamen
1992 1009 2054 1029 non
2066 1010 2124 1029 no·-

1160 1047 1200 1066 vo
1216 1037 1311 1067 modo
1329 1036 1527 1076 postulantur.
1560 1039 1721 1079 Rogant&
1731 1047 1817 1068 orant
1832 1039 1926 1069 Siculi
1944 1049 2037 1079 patres
2048 1052 2123 1071 con·

1159 1079 1281 1118 scriptos
1290 1098 1298 1111 ‚
1309 1087 1342 1108 ut
1350 1079 1444 1108 nostri
1456 1078 1641 1119 magistratus
1651 1079 1773 1119 posthac
1781 1080 1909 1109 decumas
1922 1081 1979 1121 lege
1992 1083 2122 1111 Hieroni—

1158 1130 1191 1148 ca
1204 1120 1337 1148 vendant.
1361 1130 1391 1150 tu
1403 1122 1516 1160 primus
1527 1121 1629 1151 contra
1637 1122 1810 1152 vendideras
1822 1122 1929 1152 :audio
1943 1134 1951 1156 3
1963 1133 2011 1157 ne,
2026 1124 2054 1152 in
2066 1124 2120 1153 cel-

1158 1161 1217 1190 lam
1229 1162 1304 1202 quod
1316 1162 1470 1202 imperatur
1479 1182 1488 1195 ‚
1504 1162 1639 1198 aestimem.
1656 1164 1714 1193 hoc
1723 1174 1843 1204 quoque
1853 1173 1973 1204 propter
1981 1174 2048 1195 tuos
2059 1175 2119 1196 ter-

1159 1213 1216 1233 nos
1227 1205 1365 1233 denarios
1377 1214 1460 1233 nunc
1468 1203 1603 1243 primurn
1615 1204 1795 1244 postulatur:
1810 1205 1858 1235 sed
1870 1216 1963 1245 genus
1974 1206 2052 1237 istud
2063 1217 2120 1247 po-

1159 1244 1288 1274 stulandi
1306 1255 1371 1275 non
1387 1245 1430 1276 est
1448 1255 1575 1275 novum.
1599 1248 1645 1274 Ne
1657 1246 1773 1285 absinthi
1786 1257 1879 1276 nomen
1893 1249 2053 1288 recipiatur.
2076 1259 2118 1279 ex

1159 1288 1275 1317 Sthenii
1284 1287 1497 1320 calamitate—,Ec
1507 1296 1556 1317 tua
1566 1298 1670 1318 natum
1683 1287 1725 1318 est
1735 1290 1853 1325 injuria.
1865 1291 1966 1319 Cetera
1975 1300 2038 1320 non
2052 1292 2119 1320 col-

1156 1329 1256 1369 ligam.
1271 1328 1340 1358 sunt
1350 1331 1455 1359 omnia
1463 1330 1631 1359 Siculorum
1639 1329 1784 1369 postulata
1793 1330 1942 1366 ejusmodi
1951 1351 1959 1364 ‚
1973 1341 2006 1361 ut
2015 1333 2120 1362 crimi-

1157 1380 1195 1400 na
1213 1369 1338 1400 collecta
1356 1372 1388 1400 in
1408 1380 1505 1400 unum
1523 1380 1550 1400 te
1567 1381 1653 1400 reum
1672 1371 1731 1401 ess'e
1748 1371 1915 1402 videantur.
1930 1383 1995 1413 quae
2013 1383 2115 1404 tamen

1157 1414 1261 1442 omnia
1279 1422 1372 1442 novas
1392 1413 1515 1451 injurias
1536 1412 1666 1446 habent,
1688 1413 1737 1443 sed
1752 1412 1989 1453 postulationum
1999 1413 2119 1444 formu-

1156 1454 1197 1483 las
1212 1452 1336 1483 usitatas.
1362 1456 1431 1484 Hoc
1441 1453 1623 1493 postulatum
1642 1454 1789 1485 destaruis
1801 1475 1810 1488 ,
1828 1454 1993 1485 ridiculum
2004 1454 2061 1486 effe
2071 1459 2120 1486 vi-

1157 1495 1258 1525 deatur
1269 1497 1307 1528 ei,
1317 1497 1370 1536 qui
1380 1505 1454 1529 rem,
1466 1496 1704 1536 sententiamque
1714 1507 1779 1526 non
1787 1497 1952 1536 perspiciat.
1966 1497 2120 1529 Postulant

1156 1539 1240 1567 enim
1254 1557 1262 1570 ‚
1273 1546 1337 1567 non
1349 1557 1358 1570 ,
1370 1546 1413 1567 uti
1424 1547 1462 1567 ne
1471 1536 1746 1577 coganturstatuere.
1762 1538 1835 1578 quid
1846 1540 1956 1580 igitur?
1970 1547 2003 1567 ur
2012 1540 2074 1580 ipsis
2087 1550 2120 1570 πε

1155 1579 1248 1607 liceat.
1264 1578 1345 1619 Qid
1363 1578 1405 1608 est
1418 1580 1494 1609 hoc?
1512 1582 1587 1619 petis
1597 1578 1612 1609 a
1624 1590 1690 1612 me,
1710 1580 1792 1620 quod
1808 1582 1840 1610 in
1850 1590 1900 1610 tua
1909 1580 2052 1620 potestate
2062 1581 2116 1616 est,

1157 1629 1190 1650 ut
1200 1621 1232 1651 id
1242 1621 1296 1650 tibi
1310 1619 1406 1651 facere
1416 1630 1480 1650 non
1490 1621 1575 1651 liceat
1586 1624 1596 1650 ?
1609 1631 1674 1661 pete
1685 1623 1785 1661 potius
1796 1641 1804 1655 2
1821 1632 1859 1651 ne
1868 1624 1935 1662 quis
1947 1631 1974 1652 te
1984 1618 2118 1654 invitum

1156 1663 1309 1702 polliceri,
1334 1672 1384 1692 aut
1397 1662 1491 1692 facere
1499 1672 1592 1703 cogat.
1623 1663 1711 1692 Nihil
1725 1673 1794 1703 ergo
1805 1683 1812 1696 ,
1829 1666 1939 1704 inquit.
1962 1665 2114 1705 negabunt

1157 1707 1240 1734 enirn
1250 1714 1357 1734 omnes
1369 1704 1398 1734 se
1406 1703 1541 1745 coegisse.
1557 1703 1578 1734 si
1593 1715 1642 1734 me
1652 1705 1767 1734 salvum
1779 1703 1835 1734 effe
1845 1708 1891 1735 vis
1902 1725 1910 1739 ‚
1926 1707 2005 1736 mihi
2015 1709 2118 1746 impo«

1154 1757 1194 1783 ¹ne
1204 1745 1290 1776 istam
1301 1747 1367 1776 vim
1379 1767 1387 1779 ‚
1398 1755 1431 1775 ut
1441 1747 1573 1776 omnino
1584 1748 1662 1776 mihi
1672 1756 1736 1776 non
1747 1747 1831 1776 liceat
1841 1747 1988 1786 polliceri.
2013 1751 2059 1778 Ex
2069 1759 2118 1778 tua

1156 1797 1281 1828 praetura
1291 1789 1425 1827 primum
1436 1796 1501 1818 nata
1511 1787 1553 1818 est
1562 1789 1626 1818 haec
1634 1787 1812 1828 postulatio:
1827 1788 1964 1829 quacum
1976 1799 2112 1823 utuntur,

1156 1832 1213 1859 hoc
1223 1829 1376 1870 fignficant
1386 1850 1394 1863 ,
1412 1839 1498 1870 atque
1508 1829 1582 1860 adeo
1592 1829 1688 1869 aperte
1699 1829 1861 1860 ostendunt
1872 1842 1880 1865 ·,
1892 1830 1951 1860 sese
1960 1830 2115 1867 adflatum

1158 1879 1222 1900 tuas
1252 1872 1378 1900 ecmn'am
1390 1879 1467 1900 metu
1477 1891 1484 1905 ‚
1501 1882 1534 1899 ac
1546 1872 1619 1900 maio
1633 1870 1738 1900 coastos
1747 1890 1755 1904 ‚
1771 1871 1952 1910 invitissimos
1965 1872 2118 1911 contulisti.

1157 1915 1216 1953 Q
1249 1933 1258 1946 ,
1269 1911 1290 1941 fi
1301 1914 1360 1942 hoc
1368 1923 1432 1942 non
1442 1913 1563 1943 dicant?
1580 1913 1635 1942 tibi
1647 1922 1710 1942 non
1720 1911 1834 1942 necesse
1844 1912 1878 1942 sit
1886 1912 1938 1954 ipsi
1947 1914 1978 1944 id
1987 1914 2116 1944 confite-

1156 1958 1180 1984 ri
1192 1960 1202 1985 ?
1214 1954 1291 1983 Vide
1299 1973 1307 1987 ,
1321 1954 1353 1983 &
1362 1955 1493 1993 perspice
1504 1974 1512 1988 ‚
1526 1964 1583 1993 qua
1593 1952 1763 1983 defensione
1773 1952 1807 1983 sls
1816 1955 1932 1984 usurus.
1943 1965 2014 1985 narn
2025 1957 2118 1985 intel«

1156 1997 1228 2036 liges
1239 2014 1248 2028 ‚
1266 1994 1323 2025 hoc
1334 1996 1390 2024 tibi
1401 1995 1437 2024 de
1447 1995 1549 2026 statuis
1566 1994 1773 2025 confitendum
1792 1993 1859 2025 effe.
1882 1997 1962 2026 Mihi
1973 1999 2057 2026 enirn
2067 2007 2113 2027 re-

1157 2040 1313 2067 nuntiatur
1323 2056 1332 2069 ‚
1348 2038 1387 2066 ita
1402 2036 1544 2066 constitui
1558 2036 1574 2066 ἐι
1588 2038 1646 2066 tuis
1664 2039 1796 2076 patronis
1807 2057 1816 2070 ,
1831 2038 2010 2068 hominibus
2026 2041 2112 2080 inge-

1157 2077 1246 2108 niosis
1258 2098 1266 2111 ,
1286 2079 1402 2108 causam
1415 2087 1496 2108 tuam
1508 2098 1516 2111 ,
1532 2078 1564 2108 δε
1575 2080 1613 2108 ita
1626 2088 1678 2107 eos
1697 2078 1746 2108 abs
1763 2087 1790 2108 te
1806 2078 1942 2112 institui,
1961 2080 2112 2110 &doceriz

1156 2130 1189 2149 u:
1197 2120 1321 2160 quisque
1331 2129 1371 2149 ex
1383 2121 1539 2159 provincia
1548 2120 1647 2149 Sicilia
1658 2122 1771 2160 gravior
1782 2121 1877 2150 homo
1888 2141 1897 2154 ,
1918 2130 2004 2161 atque
2015 2123 2112 2151 hone-

1157 2161 1243 2195 stior,
1256 2160 1468 2191 testimonium
1478 2162 1686 2191 vehementius
1697 2161 1818 2195 dixerit,
1828 2161 1910 2192 ficuti
1920 2163 2013 2192 Siculi
2025 2165 2116 2194 multi

1155 2205 1288 2242 primarii
1299 2205 1356 2232 viri
1367 2203 1461 2232 multa
1472 2203 1632 2236 dixerunt,
1651 2212 1677 2232 te
1688 2202 1785 2233 statim
1795 2204 1854 2233 hoc
1864 2203 1928 2233 istis
1938 2207 1995 2234 tuis
2007 2204 2115 2235 defen-

1156 2245 1272 2274 soribus
1282 2244 1379 2274 dicere
1390 2255 1395 2273 z
1407 2246 1552 2274 inimicus
1561 2244 1602 2274 est
1612 2254 1763 2284 propterea
1773 2265 1781 2278 ‚
1793 2245 1867 2286 quad
1875 2254 1970 2275 arator
1979 2245 2030 2276 eff.
2055 2249 2115 2277 Ita·

1154 2296 1212 2327 que
1222 2296 1284 2316 uno
1294 2296 1419 2327 genero,
1439 2288 1569 2326 opinor,
1586 2286 1827 2316 circumscribere
1837 2287 1950 2317 habetis
1960 2290 1990 2317 in
2004 2290 2111 2318 animo

1154 2338 1247 2369 genus
1257 2328 1316 2357 hoc
1324 2337 1483 2361 aratorum,
1495 2326 1577 2368 quod
1589 2338 1639 2358 eos
1650 2327 1768 2358 infenso
1779 2330 1895 2362 animo,
1911 2337 1995 2369 atque
2006 2331 2113 2359 inimi-

1153 2380 1190 2400 co
1201 2368 1312 2400 veniffe
1324 2369 1426 2399 dicatis
1437 2390 1445 2402 ‚
1457 2380 1526 2409 quia
1533 2368 1625 2399 fuerit
1634 2372 1666 2399 in
1677 2370 1812 2400 decumis
1823 2370 1877 2400 iste
1888 2371 2110 2401 vehementior.

1154 2415 1232 2452 Ergo
1249 2420 1376 2441 aratores
1391 2431 1399 2444 ‚
1422 2414 1439 2437 4
1452 2413 1570 2440 inimici
1589 2421 1697 2441 omnes
1708 2431 1716 2445 ‚
1737 2411 1892 2442 adversarii
1913 2412 1991 2442 sunt.
2013 2423 2112 2443 nemo

1154 2463 1261 2483 eorum
1281 2452 1324 2483 est
1333 2473 1342 2486 ‚
1356 2454 1432 2493 quin
1442 2453 1536 2494 pertffe
1549 2460 1576 2481 re
1589 2454 1695 2493 cupiat.
1720 2455 1857 2483 Omnino
1866 2453 2001 2493 praeclare
2020 2463 2047 2484 te
2057 2455 2110 2485 ha«-

1154 2495 1204 2525 bes
1215 2515 1223 2529 ‚
1238 2493 1346 2524 cumis
1364 2494 1438 2524 ordo
1449 2515 1457 2528 ‚
1473 2503 1558 2533 atque
1579 2494 1607 2523 id
1622 2504 1716 2534 genus
1734 2496 1896 2525 hominum
1910 2515 1917 2528 ‚
1932 2495 2014 2535 quod
2030 2499 2111 2536 opti-

1155 2547 1241 2566 mum
1252 2557 1261 2569 ,
1282 2545 1367 2576 atque
1377 2534 1617 2566 honestiffimum
1630 2535 1672 2565 est
1684 2556 1692 2569 ,
1713 2536 1728 2566 -Σ1
1739 2546 1799 2576 quo
1809 2546 1872 2566 uno
1882 2537 1914 2566 &
1925 2537 2043 2567 summa
2052 2540 2112 2567 rci-

1152 2579 1279 2618 publicae
1294 2598 1301 2611 ‚
1327 2578 1360 2607 &
1378 2578 1430 2607 illa
1449 2579 1602 2616 provincia
1620 2579 1754 2608 maxime
1776 2580 1948 2608 continetur
1961 2599 1969 2611 ,
1994 2579 2049 2608 tibi
2067 2579 2111 2610 est

1154 2618 1408 2650 inimicissimum.
1433 2618 1547 2648 Verum
1567 2618 1629 2648 esto
1645 2629 1650 2647 τ
1671 2619 1730 2648 alio
1742 2620 1810 2648 loco
1828 2619 1865 2649 de
1883 2628 2034 2650 aratorum
2044 2625 2111 2650 ani-

1155 2672 1223 2695 mo,
1247 2662 1408 2700 &injuriis
1418 2660 1532 2690 videro.
1556 2670 1637 2689 nunc
1648 2680 1655 2692 ,
1674 2661 1756 2700 quod
1767 2661 1844 2690 mihi
1854 2661 1904 2691 abs
1915 2671 1943 2691 te
1952 2661 2053 2696 datur,
2076 2663 2109 2693 id

1150 2704 1264 2743 accipio
1275 2723 1283 2736 ‚
1298 2712 1349 2731 eos
1359 2702 1414 2732 tibi
1426 2700 1482 2731 esse
1499 2700 1733 2732 inimiciffirnos.
1756 2712 1864 2742 nempe
1883 2705 1922 2733 ita
1937 2703 2010 2733 dicis
2023 2725 2030 2737 ,
2042 2711 2109 2745 pro-

1145 2754 1206 2786 pter
1218 2745 1358 2774 decumas.
1373 2743 1533 2777 Concedo,
1552 2753 1617 2774 non
1634 2750 1737 2784 quaero
1748 2764 1756 2778 ,
1773 2745 1841 2784 jure
1852 2764 1860 2779 ,
1880 2755 1919 2775 an
1933 2745 2043 2786 injuria
2053 2745 2110 2776 fin:

2003 2797 2115 2817 inimi-

188 2907 212 2926 1.
230 2900 286 2928 cAd
294 2901 354 2926 H-s
365 2909 421 2927 cxx
432 2902 531 2936 millia]
552 2902 657 2928 Meteri.
671 2903 699 2928 &
711 2901 788 2929 Fabr.
800 2902 861 2927 H-s
873 2900 1027 2927 xxnxrsix
1040 2899 1103 2925 mihi

149 2933 182 2961 fit
189 2934 298 2961 dubium
308 2935 383 2962 fuisse
393 2938 471 2963 initio
484 2957 492 2969 ‚
502 2947 601 2963 ccmo.
622 2946 712 2964 monet
722 2939 791 2964 enim
803 2936 900 2963 diserte
912 2937 1014 2963 Pierius
1025 2937 1104 2962 Vale-

150 2970 238 2997 rianus
248 2970 316 2998 libro
327 2981 433 2998 xxxxix
446 2974 626 3010 Hieroglyph.
645 2975 687 3000 ubi
707 2974 886 3000 invenerimus
899 2983 917 2999 1,
936 2983 969 2999 1111
975 2982 1017 2998 11111
1036 2972 1103 2998 duo-

151 3004 199 3032 bus
210 3015 244 3032 66
255 3007 395 3043 proepofitis
407 3028 415 3039 ,
435 3010 547 3035 totidem
567 3018 630 3035 vero
643 3019 666 3036 11
678 3010 718 3036 vel
732 3019 768 3036 xx
779 3009 902 3043 ilxbjeftis
916 3029 924 3040 ‚
942 3007 1102 3035 credendum

151 3040 228 3067 fuisse
237 3051 345 3073 ccroo;
366 3044 430 3070 item
441 3054 558 3071 cccnlu
572 3046 611 3071 vel
622 3055 772 3078 cccnxxx,
784 3045 941 3072 mutandum
952 3046 979 3071 in
990 3054 1103 3076 6661333,

154 3076 183 3103 δε
193 3077 226 3103 fic
235 3077 367 3114 deinceps.

188 3120 217 3138 2.
234 3114 398 3148 Transtre'pqye
405 3117 543 3151 videntum]
555 3117 674 3154 Recepta
685 3118 766 3155 vulgo
777 3137 785 3153 ,
795 3119 896 3154 transire
900 3118 960 3152 pqffe
968 3117 1103 3145 videamur.

112 3142 119 3151 '
152 3145 197 3188 sed
206 3147 319 3189 alterum
328 3149 365 3180 est
374 3150 403 3180 111
412 3153 433 3181 F
434 3151 490 3182 abr.
500 3153 528 3180 &
539 3153 647 3183 Meteu.

1187 2909 1199 2932 ἒ,
1208 2921 1213 2926 .
1234 2905 1329 2927 luseram
1339 2900 1469 2932 accipit-ndi
1480 2900 1592 2932 ,fiddya
1604 2900 1698 2929 auferre
1707 2898 1859 2932 videamur]
1872 2898 1937 2923 Haec
1948 2898 1983 2924 cst
1994 2896 2108 2934 scriptu·

1150 2947 1177 2963 ra
1188 2933 1306 2962 bmnium
1319 2936 1375 2962 niis.
1395 2936 1543 2961 nostrorum
1555 2936 1582 2960 ἃ
1593 2934 1740 2962 editionum
1753 2935 1835 2970 11111116
1848 2933 1879 2961 ad
1893 2934 1922 2959 P.
1934 2934 2084 2960 Mamurium
2098 2951 2109 2964 5

1150 2973 1195 3008 qui
1207 2972 1300 2998 maluit
1312 2981 1392 2997 mamm
1405 2972 1456 3001 (jes.
1476 2974 1581 3004 auseme.
1601 2970 1736 3007 quomodo
1754 2970 1922 2997 emendatum
1942 2971 1968 2996 in
1989 2969 2044 2995 Pal.
2058 2968 2109 2994 sec.

1151 3011 1318 3035 Hotomanus
1330 3006 1471 3033 'inclinabat
1482 3007 1506 3032 in
1519 3008 1660 3037 moi·em<1)c.
1677 3009 1751 3041 adfui-1
1760 3018 1779 3033 e.
1799 3007 1827 3032 ὃ(
1839 3015 1902 3032 vero
1912 3006 2005 3039 adferre
2014 3006 2108 3031 eratin

1153 3045 1257 3070 Metell.
1270 3043 1385 3069 [errabat
1396 3050 1482 3068 tamen
1495 3052 1591 3069 maram.

1184 3087 1212 3112 4.
1232 3082 1407 3104 17.r.³›11ici<1nncs
1419 3098 1427 3110 ‚
1438 3079 1659 3112 advcffariifimt]
1672 3077 1818 3104 Lambinus
1828 3076 1962 3104 interserit
1971 3075 2104 3112 copulam,

1149 3115 1177 3145 01·
1187 3116 1280 3148 ariwf.
1291 3116 1342 3145 (Ire.
1353 3114 1460 3144 mallem
1471 3115 1554 3152 repeti
1566 3114 1720 3147 vocem‚hoc
1730 3113 1810 3143 modo
1821 3124 1828 3142 2
1839 3116 1931 3142 inimici
1940 3118 2109 3143 ommi-‚omnes

1140 3151 1364 3188 .advc⁷y‘'arilficnr.
2088 3182 2092 3186 .

1576 3186 1601 3217 K
1613 3186 1633 3213 k
1654 3194 1669 3222 3
2011 3190 2033 3210 1.
2045 3179 2114 3216 ,Qui

2143 787 2190 820 60
