2368 3385
285 132 372 179 138
543 130 612 177 M.
649 126 895 174 Tucnit
931 123 1300 172 CICERotsus
1337 136 1409 174 DE
1446 124 1592 170 OP‘r·
1630 125 1777 171 G-EN-
1819 125 2024 171 ORA'n

285 212 455 241 orationem
466 207 596 240 nostram
608 206 797 238 tolerabilem
810 204 927 236 tantum
939 223 953 237 ›.
969 213 1005 234 an
1017 206 1107 233 etiam
1118 201 1248 232 admira-
1275 203 1394 244 -legam,
1415 198 1504 246 qus'zm
1522 204 1629 234 (ἔναιε
1645 207 1656 234 ‚²
1679 204 1777 234 Iidem
1797 203 1961 240 Andriam,
1983 204 2017 236 δε
2036 202 2252 245 8γηερέιεδοε-ὲ

287 253 382 282 bilem
402 249 460 282 csse
479 253 635 291 cupiamus
653 252 664 278 ?
695 251 769 278 Non
787 247 954 286 enimjam,
969 247 1156 286 qumi-imus,
1174 243 1250 284 quid·
1275 247 1461 280 ,necminus
1471 249 1652 282 Terentium
1667 267 1675 280 ‚
1697 246 1897 282 &Caecilium
1911 266 1920 280 ,
1940 246 2035 288 quam
2044 246 2250 278 Menandrum

289 293 323 324 sit
335 293 430 325 Attici¹
443 313 450 327 ‚
472 294 520 323 scd
539 292 612 333 quid
632 290 666 320 sit
684 288 786 328 optime*
803 288 899 320 dicere.
923 291 969 319 Ex
983 297 1044 329 quo
1058 287 1249 329 intelligit-ur,
1286 289 1408 331 legunt:
1428 298 1484 319 nec
1494 288 1740 320 Andromacham
1751 308 1760 322 ‚
1775 297 1824 320 aut
1834 291 1999 330 Antiopam
2010 308 2018 323 ‚
2032 298 2083 321 aut
2094 289 2251 329 Epigonos¹

290 338 437 376 quoniam
448 337 624 365 Gra-corum
633 341 787 363 oratorum
801 329 1030 372 praestantiffirni
1048 330 1117 360 sunt
1135 330 1178 362 ii,
1197 329 1250 369 qui
1289 331 1415 362 Latinos
1433 332 1588 370 recipiam.
1612 330 1661 365 sed
1679 339 1781 364 tamen
1792 333 1928 365 Ennium
1939 351 1949 365 ,
1968 331 2000 361 &
2011 333 2174 367 Pacuvium
2185 350 2194 364 ,
2214 331 2251 363 ὃς

287 382 412 408 ruerunt
422 377 549 407 Athenis
561 395 570 410 ,
587 384 695 406 eorum
706 382 809 404 autem
821 374 959 413 princeps
969 371 1055 404 saci-le
1067 369 1251 404 Demosthe-
1276 375 1418 404 'Accium
1436 371 1538 412 potius
1549 392 1558 406 ‚
1578 373 1672 413 quam>
1687 372 1864 412 Euripidem
1885 373 1917 407 ὃς
1933 373 2117 413 Sophoclem
2136 373 2162 403 le
2186 382 2251 404 unt.

291 429 361 449 urs:
384 421 462 449 hunc
481 416 569 459 siquis
588 419 745 450 imitetur,
764 425 835 446 eum
855 415 889 448 ὃς
905 414 1004 445 Attice
1024 413 1198 448 &fiturum
1218 412 1251 444 &
1324 414 1383 444 uod
1394 413 1536 455 igiturest
1546 424 1652 445 eorum
1663 416 1696 449 in
1704 414 1917 446 orationibuse
1929 417 2035 445 Graeco
2043 424 2156 445 conver
2180 413 2254 449 s‚fa-·

291 460 427 500 optime:
450 469 502 494 ut,
522 461 668 500 quoniam
683 459 776 489 Attici
787 457 877 488 nobis
886 455 1028 497 propositi
1043 456 1109 486 sunt
1126 455 1161 486 ad
1179 455 1249 485 imi·
1290 457 1325 488 sti
1349 459 1434 490 ium,
1455 456 1575 486 nulium
1594 456 1669 491 curn
1687 455 1720 491 sit
1741 458 1773 486 in
1791 456 1922 487 versibus
1938 459 1948 486 ?
1970 456 2027 487 Sed
2046 456 2250 498 aggrediamur
2269 465 2290 504 7

258 511 272 539 ς
292 503 416 533 tandum
429 522 436 535 ,
459 501 641 532 benedicere
652 521 660 534 ‚
682 500 712 530 id
724 499 756 530 fit
767 499 863 530 Attice
876 499 982 529 dicere.
1006 498 1061 529 Sed
1075 497 1147 528 cum
1165 499 1197 528 in
1214 507 1251 527 eo
1287 500 1350 539 jam
1359 498 1440 539 quod
1453 498 1636 539 suscepimus
1647 518 1655 532 ,
1677 496 1696 528 fi
1716 498 1801 539 prius
1818 498 2065 539 exposuerimus,
2086 508 2152 539 quae
2168 499 2253 530 causa
2290 502 2293 506 ’

291 554 417 583 magnus
427 554 510 574 error
526 542 615 577 esset,
635 542 722 584 quale
741 541 813 572 effer
830 541 861 572 id
880 541 1001 572 dicendi
1019 550 1131 582 genus:
1150 541 1253 580 putavi
1291 544 1323 571 in
1340 541 1493 581 judicium
1513 539 1639 571 deduCta
1656 539 1699 571 sit.
1723 540 1802 571 Cum
1815 539 1887 571 effet
1897 541 1947 571 lex
1958 541 2084 570 Athenis
2096 560 2104 574 ‚
2127 549 2254 580 NEQss

291 579 369 616 mihi
381 585 602 625 suscipiendum
615 586 748 614 laborem
760 604 768 618 ‚
787 584 892 614 utilem
913 583 1047 614 studiosis
1059 603 1067 615 ‚
1088 584 1166 612 mihi
1185 583 1252 622 qui-
1288 583 1395 627 populi
1413 583 1521 613 scitum
1538 581 1667 616 faceret,
1688 592 1720 613 ut
1737 583 1895 624 quisquam
1914 591 2025 612 corona
2041 582 2202 613 donaretur
2217 585 2253 614 in

290 628 358 657 <lem
371 627 423 667 ipsi
435 637 498 657 non
512 625 722 657 necess'arium.
740 628 884 656 Converti
894 627 977 655 enim
989 635 1026 655 cx
1037 626 1142 655 Atticis
1153 644 1161 658 ‚
1174 624 1251 654 duo-
1291 624 1459 666 magistratu
1479 623 1580 665 prius,
1599 625 1690 665 quam
1708 634 1838 655 rationes
1858 623 2019 654 retulisset:
2038 624 2072 655 &
2086 625 2175 656 altera
2187 624 2251 660 lex,

291 680 358 699 ium
381 668 695 710 cloquennffimorum
717 666 916 699 nobiliffimas
939 669 1090 698 orationes
1117 668 1196 696 inter
1222 665 1251 695 se
1291 677 1361 698 Eos
1372 687 1380 700 ‚
1406 675 1457 708 Q]
1471 677 1482 696 r
1502 667 1517 697 a
1530 667 1644 707 populo
1657 666 1842 697 donarentur
1853 687 1862 700 .
1881 667 1913 696 in
1923 667 2073 697 concione
2083 666 2190 697 donari
2199 666 2253 697 de-

289 713 450 741 contianus
463 731 471 744 ²
491 711 642 742 AEschinis
654 731 662 744 ‚
682 709 972 750 Demosthenisque:
992 719 1048 739 nec
1058 708 1181 738 converti
1190 727 1197 740 2
1219 716 1253 737 ut
1290 710 1376 740 bere:
1391 711 1485 750 4quia
1497 710 1528 738 in
1539 709 1638 739 senatu
1649 707 1873 739 Demosthenes
1881 717 1998 739 curator
2009 710 2104 738 muris
2115 707 2254 740 reficien-

290 762 436 793 interpres
445 772 454 787 ,
475 753 523 784 sed
538 762 572 783 ut
584 761 682 784 orator
693 773 700 786 ,
720 753 875 782 sententiis
886 751 992 781 iisdem
1004 771 1012 784 ‚
1032 752 1065 781 &
1075 760 1177 781 earum
1189 748 1250 779 for·
1291 751 1337 781 dis
1346 750 1420 785 fuit,
1433 751 1544 792 eosque
1554 750 1656 782 refecit
1665 752 1793 791 pecunia
1803 751 1867 781 sua:
1882 750 1918 780 de
1928 752 1985 781 hoc
1996 752 2085 791 igitur
2093 749 2257 791 ctesiphon

290 805 349 824 mzs
361 814 369 828 ‚
391 804 531 835 tanquam
546 793 649 836 figuris
661 815 669 828 ,
689 794 788 825 verbis
801 794 836 824 ad
851 793 983 823 nostram
996 792 1249 823 consuetudinem
1288 795 1397 824 scitum
1407 792 1478 823 fecit
1487 813 1496 826 ‚
1513 793 1605 822 nullis
1616 793 1728 833 abipso
1738 792 1904 823 rationibus
1916 793 2024 834 relatis,
2041 801 2072 822 ut
2082 802 2192 830 corona
2201 803 2254 824 au-

289 847 364 876 aptis
376 848 381 866 ;
393 839 425 866 in
436 837 546 877 quibus
557 841 566 857 ¹
578 847 642 867 non
652 836 779 866 verbum
791 846 843 876 pro
852 836 944 865 verbo
954 833 1068 865 necesse
1079 834 1170 864 habui
1181 833 1250 863 red·
1290 845 1336 866 rea
1346 835 1506 865 donaretur
1517 845 1522 863 :
1534 845 1626 875 eaque
1637 834 1762 865 donatio
1774 833 1856 864 fieret
1867 836 1898 864 in
1911 835 2023 864 theatro
2034 854 2043 868 ‚
2053 835 2168 875 populo
2176 845 2253 866 con-

290 880 376 912 dere,
392 878 440 909 sed
450 889 545 919 genus
556 880 701 910 omnium
710 878 871 908 verborum
883 897 891 911 ‚
904 879 1029 917 vimque
1040 877 1162 907 servavi.
1186 885 1251 905 non
1276 886 1412 917 vocato:
1430 879 1483 918 qui
1502 877 1586 907 locus
1602 887 1665 907 non
1685 876 1727 907 est
1745 879 1906 907 concionis
1923 877 2084 918 legitimae:
2107 886 2194 918 atque
2213 879 2254 908 ita

288 931 372 951 euim
386 931 417 950 ca
433 931 483 951 me
498 930 693 951 annumerare
708 919 813 950 leftori
829 922 931 960 putavi
946 928 1084 960 oportere
1096 937 1106 951 ,
1125 916 1175 948 sed
1187 926 1252 946 tan·
1290 918 1497 960 praedicaretur
1514 938 1524 954 ,
1564 921 1645 950 EUM
1663 929 1794 950 Domini
1819 928 1982 949 vta-ruris
2004 918 2092 949 anob
2111 928 2256 950 nnmvo-

287 973 377 1003 quarn
389 963 563 1003 appendere.
589 964 648 992 Hic
658 963 742 993 labor
752 971 838 992 meus
850 962 907 991 hoc
918 959 1084 1002 assequetur
1094 980 1103 994 ‚
1114 968 1146 989 ut
1156 957 1251 988 nostri
1293 970 1396 992 Lim-1⁴1
1403 970 1505 1001 AEQE
1524 980 1533 994 ,
1566 970 1668 999 QLAM
1695 971 1788 991 ERGA
1817 971 1978 991 poanUM
2000 964 2255 991 ATHENOENSEM

289 1006 450 1039 homines,
471 1004 544 1045 quid
555 1005 591 1035 ab
602 1005 815 1045 illisexigant‚
833 1003 928 1043 quise
939 1006 1054 1034 Atticos
1071 1002 1177 1032 volunt
1188 1021 1197 1034 ,
1218 1000 1251 1030 &
1291 1012 1458 1034 annnam.
1481 1004 1576 1033 Hunc
1593 1006 1681 1045 igitur
1691 1002 1916 1043 Ctesiphontem
1927 1002 2118 1042 injudicium
2128 1002 2256 1035 adduxit

287 1046 323 1077 ad
334 1056 425 1087 quam
436 1056 487 1077 eos
499 1045 578 1087 quasi
588 1046 748 1085 formulam
757 1045 878 1076 dicendi
889 1054 1032 1076 revocent
1042 1064 1053 1077 2
1071 1043 1250 1084 intelligant·
1292 1045 1452 1076 AEschines
1462 1064 1471 1077 ‚
1490 1044 1573 1085 quod
1590 1054 1694 1075 contra
1712 1046 1790 1087 leges
1807 1042 1959 1085 scripfiffet
1969 1064 1978 1078 ,
1998 1054 2031 1075 ut
2041 1044 2074 1075 &
2084 1045 2256 1075 rationibus

286 1088 344 1119 Sed
352 1090 504 1119 exorietur
514 1084 718 1128 Thucydides.
742 1088 806 1126 ejus
815 1089 899 1117 enim
909 1086 1033 1128 quidem
1044 1086 1250 1126 eloquentiam
1292 1096 1356 1118 non
1367 1086 1466 1117 relatis
1475 1096 1587 1117 corona
1600 1087 1760 1117 donaretur
1768 1107 1779 1121 ‚
1798 1087 1831 1118 &
1842 1096 1874 1117 ut
1885 1089 1916 1117 in
1927 1087 2042 1117 theatro
2054 1106 2063 1120 ‚
2083 1087 2117 1117 &
2126 1086 2208 1128 quod
2218 1086 2257 1118 de

287 1130 482 1161 admirantur.
506 1129 541 1159 Id
552 1130 676 1171 quidem
691 1128 788 1159 refice:
807 1128 856 1159 scd
868 1129 947 1159 nihil
955 1128 991 1158 ad
1002 1137 1073 1158 eum
1086 1135 1248 1160 oratorem,
1290 1130 1399 1159 virtute
1419 1138 1502 1168 ejus,
1524 1128 1557 1158 δε
1576 1128 1782 1159 benivolentia
1796 1149 1807 1162 ,
1825 1128 1897 1159 falsa
1915 1126 2067 1168 scripsiss'et
2078 1140 2089 1163 ;
2107 1130 2259 1169 quoniam

287 1182 377 1213 quem
388 1174 560 1213 quaerimus.
585 1171 678 1202 Aliud
694 1171 736 1202 est
751 1172 835 1202 enim
854 1171 1001 1211 explicare
1018 1180 1062 1200 res
1074 1168 1168 1211 gestas
1182 1178 1250 1198 nar·
1292 1169 1518 1202 Demosthenes
1530 1180 1585 1200 nec
1594 1172 1641 1201 vir
1651 1170 1748 1200 bonus
1759 1169 1850 1204 effer,
1869 1180 1923 1200 nec
1934 1170 2012 1200 bene
2026 1172 2150 1203 meritus
2163 1170 2200 1201 de
2212 1172 2259 1201 ci-

285 1213 397 1247 rande,
419 1213 500 1244 aliud
516 1213 755 1255 argumentando
771 1214 924 1243 criminari
940 1232 948 1246 ‚
971 1213 1127 1242 crimenve
1146 1208 1251 1241 diffol-
1290 1215 1389 1243 vitate.
1412 1212 1502 1243 Causa
1512 1212 1573 1252 ipsa
1581 1212 1717 1242 abhorret
1727 1214 1779 1243 illa
1788 1212 1916 1253 quidem
1926 1211 1942 1242 a
1952 1212 2085 1242 formula
2095 1212 2259 1243 consuetu-

287 1266 371 1285 vere:
390 1255 471 1286 aliud
488 1258 658 1286 narratione
671 1264 772 1286 tenere
788 1254 959 1286 auditorem
971 1274 978 1287 ‚
997 1253 1078 1288 aliud
1089 1253 1249 1287 concitare.
1289 1254 1373 1286 dinis
1390 1252 1515 1286 nostrae:
1536 1253 1586 1286 sed
1600 1253 1642 1285 est
1657 1264 1774 1296 magna,
1798 1254 1897 1284 Habet
1908 1255 1992 1285 enim
2003 1254 2149 1295 &legum
2160 1256 2258 1285 inter.

289 1301 326 1328 At
338 1298 472 1339 loquitur
479 1298 592 1337 pulcre.
616 1300 704 1328 Num
716 1296 830 1327 melius
839 1316 848 1330 ‚
860 1297 951 1337 quam
963 1296 1045 1328 Plato
1057 1299 1066 1325 ?
1081 1292 1195 1325 necess‘e
1206 1303 1250 1324 ta-
1288 1298 1490 1337 pretationem
1505 1296 1572 1326 satis
1589 1305 1708 1326 acutam
1722 1298 1755 1326 in
1765 1306 1922 1337 utramque
1932 1305 2046 1336 partem
2056 1315 2064 1330 ‚
2085 1296 2118 1327 &
2127 1298 2257 1327 merito-

287 1349 359 1369 men
370 1339 414 1370 est
422 1342 531 1370 oratori
547 1361 557 1373 ,
575 1349 667 1380 quem
678 1342 839 1381 quaerimus
850 1358 857 1372 ‚
879 1336 1092 1369 controversias
1103 1336 1251 1377 explicare
1288 1348 1358 1369 rum
1377 1340 1410 1368 in
1423 1338 1561 1378 rempub.
1573 1340 1804 1369 contentionem
1820 1338 1888 1368 sane
1905 1347 2037 1378 gravem.
2061 1340 2162 1379 ltaque
2171 1338 2259 1370 causa

284 1380 419 1412 forenses
437 1381 558 1412 dicendi
575 1391 683 1423 genere
701 1390 770 1421 apto
784 1381 820 1411 ad
834 1380 1007 1412 docendum
1020 1400 1029 1413 ‚
1051 1379 1087 1410 ad
1097 1377 1250 1411 dele&an—
1290 1380 1427 1412 AEschini
1440 1390 1446 1409 t
1466 1382 1611 1421 quoniam
1624 1381 1684 1420 ipse
1694 1380 1710 1411 a
1722 1379 1932 1411 Demosthene
1941 1378 2126 1420 effetcapitis
2138 1380 2259 1412 accusa-
2303 1387 2308 1391 ’

248 1423 268 1461 6
287 1423 361 1453 dum
373 1443 381 1457 ,
395 1423 433 1454 ad
441 1424 695 1464 permovendum.
719 1426 815 1463 Qare
827 1421 847 1452 si
858 1424 927 1463 quis
937 1424 1008 1456 erit,
1029 1423 1081 1462 qui
1091 1420 1249 1460 Thucydi·
1287 1431 1352 1457 tus,
1375 1421 1457 1464 quod
1472 1424 1655 1464 legationem
1673 1424 1835 1453 ementitus
1853 1421 1940 1456 efl'et,
1962 1431 1995 1452 ut
2012 1422 2176 1453 ulciscendi
2192 1423 2258 1452 ini-

287 1465 339 1495 dio
357 1475 464 1506 genere
482 1466 579 1496 causas
598 1467 630 1495 in
650 1464 718 1495 foro
728 1464 883 1495 disturum
900 1464 927 1494 se
942 1462 1000 1494 ess'e
1012 1461 1203 1503 profiteatur,
1223 1464 1250 1491 is
1288 1466 1361 1495 mici
1371 1465 1468 1497 causa,
1484 1466 1614 1494 nomine
1625 1463 1844 1504 Ctesiphontis,
1856 1464 2007 1504 judicium
2019 1462 2256 1500 fieretdefafilzis,

286 1506 440 1537 abhorreat
450 1509 541 1538 etiam
553 1507 570 1536 a
584 1507 752 1547 suspicione
763 1508 826 1546 ejus
841 1526 849 1539 ‚
869 1516 934 1547 quae
943 1505 1073 1536 versatur
1083 1507 1114 1534 in
1124 1515 1154 1534 re
1165 1504 1250 1535 civili
1286 1506 1426 1547 famaque
1436 1505 1664 1536 Demosthenis.
1689 1509 1764 1536 Non
1781 1508 1866 1536 enirn
1883 1515 1944 1536 tam
1965 1506 2061 1537 multa
2071 1506 2152 1537 dixit
2161 1505 2199 1536 de
2208 1515 2256 1537 ra-

287 1550 319 1579 &
330 1548 457 1579 forenfi:
480 1550 554 1590 ²qui
565 1548 779 1588 Thucydidem
796 1547 948 1581 laudavit,
970 1547 1112 1578 adscribat
1122 1547 1180 1577 suae
1191 1556 1250 1576 no·
1288 1549 1425 1580 tionibus
1438 1557 1503 1579 non
1516 1548 1614 1579 relatis
1626 1568 1634 1582 ‚
1653 1548 1746 1589 quam
1765 1548 1802 1578 de
1819 1558 1855 1578 eo
1866 1568 1875 1581 ‚
1897 1547 1980 1589 quod
1994 1550 2070 1578 civis
2083 1548 2259 1588 improbus,

285 1590 374 1621 stram
392 1591 584 1622 sententiam.
607 1593 691 1632 Qin
710 1591 810 1630 ipsum
819 1591 979 1620 Isocratem
991 1609 999 1622 ‚
1020 1598 1112 1630 quem
1125 1588 1248 1619 divinus
1289 1600 1322 1621 ut
1341 1592 1496 1630 optimus,
1516 1589 1649 1621 laudatus
1667 1588 1750 1620 esset.
1784 1592 1871 1620 Hanc
1892 1589 2040 1621 mulc'tam
2060 1590 2218 1621 AEschines
2237 1590 2256 1623 fa

284 1632 388 1664 aanor
396 1633 479 1664 Plato
495 1634 584 1664 suurn
602 1632 665 1663 fere
683 1633 828 1674 aequalem
846 1631 1063 1663 admirabiliter
1079 1633 1111 1661 in
1121 1630 1247 1662 Phaedro
1291 1631 1482 1672 Ctesiphonte
1499 1634 1585 1672 petiit
1611 1631 1814 1673 quadriennio
1839 1641 1906 1663 ante
1924 1633 2057 1672 Philippi
2077 1631 2256 1663 Macedonis

284 1673 396 1705 laudari
414 1674 486 1705 fecit
500 1674 515 1705 a
531 1677 648 1706 Socrate
661 1695 668 1709 ‚
688 1684 840 1715 quemque
858 1683 966 1704 omnes
987 1672 1071 1704 dosti
1091 1674 1246 1703 summum
1291 1684 1441 1705 mortem:
1461 1673 1670 1711 sedjudicium
1681 1673 1796 1705 facium
1807 1673 2068 1715 estaliquotannis
2076 1672 2146 1715 'post
2157 1693 2167 1708 ‚
2181 1674 2257 1705 Ale-

284 1725 436 1747 oratorem
453 1715 512 1747 effe
531 1716 690 1747 dixerunt:
711 1720 724 1744 3
737 1725 839 1747 tamen
849 1716 930 1746 hunc
941 1717 972 1746 in
987 1725 1117 1746 numero
1128 1725 1191 1746 non
1203 1724 1249 1745 re·
1288 1716 1406 1748 xandro
1420 1717 1483 1756 jam
1496 1715 1595 1746 Asiam
1616 1725 1752 1746 tenente:
1773 1716 1805 1747 id
1822 1716 1904 1757 quod
1925 1716 2074 1755 judicium
2092 1716 2258 1747 concursus

285 1767 379 1798 pono.
404 1769 469 1790 non
482 1761 567 1789 enim
582 1761 612 1788 in
627 1759 687 1787 acie
698 1759 828 1789 versatur
838 1778 846 1791 ‚
870 1757 992 1788 &ferro
1003 1769 1012 1792 ς
1033 1755 1113 1798 quasi
1122 1757 1248 1787 rudibus
1290 1759 1401 1789 dicitur
1410 1758 1427 1788 ὲ
1442 1766 1502 1788 tota
1513 1759 1625 1788 Graecia
1633 1757 1729 1788 faetus
1738 1756 1807 1788 effe.
1830 1758 1913 1800 Qid
1924 1760 2010 1789 enim
2020 1768 2069 1789 aut
2080 1767 2140 1788 tam
2150 1758 2257 1788 visen-

285 1801 350 1840 eJus
367 1800 463 1831 eludit
479 1803 584 1831 oratio.
607 1802 635 1830 A
646 1810 695 1830 me
705 1809 805 1830 autern
825 1800 870 1837 (ut
881 1809 951 1830 curn
963 1801 1107 1831 maximis
1119 1799 1249 1829 minima
1290 1801 1365 1831 dum
1376 1821 1385 1834 ‚
1407 1809 1441 1830 ut
1454 1799 1638 1830 audiendum
1655 1799 1731 1834 fuit,
1749 1800 1841 1840 quam
1852 1801 2044 1831 summorum
2055 1809 2209 1831 oratorum
2220 1801 2257 1831 in

284 1841 452 1883 conferam)
460 1843 658 1884 gladiatorum
670 1852 721 1882 par
731 1840 951 1872 nobiliffimum
965 1840 1250 1872 inducittir.AEschi—
1289 1841 1457 1884 gravissima
1466 1842 1550 1872 causa
1560 1862 1569 1876 ‚
1585 1851 1714 1872 accurata
1723 1861 1731 1874 ‚
1744 1843 1777 1873 &
1787 1842 1943 1872 inimicitiis
1952 1842 2073 1873 incensa
2081 1843 2257 1873 contentio?

283 1894 356 1918 nes,
378 1893 518 1925 tanquam
539 1885 717 1914 AEserninus
736 1884 990 1924 (uraitLucilius)
1009 1894 1060 1913 non
1072 1883 1251 1923 spurcuslw-
1291 1888 1430 1926 Qorum
1449 1894 1505 1925 ego
1521 1886 1670 1915 orationes
1684 1882 1704 1913 sl
1715 1904 1725 1918 ‚
1741 1893 1774 1915 ut
1782 1884 1866 1924 spero
1877 1904 1886 1918 ‚
1906 1887 1947 1915 ita
1957 1882 2144 1925 expressero,
2158 1885 2258 1915 virtu-

283 1934 328 1955 mo
338 1946 346 1959 ,
358 1926 409 1965 [ἑά
416 1925 512 1956 dusius
522 1926 556 1959 (φ
564 1936 626 1955 acer
636 1945 645 1959 ,
1102 1959 1104 1962 y
1291 1928 1373 1957 tibus
1384 1936 1471 1957 utens
1481 1926 1606 1956 illorum
1617 1926 1764 1958 omnibus
1773 1946 1782 1961 ‚
1798 1926 1829 1956 id
1839 1925 1882 1956 est
1892 1947 1901 1961 ‚
1917 1926 2073 1957 sententiis
2084 1945 2094 1960 ,
2110 1926 2142 1956 &
2151 1935 2256 1958 earum

306 1970 377 1997 Cum
395 1968 546 1999 Pacidiano
565 1967 610 1997 hic
627 1967 800 2009 componitur
811 1987 820 2002 ,
840 1967 960 2009 optimu'
985 1965 1064 2008 longe
1101 1965 1109 1969 '¹
1293 1967 1395 2010 figuris
1405 1988 1414 2002 ,
1438 1968 1581 1999 &rerum
1590 1968 1696 1999 ordine
1707 1988 1717 2002 ,
1733 1969 1822 1999 verba
1830 1969 2011 2010 persequens
2020 1977 2141 1999 eatenus
2151 1987 2160 2002 ‚
2177 1977 2212 1998 Ut
2222 1977 2258 1999 ea

305 2008 376 2039 Post*
393 2010 514 2040 homines
532 2018 619 2040 natos.
1292 2021 1356 2041 non
1373 2011 1550 2041 abhorreant
1568 2009 1583 2040 a
1603 2020 1689 2040 more
1706 2010 1828 2042 nostro:
1850 2010 1928 2052 (quae
1947 2009 1968 2041 sl
1986 2011 2003 2042 e
2019 2012 2131 2041 Graecis
2149 2012 2258 2041 omnia

282 2052 373 2082 Nihil
395 2054 481 2082 enim
500 2052 556 2082 illo
578 2061 693 2082 oratore
711 2051 839 2082 arbitror
857 2052 981 2093 cogitari
1000 2049 1082 2092 poss'e
1101 2050 1248 2082 divinius.
1291 2053 1434 2084 conversa
1443 2062 1509 2083 non
1519 2061 1624 2086 exunt,
1646 2055 1769 2083 5tamen
1780 2062 1813 2083 ut
1824 2054 1943 2093 generis
1953 2052 2089 2092 ejusdem
2100 2049 2174 2087 sint,
2195 2052 2257 2082 ela-

282 2095 366 2124 Huic
382 2094 482 2124 labori
495 2093 599 2124 nostro
617 2094 679 2124 duo
695 2103 803 2134 genera
822 2094 1068 2133 reprehensorum
1084 2103 1251 2134 opponun—
1292 2095 1480 2134 boravimus)
1492 2095 1548 2124 erit
1558 2094 1677 2136 regula,
1697 2094 1733 2125 ad
1747 2104 1838 2135 quam
1852 2103 1958 2124 eorum
1971 2094 2134 2133 dirigantur
2144 2095 2258 2123 oratio-
2300 2113 2303 2115 -

280 2143 331 2165 tur
343 2146 348 2164 :
360 2145 456 2165 unum
471 2136 528 2166 hoc
538 2156 546 2168 ‚
559 2134 660 2164 Veram
669 2136 768 2164 melius
787 2136 885 2164 Graeci.
910 2135 927 2165 a
936 2145 997 2175 quo
1015 2145 1161 2175 quaeratur
1170 2155 1179 2169 ‚
1201 2146 1251 2165 ec·
1292 2146 1346 2167 nes
1357 2157 1367 2170 ‚
1381 2139 1433 2177 qui
1445 2135 1543 2166 Attice
1554 2138 1663 2166 volunt
1673 2135 1769 2166 dicere
1780 2154 1789 2169 ,
1801 2135 1849 2166 scd
1860 2135 1896 2166 de
1906 2135 1996 2166 nobis
2006 2135 2084 2166 satis.
2107 2135 2259 2176 Aliquanf

280 2176 354 2217 quid
363 2175 473 2217 posflnt
483 2176 535 2218 ipsi
548 2177 659 2208 melius
669 2176 790 2208 Latine.
813 2177 952 2206 Alterum
962 2196 971 2210 ‚
984 2176 1069 2217 Qid
1078 2175 1143 2213 tstas
1151 2175 1250 2219 pansos
1292 2178 1334 2209 do
1343 2181 1427 2209 enim
1440 2177 1616 2208 AEschinem
1625 2177 1726 2218 ipsum
1735 2178 1843 2208 Latine
1854 2177 2006 2208 dicentem
2016 2176 2185 2208 audiamus.

308 2276 345 2294 μι.
367 2271 417 2294 Non
427 2269 525 2294 verbum
542 2275 585 2301 pro
594 2270 665 2294 verbo
675 2267 795 2301 reddere]
818 2267 967 2294 Lambinus
979 2268 1113 2303 expunxit
1119 2276 1163 2301 pro
1174 2277 1182 2297 3
1194 2277 1248 2294 non
1292 2275 1316 2291 es
1326 2268 1394 2292 milii.
1414 2267 1441 2292 δε
1453 2267 1636 2294 Curculione:
1658 2268 1731 2293 Sal-ee
1747 2274 1818 2294 extra
1824 2270 1928 2301 pretium
1946 2270 2030 2295 tertia.
2049 2268 2171 2297 Lucretii
2188 2268 2257 2297 item

280 2304 434 2331 necess-irio.
455 2303 487 2330 fic
499 2305 644 2331 Tei-eutius
654 2303 798 2332 Eunucho:
820 2306 923 2337 Pru-pro
936 2306 1089 2337 part‘mfirto
1101 2322 1109 2336 ‚
1129 2304 1191 2338 quod
1199 2313 1251 2330 eri-m
1293 2302 1341 2334 est,
1361 2310 1430 2329 erc-tra
1440 2304 1698 2336 numerumprocedere.
1718 2303 1788 2330 libro
1800 2314 1839 2331 ιν.
1859 2304 2034 2331 Gulielmius.

282 2341 396 2368 mordeat.
416 2339 595 2367 Gulielmius.
1329 2347 1357 2371 4.
1377 2340 1441 2371 Qia
1459 2342 1485 2365 in
1501 2344 1591 2366 Senatu
1609 2341 1765 2372 Demosthenes
1778 2360 1786 2372 ,
1803 2341 1871 2375 &ej
1901 2340 2090 2369 Verisimiliter
2106 2340 2254 2370 admodum

319 2385 347 2403 2.
366 2378 415 2409 1⁶th
422 2376 573 2410 Thucydidem
583 2375 725 2409 laudavit]
747 2375 822 2402 Idem
835 2374 949 2402 malebat
961 2375 1082 2401 laudabit.
1106 2385 1156 2402 non
1170 2375 1250 2402 male.
1294 2374 1447 2402 emendavit
1457 2375 1614 2407 Lambinus,
1625 2376 1704 2409 insita
1715 2378 1779 2402 tribu
1787 2379 1900 2411 Demosth.

281 2433 285 2439 ,
304 2413 346 2449 ξζ.
364 2417 450 2437 Tamen
459 2414 521 2437 hunc
538 2415 565 2438 in
573 2422 668 2438 numero
686 2411 846 2445 nonrtpuno]
873 2411 1018 2438 Lambinus
1039 2413 1100 2437 hunc
1122 2414 1195 2437 hocin
1205 2421 1252 2437 nu·
1334 2419 1360 2444 5.
1378 2412 1462 2438 'Tamen
1473 2419 1499 2437 ur
1505 2412 1594 2444 generis
1611 2412 1761 2446 ejusdem-sint
1770 2413 1973 2450 elaboravimus-:1
1994 2412 2157 2443 Gulielmius
2175 2421 2257 2450 repo-

282 2457 352 2475 mero.
372 2448 460 2476 minus
471 2447 555 2476 reete.
576 2458 638 2478 iiam
650 2448 801 2477 &Flauius
820 2447 1010 2477 Menaeclunis:
1033 2455 1107 2476 extra
1128 2456 1252 2475 numerum
1296 2446 1557 2483 nendumjuclicabat
1566 2449 1749 2477 elaborabimm.

2012 3011 2246 3064 Manca
