<?xml version="1.0" encoding="UTF-8"?>
<!DOCTYPE html PUBLIC "-//W3C//DTD XHTML 1.0 Transitional//EN"
    "http://www.w3.org/TR/xhtml1/DTD/xhtml1-transitional.dtd">
<html xmlns="http://www.w3.org/1999/xhtml" xml:lang="en" lang="en">
 <head>
  <title>
</title>
<meta http-equiv="Content-Type" content="text/html;charset=utf-8" />
  <meta name='ocr-system' content='tesseract 3.04.00' />
  <meta name='ocr-capabilities' content='ocr_page ocr_carea ocr_par ocr_line ocrx_word'/>
</head>
<body>
  <div class='ocr_page' id='page_1' title='image "./mtuliiciceroniso00cice_0655.png"; bbox 0 0 2339 3379; ppageno 0'>
   <div class='ocr_carea' id='block_1_1' title="bbox 623 159 1211 206">
    <p class='ocr_par' dir='ltr' id='par_1_1' title="bbox 623 159 1211 206">
     <span class='ocr_line' id='line_1_1' title="bbox 623 159 1211 206; baseline -0.005 0"><span class='ocrx_word' id='word_1_1' title='bbox 623 159 1211 206; x_wconf 69' lang='lat' dir='ltr'>Pr11L1PP1CA</span> 
     </span>
    </p>
   </div>
   <div class='ocr_carea' id='block_1_2' title="bbox 99 239 1100 2828">
    <p class='ocr_par' dir='ltr' id='par_1_2' title="bbox 113 239 1100 1743">
     <span class='ocr_line' id='line_1_2' title="bbox 113 239 1092 288; baseline -0.01 -9"><span class='ocrx_word' id='word_1_2' title='bbox 113 252 134 288; x_wconf 81' lang='lat'><em>7</em></span> <span class='ocrx_word' id='word_1_3' title='bbox 149 245 187 278; x_wconf 81' lang='lat' dir='ltr'>de</span> <span class='ocrx_word' id='word_1_4' title='bbox 207 245 291 278; x_wconf 79' lang='lat' dir='ltr'>causa</span> <span class='ocrx_word' id='word_1_5' title='bbox 302 243 399 277; x_wconf 73' lang='lat' dir='ltr'>deesse</span> <span class='ocrx_word' id='word_1_6' title='bbox 417 242 555 286; x_wconf 77' lang='lat' dir='ltr'>dignitati</span> <span class='ocrx_word' id='word_1_7' title='bbox 570 242 637 274; x_wconf 83' lang='lat' dir='ltr'>suae.</span> <span class='ocrx_word' id='word_1_8' title='bbox 669 245 765 282; x_wconf 78' lang='lat' dir='ltr'>Qare</span> <span class='ocrx_word' id='word_1_9' title='bbox 782 239 918 282; x_wconf 72' lang='lat' dir='ltr'>primum</span> <span class='ocrx_word' id='word_1_10' title='bbox 944 241 1092 270; x_wconf 80' lang='lat' dir='ltr'>maximas</span> 
     </span>
     <span class='ocr_line' id='line_1_3' title="bbox 147 280 1096 331; baseline -0.009 -12"><span class='ocrx_word' id='word_1_11' title='bbox 147 291 254 331; x_wconf 81' lang='lat' dir='ltr'>gratias</span> <span class='ocrx_word' id='word_1_12' title='bbox 264 289 297 319; x_wconf 68' lang='grc' dir='ltr'>δε</span> <span class='ocrx_word' id='word_1_13' title='bbox 309 288 415 321; x_wconf 85' lang='lat' dir='ltr'>habeo,</span> <span class='ocrx_word' id='word_1_14' title='bbox 431 286 463 316; x_wconf 90' lang='lat'>&amp;</span> <span class='ocrx_word' id='word_1_15' title='bbox 474 296 527 327; x_wconf 89' lang='lat' dir='ltr'>ago</span> <span class='ocrx_word' id='word_1_16' title='bbox 538 287 576 315; x_wconf 87' lang='lat' dir='ltr'>L.</span> <span class='ocrx_word' id='word_1_17' title='bbox 587 285 706 317; x_wconf 87' lang='lat' dir='ltr'>Pisoni,</span> <span class='ocrx_word' id='word_1_18' title='bbox 718 286 769 325; x_wconf 88' lang='lat' dir='ltr'>qui</span> <span class='ocrx_word' id='word_1_19' title='bbox 783 288 791 303; x_wconf 85' lang='lat'><em>¹</em></span> <span class='ocrx_word' id='word_1_20' title='bbox 807 293 882 317; x_wconf 89' lang='lat' dir='ltr'>non,</span> <span class='ocrx_word' id='word_1_21' title='bbox 893 282 966 323; x_wconf 89' lang='lat' dir='ltr'>quid</span> <span class='ocrx_word' id='word_1_22' title='bbox 977 280 1096 311; x_wconf 81' lang='lat' dir='ltr'>efficere</span> 
     </span>
     <span class='ocr_line' id='line_1_4' title="bbox 146 322 1098 372; baseline -0.007 -11"><span class='ocrx_word' id='word_1_23' title='bbox 146 329 244 372; x_wconf 81' lang='lat' dir='ltr'>poffet</span> <span class='ocrx_word' id='word_1_24' title='bbox 253 332 285 360; x_wconf 90' lang='lat' dir='ltr'>in</span> <span class='ocrx_word' id='word_1_25' title='bbox 295 339 354 369; x_wconf 85' lang='lat' dir='ltr'>rep.</span> <span class='ocrx_word' id='word_1_26' title='bbox 363 329 514 369; x_wconf 85' lang='lat' dir='ltr'>cogitavit,</span> <span class='ocrx_word' id='word_1_27' title='bbox 525 326 574 357; x_wconf 88' lang='lat' dir='ltr'>sed</span> <span class='ocrx_word' id='word_1_28' title='bbox 583 326 655 367; x_wconf 90' lang='lat' dir='ltr'>quid</span> <span class='ocrx_word' id='word_1_29' title='bbox 664 327 724 366; x_wconf 72' lang='lat' dir='ltr'>i&#39;pse</span> <span class='ocrx_word' id='word_1_30' title='bbox 726 327 821 365; x_wconf 77' lang='lat' dir='ltr'>facere</span> <span class='ocrx_word' id='word_1_31' title='bbox 828 323 933 354; x_wconf 69' lang='lat' dir='ltr'>deberet</span> <span class='ocrx_word' id='word_1_32' title='bbox 942 334 954 351; x_wconf 88' lang='lat'>.·</span> <span class='ocrx_word' id='word_1_33' title='bbox 963 322 1071 354; x_wconf 87' lang='lat' dir='ltr'>deinde</span> <span class='ocrx_word' id='word_1_34' title='bbox 1082 322 1098 354; x_wconf 65' lang='grc' dir='ltr'><strong>ὰ</strong></span> 
     </span>
     <span class='ocr_line' id='line_1_5' title="bbox 146 364 1099 410; baseline -0.009 -8"><span class='ocrx_word' id='word_1_35' title='bbox 146 372 236 402; x_wconf 87' lang='lat' dir='ltr'>vobis</span> <span class='ocrx_word' id='word_1_36' title='bbox 247 392 255 405; x_wconf 91' lang='lat'>,</span> <span class='ocrx_word' id='word_1_37' title='bbox 275 374 306 402; x_wconf 90' lang='lat' dir='ltr'>P.</span> <span class='ocrx_word' id='word_1_38' title='bbox 319 373 350 400; x_wconf 94' lang='lat' dir='ltr'>C.</span> <span class='ocrx_word' id='word_1_39' title='bbox 361 379 432 410; x_wconf 89' lang='lat' dir='ltr'>peto</span> <span class='ocrx_word' id='word_1_40' title='bbox 442 388 451 403; x_wconf 85' lang='lat'>‚</span> <span class='ocrx_word' id='word_1_41' title='bbox 469 377 501 399; x_wconf 92' lang='lat' dir='ltr'>ut</span> <span class='ocrx_word' id='word_1_42' title='bbox 514 389 524 402; x_wconf 82' lang='lat'><strong>‚</strong></span> <span class='ocrx_word' id='word_1_43' title='bbox 537 370 627 398; x_wconf 90' lang='lat' dir='ltr'>etiam</span> <span class='ocrx_word' id='word_1_44' title='bbox 638 367 657 397; x_wconf 90' lang='lat' dir='ltr'>si</span> <span class='ocrx_word' id='word_1_45' title='bbox 669 366 751 409; x_wconf 83' lang='lat' dir='ltr'>sequi</span> <span class='ocrx_word' id='word_1_46' title='bbox 762 366 867 397; x_wconf 79' lang='lat' dir='ltr'>minus</span> <span class='ocrx_word' id='word_1_47' title='bbox 876 364 1022 396; x_wconf 88' lang='lat' dir='ltr'>audebitis</span> <span class='ocrx_word' id='word_1_48' title='bbox 1032 374 1099 394; x_wconf 84' lang='lat' dir='ltr'>ora—</span> 
     </span>
     <span class='ocr_line' id='line_1_6' title="bbox 148 409 1099 452; baseline -0.008 -9"><span class='ocrx_word' id='word_1_49' title='bbox 148 415 277 446; x_wconf 88' lang='lat' dir='ltr'>tionem,</span> <span class='ocrx_word' id='word_1_50' title='bbox 287 421 374 452; x_wconf 87' lang='lat' dir='ltr'>atque</span> <span class='ocrx_word' id='word_1_51' title='bbox 383 410 589 441; x_wconf 63' lang='lat' dir='ltr'>auctoritatem</span> <span class='ocrx_word' id='word_1_52' title='bbox 601 420 700 440; x_wconf 83' lang='lat' dir='ltr'>meam</span> <span class='ocrx_word' id='word_1_53' title='bbox 712 431 720 443; x_wconf 91' lang='lat'><em>‚</em></span> <span class='ocrx_word' id='word_1_54' title='bbox 737 409 867 451; x_wconf 76' lang='lat' dir='ltr'>benigne</span> <span class='ocrx_word' id='word_1_55' title='bbox 883 416 983 437; x_wconf 85' lang='lat' dir='ltr'>tamen</span> <span class='ocrx_word' id='word_1_56' title='bbox 993 415 1054 439; x_wconf 87' lang='lat' dir='ltr'>me,</span> <span class='ocrx_word' id='word_1_57' title='bbox 1067 414 1099 435; x_wconf 90' lang='lat' dir='ltr'>ut</span> 
     </span>
     <span class='ocr_line' id='line_1_7' title="bbox 146 447 1100 493; baseline -0.009 -8"><span class='ocrx_word' id='word_1_58' title='bbox 146 453 258 485; x_wconf 80' lang='lat' dir='ltr'>fecistis</span> <span class='ocrx_word' id='word_1_59' title='bbox 276 453 373 483; x_wconf 88' lang='lat' dir='ltr'>adhuc</span> <span class='ocrx_word' id='word_1_60' title='bbox 383 473 392 487; x_wconf 94' lang='lat'>,</span> <span class='ocrx_word' id='word_1_61' title='bbox 414 453 552 483; x_wconf 86' lang='lat' dir='ltr'>audiatis.</span> <span class='ocrx_word' id='word_1_62' title='bbox 575 451 714 482; x_wconf 77' lang='lat' dir='ltr'>Primum</span> <span class='ocrx_word' id='word_1_63' title='bbox 734 452 824 493; x_wconf 86' lang='lat' dir='ltr'>igitur</span> <span class='ocrx_word' id='word_1_64' title='bbox 838 448 901 481; x_wconf 59' lang='lat' dir='ltr'>aista</span> <span class='ocrx_word' id='word_1_65' title='bbox 910 448 1029 479; x_wconf 85' lang='lat' dir='ltr'>Caesaris</span> <span class='ocrx_word' id='word_1_66' title='bbox 1040 447 1100 477; x_wconf 85' lang='lat' dir='ltr'>sei·-</span> 
     </span>
     <span class='ocr_line' id='line_1_8' title="bbox 144 489 1100 535; baseline -0.008 -9"><span class='ocrx_word' id='word_1_67' title='bbox 144 495 241 526; x_wconf 81' lang='lat' dir='ltr'>vanda</span> <span class='ocrx_word' id='word_1_68' title='bbox 249 495 356 525; x_wconf 88' lang='lat' dir='ltr'>censeo</span> <span class='ocrx_word' id='word_1_69' title='bbox 368 505 374 523; x_wconf 75' lang='grc' dir='ltr'>ε</span> <span class='ocrx_word' id='word_1_70' title='bbox 385 504 450 525; x_wconf 90' lang='lat' dir='ltr'>non</span> <span class='ocrx_word' id='word_1_71' title='bbox 463 494 525 535; x_wconf 78' lang='lat' dir='ltr'>quo</span> <span class='ocrx_word' id='word_1_72' title='bbox 534 494 662 533; x_wconf 84' lang='lat' dir='ltr'>probem</span> <span class='ocrx_word' id='word_1_73' title='bbox 673 505 679 523; x_wconf 90' lang='grc'>;</span> <span class='ocrx_word' id='word_1_74' title='bbox 690 495 756 534; x_wconf 89' lang='lat' dir='ltr'>quis</span> <span class='ocrx_word' id='word_1_75' title='bbox 767 495 851 523; x_wconf 85' lang='lat' dir='ltr'>enirn</span> <span class='ocrx_word' id='word_1_76' title='bbox 865 491 897 521; x_wconf 90' lang='lat' dir='ltr'>id</span> <span class='ocrx_word' id='word_1_77' title='bbox 906 489 1031 531; x_wconf 88' lang='lat' dir='ltr'>quidem</span> <span class='ocrx_word' id='word_1_78' title='bbox 1042 498 1100 534; x_wconf 89' lang='lat' dir='ltr'>po-</span> 
     </span>
     <span class='ocr_line' id='line_1_9' title="bbox 144 534 1097 577; baseline -0.008 -11"><span class='ocrx_word' id='word_1_79' title='bbox 144 535 222 567; x_wconf 84' lang='lat' dir='ltr'>test?</span> <span class='ocrx_word' id='word_1_80' title='bbox 240 537 288 567; x_wconf 85' lang='lat' dir='ltr'>sed</span> <span class='ocrx_word' id='word_1_81' title='bbox 302 538 372 577; x_wconf 88' lang='lat' dir='ltr'>quia</span> <span class='ocrx_word' id='word_1_82' title='bbox 380 538 529 567; x_wconf 86' lang='lat' dir='ltr'>rationem</span> <span class='ocrx_word' id='word_1_83' title='bbox 539 536 706 568; x_wconf 73' lang='lat' dir='ltr'>habendam</span> <span class='ocrx_word' id='word_1_84' title='bbox 726 534 861 565; x_wconf 76' lang='lat' dir='ltr'>maxime</span> <span class='ocrx_word' id='word_1_85' title='bbox 874 534 999 562; x_wconf 74' lang='lat' dir='ltr'>arbitror</span> <span class='ocrx_word' id='word_1_86' title='bbox 1013 539 1097 571; x_wconf 76' lang='lat' dir='ltr'>pacis,</span> 
     </span>
     <span class='ocr_line' id='line_1_10' title="bbox 143 573 1094 611; baseline -0.007 -3"><span class='ocrx_word' id='word_1_87' title='bbox 143 577 180 611; x_wconf 69' lang='grc' dir='ltr'>ὸ·</span> <span class='ocrx_word' id='word_1_88' title='bbox 191 578 253 607; x_wconf 78' lang='lat' dir='ltr'>otii.</span> <span class='ocrx_word' id='word_1_89' title='bbox 277 578 397 608; x_wconf 86' lang='lat' dir='ltr'>Vellem</span> <span class='ocrx_word' id='word_1_90' title='bbox 414 576 522 608; x_wconf 84' lang='lat' dir='ltr'>adeffet</span> <span class='ocrx_word' id='word_1_91' title='bbox 545 579 699 607; x_wconf 88' lang='lat' dir='ltr'>Antonius</span> <span class='ocrx_word' id='word_1_92' title='bbox 715 598 723 611; x_wconf 83' lang='lat'>‚</span> <span class='ocrx_word' id='word_1_93' title='bbox 746 575 839 607; x_wconf 73' lang='lat' dir='ltr'>modo</span> <span class='ocrx_word' id='word_1_94' title='bbox 853 573 914 605; x_wconf 89' lang='lat' dir='ltr'>fine</span> <span class='ocrx_word' id='word_1_95' title='bbox 934 573 1094 603; x_wconf 87' lang='lat' dir='ltr'>advocatis.</span> 
     </span>
     <span class='ocr_line' id='line_1_11' title="bbox 143 615 1098 660; baseline -0.007 -10"><span class='ocrx_word' id='word_1_96' title='bbox 143 619 194 650; x_wconf 77' lang='lat' dir='ltr'>fed</span> <span class='ocrx_word' id='word_1_97' title='bbox 206 639 215 653; x_wconf 85' lang='lat'>‚</span> <span class='ocrx_word' id='word_1_98' title='bbox 227 628 259 650; x_wconf 90' lang='lat' dir='ltr'>ut</span> <span class='ocrx_word' id='word_1_99' title='bbox 268 621 379 660; x_wconf 82' lang='lat' dir='ltr'>opinor</span> <span class='ocrx_word' id='word_1_100' title='bbox 389 640 398 653; x_wconf 87' lang='lat'>‚</span> <span class='ocrx_word' id='word_1_101' title='bbox 415 621 483 650; x_wconf 86' lang='lat' dir='ltr'>licet</span> <span class='ocrx_word' id='word_1_102' title='bbox 492 622 520 649; x_wconf 86' lang='lat' dir='ltr'>ei</span> <span class='ocrx_word' id='word_1_103' title='bbox 536 619 640 649; x_wconf 76' lang='lat' dir='ltr'>minus</span> <span class='ocrx_word' id='word_1_104' title='bbox 651 621 748 650; x_wconf 88' lang='lat' dir='ltr'>valere</span> <span class='ocrx_word' id='word_1_105' title='bbox 760 629 765 648; x_wconf 73' lang='grc' dir='ltr'><em>ι</em></span> <span class='ocrx_word' id='word_1_106' title='bbox 784 617 866 658; x_wconf 91' lang='lat' dir='ltr'>quod</span> <span class='ocrx_word' id='word_1_107' title='bbox 881 616 958 645; x_wconf 85' lang='lat' dir='ltr'>mihi</span> <span class='ocrx_word' id='word_1_108' title='bbox 972 615 1036 644; x_wconf 90' lang='lat' dir='ltr'>heri</span> <span class='ocrx_word' id='word_1_109' title='bbox 1045 623 1098 653; x_wconf 86' lang='lat' dir='ltr'>pet</span> 
     </span>
     <span class='ocr_line' id='line_1_12' title="bbox 141 659 1096 700; baseline -0.006 -10"><span class='ocrx_word' id='word_1_110' title='bbox 141 661 229 691; x_wconf 89' lang='lat' dir='ltr'>illum</span> <span class='ocrx_word' id='word_1_111' title='bbox 241 672 306 692; x_wconf 88' lang='lat' dir='ltr'>non</span> <span class='ocrx_word' id='word_1_112' title='bbox 315 661 431 692; x_wconf 86' lang='lat' dir='ltr'>licebat.</span> <span class='ocrx_word' id='word_1_113' title='bbox 442 662 562 692; x_wconf 87' lang='lat' dir='ltr'>doceret</span> <span class='ocrx_word' id='word_1_114' title='bbox 572 672 621 691; x_wconf 90' lang='lat' dir='ltr'>me</span> <span class='ocrx_word' id='word_1_115' title='bbox 632 681 639 695; x_wconf 85' lang='lat'><strong>,</strong></span> <span class='ocrx_word' id='word_1_116' title='bbox 652 661 700 691; x_wconf 86' lang='lat' dir='ltr'>vel</span> <span class='ocrx_word' id='word_1_117' title='bbox 710 659 811 700; x_wconf 77' lang='lat' dir='ltr'>potius</span> <span class='ocrx_word' id='word_1_118' title='bbox 822 667 888 691; x_wconf 83' lang='lat' dir='ltr'>vos,</span> <span class='ocrx_word' id='word_1_119' title='bbox 903 659 932 687; x_wconf 88' lang='grc' dir='ltr'>Ρ.</span> <span class='ocrx_word' id='word_1_120' title='bbox 944 659 975 686; x_wconf 91' lang='lat' dir='ltr'>C.</span> <span class='ocrx_word' id='word_1_121' title='bbox 987 665 1096 695; x_wconf 89' lang='lat' dir='ltr'>quem-</span> 
     </span>
     <span class='ocr_line' id='line_1_13' title="bbox 140 700 1093 743; baseline -0.009 -10"><span class='ocrx_word' id='word_1_122' title='bbox 140 702 307 733; x_wconf 83' lang='lat' dir='ltr'>admodum</span> <span class='ocrx_word' id='word_1_123' title='bbox 318 704 379 743; x_wconf 89' lang='lat' dir='ltr'>ipse</span> <span class='ocrx_word' id='word_1_124' title='bbox 389 703 508 734; x_wconf 75' lang='lat' dir='ltr'>Caefiiris</span> <span class='ocrx_word' id='word_1_125' title='bbox 522 702 584 733; x_wconf 68' lang='lat' dir='ltr'>acta</span> <span class='ocrx_word' id='word_1_126' title='bbox 600 702 780 733; x_wconf 87' lang='lat' dir='ltr'>defenderet.</span> <span class='ocrx_word' id='word_1_127' title='bbox 803 703 851 730; x_wconf 88' lang='lat' dir='ltr'>An</span> <span class='ocrx_word' id='word_1_128' title='bbox 862 700 894 727; x_wconf 93' lang='lat' dir='ltr'>in</span> <span class='ocrx_word' id='word_1_129' title='bbox 905 705 1093 743; x_wconf 79' lang='lat' dir='ltr'>commenta-</span> 
     </span>
     <span class='ocr_line' id='line_1_14' title="bbox 140 738 1094 786; baseline -0.004 -12"><span class='ocrx_word' id='word_1_130' title='bbox 140 745 237 778; x_wconf 67' lang='lat' dir='ltr'>nolis,</span> <span class='ocrx_word' id='word_1_131' title='bbox 253 745 286 775; x_wconf 87' lang='lat'>&amp;</span> <span class='ocrx_word' id='word_1_132' title='bbox 296 746 498 786; x_wconf 83' lang='lat' dir='ltr'>chirographis</span> <span class='ocrx_word' id='word_1_133' title='bbox 508 765 517 778; x_wconf 88' lang='lat'>‚</span> <span class='ocrx_word' id='word_1_134' title='bbox 530 744 683 775; x_wconf 77' lang='lat' dir='ltr'>&amp;libellis</span> <span class='ocrx_word' id='word_1_135' title='bbox 694 746 720 773; x_wconf 83' lang='lat' dir='ltr'>se</span> <span class='ocrx_word' id='word_1_136' title='bbox 730 753 783 771; x_wconf 82' lang='lat' dir='ltr'>uno</span> <span class='ocrx_word' id='word_1_137' title='bbox 791 739 904 770; x_wconf 56' lang='lat' dir='ltr'>aridiore</span> <span class='ocrx_word' id='word_1_138' title='bbox 913 738 1035 777; x_wconf 77' lang='lat' dir='ltr'>prolatis</span> <span class='ocrx_word' id='word_1_139' title='bbox 1044 748 1053 770; x_wconf 74' lang='lat'>3</span> <span class='ocrx_word' id='word_1_140' title='bbox 1063 747 1094 784; x_wconf 56' lang='lat' dir='ltr'>asc</span> 
     </span>
     <span class='ocr_line' id='line_1_15' title="bbox 140 779 1092 828; baseline -0.009 -12"><span class='ocrx_word' id='word_1_141' title='bbox 140 796 180 816; x_wconf 87' lang='lat' dir='ltr'>ne</span> <span class='ocrx_word' id='word_1_142' title='bbox 188 787 309 826; x_wconf 87' lang='lat' dir='ltr'>prolatis</span> <span class='ocrx_word' id='word_1_143' title='bbox 316 787 440 828; x_wconf 89' lang='lat' dir='ltr'>quidem</span> <span class='ocrx_word' id='word_1_144' title='bbox 452 807 460 820; x_wconf 88' lang='lat'><em>,</em></span> <span class='ocrx_word' id='word_1_145' title='bbox 482 786 531 816; x_wconf 87' lang='lat' dir='ltr'>sed</span> <span class='ocrx_word' id='word_1_146' title='bbox 545 782 757 816; x_wconf 74' lang='lat' dir='ltr'>tantummodo</span> <span class='ocrx_word' id='word_1_147' title='bbox 767 781 856 812; x_wconf 63' lang='lat' dir='ltr'>dictis</span> <span class='ocrx_word' id='word_1_148' title='bbox 869 800 878 814; x_wconf 90' lang='lat'>‚</span> <span class='ocrx_word' id='word_1_149' title='bbox 899 779 962 826; x_wconf 60' lang='lat' dir='ltr'>aeta</span> <span class='ocrx_word' id='word_1_150' title='bbox 972 779 1092 824; x_wconf 58' lang='lat' dir='ltr'>Caesaris</span> 
     </span>
     <span class='ocr_line' id='line_1_16' title="bbox 142 819 1092 869; baseline -0.009 -11"><span class='ocrx_word' id='word_1_151' title='bbox 142 827 230 858; x_wconf 89' lang='lat' dir='ltr'>firma</span> <span class='ocrx_word' id='word_1_152' title='bbox 242 838 328 859; x_wconf 86' lang='lat' dir='ltr'>erunt</span> <span class='ocrx_word' id='word_1_153' title='bbox 340 839 345 858; x_wconf 91' lang='lat'>:</span> <span class='ocrx_word' id='word_1_154' title='bbox 357 839 422 869; x_wconf 65' lang='lat' dir='ltr'>quse</span> <span class='ocrx_word' id='word_1_155' title='bbox 433 829 484 858; x_wconf 87' lang='lat' dir='ltr'>ille</span> <span class='ocrx_word' id='word_1_156' title='bbox 493 828 527 857; x_wconf 89' lang='lat' dir='ltr'>in</span> <span class='ocrx_word' id='word_1_157' title='bbox 537 836 576 856; x_wconf 84' lang='lat' dir='ltr'>aes</span> <span class='ocrx_word' id='word_1_158' title='bbox 586 823 738 858; x_wconf 81' lang='lat' dir='ltr'>incidit‚in</span> <span class='ocrx_word' id='word_1_159' title='bbox 752 833 813 864; x_wconf 88' lang='lat' dir='ltr'>quo</span> <span class='ocrx_word' id='word_1_160' title='bbox 823 819 1092 868; x_wconf 69' lang='lat' dir='ltr'>populijussa,per-</span> 
     </span>
     <span class='ocr_line' id='line_1_17' title="bbox 139 864 1092 911; baseline -0.01 -10"><span class='ocrx_word' id='word_1_161' title='bbox 139 870 299 911; x_wconf 85' lang='lat' dir='ltr'>petuasque</span> <span class='ocrx_word' id='word_1_162' title='bbox 311 870 389 911; x_wconf 86' lang='lat' dir='ltr'>leges</span> <span class='ocrx_word' id='word_1_163' title='bbox 399 868 456 899; x_wconf 81' lang='lat' dir='ltr'>effe</span> <span class='ocrx_word' id='word_1_164' title='bbox 464 868 563 898; x_wconf 89' lang='lat' dir='ltr'>voluit</span> <span class='ocrx_word' id='word_1_165' title='bbox 572 887 580 900; x_wconf 90' lang='lat'>‚</span> <span class='ocrx_word' id='word_1_166' title='bbox 591 876 646 906; x_wconf 91' lang='lat' dir='ltr'>pro</span> <span class='ocrx_word' id='word_1_167' title='bbox 657 866 756 896; x_wconf 87' lang='lat' dir='ltr'>nihilo</span> <span class='ocrx_word' id='word_1_168' title='bbox 768 864 977 895; x_wconf 87' lang='lat' dir='ltr'>habebuntur?</span> <span class='ocrx_word' id='word_1_169' title='bbox 995 865 1092 903; x_wconf 85' lang='lat' dir='ltr'>Equi-</span> 
     </span>
     <span class='ocr_line' id='line_1_18' title="bbox 139 903 1092 945; baseline -0.009 -3"><span class='ocrx_word' id='word_1_170' title='bbox 139 912 210 942; x_wconf 85' lang='lat' dir='ltr'>dem</span> <span class='ocrx_word' id='word_1_171' title='bbox 221 910 258 941; x_wconf 87' lang='lat' dir='ltr'>sic</span> <span class='ocrx_word' id='word_1_172' title='bbox 269 911 426 942; x_wconf 84' lang='lat' dir='ltr'>existimo:</span> <span class='ocrx_word' id='word_1_173' title='bbox 439 909 516 939; x_wconf 82' lang='lat' dir='ltr'>nihil</span> <span class='ocrx_word' id='word_1_174' title='bbox 532 916 592 938; x_wconf 84' lang='lat' dir='ltr'>tam</span> <span class='ocrx_word' id='word_1_175' title='bbox 603 906 661 937; x_wconf 83' lang='lat' dir='ltr'>effe</span> <span class='ocrx_word' id='word_1_176' title='bbox 675 910 709 937; x_wconf 89' lang='lat' dir='ltr'>in</span> <span class='ocrx_word' id='word_1_177' title='bbox 718 906 791 937; x_wconf 73' lang='lat' dir='ltr'>aCtis</span> <span class='ocrx_word' id='word_1_178' title='bbox 802 906 933 938; x_wconf 78' lang='lat' dir='ltr'>Caesaris,</span> <span class='ocrx_word' id='word_1_179' title='bbox 945 903 1037 945; x_wconf 75' lang='lat' dir='ltr'>quam</span> <span class='ocrx_word' id='word_1_180' title='bbox 1048 905 1092 933; x_wconf 89' lang='lat' dir='ltr'>le-</span> 
     </span>
     <span class='ocr_line' id='line_1_19' title="bbox 139 944 1090 994; baseline -0.009 -11"><span class='ocrx_word' id='word_1_181' title='bbox 139 963 189 994; x_wconf 85' lang='lat' dir='ltr'>ges</span> <span class='ocrx_word' id='word_1_182' title='bbox 203 954 331 983; x_wconf 72' lang='lat' dir='ltr'>Caefiiris.</span> <span class='ocrx_word' id='word_1_183' title='bbox 353 955 402 982; x_wconf 88' lang='lat' dir='ltr'>An</span> <span class='ocrx_word' id='word_1_184' title='bbox 412 971 420 985; x_wconf 90' lang='lat'>‚</span> <span class='ocrx_word' id='word_1_185' title='bbox 431 951 452 980; x_wconf 87' lang='lat' dir='ltr'>fi</span> <span class='ocrx_word' id='word_1_186' title='bbox 462 951 511 981; x_wconf 90' lang='lat' dir='ltr'>cui</span> <span class='ocrx_word' id='word_1_187' title='bbox 527 949 599 991; x_wconf 89' lang='lat' dir='ltr'>quid</span> <span class='ocrx_word' id='word_1_188' title='bbox 611 950 663 979; x_wconf 91' lang='lat' dir='ltr'>ille</span> <span class='ocrx_word' id='word_1_189' title='bbox 676 947 811 989; x_wconf 82' lang='lat' dir='ltr'>promisit</span> <span class='ocrx_word' id='word_1_190' title='bbox 824 968 837 986; x_wconf 61' lang='lat'>,‚</span> <span class='ocrx_word' id='word_1_191' title='bbox 849 947 881 977; x_wconf 93' lang='lat' dir='ltr'>id</span> <span class='ocrx_word' id='word_1_192' title='bbox 891 956 947 977; x_wconf 88' lang='lat' dir='ltr'>erit</span> <span class='ocrx_word' id='word_1_193' title='bbox 966 950 980 966; x_wconf 87' lang='lat'><em>2</em></span> <span class='ocrx_word' id='word_1_194' title='bbox 992 944 1090 975; x_wconf 86' lang='lat' dir='ltr'>fixum</span> 
     </span>
     <span class='ocr_line' id='line_1_20' title="bbox 138 986 1091 1036; baseline -0.007 -12"><span class='ocrx_word' id='word_1_195' title='bbox 138 995 222 1036; x_wconf 90' lang='lat' dir='ltr'>quod</span> <span class='ocrx_word' id='word_1_196' title='bbox 239 994 322 1024; x_wconf 88' lang='lat' dir='ltr'>idem</span> <span class='ocrx_word' id='word_1_197' title='bbox 339 992 435 1023; x_wconf 82' lang='lat' dir='ltr'>facere</span> <span class='ocrx_word' id='word_1_198' title='bbox 453 1002 518 1022; x_wconf 90' lang='lat' dir='ltr'>non</span> <span class='ocrx_word' id='word_1_199' title='bbox 534 986 652 1031; x_wconf 80' lang='lat' dir='ltr'>potuit?</span> <span class='ocrx_word' id='word_1_200' title='bbox 673 1001 705 1022; x_wconf 90' lang='lat' dir='ltr'>ut</span> <span class='ocrx_word' id='word_1_201' title='bbox 719 991 825 1021; x_wconf 89' lang='lat' dir='ltr'>multis</span> <span class='ocrx_word' id='word_1_202' title='bbox 841 989 936 1020; x_wconf 86' lang='lat' dir='ltr'>multa</span> <span class='ocrx_word' id='word_1_203' title='bbox 946 986 1091 1029; x_wconf 77' lang='lat' dir='ltr'>promissa</span> 
     </span>
     <span class='ocr_line' id='line_1_21' title="bbox 139 1031 1091 1075; baseline -0.008 -9"><span class='ocrx_word' id='word_1_204' title='bbox 139 1046 205 1066; x_wconf 89' lang='lat' dir='ltr'>non</span> <span class='ocrx_word' id='word_1_205' title='bbox 211 1035 292 1066; x_wconf 86' lang='lat' dir='ltr'>fecit.</span> <span class='ocrx_word' id='word_1_206' title='bbox 314 1045 381 1075; x_wconf 86' lang='lat' dir='ltr'>quae</span> <span class='ocrx_word' id='word_1_207' title='bbox 390 1044 491 1065; x_wconf 88' lang='lat' dir='ltr'>tamen</span> <span class='ocrx_word' id='word_1_208' title='bbox 501 1034 599 1064; x_wconf 90' lang='lat' dir='ltr'>multo</span> <span class='ocrx_word' id='word_1_209' title='bbox 608 1034 691 1073; x_wconf 90' lang='lat' dir='ltr'>plura</span> <span class='ocrx_word' id='word_1_210' title='bbox 705 1041 816 1073; x_wconf 87' lang='lat' dir='ltr'>reperta</span> <span class='ocrx_word' id='word_1_211' title='bbox 824 1033 903 1065; x_wconf 87' lang='lat' dir='ltr'>sunt,</span> <span class='ocrx_word' id='word_1_212' title='bbox 914 1031 959 1060; x_wconf 81' lang='lat' dir='ltr'>illo</span> <span class='ocrx_word' id='word_1_213' title='bbox 970 1037 1091 1064; x_wconf 62' lang='lat' dir='ltr'>mortum</span> 
     </span>
     <span class='ocr_line' id='line_1_22' title="bbox 138 1071 1091 1119; baseline -0.006 -12"><span class='ocrx_word' id='word_1_214' title='bbox 138 1077 229 1119; x_wconf 68' lang='lat' dir='ltr'>quai-n</span> <span class='ocrx_word' id='word_1_215' title='bbox 240 1078 311 1107; x_wconf 86' lang='lat' dir='ltr'>vivo</span> <span class='ocrx_word' id='word_1_216' title='bbox 322 1075 468 1107; x_wconf 87' lang='lat' dir='ltr'>beneficia</span> <span class='ocrx_word' id='word_1_217' title='bbox 478 1086 529 1116; x_wconf 89' lang='lat' dir='ltr'>per</span> <span class='ocrx_word' id='word_1_218' title='bbox 537 1077 658 1106; x_wconf 81' lang='lat' dir='ltr'>omneis</span> <span class='ocrx_word' id='word_1_219' title='bbox 667 1085 762 1105; x_wconf 90' lang='lat' dir='ltr'>annos</span> <span class='ocrx_word' id='word_1_220' title='bbox 773 1074 892 1107; x_wconf 89' lang='lat' dir='ltr'>tributa,</span> <span class='ocrx_word' id='word_1_221' title='bbox 907 1073 940 1103; x_wconf 76' lang='grc' dir='ltr'>δε</span> <span class='ocrx_word' id='word_1_222' title='bbox 950 1072 1025 1103; x_wconf 89' lang='lat' dir='ltr'>data.</span> <span class='ocrx_word' id='word_1_223' title='bbox 1043 1071 1091 1102; x_wconf 87' lang='lat' dir='ltr'>sed</span> 
     </span>
     <span class='ocr_line' id='line_1_23' title="bbox 137 1114 1093 1154; baseline -0.006 -5"><span class='ocrx_word' id='word_1_224' title='bbox 137 1129 170 1149; x_wconf 87' lang='lat' dir='ltr'>ea</span> <span class='ocrx_word' id='word_1_225' title='bbox 180 1128 244 1148; x_wconf 90' lang='lat' dir='ltr'>non</span> <span class='ocrx_word' id='word_1_226' title='bbox 256 1127 343 1148; x_wconf 88' lang='lat' dir='ltr'>muto</span> <span class='ocrx_word' id='word_1_227' title='bbox 353 1138 362 1152; x_wconf 75' lang='lat'><strong>,</strong></span> <span class='ocrx_word' id='word_1_228' title='bbox 379 1128 442 1148; x_wconf 87' lang='lat' dir='ltr'>non</span> <span class='ocrx_word' id='word_1_229' title='bbox 460 1128 573 1148; x_wconf 90' lang='lat' dir='ltr'>moveo</span> <span class='ocrx_word' id='word_1_230' title='bbox 585 1129 591 1146; x_wconf 90' lang='grc'>;</span> <span class='ocrx_word' id='word_1_231' title='bbox 614 1117 734 1147; x_wconf 86' lang='lat' dir='ltr'>summo</span> <span class='ocrx_word' id='word_1_232' title='bbox 746 1118 836 1147; x_wconf 89' lang='lat' dir='ltr'>etiam</span> <span class='ocrx_word' id='word_1_233' title='bbox 848 1115 946 1146; x_wconf 88' lang='lat' dir='ltr'>studio</span> <span class='ocrx_word' id='word_1_234' title='bbox 956 1114 1093 1154; x_wconf 86' lang='lat' dir='ltr'>praeclara</span> 
     </span>
     <span class='ocr_line' id='line_1_24' title="bbox 136 1158 1093 1200; baseline -0.004 -11"><span class='ocrx_word' id='word_1_235' title='bbox 136 1160 220 1190; x_wconf 87' lang='lat' dir='ltr'>illius</span> <span class='ocrx_word' id='word_1_236' title='bbox 229 1159 292 1190; x_wconf 62' lang='lat' dir='ltr'>aeta</span> <span class='ocrx_word' id='word_1_237' title='bbox 302 1159 572 1200; x_wconf 83' lang='lat' dir='ltr'>defendo.pecunia</span> <span class='ocrx_word' id='word_1_238' title='bbox 582 1160 698 1189; x_wconf 85' lang='lat' dir='ltr'>utinam</span> <span class='ocrx_word' id='word_1_239' title='bbox 709 1158 744 1189; x_wconf 89' lang='lat' dir='ltr'>ad</span> <span class='ocrx_word' id='word_1_240' title='bbox 755 1160 827 1198; x_wconf 87' lang='lat' dir='ltr'>Opis</span> <span class='ocrx_word' id='word_1_241' title='bbox 837 1165 1093 1190; x_wconf 56' lang='lat' dir='ltr'>maneretgcmen-</span> 
     </span>
     <span class='ocr_line' id='line_1_25' title="bbox 138 1196 1090 1243; baseline -0.005 -11"><span class='ocrx_word' id='word_1_242' title='bbox 138 1211 168 1232; x_wconf 86' lang='lat' dir='ltr'>ta</span> <span class='ocrx_word' id='word_1_243' title='bbox 176 1202 228 1231; x_wconf 90' lang='lat' dir='ltr'>illa</span> <span class='ocrx_word' id='word_1_244' title='bbox 236 1201 362 1243; x_wconf 84' lang='lat' dir='ltr'>quide-m</span> <span class='ocrx_word' id='word_1_245' title='bbox 373 1222 381 1235; x_wconf 92' lang='lat'>‚</span> <span class='ocrx_word' id='word_1_246' title='bbox 395 1201 442 1232; x_wconf 80' lang='lat' dir='ltr'>sed</span> <span class='ocrx_word' id='word_1_247' title='bbox 452 1203 498 1231; x_wconf 80' lang='lat' dir='ltr'>iiis</span> <span class='ocrx_word' id='word_1_248' title='bbox 510 1201 696 1241; x_wconf 76' lang='lat' dir='ltr'>temporibus</span> <span class='ocrx_word' id='word_1_249' title='bbox 709 1221 717 1234; x_wconf 91' lang='lat'>‚</span> <span class='ocrx_word' id='word_1_250' title='bbox 737 1199 808 1231; x_wconf 73' lang='lat' dir='ltr'>cum</span> <span class='ocrx_word' id='word_1_251' title='bbox 820 1201 858 1230; x_wconf 88' lang='lat' dir='ltr'>iis</span> <span class='ocrx_word' id='word_1_252' title='bbox 873 1219 882 1233; x_wconf 89' lang='lat'>,</span> <span class='ocrx_word' id='word_1_253' title='bbox 898 1207 1028 1240; x_wconf 86' lang='lat' dir='ltr'>quorum</span> <span class='ocrx_word' id='word_1_254' title='bbox 1038 1196 1090 1231; x_wconf 87' lang='lat' dir='ltr'>est,</span> 
     </span>
     <span class='ocr_line' id='line_1_26' title="bbox 137 1237 1090 1283; baseline -0.006 -9"><span class='ocrx_word' id='word_1_255' title='bbox 137 1253 203 1274; x_wconf 88' lang='lat' dir='ltr'>non</span> <span class='ocrx_word' id='word_1_256' title='bbox 211 1243 344 1273; x_wconf 87' lang='lat' dir='ltr'>redditur</span> <span class='ocrx_word' id='word_1_257' title='bbox 354 1264 363 1277; x_wconf 92' lang='lat'>‚</span> <span class='ocrx_word' id='word_1_258' title='bbox 383 1242 548 1274; x_wconf 75' lang='lat' dir='ltr'>neceffiiria.</span> <span class='ocrx_word' id='word_1_259' title='bbox 567 1252 749 1283; x_wconf 86' lang='lat' dir='ltr'>quamquam</span> <span class='ocrx_word' id='word_1_260' title='bbox 763 1252 796 1272; x_wconf 85' lang='lat' dir='ltr'>ea</span> <span class='ocrx_word' id='word_1_261' title='bbox 804 1252 924 1283; x_wconf 86' lang='lat' dir='ltr'>quoque</span> <span class='ocrx_word' id='word_1_262' title='bbox 941 1239 974 1270; x_wconf 85' lang='lat' dir='ltr'>fit</span> <span class='ocrx_word' id='word_1_263' title='bbox 988 1237 1090 1273; x_wconf 86' lang='lat' dir='ltr'>effusa,</span> 
     </span>
     <span class='ocr_line' id='line_1_27' title="bbox 139 1279 1092 1326; baseline -0.005 -11"><span class='ocrx_word' id='word_1_264' title='bbox 139 1284 209 1315; x_wconf 85' lang='lat' dir='ltr'>fiita</span> <span class='ocrx_word' id='word_1_265' title='bbox 218 1287 251 1315; x_wconf 91' lang='lat' dir='ltr'>in</span> <span class='ocrx_word' id='word_1_266' title='bbox 260 1284 332 1315; x_wconf 71' lang='lat' dir='ltr'>affis</span> <span class='ocrx_word' id='word_1_267' title='bbox 341 1284 409 1315; x_wconf 81' lang='lat' dir='ltr'>fuit.</span> <span class='ocrx_word' id='word_1_268' title='bbox 432 1284 547 1326; x_wconf 86' lang='lat' dir='ltr'>Ecquid</span> <span class='ocrx_word' id='word_1_269' title='bbox 558 1284 601 1315; x_wconf 90' lang='lat' dir='ltr'>est</span> <span class='ocrx_word' id='word_1_270' title='bbox 614 1305 623 1318; x_wconf 87' lang='lat'><em>‚</em></span> <span class='ocrx_word' id='word_1_271' title='bbox 640 1284 721 1325; x_wconf 92' lang='lat' dir='ltr'>quod</span> <span class='ocrx_word' id='word_1_272' title='bbox 735 1293 794 1314; x_wconf 90' lang='lat' dir='ltr'>tam</span> <span class='ocrx_word' id='word_1_273' title='bbox 805 1283 925 1324; x_wconf 77' lang='lat' dir='ltr'>proprie</span> <span class='ocrx_word' id='word_1_274' title='bbox 935 1282 995 1312; x_wconf 94' lang='lat' dir='ltr'>dici</span> <span class='ocrx_word' id='word_1_275' title='bbox 1004 1279 1092 1321; x_wconf 88' lang='lat' dir='ltr'>poffit</span> 
     </span>
     <span class='ocr_line' id='line_1_28' title="bbox 138 1325 1092 1368; baseline -0.006 -10"><span class='ocrx_word' id='word_1_276' title='bbox 138 1326 242 1358; x_wconf 57' lang='lat' dir='ltr'>adium</span> <span class='ocrx_word' id='word_1_277' title='bbox 252 1328 315 1366; x_wconf 82' lang='lat' dir='ltr'>ejus</span> <span class='ocrx_word' id='word_1_278' title='bbox 325 1346 334 1360; x_wconf 89' lang='lat'>‚</span> <span class='ocrx_word' id='word_1_279' title='bbox 346 1329 397 1368; x_wconf 88' lang='lat' dir='ltr'>qui</span> <span class='ocrx_word' id='word_1_280' title='bbox 408 1336 521 1367; x_wconf 88' lang='lat' dir='ltr'>togatus</span> <span class='ocrx_word' id='word_1_281' title='bbox 531 1328 565 1356; x_wconf 92' lang='lat' dir='ltr'>in</span> <span class='ocrx_word' id='word_1_282' title='bbox 575 1336 638 1366; x_wconf 89' lang='lat' dir='ltr'>rep.</span> <span class='ocrx_word' id='word_1_283' title='bbox 653 1336 723 1357; x_wconf 84' lang='lat' dir='ltr'>cum</span> <span class='ocrx_word' id='word_1_284' title='bbox 733 1325 876 1365; x_wconf 79' lang='lat' dir='ltr'>petestate</span> <span class='ocrx_word' id='word_1_285' title='bbox 886 1344 894 1358; x_wconf 92' lang='lat'>,</span> <span class='ocrx_word' id='word_1_286' title='bbox 904 1326 1092 1364; x_wconf 87' lang='lat' dir='ltr'>imperioque</span> 
     </span>
     <span class='ocr_line' id='line_1_29' title="bbox 138 1367 1093 1409; baseline -0.003 -11"><span class='ocrx_word' id='word_1_287' title='bbox 138 1369 269 1400; x_wconf 85' lang='lat' dir='ltr'>versatus</span> <span class='ocrx_word' id='word_1_288' title='bbox 281 1367 324 1401; x_wconf 90' lang='lat' dir='ltr'>sit,</span> <span class='ocrx_word' id='word_1_289' title='bbox 336 1368 426 1409; x_wconf 75' lang='lat' dir='ltr'>quam</span> <span class='ocrx_word' id='word_1_290' title='bbox 435 1370 484 1397; x_wconf 88' lang='lat' dir='ltr'>lex</span> <span class='ocrx_word' id='word_1_291' title='bbox 495 1371 505 1397; x_wconf 91' lang='lat'>?</span> <span class='ocrx_word' id='word_1_292' title='bbox 516 1370 622 1409; x_wconf 84' lang='lat' dir='ltr'>Qiaere</span> <span class='ocrx_word' id='word_1_293' title='bbox 630 1367 694 1398; x_wconf 62' lang='lat' dir='ltr'>aeia</span> <span class='ocrx_word' id='word_1_294' title='bbox 703 1368 828 1398; x_wconf 83' lang='lat' dir='ltr'>Gracchi</span> <span class='ocrx_word' id='word_1_295' title='bbox 841 1378 847 1397; x_wconf 83' lang='lat'>2</span> <span class='ocrx_word' id='word_1_296' title='bbox 858 1367 937 1409; x_wconf 87' lang='lat' dir='ltr'>leges</span> <span class='ocrx_word' id='word_1_297' title='bbox 949 1369 1093 1405; x_wconf 84' lang='lat' dir='ltr'>Sempro—</span> 
     </span>
     <span class='ocr_line' id='line_1_30' title="bbox 138 1409 1094 1450; baseline -0.004 -9"><span class='ocrx_word' id='word_1_298' title='bbox 138 1412 198 1441; x_wconf 84' lang='lat' dir='ltr'>niae</span> <span class='ocrx_word' id='word_1_299' title='bbox 209 1410 404 1450; x_wconf 85' lang='lat' dir='ltr'>proferentur.</span> <span class='ocrx_word' id='word_1_300' title='bbox 428 1410 623 1450; x_wconf 73' lang='lat' dir='ltr'>quaereSullae</span> <span class='ocrx_word' id='word_1_301' title='bbox 636 1420 642 1439; x_wconf 69' lang='grc' dir='ltr'>ι</span> <span class='ocrx_word' id='word_1_302' title='bbox 653 1410 812 1441; x_wconf 85' lang='lat' dir='ltr'>Corneliae.</span> <span class='ocrx_word' id='word_1_303' title='bbox 853 1409 1094 1439; x_wconf 85' lang='lat' dir='ltr'>uid?Cn.Pom-</span> 
     </span>
     <span class='ocr_line' id='line_1_31' title="bbox 136 1451 1093 1492; baseline -0.003 -10"><span class='ocrx_word' id='word_1_304' title='bbox 136 1452 198 1492; x_wconf 78' lang='lat' dir='ltr'>peji</span> <span class='ocrx_word' id='word_1_305' title='bbox 214 1454 316 1481; x_wconf 88' lang='lat' dir='ltr'>tertius</span> <span class='ocrx_word' id='word_1_306' title='bbox 328 1451 498 1481; x_wconf 85' lang='lat' dir='ltr'>consulatus</span> <span class='ocrx_word' id='word_1_307' title='bbox 517 1451 669 1492; x_wconf 91' lang='lat' dir='ltr'>inquibus</span> <span class='ocrx_word' id='word_1_308' title='bbox 683 1451 756 1482; x_wconf 68' lang='lat' dir='ltr'>aistis</span> <span class='ocrx_word' id='word_1_309' title='bbox 765 1462 823 1482; x_wconf 92' lang='lat' dir='ltr'>con</span> <span class='ocrx_word' id='word_1_310' title='bbox 853 1452 923 1482; x_wconf 89' lang='lat' dir='ltr'>itit?</span> <span class='ocrx_word' id='word_1_311' title='bbox 939 1459 1051 1490; x_wconf 90' lang='lat' dir='ltr'>nempe</span> <span class='ocrx_word' id='word_1_312' title='bbox 1060 1451 1093 1479; x_wconf 91' lang='lat' dir='ltr'>in</span> 
     </span>
     <span class='ocr_line' id='line_1_32' title="bbox 133 1491 1088 1535; baseline -0.002 -12"><span class='ocrx_word' id='word_1_313' title='bbox 133 1493 264 1535; x_wconf 66' lang='lat' dir='ltr'>legibus.</span> <span class='ocrx_word' id='word_1_314' title='bbox 276 1492 292 1523; x_wconf 69' lang='lat' dir='ltr'>a</span> <span class='ocrx_word' id='word_1_315' title='bbox 302 1493 410 1523; x_wconf 84' lang='lat' dir='ltr'>Caesare</span> <span class='ocrx_word' id='word_1_316' title='bbox 424 1493 488 1532; x_wconf 88' lang='lat' dir='ltr'>ipso</span> <span class='ocrx_word' id='word_1_317' title='bbox 498 1492 517 1522; x_wconf 83' lang='lat' dir='ltr'>fi</span> <span class='ocrx_word' id='word_1_318' title='bbox 528 1502 680 1534; x_wconf 64' lang='lat' dir='ltr'>quaereret,</span> <span class='ocrx_word' id='word_1_319' title='bbox 690 1493 836 1534; x_wconf 85' lang='lat' dir='ltr'>quidnam</span> <span class='ocrx_word' id='word_1_320' title='bbox 847 1491 949 1534; x_wconf 75' lang='lat' dir='ltr'>egisset</span> <span class='ocrx_word' id='word_1_321' title='bbox 962 1494 995 1523; x_wconf 87' lang='lat' dir='ltr'>in</span> <span class='ocrx_word' id='word_1_322' title='bbox 1005 1491 1088 1525; x_wconf 87' lang='lat' dir='ltr'>urbe,</span> 
     </span>
     <span class='ocr_line' id='line_1_33' title="bbox 138 1532 1090 1575; baseline -0.004 -10"><span class='ocrx_word' id='word_1_323' title='bbox 138 1535 174 1565; x_wconf 89' lang='lat'>&amp;</span> <span class='ocrx_word' id='word_1_324' title='bbox 184 1544 267 1575; x_wconf 85' lang='lat' dir='ltr'>toga:</span> <span class='ocrx_word' id='word_1_325' title='bbox 287 1534 365 1575; x_wconf 85' lang='lat' dir='ltr'>leges</span> <span class='ocrx_word' id='word_1_326' title='bbox 375 1535 484 1565; x_wconf 88' lang='lat' dir='ltr'>multas</span> <span class='ocrx_word' id='word_1_327' title='bbox 502 1535 692 1574; x_wconf 83' lang='lat' dir='ltr'>responderet</span> <span class='ocrx_word' id='word_1_328' title='bbox 707 1536 735 1566; x_wconf 88' lang='lat' dir='ltr'>se</span> <span class='ocrx_word' id='word_1_329' title='bbox 747 1555 756 1569; x_wconf 87' lang='lat'>,</span> <span class='ocrx_word' id='word_1_330' title='bbox 776 1535 809 1566; x_wconf 90' lang='lat'>&amp;</span> <span class='ocrx_word' id='word_1_331' title='bbox 819 1535 969 1575; x_wconf 74' lang='lat' dir='ltr'>praeclaras</span> <span class='ocrx_word' id='word_1_332' title='bbox 980 1532 1090 1564; x_wconf 77' lang='lat' dir='ltr'>tuliss&#39;e.</span> 
     </span>
     <span class='ocr_line' id='line_1_34' title="bbox 137 1574 1089 1617; baseline 0 -12"><span class='ocrx_word' id='word_1_333' title='bbox 137 1576 320 1617; x_wconf 78' lang='lat' dir='ltr'>chirographa</span> <span class='ocrx_word' id='word_1_334' title='bbox 330 1575 400 1607; x_wconf 68' lang='lat' dir='ltr'>vero</span> <span class='ocrx_word' id='word_1_335' title='bbox 410 1584 459 1606; x_wconf 86' lang='lat' dir='ltr'>aut</span> <span class='ocrx_word' id='word_1_336' title='bbox 470 1586 658 1611; x_wconf 85' lang='lat' dir='ltr'>mutaret,aut</span> <span class='ocrx_word' id='word_1_337' title='bbox 667 1588 731 1607; x_wconf 90' lang='lat' dir='ltr'>non</span> <span class='ocrx_word' id='word_1_338' title='bbox 740 1577 821 1607; x_wconf 76' lang='lat' dir='ltr'>daret</span> <span class='ocrx_word' id='word_1_339' title='bbox 833 1588 838 1606; x_wconf 81' lang='lat' dir='ltr'>z</span> <span class='ocrx_word' id='word_1_340' title='bbox 851 1585 910 1610; x_wconf 88' lang='lat' dir='ltr'>aut,</span> <span class='ocrx_word' id='word_1_341' title='bbox 923 1575 943 1606; x_wconf 87' lang='lat' dir='ltr'>fi</span> <span class='ocrx_word' id='word_1_342' title='bbox 953 1574 1089 1609; x_wconf 83' lang='lat' dir='ltr'>dediss‘et,</span> 
     </span>
     <span class='ocr_line' id='line_1_35' title="bbox 136 1617 1089 1659; baseline -0.002 -11"><span class='ocrx_word' id='word_1_343' title='bbox 136 1628 203 1648; x_wconf 88' lang='lat' dir='ltr'>non</span> <span class='ocrx_word' id='word_1_344' title='bbox 213 1617 281 1648; x_wconf 85' lang='lat' dir='ltr'>istas</span> <span class='ocrx_word' id='word_1_345' title='bbox 300 1628 344 1648; x_wconf 85' lang='lat' dir='ltr'>res</span> <span class='ocrx_word' id='word_1_346' title='bbox 367 1621 379 1645; x_wconf 86' lang='lat'>3</span> <span class='ocrx_word' id='word_1_347' title='bbox 391 1620 423 1648; x_wconf 85' lang='lat' dir='ltr'>in</span> <span class='ocrx_word' id='word_1_348' title='bbox 441 1617 513 1648; x_wconf 65' lang='lat' dir='ltr'>aeus</span> <span class='ocrx_word' id='word_1_349' title='bbox 533 1619 591 1649; x_wconf 87' lang='lat' dir='ltr'>suis</span> <span class='ocrx_word' id='word_1_350' title='bbox 606 1619 737 1649; x_wconf 83' lang='lat' dir='ltr'>duceret.</span> <span class='ocrx_word' id='word_1_351' title='bbox 759 1619 816 1650; x_wconf 85' lang='lat' dir='ltr'>Sed</span> <span class='ocrx_word' id='word_1_352' title='bbox 827 1619 927 1659; x_wconf 86' lang='lat' dir='ltr'>eaipsa</span> <span class='ocrx_word' id='word_1_353' title='bbox 936 1617 1072 1648; x_wconf 89' lang='lat' dir='ltr'>concedo</span> <span class='ocrx_word' id='word_1_354' title='bbox 1084 1627 1089 1645; x_wconf 88' lang='lat'>:</span> 
     </span>
     <span class='ocr_line' id='line_1_36' title="bbox 135 1658 1091 1701; baseline 0 -12"><span class='ocrx_word' id='word_1_355' title='bbox 135 1660 314 1701; x_wconf 86' lang='lat' dir='ltr'>quibusdam</span> <span class='ocrx_word' id='word_1_356' title='bbox 326 1662 358 1690; x_wconf 89' lang='lat' dir='ltr'>in</span> <span class='ocrx_word' id='word_1_357' title='bbox 368 1660 453 1699; x_wconf 84' lang='lat' dir='ltr'>rebus</span> <span class='ocrx_word' id='word_1_358' title='bbox 464 1669 554 1690; x_wconf 86' lang='lat' dir='ltr'>etiam</span> <span class='ocrx_word' id='word_1_359' title='bbox 568 1662 721 1691; x_wconf 87' lang='lat' dir='ltr'>conniveo</span> <span class='ocrx_word' id='word_1_360' title='bbox 733 1672 739 1690; x_wconf 91' lang='lat'>:</span> <span class='ocrx_word' id='word_1_361' title='bbox 759 1663 793 1691; x_wconf 87' lang='lat' dir='ltr'>in</span> <span class='ocrx_word' id='word_1_362' title='bbox 802 1662 948 1691; x_wconf 84' lang='lat' dir='ltr'>maximis</span> <span class='ocrx_word' id='word_1_363' title='bbox 961 1658 1034 1690; x_wconf 77' lang='lat' dir='ltr'>vero</span> <span class='ocrx_word' id='word_1_364' title='bbox 1044 1669 1091 1689; x_wconf 90' lang='lat' dir='ltr'>re—</span> 
     </span>
     <span class='ocr_line' id='line_1_37' title="bbox 130 1701 1090 1743; baseline 0 -12"><span class='ocrx_word' id='word_1_365' title='bbox 130 1701 205 1736; x_wconf 78' lang='lat' dir='ltr'>bus,</span> <span class='ocrx_word' id='word_1_366' title='bbox 217 1702 248 1732; x_wconf 86' lang='lat' dir='ltr'>id</span> <span class='ocrx_word' id='word_1_367' title='bbox 259 1701 310 1736; x_wconf 86' lang='lat' dir='ltr'>est,</span> <span class='ocrx_word' id='word_1_368' title='bbox 316 1701 431 1743; x_wconf 89' lang='lat' dir='ltr'>legibus</span> <span class='ocrx_word' id='word_1_369' title='bbox 441 1701 504 1732; x_wconf 70' lang='lat' dir='ltr'>a&amp;a</span> <span class='ocrx_word' id='word_1_370' title='bbox 515 1703 633 1733; x_wconf 84' lang='lat' dir='ltr'>Caesaris</span> <span class='ocrx_word' id='word_1_371' title='bbox 643 1702 763 1734; x_wconf 87' lang='lat' dir='ltr'>diffolvi</span> <span class='ocrx_word' id='word_1_372' title='bbox 772 1723 781 1737; x_wconf 93' lang='lat'>‚</span> <span class='ocrx_word' id='word_1_373' title='bbox 790 1702 950 1733; x_wconf 88' lang='lat' dir='ltr'>ferendum</span> <span class='ocrx_word' id='word_1_374' title='bbox 961 1712 1025 1732; x_wconf 90' lang='lat' dir='ltr'>non</span> <span class='ocrx_word' id='word_1_375' title='bbox 1035 1711 1090 1741; x_wconf 77' lang='lat' dir='ltr'>pu-</span> 
     </span>
    </p>

    <p class='ocr_par' dir='ltr' id='par_1_3' title="bbox 99 1743 1090 2828">
     <span class='ocr_line' id='line_1_38' title="bbox 99 1743 1090 1785; baseline 0.001 -12"><span class='ocrx_word' id='word_1_376' title='bbox 99 1744 117 1778; x_wconf 81' lang='lat'><em>8</em></span> <span class='ocrx_word' id='word_1_377' title='bbox 137 1745 186 1774; x_wconf 84' lang='lat' dir='ltr'>to.&#39;</span> <span class='ocrx_word' id='word_1_378' title='bbox 202 1746 277 1784; x_wconf 84' lang='lat' dir='ltr'>Qae</span> <span class='ocrx_word' id='word_1_379' title='bbox 287 1744 336 1774; x_wconf 82' lang='lat' dir='ltr'>lex</span> <span class='ocrx_word' id='word_1_380' title='bbox 347 1744 466 1778; x_wconf 87' lang='lat' dir='ltr'>melior,</span> <span class='ocrx_word' id='word_1_381' title='bbox 476 1745 589 1778; x_wconf 85' lang='lat' dir='ltr'>utilior,</span> <span class='ocrx_word' id='word_1_382' title='bbox 602 1747 717 1785; x_wconf 86' lang='lat' dir='ltr'>optima</span> <span class='ocrx_word' id='word_1_383' title='bbox 726 1747 816 1776; x_wconf 89' lang='lat' dir='ltr'>etiam</span> <span class='ocrx_word' id='word_1_384' title='bbox 826 1745 995 1785; x_wconf 82' lang='lat' dir='ltr'>rep-saepius</span> <span class='ocrx_word' id='word_1_385' title='bbox 1006 1743 1090 1784; x_wconf 88' lang='lat' dir='ltr'>flagi-</span> 
     </span>
     <span class='ocr_line' id='line_1_39' title="bbox 138 1785 1089 1828; baseline 0 -13"><span class='ocrx_word' id='word_1_386' title='bbox 138 1793 196 1815; x_wconf 89' lang='lat' dir='ltr'>tata</span> <span class='ocrx_word' id='word_1_387' title='bbox 205 1804 214 1818; x_wconf 90' lang='lat'>‚</span> <span class='ocrx_word' id='word_1_388' title='bbox 225 1785 315 1825; x_wconf 73' lang='lat' dir='ltr'>quam</span> <span class='ocrx_word' id='word_1_389' title='bbox 327 1795 365 1815; x_wconf 89' lang='lat' dir='ltr'>ne</span> <span class='ocrx_word' id='word_1_390' title='bbox 372 1787 515 1825; x_wconf 83' lang='lat' dir='ltr'>praetoriae</span> <span class='ocrx_word' id='word_1_391' title='bbox 525 1789 688 1826; x_wconf 85' lang='lat' dir='ltr'>provinciae</span> <span class='ocrx_word' id='word_1_392' title='bbox 696 1787 762 1827; x_wconf 88' lang='lat' dir='ltr'>plus</span> <span class='ocrx_word' id='word_1_393' title='bbox 772 1786 863 1828; x_wconf 78' lang='lat' dir='ltr'>quam</span> <span class='ocrx_word' id='word_1_394' title='bbox 873 1797 980 1816; x_wconf 79' lang='lat' dir='ltr'>annum</span> <span class='ocrx_word' id='word_1_395' title='bbox 991 1806 1000 1819; x_wconf 93' lang='lat'>,</span> <span class='ocrx_word' id='word_1_396' title='bbox 1013 1794 1089 1815; x_wconf 87' lang='lat' dir='ltr'>neve</span> 
     </span>
     <span class='ocr_line' id='line_1_40' title="bbox 137 1826 1090 1867; baseline 0 -11"><span class='ocrx_word' id='word_1_397' title='bbox 137 1827 204 1867; x_wconf 90' lang='lat' dir='ltr'>plus</span> <span class='ocrx_word' id='word_1_398' title='bbox 220 1826 309 1866; x_wconf 77' lang='lat' dir='ltr'>quam</span> <span class='ocrx_word' id='word_1_399' title='bbox 327 1827 486 1860; x_wconf 80' lang='lat' dir='ltr'>biennium</span> <span class='ocrx_word' id='word_1_400' title='bbox 505 1829 675 1859; x_wconf 87' lang='lat' dir='ltr'>consulares</span> <span class='ocrx_word' id='word_1_401' title='bbox 691 1829 923 1859; x_wconf 86' lang='lat' dir='ltr'>obtinerentur?</span> <span class='ocrx_word' id='word_1_402' title='bbox 942 1830 1008 1857; x_wconf 89' lang='lat' dir='ltr'>Hac</span> <span class='ocrx_word' id='word_1_403' title='bbox 1026 1827 1090 1867; x_wconf 84' lang='lat' dir='ltr'>lege</span> 
     </span>
     <span class='ocr_line' id='line_1_41' title="bbox 136 1868 1090 1909; baseline -0.001 -11"><span class='ocrx_word' id='word_1_404' title='bbox 136 1868 256 1902; x_wconf 82' lang='lat' dir='ltr'>sublata,</span> <span class='ocrx_word' id='word_1_405' title='bbox 266 1868 445 1899; x_wconf 84' lang='lat' dir='ltr'>videnturne</span> <span class='ocrx_word' id='word_1_406' title='bbox 455 1869 543 1899; x_wconf 90' lang='lat' dir='ltr'>vobis</span> <span class='ocrx_word' id='word_1_407' title='bbox 552 1869 614 1900; x_wconf 67' lang='lat' dir='ltr'>ae‘ta</span> <span class='ocrx_word' id='word_1_408' title='bbox 624 1871 744 1901; x_wconf 82' lang='lat' dir='ltr'>Caesaris</span> <span class='ocrx_word' id='word_1_409' title='bbox 755 1871 880 1900; x_wconf 82' lang='lat' dir='ltr'>servari?</span> <span class='ocrx_word' id='word_1_410' title='bbox 897 1869 970 1909; x_wconf 90' lang='lat' dir='ltr'>quid</span> <span class='ocrx_word' id='word_1_411' title='bbox 982 1872 992 1898; x_wconf 91' lang='lat'>?</span> <span class='ocrx_word' id='word_1_412' title='bbox 1003 1878 1036 1898; x_wconf 86' lang='lat' dir='ltr'>ea</span> <span class='ocrx_word' id='word_1_413' title='bbox 1046 1869 1090 1897; x_wconf 93' lang='lat' dir='ltr'>le-</span> 
     </span>
     <span class='ocr_line' id='line_1_42' title="bbox 134 1910 1089 1950; baseline 0 -12"><span class='ocrx_word' id='word_1_414' title='bbox 134 1920 171 1950; x_wconf 86' lang='lat' dir='ltr'>ge</span> <span class='ocrx_word' id='word_1_415' title='bbox 181 1929 190 1944; x_wconf 92' lang='lat'>‚</span> <span class='ocrx_word' id='word_1_416' title='bbox 207 1919 273 1950; x_wconf 83' lang='lat' dir='ltr'>quae</span> <span class='ocrx_word' id='word_1_417' title='bbox 282 1911 467 1950; x_wconf 81' lang='lat' dir='ltr'>promulgata</span> <span class='ocrx_word' id='word_1_418' title='bbox 476 1910 518 1941; x_wconf 92' lang='lat' dir='ltr'>est</span> <span class='ocrx_word' id='word_1_419' title='bbox 527 1911 564 1940; x_wconf 88' lang='lat' dir='ltr'>de</span> <span class='ocrx_word' id='word_1_420' title='bbox 577 1914 661 1941; x_wconf 88' lang='lat' dir='ltr'>tertia</span> <span class='ocrx_word' id='word_1_421' title='bbox 671 1911 789 1942; x_wconf 87' lang='lat' dir='ltr'>decuria</span> <span class='ocrx_word' id='word_1_422' title='bbox 802 1911 941 1950; x_wconf 82' lang='lat' dir='ltr'>judicum</span> <span class='ocrx_word' id='word_1_423' title='bbox 954 1930 963 1943; x_wconf 84' lang='lat'>,</span> <span class='ocrx_word' id='word_1_424' title='bbox 984 1919 1089 1940; x_wconf 90' lang='lat' dir='ltr'>nonne</span> 
     </span>
     <span class='ocr_line' id='line_1_43' title="bbox 131 1950 1090 1993; baseline 0 -12"><span class='ocrx_word' id='word_1_425' title='bbox 131 1961 246 1981; x_wconf 83' lang='lat' dir='ltr'>ornnes</span> <span class='ocrx_word' id='word_1_426' title='bbox 258 1951 423 1989; x_wconf 72' lang='lat' dir='ltr'>judiciariae</span> <span class='ocrx_word' id='word_1_427' title='bbox 438 1952 516 1993; x_wconf 86' lang='lat' dir='ltr'>leges</span> <span class='ocrx_word' id='word_1_428' title='bbox 533 1953 652 1985; x_wconf 85' lang='lat' dir='ltr'>Caesaris</span> <span class='ocrx_word' id='word_1_429' title='bbox 665 1952 886 1983; x_wconf 70' lang='lat' dir='ltr'>dissolvuntur?</span> <span class='ocrx_word' id='word_1_430' title='bbox 903 1955 940 1982; x_wconf 92' lang='lat' dir='ltr'>Et</span> <span class='ocrx_word' id='word_1_431' title='bbox 959 1961 1014 1982; x_wconf 88' lang='lat' dir='ltr'>vos</span> <span class='ocrx_word' id='word_1_432' title='bbox 1027 1950 1090 1981; x_wconf 61' lang='lat' dir='ltr'>affixa</span> 
     </span>
     <span class='ocr_line' id='line_1_44' title="bbox 134 1991 1088 2035; baseline -0.002 -12"><span class='ocrx_word' id='word_1_433' title='bbox 134 1994 254 2023; x_wconf 86' lang='lat' dir='ltr'>Caesaris</span> <span class='ocrx_word' id='word_1_434' title='bbox 266 1992 426 2023; x_wconf 85' lang='lat' dir='ltr'>defenditis</span> <span class='ocrx_word' id='word_1_435' title='bbox 438 2014 446 2026; x_wconf 90' lang='lat'>‚</span> <span class='ocrx_word' id='word_1_436' title='bbox 466 1995 519 2034; x_wconf 90' lang='lat' dir='ltr'>qui</span> <span class='ocrx_word' id='word_1_437' title='bbox 537 1994 615 2035; x_wconf 85' lang='lat' dir='ltr'>leges</span> <span class='ocrx_word' id='word_1_438' title='bbox 633 1994 697 2033; x_wconf 86' lang='lat' dir='ltr'>ejus</span> <span class='ocrx_word' id='word_1_439' title='bbox 715 1996 870 2025; x_wconf 82' lang='lat' dir='ltr'>evertitis?</span> <span class='ocrx_word' id='word_1_440' title='bbox 889 1992 944 2024; x_wconf 88' lang='lat' dir='ltr'>nisi</span> <span class='ocrx_word' id='word_1_441' title='bbox 953 1992 1034 2023; x_wconf 76' lang='lat' dir='ltr'>forte</span> <span class='ocrx_word' id='word_1_442' title='bbox 1046 2012 1054 2025; x_wconf 87' lang='lat'><em>,</em></span> <span class='ocrx_word' id='word_1_443' title='bbox 1068 1991 1088 2021; x_wconf 92' lang='lat' dir='ltr'>si</span> 
     </span>
     <span class='ocr_line' id='line_1_45' title="bbox 133 2034 1088 2076; baseline 0 -12"><span class='ocrx_word' id='word_1_444' title='bbox 133 2034 207 2076; x_wconf 89' lang='lat' dir='ltr'>quid</span> <span class='ocrx_word' id='word_1_445' title='bbox 218 2037 374 2068; x_wconf 84' lang='lat' dir='ltr'>memoriae</span> <span class='ocrx_word' id='word_1_446' title='bbox 383 2036 466 2065; x_wconf 88' lang='lat' dir='ltr'>causa</span> <span class='ocrx_word' id='word_1_447' title='bbox 476 2036 579 2065; x_wconf 88' lang='lat' dir='ltr'>retulit</span> <span class='ocrx_word' id='word_1_448' title='bbox 588 2037 621 2066; x_wconf 88' lang='lat' dir='ltr'>in</span> <span class='ocrx_word' id='word_1_449' title='bbox 632 2036 782 2070; x_wconf 87' lang='lat' dir='ltr'>libellum,</span> <span class='ocrx_word' id='word_1_450' title='bbox 796 2036 827 2066; x_wconf 89' lang='lat' dir='ltr'>id</span> <span class='ocrx_word' id='word_1_451' title='bbox 837 2035 1044 2065; x_wconf 85' lang='lat' dir='ltr'>numerabitur</span> <span class='ocrx_word' id='word_1_452' title='bbox 1053 2035 1088 2064; x_wconf 90' lang='lat' dir='ltr'>in</span> 
     </span>
     <span class='ocr_line' id='line_1_46' title="bbox 132 2075 1087 2118; baseline 0 -12"><span class='ocrx_word' id='word_1_453' title='bbox 132 2076 217 2110; x_wconf 65' lang='lat' dir='ltr'>aclis,</span> <span class='ocrx_word' id='word_1_454' title='bbox 228 2076 408 2117; x_wconf 87' lang='lat' dir='ltr'>&amp;quamvis</span> <span class='ocrx_word' id='word_1_455' title='bbox 419 2078 563 2117; x_wconf 77' lang='lat' dir='ltr'>iniquum,</span> <span class='ocrx_word' id='word_1_456' title='bbox 576 2077 608 2107; x_wconf 72' lang='grc' dir='ltr'>δε</span> <span class='ocrx_word' id='word_1_457' title='bbox 618 2078 728 2108; x_wconf 88' lang='lat' dir='ltr'>inutile</span> <span class='ocrx_word' id='word_1_458' title='bbox 737 2077 770 2108; x_wconf 86' lang='lat' dir='ltr'>sit</span> <span class='ocrx_word' id='word_1_459' title='bbox 782 2098 791 2112; x_wconf 84' lang='lat'>,</span> <span class='ocrx_word' id='word_1_460' title='bbox 803 2077 979 2116; x_wconf 85' lang='lat' dir='ltr'>defendetur</span> <span class='ocrx_word' id='word_1_461' title='bbox 990 2075 1087 2118; x_wconf 90' lang='lat' dir='ltr'>:quod</span> 
     </span>
     <span class='ocr_line' id='line_1_47' title="bbox 131 2118 1086 2158; baseline -0.002 -9"><span class='ocrx_word' id='word_1_462' title='bbox 131 2118 170 2149; x_wconf 83' lang='lat' dir='ltr'>ad</span> <span class='ocrx_word' id='word_1_463' title='bbox 178 2119 327 2158; x_wconf 89' lang='lat' dir='ltr'>populum</span> <span class='ocrx_word' id='word_1_464' title='bbox 343 2120 516 2149; x_wconf 85' lang='lat' dir='ltr'>centuriatis</span> <span class='ocrx_word' id='word_1_465' title='bbox 532 2121 666 2149; x_wconf 90' lang='lat' dir='ltr'>comitiis</span> <span class='ocrx_word' id='word_1_466' title='bbox 678 2120 765 2154; x_wconf 86' lang='lat' dir='ltr'>tulit,</span> <span class='ocrx_word' id='word_1_467' title='bbox 786 2120 816 2150; x_wconf 92' lang='lat' dir='ltr'>id</span> <span class='ocrx_word' id='word_1_468' title='bbox 829 2121 863 2149; x_wconf 92' lang='lat' dir='ltr'>in</span> <span class='ocrx_word' id='word_1_469' title='bbox 878 2119 951 2149; x_wconf 56' lang='lat' dir='ltr'>actis</span> <span class='ocrx_word' id='word_1_470' title='bbox 966 2119 1086 2149; x_wconf 67' lang='lat' dir='ltr'>Caesaris</span> 
     </span>
     <span class='ocr_line' id='line_1_48' title="bbox 131 2159 1086 2201; baseline 0.001 -12"><span class='ocrx_word' id='word_1_471' title='bbox 131 2170 196 2190; x_wconf 90' lang='lat' dir='ltr'>non</span> <span class='ocrx_word' id='word_1_472' title='bbox 206 2159 374 2190; x_wconf 75' lang='lat' dir='ltr'>habebitur.</span> <span class='ocrx_word' id='word_1_473' title='bbox 398 2162 437 2190; x_wconf 90' lang='lat' dir='ltr'>At</span> <span class='ocrx_word' id='word_1_474' title='bbox 454 2171 520 2201; x_wconf 74' lang='lat' dir='ltr'>qua:</span> <span class='ocrx_word' id='word_1_475' title='bbox 536 2160 642 2192; x_wconf 79' lang='lat' dir='ltr'>estista</span> <span class='ocrx_word' id='word_1_476' title='bbox 660 2163 743 2192; x_wconf 79' lang='lat' dir='ltr'>tertia</span> <span class='ocrx_word' id='word_1_477' title='bbox 760 2161 898 2192; x_wconf 84' lang='lat' dir='ltr'>decuria?</span> <span class='ocrx_word' id='word_1_478' title='bbox 923 2162 1086 2191; x_wconf 87' lang='lat' dir='ltr'>Centurio—</span> 
     </span>
     <span class='ocr_line' id='line_1_49' title="bbox 130 2201 1084 2245; baseline 0 -13"><span class='ocrx_word' id='word_1_479' title='bbox 130 2212 221 2235; x_wconf 84' lang='lat' dir='ltr'>num,</span> <span class='ocrx_word' id='word_1_480' title='bbox 231 2202 344 2242; x_wconf 87' lang='lat' dir='ltr'>inquit.</span> <span class='ocrx_word' id='word_1_481' title='bbox 369 2201 450 2243; x_wconf 80' lang='lat' dir='ltr'>Qid</span> <span class='ocrx_word' id='word_1_482' title='bbox 463 2202 531 2232; x_wconf 86' lang='lat' dir='ltr'>?isti</span> <span class='ocrx_word' id='word_1_483' title='bbox 541 2202 641 2233; x_wconf 88' lang='lat' dir='ltr'>ordini</span> <span class='ocrx_word' id='word_1_484' title='bbox 648 2203 798 2242; x_wconf 81' lang='lat' dir='ltr'>judicatus</span> <span class='ocrx_word' id='word_1_485' title='bbox 808 2203 871 2245; x_wconf 85' lang='lat' dir='ltr'>lege</span> <span class='ocrx_word' id='word_1_486' title='bbox 879 2203 959 2244; x_wconf 88' lang='lat' dir='ltr'>Julia</span> <span class='ocrx_word' id='word_1_487' title='bbox 971 2223 981 2236; x_wconf 87' lang='lat'><em>,</em></span> <span class='ocrx_word' id='word_1_488' title='bbox 993 2205 1084 2232; x_wconf 89' lang='lat' dir='ltr'>etiam</span> 
     </span>
     <span class='ocr_line' id='line_1_50' title="bbox 129 2243 1081 2284; baseline 0 -10"><span class='ocrx_word' id='word_1_489' title='bbox 129 2247 197 2274; x_wconf 77' lang='lat' dir='ltr'>ante</span> <span class='ocrx_word' id='word_1_490' title='bbox 213 2244 365 2282; x_wconf 83' lang='lat' dir='ltr'>Pompeja‚</span> <span class='ocrx_word' id='word_1_491' title='bbox 375 2243 496 2273; x_wconf 86' lang='lat' dir='ltr'>Aurelia</span> <span class='ocrx_word' id='word_1_492' title='bbox 507 2254 570 2274; x_wconf 91' lang='lat' dir='ltr'>non</span> <span class='ocrx_word' id='word_1_493' title='bbox 579 2245 694 2284; x_wconf 78' lang='lat' dir='ltr'>patebat</span> <span class='ocrx_word' id='word_1_494' title='bbox 704 2248 715 2274; x_wconf 89' lang='lat'>?</span> <span class='ocrx_word' id='word_1_495' title='bbox 725 2245 837 2275; x_wconf 88' lang='lat' dir='ltr'>Census</span> <span class='ocrx_word' id='word_1_496' title='bbox 849 2243 1081 2284; x_wconf 75' lang='lat' dir='ltr'>praefiniebatur,</span> 
     </span>
     <span class='ocr_line' id='line_1_51' title="bbox 128 2285 1082 2327; baseline 0.001 -12"><span class='ocrx_word' id='word_1_497' title='bbox 128 2286 238 2326; x_wconf 84' lang='lat' dir='ltr'>inquit.</span> <span class='ocrx_word' id='word_1_498' title='bbox 262 2287 337 2314; x_wconf 90' lang='lat' dir='ltr'>Non</span> <span class='ocrx_word' id='word_1_499' title='bbox 356 2287 527 2315; x_wconf 85' lang='lat' dir='ltr'>centurioni</span> <span class='ocrx_word' id='word_1_500' title='bbox 545 2286 670 2326; x_wconf 84' lang='lat' dir='ltr'>quidem</span> <span class='ocrx_word' id='word_1_501' title='bbox 687 2285 788 2317; x_wconf 78' lang='lat' dir='ltr'>solum</span> <span class='ocrx_word' id='word_1_502' title='bbox 799 2306 808 2320; x_wconf 92' lang='lat'><strong>,</strong></span> <span class='ocrx_word' id='word_1_503' title='bbox 829 2286 878 2316; x_wconf 91' lang='lat' dir='ltr'>sed</span> <span class='ocrx_word' id='word_1_504' title='bbox 890 2288 984 2327; x_wconf 86' lang='lat' dir='ltr'>equiti</span> <span class='ocrx_word' id='word_1_505' title='bbox 992 2288 1082 2316; x_wconf 86' lang='lat' dir='ltr'>etiam</span> 
     </span>
     <span class='ocr_line' id='line_1_52' title="bbox 129 2325 1082 2369; baseline 0.001 -12"><span class='ocrx_word' id='word_1_506' title='bbox 129 2328 280 2357; x_wconf 83' lang='lat' dir='ltr'>Roma-no.</span> <span class='ocrx_word' id='word_1_507' title='bbox 304 2329 404 2367; x_wconf 85' lang='lat' dir='ltr'>Itaque</span> <span class='ocrx_word' id='word_1_508' title='bbox 415 2328 471 2356; x_wconf 86' lang='lat' dir='ltr'>viri</span> <span class='ocrx_word' id='word_1_509' title='bbox 481 2325 644 2361; x_wconf 85' lang='lat' dir='ltr'>fortiffimi‚</span> <span class='ocrx_word' id='word_1_510' title='bbox 654 2337 739 2369; x_wconf 88' lang='lat' dir='ltr'>atque</span> <span class='ocrx_word' id='word_1_511' title='bbox 749 2326 959 2361; x_wconf 84' lang='lat' dir='ltr'>honestiffimi‚</span> <span class='ocrx_word' id='word_1_512' title='bbox 967 2329 1020 2368; x_wconf 90' lang='lat' dir='ltr'>qui</span> <span class='ocrx_word' id='word_1_513' title='bbox 1031 2337 1082 2358; x_wconf 89' lang='lat' dir='ltr'>or-</span> 
     </span>
     <span class='ocr_line' id='line_1_53' title="bbox 129 2368 1082 2410; baseline 0 -11"><span class='ocrx_word' id='word_1_514' title='bbox 129 2368 215 2399; x_wconf 89' lang='lat' dir='ltr'>dines</span> <span class='ocrx_word' id='word_1_515' title='bbox 221 2368 435 2403; x_wconf 83' lang='lat' dir='ltr'>duxerunt‚res</span> <span class='ocrx_word' id='word_1_516' title='bbox 445 2368 478 2398; x_wconf 92' lang='lat'>&amp;</span> <span class='ocrx_word' id='word_1_517' title='bbox 484 2368 668 2408; x_wconf 58' lang='lat' dir='ltr'>judicant&amp;</span> <span class='ocrx_word' id='word_1_518' title='bbox 674 2370 686 2409; x_wconf 83' lang='lat' dir='ltr'>j</span> <span class='ocrx_word' id='word_1_519' title='bbox 692 2369 898 2399; x_wconf 88' lang='lat' dir='ltr'>udicaverunt.</span> <span class='ocrx_word' id='word_1_520' title='bbox 917 2371 993 2399; x_wconf 89' lang='lat' dir='ltr'>Non</span> <span class='ocrx_word' id='word_1_521' title='bbox 1000 2379 1082 2410; x_wconf 86' lang='lat' dir='ltr'>quae-</span> 
     </span>
     <span class='ocr_line' id='line_1_54' title="bbox 128 2409 1081 2452; baseline 0.002 -13"><span class='ocrx_word' id='word_1_522' title='bbox 128 2420 173 2443; x_wconf 84' lang='lat' dir='ltr'>ro,</span> <span class='ocrx_word' id='word_1_523' title='bbox 187 2411 294 2450; x_wconf 81' lang='lat' dir='ltr'>inquit,</span> <span class='ocrx_word' id='word_1_524' title='bbox 304 2409 386 2440; x_wconf 82' lang='lat' dir='ltr'>istos.</span> <span class='ocrx_word' id='word_1_525' title='bbox 405 2412 590 2452; x_wconf 84' lang='lat' dir='ltr'>quicumque</span> <span class='ocrx_word' id='word_1_526' title='bbox 600 2410 741 2442; x_wconf 85' lang='lat' dir='ltr'>ordinem</span> <span class='ocrx_word' id='word_1_527' title='bbox 755 2411 854 2445; x_wconf 84' lang='lat' dir='ltr'>duxit,</span> <span class='ocrx_word' id='word_1_528' title='bbox 863 2411 985 2451; x_wconf 89' lang='lat' dir='ltr'>judicet.</span> <span class='ocrx_word' id='word_1_529' title='bbox 1007 2414 1047 2441; x_wconf 87' lang='lat' dir='ltr'>At</span> <span class='ocrx_word' id='word_1_530' title='bbox 1061 2410 1081 2440; x_wconf 87' lang='lat' dir='ltr'>fi</span> 
     </span>
     <span class='ocr_line' id='line_1_55' title="bbox 128 2451 1079 2493; baseline 0.002 -12"><span class='ocrx_word' id='word_1_531' title='bbox 128 2451 261 2485; x_wconf 75' lang='lat' dir='ltr'>ferretis,</span> <span class='ocrx_word' id='word_1_532' title='bbox 278 2453 462 2493; x_wconf 85' lang='lat' dir='ltr'>quicumque</span> <span class='ocrx_word' id='word_1_533' title='bbox 479 2462 557 2493; x_wconf 87' lang='lat' dir='ltr'>equo</span> <span class='ocrx_word' id='word_1_534' title='bbox 576 2452 749 2487; x_wconf 82' lang='lat' dir='ltr'>meruiss&#39;et,</span> <span class='ocrx_word' id='word_1_535' title='bbox 768 2452 850 2493; x_wconf 89' lang='lat' dir='ltr'>quod</span> <span class='ocrx_word' id='word_1_536' title='bbox 861 2452 904 2483; x_wconf 89' lang='lat' dir='ltr'>est</span> <span class='ocrx_word' id='word_1_537' title='bbox 921 2451 1079 2487; x_wconf 84' lang='lat' dir='ltr'>laudatius,</span> 
     </span>
     <span class='ocr_line' id='line_1_56' title="bbox 127 2493 1080 2534; baseline 0.001 -11"><span class='ocrx_word' id='word_1_538' title='bbox 127 2495 246 2523; x_wconf 86' lang='lat' dir='ltr'>nemini</span> <span class='ocrx_word' id='word_1_539' title='bbox 264 2493 435 2533; x_wconf 83' lang='lat' dir='ltr'>probaretis.</span> <span class='ocrx_word' id='word_1_540' title='bbox 467 2496 506 2524; x_wconf 78' lang='lat' dir='ltr'>IN</span> <span class='ocrx_word' id='word_1_541' title='bbox 523 2504 647 2533; x_wconf 74' lang='lat' dir='ltr'>jumen</span> <span class='ocrx_word' id='word_1_542' title='bbox 667 2497 752 2525; x_wconf 88' lang='lat' dir='ltr'>enim</span> <span class='ocrx_word' id='word_1_543' title='bbox 771 2493 895 2534; x_wconf 54' lang='lat' dir='ltr'>spec-:tari</span> <span class='ocrx_word' id='word_1_544' title='bbox 911 2494 945 2524; x_wconf 88' lang='lat'>&amp;</span> <span class='ocrx_word' id='word_1_545' title='bbox 957 2494 1080 2525; x_wconf 87' lang='lat' dir='ltr'>fortuna</span> 
     </span>
     <span class='ocr_line' id='line_1_57' title="bbox 125 2534 1076 2577; baseline 0.001 -12"><span class='ocrx_word' id='word_1_546' title='bbox 125 2535 214 2565; x_wconf 84' lang='lat' dir='ltr'>debet</span> <span class='ocrx_word' id='word_1_547' title='bbox 226 2555 234 2568; x_wconf 92' lang='lat'>,</span> <span class='ocrx_word' id='word_1_548' title='bbox 247 2535 279 2565; x_wconf 78' lang='grc' dir='ltr'>δι’</span> <span class='ocrx_word' id='word_1_549' title='bbox 289 2534 425 2576; x_wconf 81' lang='lat' dir='ltr'>dignitas.</span> <span class='ocrx_word' id='word_1_550' title='bbox 455 2538 528 2566; x_wconf 90' lang='lat' dir='ltr'>Non</span> <span class='ocrx_word' id='word_1_551' title='bbox 539 2546 642 2576; x_wconf 75' lang='lat' dir='ltr'>quaero</span> <span class='ocrx_word' id='word_1_552' title='bbox 651 2555 660 2570; x_wconf 87' lang='lat'>‚</span> <span class='ocrx_word' id='word_1_553' title='bbox 671 2538 771 2577; x_wconf 89' lang='lat' dir='ltr'>inquit</span> <span class='ocrx_word' id='word_1_554' title='bbox 785 2556 793 2570; x_wconf 87' lang='lat'>‚</span> <span class='ocrx_word' id='word_1_555' title='bbox 808 2535 879 2566; x_wconf 85' lang='lat' dir='ltr'>ista:</span> <span class='ocrx_word' id='word_1_556' title='bbox 895 2536 974 2566; x_wconf 93' lang='lat' dir='ltr'>addo</span> <span class='ocrx_word' id='word_1_557' title='bbox 986 2538 1076 2566; x_wconf 88' lang='lat' dir='ltr'>etiam</span> 
     </span>
     <span class='ocr_line' id='line_1_58' title="bbox 121 2576 1076 2618; baseline 0.002 -12"><span class='ocrx_word' id='word_1_558' title='bbox 121 2576 238 2617; x_wconf 77' lang='lat' dir='ltr'>judices</span> <span class='ocrx_word' id='word_1_559' title='bbox 254 2577 464 2616; x_wconf 88' lang='lat' dir='ltr'>manipulareis</span> <span class='ocrx_word' id='word_1_560' title='bbox 482 2588 521 2608; x_wconf 86' lang='lat' dir='ltr'>ex</span> <span class='ocrx_word' id='word_1_561' title='bbox 537 2578 658 2618; x_wconf 85' lang='lat' dir='ltr'>legione</span> <span class='ocrx_word' id='word_1_562' title='bbox 676 2577 870 2608; x_wconf 84' lang='lat' dir='ltr'>Alaudarum.</span> <span class='ocrx_word' id='word_1_563' title='bbox 896 2578 981 2608; x_wconf 88' lang='lat' dir='ltr'>aliter</span> <span class='ocrx_word' id='word_1_564' title='bbox 991 2580 1076 2608; x_wconf 88' lang='lat' dir='ltr'>enim</span> 
     </span>
     <span class='ocr_line' id='line_1_59' title="bbox 124 2617 1077 2658; baseline 0.002 -10"><span class='ocrx_word' id='word_1_565' title='bbox 124 2618 218 2649; x_wconf 87' lang='lat' dir='ltr'>nostri</span> <span class='ocrx_word' id='word_1_566' title='bbox 229 2628 336 2658; x_wconf 84' lang='lat' dir='ltr'>negant</span> <span class='ocrx_word' id='word_1_567' title='bbox 344 2617 426 2658; x_wconf 82' lang='lat' dir='ltr'>pofl&#39;e</span> <span class='ocrx_word' id='word_1_568' title='bbox 437 2619 465 2648; x_wconf 85' lang='lat' dir='ltr'>se</span> <span class='ocrx_word' id='word_1_569' title='bbox 475 2620 572 2649; x_wconf 89' lang='lat' dir='ltr'>salvos</span> <span class='ocrx_word' id='word_1_570' title='bbox 583 2618 650 2649; x_wconf 77' lang='lat' dir='ltr'>effe.</span> <span class='ocrx_word' id='word_1_571' title='bbox 674 2622 700 2648; x_wconf 94' lang='lat' dir='ltr'>O</span> <span class='ocrx_word' id='word_1_572' title='bbox 709 2619 966 2649; x_wconf 84' lang='lat' dir='ltr'>contumeliosum</span> <span class='ocrx_word' id='word_1_573' title='bbox 975 2620 1077 2650; x_wconf 91' lang='lat' dir='ltr'>hono-</span> 
     </span>
     <span class='ocr_line' id='line_1_60' title="bbox 123 2660 1077 2701; baseline 0 -10"><span class='ocrx_word' id='word_1_574' title='bbox 123 2670 188 2691; x_wconf 84' lang='lat' dir='ltr'>rem</span> <span class='ocrx_word' id='word_1_575' title='bbox 198 2662 254 2693; x_wconf 87' lang='lat' dir='ltr'>iis,</span> <span class='ocrx_word' id='word_1_576' title='bbox 272 2670 349 2700; x_wconf 89' lang='lat' dir='ltr'>quos</span> <span class='ocrx_word' id='word_1_577' title='bbox 361 2660 605 2699; x_wconf 82' lang='lat' dir='ltr'>adjudicandum</span> <span class='ocrx_word' id='word_1_578' title='bbox 625 2670 681 2691; x_wconf 85' lang='lat' dir='ltr'>nec</span> <span class='ocrx_word' id='word_1_579' title='bbox 698 2662 869 2701; x_wconf 86' lang='lat' dir='ltr'>opinanteis</span> <span class='ocrx_word' id='word_1_580' title='bbox 878 2662 1011 2691; x_wconf 87' lang='lat' dir='ltr'>vocatis!</span> <span class='ocrx_word' id='word_1_581' title='bbox 1027 2662 1077 2692; x_wconf 89' lang='lat' dir='ltr'>hic</span> 
     </span>
     <span class='ocr_line' id='line_1_61' title="bbox 124 2701 1076 2743; baseline 0 -11"><span class='ocrx_word' id='word_1_582' title='bbox 124 2704 208 2732; x_wconf 86' lang='lat' dir='ltr'>enim</span> <span class='ocrx_word' id='word_1_583' title='bbox 219 2701 262 2731; x_wconf 88' lang='lat' dir='ltr'>est</span> <span class='ocrx_word' id='word_1_584' title='bbox 272 2703 344 2742; x_wconf 87' lang='lat' dir='ltr'>legis</span> <span class='ocrx_word' id='word_1_585' title='bbox 353 2701 458 2735; x_wconf 86' lang='lat' dir='ltr'>index,</span> <span class='ocrx_word' id='word_1_586' title='bbox 468 2711 501 2732; x_wconf 90' lang='lat' dir='ltr'>ut</span> <span class='ocrx_word' id='word_1_587' title='bbox 512 2704 532 2732; x_wconf 91' lang='lat' dir='ltr'>ii</span> <span class='ocrx_word' id='word_1_588' title='bbox 543 2705 576 2732; x_wconf 89' lang='lat' dir='ltr'>in</span> <span class='ocrx_word' id='word_1_589' title='bbox 586 2704 670 2732; x_wconf 74' lang='lat' dir='ltr'>tei-tia</span> <span class='ocrx_word' id='word_1_590' title='bbox 681 2703 800 2733; x_wconf 78' lang='lat' dir='ltr'>decuria</span> <span class='ocrx_word' id='word_1_591' title='bbox 812 2701 946 2739; x_wconf 85' lang='lat' dir='ltr'>judicent</span> <span class='ocrx_word' id='word_1_592' title='bbox 955 2722 964 2736; x_wconf 86' lang='lat'>‚</span> <span class='ocrx_word' id='word_1_593' title='bbox 975 2705 1028 2743; x_wconf 91' lang='lat' dir='ltr'>qui</span> <span class='ocrx_word' id='word_1_594' title='bbox 1038 2703 1076 2732; x_wconf 90' lang='lat' dir='ltr'>li-</span> 
     </span>
     <span class='ocr_line' id='line_1_62' title="bbox 123 2742 1077 2785; baseline 0 -11"><span class='ocrx_word' id='word_1_595' title='bbox 123 2743 193 2774; x_wconf 76' lang='lat' dir='ltr'>bere</span> <span class='ocrx_word' id='word_1_596' title='bbox 212 2744 345 2783; x_wconf 85' lang='lat' dir='ltr'>judicare</span> <span class='ocrx_word' id='word_1_597' title='bbox 367 2752 430 2773; x_wconf 87' lang='lat' dir='ltr'>non</span> <span class='ocrx_word' id='word_1_598' title='bbox 448 2743 582 2773; x_wconf 86' lang='lat' dir='ltr'>audeant.</span> <span class='ocrx_word' id='word_1_599' title='bbox 602 2746 637 2774; x_wconf 90' lang='lat' dir='ltr'>in</span> <span class='ocrx_word' id='word_1_600' title='bbox 647 2753 709 2785; x_wconf 87' lang='lat' dir='ltr'>quo</span> <span class='ocrx_word' id='word_1_601' title='bbox 718 2753 848 2785; x_wconf 83' lang='lat' dir='ltr'>quantus</span> <span class='ocrx_word' id='word_1_602' title='bbox 858 2742 900 2774; x_wconf 82' lang='lat' dir='ltr'>est</span> <span class='ocrx_word' id='word_1_603' title='bbox 909 2754 991 2774; x_wconf 78' lang='lat' dir='ltr'>error</span> <span class='ocrx_word' id='word_1_604' title='bbox 1002 2764 1011 2778; x_wconf 87' lang='lat'>‚</span> <span class='ocrx_word' id='word_1_605' title='bbox 1033 2745 1077 2774; x_wconf 89' lang='lat' dir='ltr'>dii</span> 
     </span>
     <span class='ocr_line' id='line_1_63' title="bbox 126 2785 1077 2828; baseline 0.001 -13"><span class='ocrx_word' id='word_1_606' title='bbox 126 2786 311 2816; x_wconf 81' lang='lat' dir='ltr'>immortales</span> <span class='ocrx_word' id='word_1_607' title='bbox 321 2805 330 2820; x_wconf 86' lang='lat'>‚</span> <span class='ocrx_word' id='word_1_608' title='bbox 350 2794 455 2815; x_wconf 87' lang='lat' dir='ltr'>corum</span> <span class='ocrx_word' id='word_1_609' title='bbox 465 2805 474 2819; x_wconf 87' lang='lat'><em>,</em></span> <span class='ocrx_word' id='word_1_610' title='bbox 489 2785 639 2827; x_wconf 75' lang='lat' dir='ltr'>quiistam</span> <span class='ocrx_word' id='word_1_611' title='bbox 650 2787 746 2828; x_wconf 82' lang='lat' dir='ltr'>legem</span> <span class='ocrx_word' id='word_1_612' title='bbox 756 2787 1025 2826; x_wconf 79' lang='lat' dir='ltr'>excogitaverunt?</span> <span class='ocrx_word' id='word_1_613' title='bbox 1045 2794 1077 2816; x_wconf 86' lang='lat' dir='ltr'>ut</span> 
     </span>
    </p>
   </div>
   <div class='ocr_carea' id='block_1_3' title="bbox 119 2877 1077 3236">
    <p class='ocr_par' dir='ltr' id='par_1_4' title="bbox 128 2877 764 2892">
     <span class='ocr_line' id='line_1_64' title="bbox 128 2877 764 2892; baseline -0.005 -9"><span class='ocrx_word' id='word_1_614' title='bbox 128 2877 764 2892; x_wconf 29' lang='lat' dir='ltr'>—-———————----—-ss-.-ffi</span> 
     </span>
    </p>

    <p class='ocr_par' dir='ltr' id='par_1_5' title="bbox 121 2909 1072 2982">
     <span class='ocr_line' id='line_1_65' title="bbox 160 2909 1072 2945; baseline 0.003 -10"><span class='ocrx_word' id='word_1_615' title='bbox 160 2918 170 2934; x_wconf 85' lang='lat'>1</span> <span class='ocrx_word' id='word_1_616' title='bbox 178 2929 184 2935; x_wconf 89' lang='lat'>.</span> <span class='ocrx_word' id='word_1_617' title='bbox 203 2914 254 2936; x_wconf 79' lang='lat' dir='ltr'>Nan</span> <span class='ocrx_word' id='word_1_618' title='bbox 270 2910 330 2944; x_wconf 80' lang='lat' dir='ltr'>quid</span> <span class='ocrx_word' id='word_1_619' title='bbox 344 2912 424 2944; x_wconf 60' lang='lat' dir='ltr'>efficere</span> <span class='ocrx_word' id='word_1_620' title='bbox 441 2911 507 2944; x_wconf 65' lang='lat' dir='ltr'>poffet</span> <span class='ocrx_word' id='word_1_621' title='bbox 523 2914 549 2937; x_wconf 75' lang='lat' dir='ltr'>ia</span> <span class='ocrx_word' id='word_1_622' title='bbox 567 2913 656 2945; x_wconf 70' lang='lat' dir='ltr'>republ.</span> <span class='ocrx_word' id='word_1_623' title='bbox 675 2910 811 2944; x_wconf 69' lang='lat' dir='ltr'>cogit.-i·v.¹&#39;e.]</span> <span class='ocrx_word' id='word_1_624' title='bbox 834 2911 927 2936; x_wconf 62' lang='lat' dir='ltr'>Malim</span> <span class='ocrx_word' id='word_1_625' title='bbox 948 2909 1072 2938; x_wconf 74' lang='lat' dir='ltr'>accedere</span> 
     </span>
     <span class='ocr_line' id='line_1_66' title="bbox 121 2943 898 2982; baseline 0.001 -11"><span class='ocrx_word' id='word_1_626' title='bbox 121 2943 179 2971; x_wconf 76' lang='lat' dir='ltr'>mss.</span> <span class='ocrx_word' id='word_1_627' title='bbox 187 2945 219 2971; x_wconf 86' lang='lat' dir='ltr'>iis</span> <span class='ocrx_word' id='word_1_628' title='bbox 231 2946 344 2972; x_wconf 72' lang='lat' dir='ltr'>Ferrarii</span> <span class='ocrx_word' id='word_1_629' title='bbox 357 2966 365 2978; x_wconf 85' lang='lat'>‚</span> <span class='ocrx_word' id='word_1_630' title='bbox 384 2947 410 2973; x_wconf 81' lang='lat' dir='ltr'>iii</span> <span class='ocrx_word' id='word_1_631' title='bbox 421 2947 528 2982; x_wconf 85' lang='lat' dir='ltr'>quibus,</span> <span class='ocrx_word' id='word_1_632' title='bbox 537 2957 582 2973; x_wconf 82' lang='lat' dir='ltr'>non</span> <span class='ocrx_word' id='word_1_633' title='bbox 591 2948 648 2982; x_wconf 76' lang='lat' dir='ltr'>quid</span> <span class='ocrx_word' id='word_1_634' title='bbox 655 2951 681 2973; x_wconf 81' lang='lat' dir='ltr'>in</span> <span class='ocrx_word' id='word_1_635' title='bbox 692 2954 764 2979; x_wconf 72' lang='lat' dir='ltr'>remp.</span> <span class='ocrx_word' id='word_1_636' title='bbox 775 2949 898 2980; x_wconf 60' lang='lat' dir='ltr'>cogitavit.</span> 
     </span>
    </p>

    <p class='ocr_par' dir='ltr' id='par_1_6' title="bbox 123 2981 1075 3054">
     <span class='ocr_line' id='line_1_67' title="bbox 158 2981 1075 3017; baseline 0.004 -12"><span class='ocrx_word' id='word_1_637' title='bbox 158 2988 175 3005; x_wconf 84' lang='lat'><em>2</em></span> <span class='ocrx_word' id='word_1_638' title='bbox 206 2983 424 3015; x_wconf 62' lang='lat' dir='ltr'>Fixumquodidem</span> <span class='ocrx_word' id='word_1_639' title='bbox 436 2985 517 3016; x_wconf 74' lang='lat' dir='ltr'>sarcre</span> <span class='ocrx_word' id='word_1_640' title='bbox 529 2993 573 3009; x_wconf 75' lang='lat' dir='ltr'>non</span> <span class='ocrx_word' id='word_1_641' title='bbox 585 2983 707 3017; x_wconf 52' lang='lat' dir='ltr'>potuim]</span> <span class='ocrx_word' id='word_1_642' title='bbox 728 2984 839 3008; x_wconf 83' lang='lat' dir='ltr'>Secutus</span> <span class='ocrx_word' id='word_1_643' title='bbox 859 2982 913 3009; x_wconf 84' lang='lat' dir='ltr'>suni</span> <span class='ocrx_word' id='word_1_644' title='bbox 924 2981 1075 3009; x_wconf 63' lang='lat' dir='ltr'>distinetio-</span> 
     </span>
     <span class='ocr_line' id='line_1_68' title="bbox 123 3016 848 3054; baseline 0.001 -11"><span class='ocrx_word' id='word_1_645' title='bbox 123 3024 184 3043; x_wconf 81' lang='lat' dir='ltr'>ncm</span> <span class='ocrx_word' id='word_1_646' title='bbox 195 3016 323 3048; x_wconf 81' lang='lat' dir='ltr'>Turnebi,</span> <span class='ocrx_word' id='word_1_647' title='bbox 334 3027 411 3052; x_wconf 78' lang='lat' dir='ltr'>quam</span> <span class='ocrx_word' id='word_1_648' title='bbox 422 3018 499 3045; x_wconf 82' lang='lat' dir='ltr'>habet</span> <span class='ocrx_word' id='word_1_649' title='bbox 509 3018 557 3045; x_wconf 89' lang='lat' dir='ltr'>lib.</span> <span class='ocrx_word' id='word_1_650' title='bbox 572 3028 618 3045; x_wconf 76' lang='lat' dir='ltr'>xv,</span> <span class='ocrx_word' id='word_1_651' title='bbox 628 3018 671 3044; x_wconf 87' lang='lat' dir='ltr'>Ad</span> <span class='ocrx_word' id='word_1_652' title='bbox 677 3018 741 3044; x_wconf 81' lang='lat' dir='ltr'>vers.</span> <span class='ocrx_word' id='word_1_653' title='bbox 752 3027 807 3054; x_wconf 72' lang='lat' dir='ltr'>cup.</span> <span class='ocrx_word' id='word_1_654' title='bbox 819 3027 848 3044; x_wconf 78' lang='lat'>2..</span> 
     </span>
    </p>

    <p class='ocr_par' dir='ltr' id='par_1_7' title="bbox 122 3052 1074 3122">
     <span class='ocr_line' id='line_1_69' title="bbox 161 3052 1074 3088; baseline 0.005 -12"><span class='ocrx_word' id='word_1_655' title='bbox 161 3060 187 3086; x_wconf 86' lang='lat'>3.</span> <span class='ocrx_word' id='word_1_656' title='bbox 204 3054 234 3077; x_wconf 76' lang='lat'>1⁷1</span> <span class='ocrx_word' id='word_1_657' title='bbox 244 3052 356 3085; x_wconf 64' lang='lat' dir='ltr'>arriafiaa</span> <span class='ocrx_word' id='word_1_658' title='bbox 367 3055 484 3088; x_wconf 52' lang='lat' dir='ltr'>ducatu]</span> <span class='ocrx_word' id='word_1_659' title='bbox 497 3053 606 3081; x_wconf 65' lang='lat' dir='ltr'>Parsec.</span> <span class='ocrx_word' id='word_1_660' title='bbox 615 3055 643 3080; x_wconf 88' lang='lat'>&amp;</span> <span class='ocrx_word' id='word_1_661' title='bbox 655 3056 682 3080; x_wconf 91' lang='lat' dir='ltr'>S.</span> <span class='ocrx_word' id='word_1_662' title='bbox 692 3053 765 3081; x_wconf 65' lang='lat' dir='ltr'>Vic&#39;t.</span> <span class='ocrx_word' id='word_1_663' title='bbox 778 3055 869 3081; x_wconf 72' lang='lat' dir='ltr'>Maur.</span> <span class='ocrx_word' id='word_1_664' title='bbox 882 3055 912 3081; x_wconf 89' lang='lat' dir='ltr'>P.</span> <span class='ocrx_word' id='word_1_665' title='bbox 924 3056 1019 3087; x_wconf 78' lang='lat' dir='ltr'>diceret,</span> <span class='ocrx_word' id='word_1_666' title='bbox 1031 3064 1074 3081; x_wconf 89' lang='lat' dir='ltr'>re-</span> 
     </span>
     <span class='ocr_line' id='line_1_70' title="bbox 122 3085 833 3122; baseline 0.008 -11"><span class='ocrx_word' id='word_1_667' title='bbox 122 3086 177 3113; x_wconf 61' lang='lat' dir='ltr'>dte.</span> <span class='ocrx_word' id='word_1_668' title='bbox 198 3085 396 3122; x_wconf 73' lang='lat' dir='ltr'>respondentem</span> <span class='ocrx_word' id='word_1_669' title='bbox 406 3090 476 3115; x_wconf 84' lang='lat' dir='ltr'>enini</span> <span class='ocrx_word' id='word_1_670' title='bbox 488 3089 550 3116; x_wconf 80' lang='lat' dir='ltr'>satit</span> <span class='ocrx_word' id='word_1_671' title='bbox 561 3090 682 3117; x_wconf 75' lang='lat' dir='ltr'>Antonio</span> <span class='ocrx_word' id='word_1_672' title='bbox 692 3089 833 3116; x_wconf 70' lang='lat' dir='ltr'>Caes-irem.</span> 
     </span>
    </p>

    <p class='ocr_par' dir='ltr' id='par_1_8' title="bbox 119 3123 1074 3197">
     <span class='ocr_line' id='line_1_71' title="bbox 157 3123 1074 3161; baseline 0.005 -13"><span class='ocrx_word' id='word_1_673' title='bbox 157 3130 185 3155; x_wconf 84' lang='lat'>4.</span> <span class='ocrx_word' id='word_1_674' title='bbox 204 3123 269 3155; x_wconf 70' lang='lat' dir='ltr'>Qid</span> <span class='ocrx_word' id='word_1_675' title='bbox 285 3125 320 3147; x_wconf 64' lang='lat' dir='ltr'>eff</span> <span class='ocrx_word' id='word_1_676' title='bbox 328 3125 394 3149; x_wconf 73' lang='lat' dir='ltr'>aliud</span> <span class='ocrx_word' id='word_1_677' title='bbox 408 3128 480 3157; x_wconf 74' lang='lat' dir='ltr'>igitur</span> <span class='ocrx_word' id='word_1_678' title='bbox 498 3127 648 3160; x_wconf 62' lang='lat' dir='ltr'>adhortari]</span> <span class='ocrx_word' id='word_1_679' title='bbox 670 3126 742 3161; x_wconf 81' lang='lat' dir='ltr'>Ejeci</span> <span class='ocrx_word' id='word_1_680' title='bbox 761 3126 834 3160; x_wconf 59' lang='lat' dir='ltr'>quam</span> <span class='ocrx_word' id='word_1_681' title='bbox 846 3126 916 3160; x_wconf 85' lang='lat' dir='ltr'>jussu</span> <span class='ocrx_word' id='word_1_682' title='bbox 927 3127 955 3153; x_wconf 89' lang='lat' dir='ltr'>S.</span> <span class='ocrx_word' id='word_1_683' title='bbox 965 3126 1037 3154; x_wconf 62' lang='lat' dir='ltr'>Via.</span> <span class='ocrx_word' id='word_1_684' title='bbox 1047 3128 1074 3153; x_wconf 72' lang='grc'>8(</span> 
     </span>
     <span class='ocr_line' id='line_1_72' title="bbox 119 3157 970 3197; baseline 0.005 -13"><span class='ocrx_word' id='word_1_685' title='bbox 119 3157 170 3184; x_wconf 61' lang='lat' dir='ltr'>stc.</span> <span class='ocrx_word' id='word_1_686' title='bbox 182 3159 276 3194; x_wconf 80' lang='lat' dir='ltr'>quibus</span> <span class='ocrx_word' id='word_1_687' title='bbox 285 3157 436 3185; x_wconf 66' lang='lat' dir='ltr'>auc&#39;ioribus</span> <span class='ocrx_word' id='word_1_688' title='bbox 445 3160 529 3186; x_wconf 78' lang='lat' dir='ltr'>adhue</span> <span class='ocrx_word' id='word_1_689' title='bbox 539 3169 643 3197; x_wconf 85' lang='lat' dir='ltr'>poterat</span> <span class='ocrx_word' id='word_1_690' title='bbox 653 3161 789 3188; x_wconf 81' lang='lat' dir='ltr'>exturbari</span> <span class='ocrx_word' id='word_1_691' title='bbox 799 3165 883 3195; x_wconf 75' lang='lat' dir='ltr'>igitur.</span> <span class='ocrx_word' id='word_1_692' title='bbox 966 3172 970 3177; x_wconf 62' lang='lat'><strong><em>‘</em></strong></span> 
     </span>
    </p>

    <p class='ocr_par' dir='ltr' id='par_1_9' title="bbox 155 3193 1077 3236">
     <span class='ocr_line' id='line_1_73' title="bbox 155 3193 1077 3236; baseline 0.01 -18"><span class='ocrx_word' id='word_1_693' title='bbox 155 3202 183 3229; x_wconf 88' lang='lat'>5.</span> <span class='ocrx_word' id='word_1_694' title='bbox 200 3193 266 3227; x_wconf 54' lang='lat' dir='ltr'>Q&amp;</span> <span class='ocrx_word' id='word_1_695' title='bbox 274 3194 334 3229; x_wconf 73' lang='lat' dir='ltr'>quod</span> <span class='ocrx_word' id='word_1_696' title='bbox 341 3196 463 3229; x_wconf 75' lang='lat' dir='ltr'>obrogatur</span> <span class='ocrx_word' id='word_1_697' title='bbox 471 3197 557 3231; x_wconf 76' lang='lat' dir='ltr'>legibm</span> <span class='ocrx_word' id='word_1_698' title='bbox 565 3197 687 3233; x_wconf 51' lang='lat' dir='ltr'>casaria]</span> <span class='ocrx_word' id='word_1_699' title='bbox 704 3197 813 3228; x_wconf 65' lang='lat' dir='ltr'>Habent</span> <span class='ocrx_word' id='word_1_700' title='bbox 822 3198 849 3226; x_wconf 86' lang='lat'>&amp;</span> <span class='ocrx_word' id='word_1_701' title='bbox 860 3198 931 3229; x_wconf 80' lang='lat' dir='ltr'>istud</span> <span class='ocrx_word' id='word_1_702' title='bbox 940 3198 997 3230; x_wconf 68' lang='lat' dir='ltr'>Pal.</span> <span class='ocrx_word' id='word_1_703' title='bbox 1009 3208 1077 3236; x_wconf 82' lang='lat' dir='ltr'>quo·</span> 
     </span>
    </p>
   </div>
   <div class='ocr_carea' id='block_1_4' title="bbox 765 2886 842 2890">
    <p class='ocr_par' dir='ltr' id='par_1_10' title="bbox 765 2886 842 2890">
     <span class='ocr_line' id='line_1_74' title="bbox 765 2886 842 2890; baseline 0 0"><span class='ocrx_word' id='word_1_704' title='bbox 765 2886 842 2890; x_wconf 95' lang='lat' dir='ltr'> </span> 
     </span>
    </p>
   </div>
   <div class='ocr_carea' id='block_1_5' title="bbox 844 2884 922 2890">
    <p class='ocr_par' dir='ltr' id='par_1_11' title="bbox 844 2884 922 2890">
     <span class='ocr_line' id='line_1_75' title="bbox 844 2884 922 2890; baseline 0 0"><span class='ocrx_word' id='word_1_705' title='bbox 844 2884 922 2890; x_wconf 95' lang='lat' dir='ltr'> </span> 
     </span>
    </p>
   </div>
   <div class='ocr_carea' id='block_1_6' title="bbox 1102 1040 1117 2656">
    <p class='ocr_par' dir='ltr' id='par_1_12' title="bbox 1102 1040 1117 2656">
     <span class='ocr_line' id='line_1_76' title="bbox 1102 1040 1117 2656; baseline 0 0"><span class='ocrx_word' id='word_1_706' title='bbox 1102 1040 1117 2656; x_wconf 95' lang='lat' dir='ltr'> </span> 
     </span>
    </p>
   </div>
   <div class='ocr_carea' id='block_1_7' title="bbox 1291 156 2103 232">
    <p class='ocr_par' dir='ltr' id='par_1_13' title="bbox 1291 156 2103 232">
     <span class='ocr_line' id='line_1_77' title="bbox 1291 156 2103 232; baseline 0.009 -22"><span class='ocrx_word' id='word_1_707' title='bbox 1291 156 1614 212; x_wconf 75' lang='lat' dir='ltr'>PR1MA.</span> <span class='ocrx_word' id='word_1_708' title='bbox 2009 182 2103 232; x_wconf 85' lang='lat'>577</span> 
     </span>
    </p>
   </div>
   <div class='ocr_carea' id='block_1_8' title="bbox 1140 243 2104 377">
    <p class='ocr_par' dir='ltr' id='par_1_14' title="bbox 1140 243 2104 377">
     <span class='ocr_line' id='line_1_78' title="bbox 1140 243 2104 293; baseline 0.015 -23"><span class='ocrx_word' id='word_1_709' title='bbox 1140 243 1224 289; x_wconf 79' lang='lat' dir='ltr'>enini</span> <span class='ocrx_word' id='word_1_710' title='bbox 1235 243 1359 290; x_wconf 25' lang='lat' dir='ltr'>quisqu-e</span> <span class='ocrx_word' id='word_1_711' title='bbox 1372 245 1590 292; x_wconf 64' lang='lat' dir='ltr'>sordidissimus</span> <span class='ocrx_word' id='word_1_712' title='bbox 1605 248 1776 285; x_wconf 84' lang='lat' dir='ltr'>videbitur,</span> <span class='ocrx_word' id='word_1_713' title='bbox 1793 250 1834 282; x_wconf 86' lang='lat' dir='ltr'>i‘ta</span> <span class='ocrx_word' id='word_1_714' title='bbox 1846 249 2042 284; x_wconf 65' lang='lat' dir='ltr'>libentissime»</span> <span class='ocrx_word' id='word_1_715' title='bbox 2055 254 2104 293; x_wconf 71' lang='grc' dir='ltr'>[ἓ-</span> 
     </span>
     <span class='ocr_line' id='line_1_79' title="bbox 1142 286 2104 336; baseline 0.014 -24"><span class='ocrx_word' id='word_1_716' title='bbox 1142 291 1265 330; x_wconf 57' lang='lat' dir='ltr'>veritate</span> <span class='ocrx_word' id='word_1_717' title='bbox 1276 286 1429 333; x_wconf 56' lang='lat' dir='ltr'>yicflicandi</span> <span class='ocrx_word' id='word_1_718' title='bbox 1441 289 1551 320; x_wconf 83' lang='lat' dir='ltr'>sordeis</span> <span class='ocrx_word' id='word_1_719' title='bbox 1562 292 1625 322; x_wconf 84' lang='lat' dir='ltr'>suas</span> <span class='ocrx_word' id='word_1_720' title='bbox 1635 293 1731 324; x_wconf 86' lang='lat' dir='ltr'>eluet:</span> <span class='ocrx_word' id='word_1_721' title='bbox 1742 293 1997 336; x_wconf 84' lang='lat' dir='ltr'>laborabitque,ut</span> <span class='ocrx_word' id='word_1_722' title='bbox 2007 297 2104 325; x_wconf 88' lang='lat' dir='ltr'>hone-</span> 
     </span>
     <span class='ocr_line' id='line_1_80' title="bbox 1145 324 2103 377; baseline 0.014 -23"><span class='ocrx_word' id='word_1_723' title='bbox 1145 324 1197 355; x_wconf 86' lang='lat' dir='ltr'>stis</span> <span class='ocrx_word' id='word_1_724' title='bbox 1207 325 1336 356; x_wconf 84' lang='lat' dir='ltr'>decuriis</span> <span class='ocrx_word' id='word_1_725' title='bbox 1348 328 1451 366; x_wconf 77' lang='lat' dir='ltr'>potius</span> <span class='ocrx_word' id='word_1_726' title='bbox 1471 330 1578 372; x_wconf 88' lang='lat' dir='ltr'>dignus</span> <span class='ocrx_word' id='word_1_727' title='bbox 1598 334 1752 369; x_wconf 82' lang='lat' dir='ltr'>videatur,</span> <span class='ocrx_word' id='word_1_728' title='bbox 1771 335 1861 376; x_wconf 74' lang='lat' dir='ltr'>quam</span> <span class='ocrx_word' id='word_1_729' title='bbox 1875 337 1906 365; x_wconf 91' lang='lat' dir='ltr'>in</span> <span class='ocrx_word' id='word_1_730' title='bbox 1916 338 2103 377; x_wconf 83' lang='lat' dir='ltr'>turpeisjure</span> 
     </span>
    </p>
   </div>
   <div class='ocr_carea' id='block_1_9' title="bbox 1144 366 2139 418">
    <p class='ocr_par' dir='ltr' id='par_1_15' title="bbox 1144 366 2139 418">
     <span class='ocr_line' id='line_1_81' title="bbox 1144 366 2139 418; baseline 0.016 -24"><span class='ocrx_word' id='word_1_731' title='bbox 1144 366 1310 404; x_wconf 65' lang='lat' dir='ltr'>conjectus.</span> <span class='ocrx_word' id='word_1_732' title='bbox 1334 370 1435 400; x_wconf 84' lang='lat' dir='ltr'>Altera</span> <span class='ocrx_word' id='word_1_733' title='bbox 1451 374 1638 416; x_wconf 87' lang='lat' dir='ltr'>promulgata</span> <span class='ocrx_word' id='word_1_734' title='bbox 1656 376 1707 406; x_wconf 84' lang='lat' dir='ltr'>lex</span> <span class='ocrx_word' id='word_1_735' title='bbox 1720 376 1763 407; x_wconf 90' lang='lat' dir='ltr'>est</span> <span class='ocrx_word' id='word_1_736' title='bbox 1777 397 1785 411; x_wconf 91' lang='lat'>‚</span> <span class='ocrx_word' id='word_1_737' title='bbox 1806 386 1839 407; x_wconf 91' lang='lat' dir='ltr'>ut</span> <span class='ocrx_word' id='word_1_738' title='bbox 1854 377 1887 408; x_wconf 91' lang='lat'>&amp;</span> <span class='ocrx_word' id='word_1_739' title='bbox 1903 377 1939 408; x_wconf 89' lang='lat' dir='ltr'>de</span> <span class='ocrx_word' id='word_1_740' title='bbox 1949 380 2002 413; x_wconf 83' lang='lat' dir='ltr'>vi,</span> <span class='ocrx_word' id='word_1_741' title='bbox 2021 379 2100 409; x_wconf 90' lang='lat' dir='ltr'>&amp;de</span> <span class='ocrx_word' id='word_1_742' title='bbox 2115 384 2139 418; x_wconf 91' lang='lat'>9</span> 
     </span>
    </p>
   </div>
   <div class='ocr_carea' id='block_1_10' title="bbox 1116 407 2102 2873">
    <p class='ocr_par' dir='ltr' id='par_1_16' title="bbox 1116 407 2102 2837">
     <span class='ocr_line' id='line_1_82' title="bbox 1144 407 2101 457; baseline 0.011 -16"><span class='ocrx_word' id='word_1_743' title='bbox 1144 407 1287 455; x_wconf 57' lang='lat' dir='ltr'>malf&#39;state</span> <span class='ocrx_word' id='word_1_744' title='bbox 1299 409 1431 441; x_wconf 78' lang='lat' dir='ltr'>damnati</span> <span class='ocrx_word' id='word_1_745' title='bbox 1441 412 1476 442; x_wconf 93' lang='lat' dir='ltr'>ad</span> <span class='ocrx_word' id='word_1_746' title='bbox 1495 419 1642 454; x_wconf 89' lang='lat' dir='ltr'>populum</span> <span class='ocrx_word' id='word_1_747' title='bbox 1660 427 1825 457; x_wconf 87' lang='lat' dir='ltr'>provocent</span> <span class='ocrx_word' id='word_1_748' title='bbox 1838 439 1847 453; x_wconf 87' lang='lat'>‚</span> <span class='ocrx_word' id='word_1_749' title='bbox 1868 418 1887 449; x_wconf 87' lang='lat' dir='ltr'>fi</span> <span class='ocrx_word' id='word_1_750' title='bbox 1898 421 2002 450; x_wconf 90' lang='lat' dir='ltr'>velint.</span> <span class='ocrx_word' id='word_1_751' title='bbox 2027 423 2101 452; x_wconf 87' lang='lat' dir='ltr'>Haec</span> 
     </span>
     <span class='ocr_line' id='line_1_83' title="bbox 1145 450 2102 503; baseline 0.016 -26"><span class='ocrx_word' id='word_1_752' title='bbox 1145 457 1249 495; x_wconf 77' lang='lat' dir='ltr'>utrum</span> <span class='ocrx_word' id='word_1_753' title='bbox 1263 450 1384 497; x_wconf 80' lang='lat' dir='ltr'>tandem</span> <span class='ocrx_word' id='word_1_754' title='bbox 1398 453 1447 482; x_wconf 82' lang='lat' dir='ltr'>lex</span> <span class='ocrx_word' id='word_1_755' title='bbox 1457 454 1499 484; x_wconf 80' lang='lat' dir='ltr'>cst</span> <span class='ocrx_word' id='word_1_756' title='bbox 1509 475 1517 488; x_wconf 84' lang='lat'><em>‚</em></span> <span class='ocrx_word' id='word_1_757' title='bbox 1529 466 1566 486; x_wconf 88' lang='lat' dir='ltr'>an</span> <span class='ocrx_word' id='word_1_758' title='bbox 1575 458 1602 487; x_wconf 85' lang='lat' dir='ltr'>le</span> <span class='ocrx_word' id='word_1_759' title='bbox 1625 469 1675 488; x_wconf 89' lang='lat' dir='ltr'>um</span> <span class='ocrx_word' id='word_1_760' title='bbox 1687 463 1830 490; x_wconf 91' lang='lat' dir='ltr'>omnium</span> <span class='ocrx_word' id='word_1_761' title='bbox 1840 460 1996 492; x_wconf 82' lang='lat' dir='ltr'>dissolutio</span> <span class='ocrx_word' id='word_1_762' title='bbox 2007 465 2019 491; x_wconf 72' lang='grc' dir='ltr'><strong><em>ἓ</em></strong></span> <span class='ocrx_word' id='word_1_763' title='bbox 2033 465 2102 503; x_wconf 72' lang='lat' dir='ltr'>quis</span> 
     </span>
     <span class='ocr_line' id='line_1_84' title="bbox 1143 489 2100 543; baseline 0.019 -26"><span class='ocrx_word' id='word_1_764' title='bbox 1143 499 1228 519; x_wconf 87' lang='lat' dir='ltr'>enim</span> <span class='ocrx_word' id='word_1_765' title='bbox 1239 489 1287 538; x_wconf 39' lang='lat' dir='ltr'>est.</span> <span class='ocrx_word' id='word_1_766' title='bbox 1295 491 1386 537; x_wconf 84' lang='lat' dir='ltr'>hodie</span> <span class='ocrx_word' id='word_1_767' title='bbox 1398 496 1502 538; x_wconf 72' lang='lat' dir='ltr'>‚cujus</span> <span class='ocrx_word' id='word_1_768' title='bbox 1513 498 1590 527; x_wconf 83' lang='lat' dir='ltr'>inter</span> <span class='ocrx_word' id='word_1_769' title='bbox 1602 509 1625 529; x_wconf 92' lang='lat' dir='ltr'>it</span> <span class='ocrx_word' id='word_1_770' title='bbox 1634 500 1718 531; x_wconf 86' lang='lat' dir='ltr'>istam</span> <span class='ocrx_word' id='word_1_771' title='bbox 1730 502 1829 543; x_wconf 84' lang='lat' dir='ltr'>legem</span> <span class='ocrx_word' id='word_1_772' title='bbox 1841 507 1983 533; x_wconf 87' lang='lat' dir='ltr'>manere?</span> <span class='ocrx_word' id='word_1_773' title='bbox 2003 514 2100 534; x_wconf 86' lang='lat' dir='ltr'>nemo</span> 
     </span>
     <span class='ocr_line' id='line_1_85' title="bbox 1143 530 2097 585; baseline 0.019 -27"><span class='ocrx_word' id='word_1_774' title='bbox 1143 541 1211 561; x_wconf 84' lang='lat' dir='ltr'>reus</span> <span class='ocrx_word' id='word_1_775' title='bbox 1227 530 1269 561; x_wconf 86' lang='lat' dir='ltr'>cst</span> <span class='ocrx_word' id='word_1_776' title='bbox 1280 531 1343 579; x_wconf 71' lang='lat' dir='ltr'>istis</span> <span class='ocrx_word' id='word_1_777' title='bbox 1361 534 1493 574; x_wconf 84' lang='lat' dir='ltr'>legibus:</span> <span class='ocrx_word' id='word_1_778' title='bbox 1513 548 1605 570; x_wconf 91' lang='lat' dir='ltr'>nemo</span> <span class='ocrx_word' id='word_1_779' title='bbox 1615 540 1675 575; x_wconf 84' lang='lat' dir='ltr'>est,</span> <span class='ocrx_word' id='word_1_780' title='bbox 1695 553 1786 583; x_wconf 91' lang='lat' dir='ltr'>quem</span> <span class='ocrx_word' id='word_1_781' title='bbox 1797 543 1932 574; x_wconf 85' lang='lat' dir='ltr'>futurum</span> <span class='ocrx_word' id='word_1_782' title='bbox 1942 554 2097 585; x_wconf 71' lang='lat' dir='ltr'>putemus-</span> 
     </span>
     <span class='ocr_line' id='line_1_86' title="bbox 1144 575 2099 626; baseline 0.013 -20"><span class='ocrx_word' id='word_1_783' title='bbox 1144 576 1256 603; x_wconf 77' lang='lat' dir='ltr'>ARMIS</span> <span class='ocrx_word' id='word_1_784' title='bbox 1272 583 1355 603; x_wconf 72' lang='lat' dir='ltr'>emm</span> <span class='ocrx_word' id='word_1_785' title='bbox 1365 575 1445 615; x_wconf 71' lang='lat' dir='ltr'>gesta</span> <span class='ocrx_word' id='word_1_786' title='bbox 1454 596 1463 610; x_wconf 71' lang='grc' dir='ltr'><strong>ι</strong></span> <span class='ocrx_word' id='word_1_787' title='bbox 1482 588 1647 620; x_wconf 84' lang='lat' dir='ltr'>numquam</span> <span class='ocrx_word' id='word_1_788' title='bbox 1659 583 1796 622; x_wconf 72' lang='lat' dir='ltr'>profer</span> <span class='ocrx_word' id='word_1_789' title='bbox 1807 587 1840 615; x_wconf 86' lang='lat' dir='ltr'>in</span> <span class='ocrx_word' id='word_1_790' title='bbox 1848 586 1999 626; x_wconf 84' lang='lat' dir='ltr'>judicium</span> <span class='ocrx_word' id='word_1_791' title='bbox 2008 597 2099 617; x_wconf 88' lang='lat' dir='ltr'>voca-</span> 
     </span>
     <span class='ocr_line' id='line_1_87' title="bbox 1142 614 2097 669; baseline 0.018 -26"><span class='ocrx_word' id='word_1_792' title='bbox 1142 614 1262 659; x_wconf 47' lang='lat' dir='ltr'>bu-ntur.</span> <span class='ocrx_word' id='word_1_793' title='bbox 1286 618 1326 645; x_wconf 89' lang='lat' dir='ltr'>At</span> <span class='ocrx_word' id='word_1_794' title='bbox 1335 625 1381 646; x_wconf 85' lang='lat' dir='ltr'>res</span> <span class='ocrx_word' id='word_1_795' title='bbox 1391 619 1552 656; x_wconf 85' lang='lat' dir='ltr'>popularis.</span> <span class='ocrx_word' id='word_1_796' title='bbox 1576 625 1702 654; x_wconf 87' lang='lat' dir='ltr'>Utinam</span> <span class='ocrx_word' id='word_1_797' title='bbox 1712 626 1837 666; x_wconf 88' lang='lat' dir='ltr'>quidem</span> <span class='ocrx_word' id='word_1_798' title='bbox 1847 628 1938 658; x_wconf 89' lang='lat' dir='ltr'>vellet</span> <span class='ocrx_word' id='word_1_799' title='bbox 1947 630 1972 658; x_wconf 89' lang='lat' dir='ltr'>is</span> <span class='ocrx_word' id='word_1_800' title='bbox 1982 628 2097 669; x_wconf 88' lang='lat' dir='ltr'>aliquid</span> 
     </span>
     <span class='ocr_line' id='line_1_88' title="bbox 1140 655 2097 709; baseline 0.019 -25"><span class='ocrx_word' id='word_1_801' title='bbox 1140 655 1198 685; x_wconf 89' lang='lat' dir='ltr'>esse</span> <span class='ocrx_word' id='word_1_802' title='bbox 1209 657 1360 696; x_wconf 87' lang='lat' dir='ltr'>populare.</span> <span class='ocrx_word' id='word_1_803' title='bbox 1383 668 1491 689; x_wconf 88' lang='lat' dir='ltr'>omnes</span> <span class='ocrx_word' id='word_1_804' title='bbox 1501 663 1584 693; x_wconf 89' lang='lat' dir='ltr'>enim</span> <span class='ocrx_word' id='word_1_805' title='bbox 1596 664 1658 702; x_wconf 82' lang='lat' dir='ltr'>jam</span> <span class='ocrx_word' id='word_1_806' title='bbox 1670 669 1750 697; x_wconf 84' lang='lat' dir='ltr'>cives</span> <span class='ocrx_word' id='word_1_807' title='bbox 1765 668 1801 697; x_wconf 85' lang='lat' dir='ltr'>de</span> <span class='ocrx_word' id='word_1_808' title='bbox 1811 669 1926 709; x_wconf 86' lang='lat' dir='ltr'>reipub.</span> <span class='ocrx_word' id='word_1_809' title='bbox 1938 670 2028 701; x_wconf 88' lang='lat' dir='ltr'>salute</span> <span class='ocrx_word' id='word_1_810' title='bbox 2037 680 2097 702; x_wconf 76' lang='lat' dir='ltr'>una</span> 
     </span>
     <span class='ocr_line' id='line_1_89' title="bbox 1140 696 2098 751; baseline 0.019 -26"><span class='ocrx_word' id='word_1_811' title='bbox 1140 696 1173 726; x_wconf 89' lang='lat'>&amp;</span> <span class='ocrx_word' id='word_1_812' title='bbox 1184 707 1286 743; x_wconf 82' lang='lat' dir='ltr'>mente</span> <span class='ocrx_word' id='word_1_813' title='bbox 1302 718 1310 731; x_wconf 89' lang='lat'>‚</span> <span class='ocrx_word' id='word_1_814' title='bbox 1331 699 1363 728; x_wconf 75' lang='grc' dir='ltr'>δε</span> <span class='ocrx_word' id='word_1_815' title='bbox 1372 709 1447 730; x_wconf 91' lang='lat' dir='ltr'>voce</span> <span class='ocrx_word' id='word_1_816' title='bbox 1455 703 1659 735; x_wconf 85' lang='lat' dir='ltr'>consentiunt.</span> <span class='ocrx_word' id='word_1_817' title='bbox 1683 709 1756 749; x_wconf 84' lang='lat' dir='ltr'>Qae</span> <span class='ocrx_word' id='word_1_818' title='bbox 1767 709 1808 739; x_wconf 87' lang='lat' dir='ltr'>est</span> <span class='ocrx_word' id='word_1_819' title='bbox 1820 712 1909 751; x_wconf 78' lang='lat' dir='ltr'>igitur</span> <span class='ocrx_word' id='word_1_820' title='bbox 1919 710 1971 742; x_wconf 85' lang='lat' dir='ltr'>ista</span> <span class='ocrx_word' id='word_1_821' title='bbox 1978 712 2098 751; x_wconf 83' lang='lat' dir='ltr'>cupidi-</span> 
     </span>
     <span class='ocr_line' id='line_1_90' title="bbox 1135 739 2093 787; baseline 0.019 -20"><span class='ocrx_word' id='word_1_822' title='bbox 1135 746 1177 768; x_wconf 87' lang='lat' dir='ltr'>tas</span> <span class='ocrx_word' id='word_1_823' title='bbox 1187 748 1252 785; x_wconf 68' lang='lat' dir='ltr'>ejus</span> <span class='ocrx_word' id='word_1_824' title='bbox 1263 740 1335 780; x_wconf 81' lang='lat' dir='ltr'>legis</span> <span class='ocrx_word' id='word_1_825' title='bbox 1344 739 1474 772; x_wconf 87' lang='lat' dir='ltr'>ferendae</span> <span class='ocrx_word' id='word_1_826' title='bbox 1483 762 1491 776; x_wconf 84' lang='lat'>‚</span> <span class='ocrx_word' id='word_1_827' title='bbox 1513 754 1577 785; x_wconf 80' lang='lat' dir='ltr'>quae</span> <span class='ocrx_word' id='word_1_828' title='bbox 1588 749 1803 786; x_wconf 79' lang='lat' dir='ltr'>turpitudinem</span> <span class='ocrx_word' id='word_1_829' title='bbox 1815 752 1963 783; x_wconf 86' lang='lat' dir='ltr'>summam</span> <span class='ocrx_word' id='word_1_830' title='bbox 1978 754 2093 787; x_wconf 74' lang='lat' dir='ltr'>habeat,</span> 
     </span>
     <span class='ocr_line' id='line_1_91' title="bbox 1132 782 2093 832; baseline 0.019 -24"><span class='ocrx_word' id='word_1_831' title='bbox 1132 789 1257 828; x_wconf 84' lang='lat' dir='ltr'>gratiam</span> <span class='ocrx_word' id='word_1_832' title='bbox 1268 782 1383 812; x_wconf 82' lang='lat' dir='ltr'>nullam</span> <span class='ocrx_word' id='word_1_833' title='bbox 1398 784 1488 824; x_wconf 62' lang='lat' dir='ltr'>tquid</span> <span class='ocrx_word' id='word_1_834' title='bbox 1500 788 1583 817; x_wconf 88' lang='lat' dir='ltr'>enim</span> <span class='ocrx_word' id='word_1_835' title='bbox 1595 791 1720 828; x_wconf 84' lang='lat' dir='ltr'>turpius,</span> <span class='ocrx_word' id='word_1_836' title='bbox 1739 791 1830 830; x_wconf 69' lang='lat' dir='ltr'>quam</span> <span class='ocrx_word' id='word_1_837' title='bbox 1842 795 1893 832; x_wconf 87' lang='lat' dir='ltr'>qui</span> <span class='ocrx_word' id='word_1_838' title='bbox 1909 794 2093 826; x_wconf 80' lang='lat' dir='ltr'>maiestatem</span> 
     </span>
     <span class='ocr_line' id='line_1_92' title="bbox 1132 823 2088 876; baseline 0.017 -25"><span class='ocrx_word' id='word_1_839' title='bbox 1132 823 1238 862; x_wconf 89' lang='lat' dir='ltr'>populi</span> <span class='ocrx_word' id='word_1_840' title='bbox 1252 825 1346 870; x_wconf 65' lang='lat' dir='ltr'>Rom.</span> <span class='ocrx_word' id='word_1_841' title='bbox 1357 834 1409 864; x_wconf 88' lang='lat' dir='ltr'>per</span> <span class='ocrx_word' id='word_1_842' title='bbox 1419 827 1482 856; x_wconf 88' lang='lat' dir='ltr'>vim</span> <span class='ocrx_word' id='word_1_843' title='bbox 1498 830 1667 863; x_wconf 84' lang='lat' dir='ltr'>minuerit,</span> <span class='ocrx_word' id='word_1_844' title='bbox 1686 841 1757 861; x_wconf 87' lang='lat' dir='ltr'>eum</span> <span class='ocrx_word' id='word_1_845' title='bbox 1772 832 1946 865; x_wconf 86' lang='lat' dir='ltr'>damnatum</span> <span class='ocrx_word' id='word_1_846' title='bbox 1956 826 2088 876; x_wconf 37' lang='lat' dir='ltr'>iudicio,</span> 
     </span>
     <span class='ocr_line' id='line_1_93' title="bbox 1134 863 2093 913; baseline 0.016 -20"><span class='ocrx_word' id='word_1_847' title='bbox 1134 863 1169 894; x_wconf 91' lang='lat' dir='ltr'>ad</span> <span class='ocrx_word' id='word_1_848' title='bbox 1182 873 1250 911; x_wconf 82' lang='lat' dir='ltr'>eam</span> <span class='ocrx_word' id='word_1_849' title='bbox 1260 865 1352 904; x_wconf 86' lang='lat' dir='ltr'>ipsam</span> <span class='ocrx_word' id='word_1_850' title='bbox 1363 868 1428 897; x_wconf 87' lang='lat' dir='ltr'>vim</span> <span class='ocrx_word' id='word_1_851' title='bbox 1441 870 1553 903; x_wconf 72' lang='lat' dir='ltr'>reverti,</span> <span class='ocrx_word' id='word_1_852' title='bbox 1569 880 1688 911; x_wconf 84' lang='lat' dir='ltr'>propter</span> <span class='ocrx_word' id='word_1_853' title='bbox 1697 883 1787 913; x_wconf 87' lang='lat' dir='ltr'>quam</span> <span class='ocrx_word' id='word_1_854' title='bbox 1801 873 1834 904; x_wconf 82' lang='lat' dir='ltr'>sit</span> <span class='ocrx_word' id='word_1_855' title='bbox 1847 876 1910 910; x_wconf 78' lang='lat' dir='ltr'>jure</span> <span class='ocrx_word' id='word_1_856' title='bbox 1922 877 2093 908; x_wconf 73' lang='lat' dir='ltr'>damnatus?</span> 
     </span>
     <span class='ocr_line' id='line_1_94' title="bbox 1133 905 2092 959; baseline 0.017 -25"><span class='ocrx_word' id='word_1_857' title='bbox 1133 905 1190 954; x_wconf 86' lang='lat' dir='ltr'>Sed</span> <span class='ocrx_word' id='word_1_858' title='bbox 1200 907 1274 946; x_wconf 86' lang='lat' dir='ltr'>quid</span> <span class='ocrx_word' id='word_1_859' title='bbox 1291 907 1376 947; x_wconf 87' lang='lat' dir='ltr'>plura</span> <span class='ocrx_word' id='word_1_860' title='bbox 1393 908 1429 938; x_wconf 89' lang='lat' dir='ltr'>de</span> <span class='ocrx_word' id='word_1_861' title='bbox 1447 909 1511 951; x_wconf 83' lang='lat' dir='ltr'>lege</span> <span class='ocrx_word' id='word_1_862' title='bbox 1527 912 1669 952; x_wconf 81' lang='lat' dir='ltr'>disputo?</span> <span class='ocrx_word' id='word_1_863' title='bbox 1688 913 1768 955; x_wconf 78' lang='lat' dir='ltr'>quasi</span> <span class='ocrx_word' id='word_1_864' title='bbox 1780 915 1851 945; x_wconf 74' lang='lat' dir='ltr'>vero</span> <span class='ocrx_word' id='word_1_865' title='bbox 1866 917 1896 946; x_wconf 89' lang='lat' dir='ltr'>id</span> <span class='ocrx_word' id='word_1_866' title='bbox 1915 927 2013 959; x_wconf 76' lang='lat' dir='ltr'>agatur</span> <span class='ocrx_word' id='word_1_867' title='bbox 2025 939 2033 952; x_wconf 84' lang='lat'>‚</span> <span class='ocrx_word' id='word_1_868' title='bbox 2057 929 2092 950; x_wconf 89' lang='lat' dir='ltr'>ut</span> 
     </span>
     <span class='ocr_line' id='line_1_95' title="bbox 1133 948 2093 998; baseline 0.015 -22"><span class='ocrx_word' id='word_1_869' title='bbox 1133 948 1296 995; x_wconf 36' lang='lat' dir='ltr'>quisquam·</span> <span class='ocrx_word' id='word_1_870' title='bbox 1310 959 1463 988; x_wconf 86' lang='lat' dir='ltr'>provocet.</span> <span class='ocrx_word' id='word_1_871' title='bbox 1487 952 1517 982; x_wconf 88' lang='lat' dir='ltr'>id</span> <span class='ocrx_word' id='word_1_872' title='bbox 1529 956 1624 994; x_wconf 77' lang='lat' dir='ltr'>agitur</span> <span class='ocrx_word' id='word_1_873' title='bbox 1633 975 1641 988; x_wconf 80' lang='lat'>‚</span> <span class='ocrx_word' id='word_1_874' title='bbox 1654 956 1684 985; x_wconf 88' lang='lat' dir='ltr'>id</span> <span class='ocrx_word' id='word_1_875' title='bbox 1699 956 1790 986; x_wconf 70' lang='lat' dir='ltr'>fertur</span> <span class='ocrx_word' id='word_1_876' title='bbox 1802 978 1811 990; x_wconf 89' lang='lat'><em>,</em></span> <span class='ocrx_word' id='word_1_877' title='bbox 1834 967 1871 987; x_wconf 89' lang='lat' dir='ltr'>ne</span> <span class='ocrx_word' id='word_1_878' title='bbox 1882 968 1949 998; x_wconf 86' lang='lat' dir='ltr'>quis</span> <span class='ocrx_word' id='word_1_879' title='bbox 1961 963 2093 991; x_wconf 75' lang='lat' dir='ltr'>omnino</span> 
     </span>
     <span class='ocr_line' id='line_1_96' title="bbox 1135 991 2093 1040; baseline 0.016 -23"><span class='ocrx_word' id='word_1_880' title='bbox 1135 999 1281 1030; x_wconf 89' lang='lat' dir='ltr'>umquam</span> <span class='ocrx_word' id='word_1_881' title='bbox 1290 991 1353 1021; x_wconf 87' lang='lat' dir='ltr'>istis</span> <span class='ocrx_word' id='word_1_882' title='bbox 1374 991 1488 1031; x_wconf 81' lang='lat' dir='ltr'>legibus</span> <span class='ocrx_word' id='word_1_883' title='bbox 1507 1004 1574 1025; x_wconf 88' lang='lat' dir='ltr'>reus</span> <span class='ocrx_word' id='word_1_884' title='bbox 1594 995 1655 1027; x_wconf 78' lang='lat' dir='ltr'>fiat.</span> <span class='ocrx_word' id='word_1_885' title='bbox 1678 1000 1755 1040; x_wconf 82' lang='lat' dir='ltr'>Qis</span> <span class='ocrx_word' id='word_1_886' title='bbox 1776 1000 1860 1029; x_wconf 87' lang='lat' dir='ltr'>enim</span> <span class='ocrx_word' id='word_1_887' title='bbox 1883 1009 1932 1030; x_wconf 75' lang='lat' dir='ltr'>aut</span> <span class='ocrx_word' id='word_1_888' title='bbox 1945 1002 2093 1032; x_wconf 76' lang='lat' dir='ltr'>accusator</span> 
     </span>
     <span class='ocr_line' id='line_1_97' title="bbox 1133 1036 2093 1081; baseline 0.015 -22"><span class='ocrx_word' id='word_1_889' title='bbox 1133 1040 1194 1078; x_wconf 73' lang='lat' dir='ltr'>tarn</span> <span class='ocrx_word' id='word_1_890' title='bbox 1203 1041 1308 1079; x_wconf 75' lang='lat' dir='ltr'>amens</span> <span class='ocrx_word' id='word_1_891' title='bbox 1317 1036 1488 1073; x_wconf 86' lang='lat' dir='ltr'>reperietur,</span> <span class='ocrx_word' id='word_1_892' title='bbox 1507 1039 1560 1077; x_wconf 83' lang='lat' dir='ltr'>qui</span> <span class='ocrx_word' id='word_1_893' title='bbox 1570 1048 1620 1068; x_wconf 81' lang='lat' dir='ltr'>reo</span> <span class='ocrx_word' id='word_1_894' title='bbox 1631 1040 1835 1070; x_wconf 84' lang='lat' dir='ltr'>condemnato</span> <span class='ocrx_word' id='word_1_895' title='bbox 1846 1061 1854 1074; x_wconf 85' lang='lat'><em>,</em></span> <span class='ocrx_word' id='word_1_896' title='bbox 1865 1041 1960 1081; x_wconf 82' lang='lat' dir='ltr'>objici</span> <span class='ocrx_word' id='word_1_897' title='bbox 1972 1044 1999 1072; x_wconf 86' lang='lat' dir='ltr'>se</span> <span class='ocrx_word' id='word_1_898' title='bbox 2009 1045 2093 1073; x_wconf 86' lang='lat' dir='ltr'>mul-</span> 
     </span>
     <span class='ocr_line' id='line_1_98' title="bbox 1133 1072 2093 1123; baseline 0.015 -21"><span class='ocrx_word' id='word_1_899' title='bbox 1133 1072 1431 1121; x_wconf 27' lang='lat' dir='ltr'>titudinilconduetae</span> <span class='ocrx_word' id='word_1_900' title='bbox 1441 1077 1534 1110; x_wconf 82' lang='lat' dir='ltr'>velit?</span> <span class='ocrx_word' id='word_1_901' title='bbox 1547 1080 1700 1120; x_wconf 53' lang='lat' dir='ltr'>aut-judex</span> <span class='ocrx_word' id='word_1_902' title='bbox 1711 1103 1718 1115; x_wconf 87' lang='lat'>.</span> <span class='ocrx_word' id='word_1_903' title='bbox 1731 1084 1783 1123; x_wconf 91' lang='lat' dir='ltr'>qui</span> <span class='ocrx_word' id='word_1_904' title='bbox 1794 1093 1879 1113; x_wconf 87' lang='lat' dir='ltr'>reum</span> <span class='ocrx_word' id='word_1_905' title='bbox 1889 1085 2028 1115; x_wconf 85' lang='lat' dir='ltr'>damnare</span> <span class='ocrx_word' id='word_1_906' title='bbox 2039 1095 2093 1115; x_wconf 81' lang='lat' dir='ltr'>au·</span> 
     </span>
     <span class='ocr_line' id='line_1_99' title="bbox 1133 1115 2092 1165; baseline 0.014 -21"><span class='ocrx_word' id='word_1_907' title='bbox 1133 1115 1247 1163; x_wconf 78' lang='lat' dir='ltr'>deat‚ut</span> <span class='ocrx_word' id='word_1_908' title='bbox 1260 1117 1321 1156; x_wconf 83' lang='lat' dir='ltr'>ipse</span> <span class='ocrx_word' id='word_1_909' title='bbox 1332 1116 1367 1147; x_wconf 88' lang='lat' dir='ltr'>ad</span> <span class='ocrx_word' id='word_1_910' title='bbox 1381 1127 1484 1163; x_wconf 84' lang='lat' dir='ltr'>operas</span> <span class='ocrx_word' id='word_1_911' title='bbox 1495 1129 1592 1151; x_wconf 81' lang='lat' dir='ltr'>merce</span> <span class='ocrx_word' id='word_1_912' title='bbox 1598 1125 1689 1153; x_wconf 68' lang='lat' dir='ltr'>nanas</span> <span class='ocrx_word' id='word_1_913' title='bbox 1699 1123 1798 1154; x_wconf 81' lang='lat' dir='ltr'>statim</span> <span class='ocrx_word' id='word_1_914' title='bbox 1808 1127 2004 1165; x_wconf 82' lang='lat' dir='ltr'>protrahatur?</span> <span class='ocrx_word' id='word_1_915' title='bbox 2016 1129 2092 1157; x_wconf 79' lang='lat' dir='ltr'>Non</span> 
     </span>
     <span class='ocr_line' id='line_1_100' title="bbox 1132 1159 2092 1203; baseline 0.015 -18"><span class='ocrx_word' id='word_1_916' title='bbox 1132 1166 1222 1197; x_wconf 85' lang='lat' dir='ltr'>igitur</span> <span class='ocrx_word' id='word_1_917' title='bbox 1239 1167 1413 1198; x_wconf 80' lang='lat' dir='ltr'>provocatio</span> <span class='ocrx_word' id='word_1_918' title='bbox 1427 1159 1481 1191; x_wconf 86' lang='lat' dir='ltr'>ista</span> <span class='ocrx_word' id='word_1_919' title='bbox 1501 1162 1564 1203; x_wconf 80' lang='lat' dir='ltr'>lege</span> <span class='ocrx_word' id='word_1_920' title='bbox 1579 1164 1678 1194; x_wconf 73' lang='lat' dir='ltr'>datur:</span> <span class='ocrx_word' id='word_1_921' title='bbox 1698 1166 1745 1196; x_wconf 79' lang='lat' dir='ltr'>sed</span> <span class='ocrx_word' id='word_1_922' title='bbox 1758 1167 1824 1197; x_wconf 84' lang='lat' dir='ltr'>duae</span> <span class='ocrx_word' id='word_1_923' title='bbox 1837 1168 1974 1198; x_wconf 77' lang='lat' dir='ltr'>maxime</span> <span class='ocrx_word' id='word_1_924' title='bbox 1984 1169 2092 1199; x_wconf 70' lang='lat' dir='ltr'>saluta—</span> 
     </span>
     <span class='ocr_line' id='line_1_101' title="bbox 1132 1199 2088 1251; baseline 0.015 -24"><span class='ocrx_word' id='word_1_925' title='bbox 1132 1209 1178 1228; x_wconf 89' lang='lat' dir='ltr'>res</span> <span class='ocrx_word' id='word_1_926' title='bbox 1187 1199 1285 1246; x_wconf 74' lang='lat' dir='ltr'>leges,</span> <span class='ocrx_word' id='word_1_927' title='bbox 1295 1200 1533 1243; x_wconf 73' lang='lat' dir='ltr'>quaestionesque</span> <span class='ocrx_word' id='word_1_928' title='bbox 1547 1205 1703 1236; x_wconf 84' lang='lat' dir='ltr'>tolluntur.</span> <span class='ocrx_word' id='word_1_929' title='bbox 1727 1211 1743 1233; x_wconf 85' lang='lat'>4</span> <span class='ocrx_word' id='word_1_930' title='bbox 1753 1208 1833 1249; x_wconf 70' lang='lat' dir='ltr'>Qid</span> <span class='ocrx_word' id='word_1_931' title='bbox 1843 1208 1885 1239; x_wconf 85' lang='lat' dir='ltr'>est</span> <span class='ocrx_word' id='word_1_932' title='bbox 1894 1209 1973 1240; x_wconf 85' lang='lat' dir='ltr'>aliud</span> <span class='ocrx_word' id='word_1_933' title='bbox 1985 1211 2088 1251; x_wconf 81' lang='lat' dir='ltr'>igitur.</span> 
     </span>
     <span class='ocr_line' id='line_1_102' title="bbox 1132 1240 2090 1291; baseline 0.016 -23"><span class='ocrx_word' id='word_1_934' title='bbox 1132 1240 1274 1288; x_wconf 56' lang='lat' dir='ltr'>adhortari</span> <span class='ocrx_word' id='word_1_935' title='bbox 1284 1242 1486 1282; x_wconf 69' lang='lat' dir='ltr'>adolefi-enreu,</span> <span class='ocrx_word' id='word_1_936' title='bbox 1501 1254 1533 1275; x_wconf 93' lang='lat' dir='ltr'>ut</span> <span class='ocrx_word' id='word_1_937' title='bbox 1546 1247 1729 1283; x_wconf 83' lang='lat' dir='ltr'>turbulenti,</span> <span class='ocrx_word' id='word_1_938' title='bbox 1742 1249 1911 1281; x_wconf 74' lang='lat' dir='ltr'>utseditiofi</span> <span class='ocrx_word' id='word_1_939' title='bbox 1921 1271 1929 1285; x_wconf 90' lang='lat'><em>,</em></span> <span class='ocrx_word' id='word_1_940' title='bbox 1946 1254 2090 1291; x_wconf 80' lang='lat' dir='ltr'>otperni-</span> 
     </span>
     <span class='ocr_line' id='line_1_103' title="bbox 1133 1281 2090 1333; baseline 0.013 -21"><span class='ocrx_word' id='word_1_941' title='bbox 1133 1281 1203 1330; x_wconf 79' lang='lat' dir='ltr'>ciosi</span> <span class='ocrx_word' id='word_1_942' title='bbox 1213 1285 1293 1331; x_wconf 83' lang='lat' dir='ltr'>cives</span> <span class='ocrx_word' id='word_1_943' title='bbox 1303 1285 1400 1315; x_wconf 88' lang='lat' dir='ltr'>velint</span> <span class='ocrx_word' id='word_1_944' title='bbox 1412 1284 1470 1316; x_wconf 84' lang='lat' dir='ltr'>ess&#39;e</span> <span class='ocrx_word' id='word_1_945' title='bbox 1481 1290 1494 1316; x_wconf 73' lang='grc' dir='ltr'><strong><em>ἓ</em></strong></span> <span class='ocrx_word' id='word_1_946' title='bbox 1505 1294 1594 1328; x_wconf 85' lang='lat' dir='ltr'>quam</span> <span class='ocrx_word' id='word_1_947' title='bbox 1603 1299 1702 1320; x_wconf 88' lang='lat' dir='ltr'>autern</span> <span class='ocrx_word' id='word_1_948' title='bbox 1713 1291 1747 1322; x_wconf 79' lang='lat' dir='ltr'>ad</span> <span class='ocrx_word' id='word_1_949' title='bbox 1758 1292 1871 1332; x_wconf 82' lang='lat' dir='ltr'>reipub.</span> <span class='ocrx_word' id='word_1_950' title='bbox 1883 1293 1996 1333; x_wconf 75' lang='lat' dir='ltr'>pestem</span> <span class='ocrx_word' id='word_1_951' title='bbox 2008 1294 2090 1324; x_wconf 58' lang='lat' dir='ltr'>furor</span> 
     </span>
     <span class='ocr_line' id='line_1_104' title="bbox 1133 1325 2087 1374; baseline 0.013 -20"><span class='ocrx_word' id='word_1_952' title='bbox 1133 1325 1308 1356; x_wconf 80' lang='lat' dir='ltr'>tribunitius</span> <span class='ocrx_word' id='word_1_953' title='bbox 1320 1327 1439 1366; x_wconf 88' lang='lat' dir='ltr'>impelli</span> <span class='ocrx_word' id='word_1_954' title='bbox 1451 1338 1516 1359; x_wconf 86' lang='lat' dir='ltr'>non</span> <span class='ocrx_word' id='word_1_955' title='bbox 1529 1333 1640 1370; x_wconf 88' lang='lat' dir='ltr'>poterit</span> <span class='ocrx_word' id='word_1_956' title='bbox 1650 1352 1659 1366; x_wconf 87' lang='lat'><em>‚</em></span> <span class='ocrx_word' id='word_1_957' title='bbox 1678 1333 1725 1363; x_wconf 86' lang='lat' dir='ltr'>his</span> <span class='ocrx_word' id='word_1_958' title='bbox 1736 1332 1850 1364; x_wconf 80' lang='lat' dir='ltr'>duabus</span> <span class='ocrx_word' id='word_1_959' title='bbox 1859 1334 2087 1374; x_wconf 70' lang='lat' dir='ltr'>quaestionibuS,</span> 
     </span>
     <span class='ocr_line' id='line_1_105' title="bbox 1134 1366 2087 1419; baseline 0.01 -23"><span class='ocrx_word' id='word_1_960' title='bbox 1134 1366 1170 1396; x_wconf 85' lang='lat' dir='ltr'>de</span> <span class='ocrx_word' id='word_1_961' title='bbox 1180 1369 1211 1414; x_wconf 75' lang='lat' dir='ltr'>vi</span> <span class='ocrx_word' id='word_1_962' title='bbox 1222 1386 1230 1400; x_wconf 88' lang='lat'>‚</span> <span class='ocrx_word' id='word_1_963' title='bbox 1248 1367 1282 1397; x_wconf 65' lang='grc' dir='ltr'>ὃς</span> <span class='ocrx_word' id='word_1_964' title='bbox 1294 1367 1330 1397; x_wconf 89' lang='lat' dir='ltr'>de</span> <span class='ocrx_word' id='word_1_965' title='bbox 1345 1368 1493 1409; x_wconf 81' lang='lat' dir='ltr'>majestate</span> <span class='ocrx_word' id='word_1_966' title='bbox 1503 1391 1512 1405; x_wconf 86' lang='lat'><em>,</em></span> <span class='ocrx_word' id='word_1_967' title='bbox 1530 1372 1650 1404; x_wconf 79' lang='lat' dir='ltr'>sublatis</span> <span class='ocrx_word' id='word_1_968' title='bbox 1666 1377 1677 1404; x_wconf 91' lang='lat'>?</span> <span class='ocrx_word' id='word_1_969' title='bbox 1695 1378 1708 1402; x_wconf 70' lang='grc' dir='ltr'><strong><em>ἴ</em></strong></span> <span class='ocrx_word' id='word_1_970' title='bbox 1723 1375 1807 1416; x_wconf 74' lang='lat' dir='ltr'>Qid</span> <span class='ocrx_word' id='word_1_971' title='bbox 1817 1396 1825 1409; x_wconf 88' lang='lat'>,</span> <span class='ocrx_word' id='word_1_972' title='bbox 1837 1376 1918 1415; x_wconf 86' lang='lat' dir='ltr'>quod</span> <span class='ocrx_word' id='word_1_973' title='bbox 1929 1377 2087 1419; x_wconf 76' lang='lat' dir='ltr'>obrogatur</span> 
     </span>
     <span class='ocr_line' id='line_1_106' title="bbox 1133 1409 2090 1460; baseline 0.014 -23"><span class='ocrx_word' id='word_1_974' title='bbox 1133 1409 1248 1456; x_wconf 83' lang='lat' dir='ltr'>legibus</span> <span class='ocrx_word' id='word_1_975' title='bbox 1260 1410 1391 1444; x_wconf 68' lang='lat' dir='ltr'>Caesaris,</span> <span class='ocrx_word' id='word_1_976' title='bbox 1402 1414 1591 1452; x_wconf 80' lang='lat' dir='ltr'>quaejubent,</span> <span class='ocrx_word' id='word_1_977' title='bbox 1607 1417 1634 1446; x_wconf 88' lang='lat' dir='ltr'>ei</span> <span class='ocrx_word' id='word_1_978' title='bbox 1649 1436 1657 1450; x_wconf 91' lang='lat'>‚</span> <span class='ocrx_word' id='word_1_979' title='bbox 1670 1417 1768 1457; x_wconf 85' lang='lat' dir='ltr'>quide</span> <span class='ocrx_word' id='word_1_980' title='bbox 1778 1418 1821 1450; x_wconf 86' lang='lat' dir='ltr'>vi,</span> <span class='ocrx_word' id='word_1_981' title='bbox 1834 1420 1966 1459; x_wconf 81' lang='lat' dir='ltr'>itemque</span> <span class='ocrx_word' id='word_1_982' title='bbox 1976 1421 2004 1448; x_wconf 83' lang='lat' dir='ltr'>ei</span> <span class='ocrx_word' id='word_1_983' title='bbox 2016 1439 2025 1451; x_wconf 64' lang='lat'>1,</span> <span class='ocrx_word' id='word_1_984' title='bbox 2036 1422 2090 1460; x_wconf 80' lang='lat' dir='ltr'>qui.</span> 
     </span>
     <span class='ocr_line' id='line_1_107' title="bbox 1134 1450 2088 1501; baseline 0.012 -21"><span class='ocrx_word' id='word_1_985' title='bbox 1134 1450 1295 1498; x_wconf 70' lang='lat' dir='ltr'>majestatis</span> <span class='ocrx_word' id='word_1_986' title='bbox 1304 1452 1461 1484; x_wconf 83' lang='lat' dir='ltr'>damnatus</span> <span class='ocrx_word' id='word_1_987' title='bbox 1472 1453 1514 1488; x_wconf 81' lang='lat' dir='ltr'>fit,</span> <span class='ocrx_word' id='word_1_988' title='bbox 1525 1466 1597 1497; x_wconf 83' lang='lat' dir='ltr'>aqua</span> <span class='ocrx_word' id='word_1_989' title='bbox 1608 1458 1641 1488; x_wconf 76' lang='grc' dir='ltr'>δε</span> <span class='ocrx_word' id='word_1_990' title='bbox 1655 1460 1717 1499; x_wconf 85' lang='lat' dir='ltr'>igni</span> <span class='ocrx_word' id='word_1_991' title='bbox 1727 1460 1865 1490; x_wconf 87' lang='lat' dir='ltr'>interdici</span> <span class='ocrx_word' id='word_1_992' title='bbox 1875 1464 1885 1490; x_wconf 90' lang='lat'>?</span> <span class='ocrx_word' id='word_1_993' title='bbox 1895 1459 2005 1501; x_wconf 83' lang='lat' dir='ltr'>quibus</span> <span class='ocrx_word' id='word_1_994' title='bbox 2015 1460 2088 1492; x_wconf 74' lang='lat' dir='ltr'>esim</span> 
     </span>
     <span class='ocr_line' id='line_1_108' title="bbox 1130 1494 2092 1543; baseline 0.011 -21"><span class='ocrx_word' id='word_1_995' title='bbox 1130 1502 1306 1540; x_wconf 85' lang='lat' dir='ltr'>provocatio</span> <span class='ocrx_word' id='word_1_996' title='bbox 1317 1494 1420 1529; x_wconf 85' lang='lat' dir='ltr'>datur,</span> <span class='ocrx_word' id='word_1_997' title='bbox 1441 1506 1544 1527; x_wconf 88' lang='lat' dir='ltr'>nonne</span> <span class='ocrx_word' id='word_1_998' title='bbox 1563 1498 1625 1530; x_wconf 74' lang='lat' dir='ltr'>aCta</span> <span class='ocrx_word' id='word_1_999' title='bbox 1638 1502 1758 1531; x_wconf 61' lang='lat' dir='ltr'>Caesaris</span> <span class='ocrx_word' id='word_1_1000' title='bbox 1769 1501 1998 1532; x_wconf 75' lang='lat' dir='ltr'>rescinduntur?</span> <span class='ocrx_word' id='word_1_1001' title='bbox 2015 1504 2092 1543; x_wconf 74' lang='lat' dir='ltr'>Qae</span> 
     </span>
     <span class='ocr_line' id='line_1_109' title="bbox 1131 1535 2088 1584; baseline 0.014 -21"><span class='ocrx_word' id='word_1_1002' title='bbox 1131 1535 1256 1574; x_wconf 85' lang='lat' dir='ltr'>quidem</span> <span class='ocrx_word' id='word_1_1003' title='bbox 1270 1545 1337 1576; x_wconf 80' lang='lat' dir='ltr'>ego,</span> <span class='ocrx_word' id='word_1_1004' title='bbox 1348 1539 1447 1567; x_wconf 87' lang='lat' dir='ltr'>Patres</span> <span class='ocrx_word' id='word_1_1005' title='bbox 1457 1540 1616 1580; x_wconf 82' lang='lat' dir='ltr'>conscripti</span> <span class='ocrx_word' id='word_1_1006' title='bbox 1628 1561 1636 1574; x_wconf 88' lang='lat'>,</span> <span class='ocrx_word' id='word_1_1007' title='bbox 1646 1545 1700 1582; x_wconf 85' lang='lat' dir='ltr'>qui</span> <span class='ocrx_word' id='word_1_1008' title='bbox 1711 1543 1761 1572; x_wconf 85' lang='lat' dir='ltr'>illa</span> <span class='ocrx_word' id='word_1_1009' title='bbox 1772 1553 1941 1584; x_wconf 85' lang='lat' dir='ltr'>numquam</span> <span class='ocrx_word' id='word_1_1010' title='bbox 1949 1544 2088 1584; x_wconf 67' lang='lat' dir='ltr'>probavi.</span> 
     </span>
     <span class='ocr_line' id='line_1_110' title="bbox 1131 1577 2090 1619; baseline 0.011 -14"><span class='ocrx_word' id='word_1_1011' title='bbox 1131 1579 1171 1606; x_wconf 88' lang='lat' dir='ltr'>ita</span> <span class='ocrx_word' id='word_1_1012' title='bbox 1185 1577 1386 1608; x_wconf 85' lang='lat' dir='ltr'>conservanda</span> <span class='ocrx_word' id='word_1_1013' title='bbox 1404 1582 1574 1611; x_wconf 79' lang='lat' dir='ltr'>ooncordiae</span> <span class='ocrx_word' id='word_1_1014' title='bbox 1591 1586 1674 1614; x_wconf 80' lang='lat' dir='ltr'>causa</span> <span class='ocrx_word' id='word_1_1015' title='bbox 1690 1584 1845 1615; x_wconf 86' lang='lat' dir='ltr'>arbitratus</span> <span class='ocrx_word' id='word_1_1016' title='bbox 1865 1585 1930 1615; x_wconf 88' lang='lat' dir='ltr'>sum</span> <span class='ocrx_word' id='word_1_1017' title='bbox 1944 1605 1952 1619; x_wconf 86' lang='lat'><em>‚</em></span> <span class='ocrx_word' id='word_1_1018' title='bbox 1975 1595 2009 1616; x_wconf 88' lang='lat' dir='ltr'>ut</span> <span class='ocrx_word' id='word_1_1019' title='bbox 2026 1596 2090 1616; x_wconf 83' lang='lat' dir='ltr'>non</span> 
     </span>
     <span class='ocr_line' id='line_1_111' title="bbox 1131 1618 2089 1665; baseline 0.011 -18"><span class='ocrx_word' id='word_1_1020' title='bbox 1131 1618 1227 1648; x_wconf 78' lang='lat' dir='ltr'>modo</span> <span class='ocrx_word' id='word_1_1021' title='bbox 1238 1638 1247 1652; x_wconf 82' lang='lat'>‚</span> <span class='ocrx_word' id='word_1_1022' title='bbox 1267 1629 1338 1660; x_wconf 82' lang='lat' dir='ltr'>quas</span> <span class='ocrx_word' id='word_1_1023' title='bbox 1354 1622 1443 1652; x_wconf 83' lang='lat' dir='ltr'>vivus</span> <span class='ocrx_word' id='word_1_1024' title='bbox 1457 1623 1551 1654; x_wconf 79' lang='lat' dir='ltr'>Caesar</span> <span class='ocrx_word' id='word_1_1025' title='bbox 1568 1624 1647 1665; x_wconf 85' lang='lat' dir='ltr'>leges</span> <span class='ocrx_word' id='word_1_1026' title='bbox 1667 1625 1796 1660; x_wconf 70' lang='lat' dir='ltr'>tuliss&#39;et,</span> <span class='ocrx_word' id='word_1_1027' title='bbox 1818 1625 2014 1658; x_wconf 76' lang='lat' dir='ltr'>infirmandas</span> <span class='ocrx_word' id='word_1_1028' title='bbox 2031 1629 2089 1658; x_wconf 77' lang='lat' dir='ltr'>hoc.</span> 
     </span>
     <span class='ocr_line' id='line_1_112' title="bbox 1130 1666 2092 1709; baseline 0.011 -20"><span class='ocrx_word' id='word_1_1029' title='bbox 1130 1669 1265 1700; x_wconf 87' lang='lat' dir='ltr'>tempore</span> <span class='ocrx_word' id='word_1_1030' title='bbox 1276 1671 1339 1691; x_wconf 87' lang='lat' dir='ltr'>non</span> <span class='ocrx_word' id='word_1_1031' title='bbox 1349 1672 1486 1702; x_wconf 81' lang='lat' dir='ltr'>putarem</span> <span class='ocrx_word' id='word_1_1032' title='bbox 1499 1676 1505 1693; x_wconf 88' lang='lat'>:</span> <span class='ocrx_word' id='word_1_1033' title='bbox 1519 1666 1567 1695; x_wconf 88' lang='lat' dir='ltr'>sed</span> <span class='ocrx_word' id='word_1_1034' title='bbox 1578 1676 1617 1696; x_wconf 89' lang='lat' dir='ltr'>nc</span> <span class='ocrx_word' id='word_1_1035' title='bbox 1626 1667 1691 1698; x_wconf 84' lang='lat' dir='ltr'>illas</span> <span class='ocrx_word' id='word_1_1036' title='bbox 1700 1668 1837 1709; x_wconf 82' lang='lat' dir='ltr'>quidem,</span> <span class='ocrx_word' id='word_1_1037' title='bbox 1849 1679 1919 1709; x_wconf 81' lang='lat' dir='ltr'>quas</span> <span class='ocrx_word' id='word_1_1038' title='bbox 1928 1668 1996 1709; x_wconf 83' lang='lat' dir='ltr'>post</span> <span class='ocrx_word' id='word_1_1039' title='bbox 2006 1679 2092 1699; x_wconf 82' lang='lat' dir='ltr'>rnor-</span> 
     </span>
     <span class='ocr_line' id='line_1_113' title="bbox 1130 1702 2090 1744; baseline 0.011 -13"><span class='ocrx_word' id='word_1_1040' title='bbox 1130 1711 1191 1733; x_wconf 88' lang='lat' dir='ltr'>tem</span> <span class='ocrx_word' id='word_1_1041' title='bbox 1203 1702 1321 1734; x_wconf 73' lang='lat' dir='ltr'>Caefiiris</span> <span class='ocrx_word' id='word_1_1042' title='bbox 1328 1706 1454 1744; x_wconf 86' lang='lat' dir='ltr'>prolatas</span> <span class='ocrx_word' id='word_1_1043' title='bbox 1465 1704 1523 1736; x_wconf 84' lang='lat' dir='ltr'>effe</span> <span class='ocrx_word' id='word_1_1044' title='bbox 1533 1726 1541 1740; x_wconf 91' lang='lat'>,</span> <span class='ocrx_word' id='word_1_1045' title='bbox 1553 1708 1585 1738; x_wconf 90' lang='lat'>&amp;</span> <span class='ocrx_word' id='word_1_1046' title='bbox 1597 1707 1670 1739; x_wconf 79' lang='lat' dir='ltr'>fixas</span> <span class='ocrx_word' id='word_1_1047' title='bbox 1680 1709 1801 1740; x_wconf 81' lang='lat' dir='ltr'>videris.</span> <span class='ocrx_word' id='word_1_1048' title='bbox 1826 1713 1875 1741; x_wconf 88' lang='lat' dir='ltr'>De</span> <span class='ocrx_word' id='word_1_1049' title='bbox 1886 1710 1992 1741; x_wconf 78' lang='lat' dir='ltr'>exlilio</span> <span class='ocrx_word' id='word_1_1050' title='bbox 2003 1711 2090 1742; x_wconf 84' lang='lat' dir='ltr'>redu-</span> 
     </span>
     <span class='ocr_line' id='line_1_114' title="bbox 1131 1743 2089 1794; baseline 0.011 -21"><span class='ocrx_word' id='word_1_1051' title='bbox 1131 1743 1172 1773; x_wconf 68' lang='lat' dir='ltr'>&amp;i</span> <span class='ocrx_word' id='word_1_1052' title='bbox 1184 1744 1330 1776; x_wconf 68' lang='lat' dir='ltr'>{imortuo</span> <span class='ocrx_word' id='word_1_1053' title='bbox 1341 1756 1346 1775; x_wconf 73' lang='grc' dir='ltr'><em>ι</em></span> <span class='ocrx_word' id='word_1_1054' title='bbox 1360 1748 1464 1776; x_wconf 77' lang='lat' dir='ltr'>civitas</span> <span class='ocrx_word' id='word_1_1055' title='bbox 1473 1748 1543 1778; x_wconf 85' lang='lat' dir='ltr'>data</span> <span class='ocrx_word' id='word_1_1056' title='bbox 1552 1760 1615 1780; x_wconf 88' lang='lat' dir='ltr'>non</span> <span class='ocrx_word' id='word_1_1057' title='bbox 1626 1751 1727 1782; x_wconf 76' lang='lat' dir='ltr'>solum</span> <span class='ocrx_word' id='word_1_1058' title='bbox 1738 1750 1860 1794; x_wconf 71' lang='lat' dir='ltr'>singuiis</span> <span class='ocrx_word' id='word_1_1059' title='bbox 1871 1773 1879 1786; x_wconf 86' lang='lat'>.</span> <span class='ocrx_word' id='word_1_1060' title='bbox 1893 1753 1941 1784; x_wconf 83' lang='lat' dir='ltr'>sed</span> <span class='ocrx_word' id='word_1_1061' title='bbox 1953 1755 2089 1784; x_wconf 74' lang='lat' dir='ltr'>nationi-</span> 
     </span>
     <span class='ocr_line' id='line_1_115' title="bbox 1130 1786 2087 1828; baseline 0.011 -13"><span class='ocrx_word' id='word_1_1062' title='bbox 1130 1786 1196 1820; x_wconf 87' lang='lat' dir='ltr'>bus,</span> <span class='ocrx_word' id='word_1_1063' title='bbox 1207 1787 1240 1817; x_wconf 71' lang='grc' dir='ltr'>δε</span> <span class='ocrx_word' id='word_1_1064' title='bbox 1249 1789 1414 1828; x_wconf 86' lang='lat' dir='ltr'>provinciis</span> <span class='ocrx_word' id='word_1_1065' title='bbox 1425 1790 1568 1821; x_wconf 77' lang='lat' dir='ltr'>univerfis</span> <span class='ocrx_word' id='word_1_1066' title='bbox 1579 1791 1594 1822; x_wconf 74' lang='lat' dir='ltr'>a</span> <span class='ocrx_word' id='word_1_1067' title='bbox 1603 1801 1725 1825; x_wconf 82' lang='lat' dir='ltr'>mortuo</span> <span class='ocrx_word' id='word_1_1068' title='bbox 1739 1795 2003 1826; x_wconf 81' lang='lat' dir='ltr'>:immunitatibus</span> <span class='ocrx_word' id='word_1_1069' title='bbox 2012 1794 2087 1825; x_wconf 79' lang='lat' dir='ltr'>infi-</span> 
     </span>
     <span class='ocr_line' id='line_1_116' title="bbox 1129 1828 2090 1877; baseline 0.015 -20"><span class='ocrx_word' id='word_1_1070' title='bbox 1129 1829 1202 1858; x_wconf 90' lang='lat' dir='ltr'>nitis</span> <span class='ocrx_word' id='word_1_1071' title='bbox 1218 1828 1330 1860; x_wconf 81' lang='lat' dir='ltr'>sublata</span> <span class='ocrx_word' id='word_1_1072' title='bbox 1349 1830 1506 1872; x_wconf 65' lang='lat' dir='ltr'>veffigalia</span> <span class='ocrx_word' id='word_1_1073' title='bbox 1515 1832 1530 1862; x_wconf 76' lang='lat' dir='ltr'>a</span> <span class='ocrx_word' id='word_1_1074' title='bbox 1541 1842 1674 1865; x_wconf 87' lang='lat' dir='ltr'>mortuo.</span> <span class='ocrx_word' id='word_1_1075' title='bbox 1697 1838 1775 1877; x_wconf 84' lang='lat' dir='ltr'>Ergo</span> <span class='ocrx_word' id='word_1_1076' title='bbox 1789 1838 1850 1866; x_wconf 83' lang='lat' dir='ltr'>haec</span> <span class='ocrx_word' id='word_1_1077' title='bbox 1859 1846 1922 1867; x_wconf 85' lang='lat' dir='ltr'>uno</span> <span class='ocrx_word' id='word_1_1078' title='bbox 1931 1839 1996 1867; x_wconf 90' lang='lat' dir='ltr'>viro</span> <span class='ocrx_word' id='word_1_1079' title='bbox 2007 1847 2090 1877; x_wconf 70' lang='lat' dir='ltr'>opu-</span> 
     </span>
     <span class='ocr_line' id='line_1_117' title="bbox 1131 1870 2083 1920; baseline 0.009 -21"><span class='ocrx_word' id='word_1_1080' title='bbox 1131 1879 1185 1900; x_wconf 90' lang='lat' dir='ltr'>mo</span> <span class='ocrx_word' id='word_1_1081' title='bbox 1192 1870 1313 1900; x_wconf 62' lang='lat' dir='ltr'>auetore</span> <span class='ocrx_word' id='word_1_1082' title='bbox 1321 1871 1400 1901; x_wconf 85' lang='lat' dir='ltr'>domo</span> <span class='ocrx_word' id='word_1_1083' title='bbox 1409 1873 1522 1914; x_wconf 51' lang='lat' dir='ltr'>prolata</span> <span class='ocrx_word' id='word_1_1084' title='bbox 1531 1874 1724 1907; x_wconf 85' lang='lat' dir='ltr'>defendimus</span> <span class='ocrx_word' id='word_1_1085' title='bbox 1736 1888 1741 1906; x_wconf 91' lang='lat'>:</span> <span class='ocrx_word' id='word_1_1086' title='bbox 1759 1886 1807 1907; x_wconf 89' lang='lat' dir='ltr'>eas</span> <span class='ocrx_word' id='word_1_1087' title='bbox 1818 1878 1895 1920; x_wconf 85' lang='lat' dir='ltr'>leges</span> <span class='ocrx_word' id='word_1_1088' title='bbox 1904 1898 1912 1911; x_wconf 93' lang='lat'>‚</span> <span class='ocrx_word' id='word_1_1089' title='bbox 1928 1889 1999 1920; x_wconf 86' lang='lat' dir='ltr'>quas</span> <span class='ocrx_word' id='word_1_1090' title='bbox 2011 1879 2083 1918; x_wconf 73' lang='lat' dir='ltr'>ipse.</span> 
     </span>
     <span class='ocr_line' id='line_1_118' title="bbox 1129 1911 2088 1961; baseline 0.011 -21"><span class='ocrx_word' id='word_1_1091' title='bbox 1129 1911 1217 1958; x_wconf 80' lang='lat' dir='ltr'>vobis</span> <span class='ocrx_word' id='word_1_1092' title='bbox 1228 1913 1473 1952; x_wconf 58' lang='lat' dir='ltr'>inspezffimtibus,</span> <span class='ocrx_word' id='word_1_1093' title='bbox 1486 1918 1631 1951; x_wconf 80' lang='lat' dir='ltr'>recitavit,</span> <span class='ocrx_word' id='word_1_1094' title='bbox 1646 1920 1862 1958; x_wconf 81' lang='lat' dir='ltr'>pronuntiavit,</span> <span class='ocrx_word' id='word_1_1095' title='bbox 1876 1915 2088 1961; x_wconf 69' lang='lat' dir='ltr'>tulit&#39;,qu1bus</span> 
     </span>
     <span class='ocr_line' id='line_1_119' title="bbox 1128 1953 2087 2002; baseline 0.011 -21"><span class='ocrx_word' id='word_1_1096' title='bbox 1128 1953 1195 1982; x_wconf 86' lang='lat' dir='ltr'>latis</span> <span class='ocrx_word' id='word_1_1097' title='bbox 1208 1954 1400 1999; x_wconf 81' lang='lat' dir='ltr'>gloriabatur,</span> <span class='ocrx_word' id='word_1_1098' title='bbox 1411 1956 1504 1997; x_wconf 85' lang='lat' dir='ltr'>iisque</span> <span class='ocrx_word' id='word_1_1099' title='bbox 1515 1958 1630 1997; x_wconf 83' lang='lat' dir='ltr'>legibus</span> <span class='ocrx_word' id='word_1_1100' title='bbox 1643 1969 1737 1999; x_wconf 83' lang='lat' dir='ltr'>remp.</span> <span class='ocrx_word' id='word_1_1101' title='bbox 1747 1963 1897 1992; x_wconf 80' lang='lat' dir='ltr'>contineri</span> <span class='ocrx_word' id='word_1_1102' title='bbox 1906 1963 2036 2002; x_wconf 81' lang='lat' dir='ltr'>putabat,</span> <span class='ocrx_word' id='word_1_1103' title='bbox 2048 1962 2087 1993; x_wconf 87' lang='lat' dir='ltr'>de</span> 
     </span>
     <span class='ocr_line' id='line_1_120' title="bbox 1128 1996 2084 2045; baseline 0.013 -22"><span class='ocrx_word' id='word_1_1104' title='bbox 1128 1997 1306 2033; x_wconf 75' lang='lat' dir='ltr'>provinciiS,</span> <span class='ocrx_word' id='word_1_1105' title='bbox 1315 1996 1494 2036; x_wconf 83' lang='lat' dir='ltr'>dejudiciis,</span> <span class='ocrx_word' id='word_1_1106' title='bbox 1505 2009 1563 2033; x_wconf 87' lang='lat' dir='ltr'>eas,</span> <span class='ocrx_word' id='word_1_1107' title='bbox 1574 2001 1710 2041; x_wconf 82' lang='lat' dir='ltr'>inquam,</span> <span class='ocrx_word' id='word_1_1108' title='bbox 1721 2003 1843 2033; x_wconf 81' lang='lat' dir='ltr'>Caesaris</span> <span class='ocrx_word' id='word_1_1109' title='bbox 1853 2003 1943 2045; x_wconf 84' lang='lat' dir='ltr'>leges,</span> <span class='ocrx_word' id='word_1_1110' title='bbox 1957 2014 2024 2037; x_wconf 84' lang='lat' dir='ltr'>nos,</span> <span class='ocrx_word' id='word_1_1111' title='bbox 2032 2006 2084 2045; x_wconf 87' lang='lat' dir='ltr'>qui</span> 
     </span>
     <span class='ocr_line' id='line_1_121' title="bbox 1127 2035 2086 2083; baseline 0.011 -18"><span class='ocrx_word' id='word_1_1112' title='bbox 1127 2035 1322 2067; x_wconf 88' lang='lat' dir='ltr'>defendimus</span> <span class='ocrx_word' id='word_1_1113' title='bbox 1335 2038 1398 2068; x_wconf 60' lang='lat' dir='ltr'>acta</span> <span class='ocrx_word' id='word_1_1114' title='bbox 1409 2039 1528 2070; x_wconf 69' lang='lat' dir='ltr'>Caesaris</span> <span class='ocrx_word' id='word_1_1115' title='bbox 1536 2060 1545 2073; x_wconf 84' lang='lat'><em>‚</em></span> <span class='ocrx_word' id='word_1_1116' title='bbox 1556 2043 1729 2073; x_wconf 82' lang='lat' dir='ltr'>evertendas</span> <span class='ocrx_word' id='word_1_1117' title='bbox 1738 2045 1911 2083; x_wconf 77' lang='lat' dir='ltr'>putabimus</span> <span class='ocrx_word' id='word_1_1118' title='bbox 1921 2049 1934 2075; x_wconf 75' lang='grc' dir='ltr'><strong><em>ἓ</em></strong></span> <span class='ocrx_word' id='word_1_1119' title='bbox 1946 2049 1989 2076; x_wconf 77' lang='lat' dir='ltr'>Ae</span> <span class='ocrx_word' id='word_1_1120' title='bbox 2000 2046 2036 2076; x_wconf 83' lang='lat' dir='ltr'>de</span> <span class='ocrx_word' id='word_1_1121' title='bbox 2049 2049 2086 2075; x_wconf 82' lang='lat' dir='ltr'>iis</span> 
     </span>
     <span class='ocr_line' id='line_1_122' title="bbox 1127 2079 2086 2128; baseline 0.011 -21"><span class='ocrx_word' id='word_1_1122' title='bbox 1127 2086 1229 2108; x_wconf 88' lang='lat' dir='ltr'>tamen</span> <span class='ocrx_word' id='word_1_1123' title='bbox 1240 2079 1356 2125; x_wconf 81' lang='lat' dir='ltr'>legibus</span> <span class='ocrx_word' id='word_1_1124' title='bbox 1365 2099 1374 2113; x_wconf 84' lang='lat'>‚</span> <span class='ocrx_word' id='word_1_1125' title='bbox 1393 2090 1459 2121; x_wconf 86' lang='lat' dir='ltr'>quae</span> <span class='ocrx_word' id='word_1_1126' title='bbox 1469 2083 1663 2125; x_wconf 83' lang='lat' dir='ltr'>promulgatae</span> <span class='ocrx_word' id='word_1_1127' title='bbox 1673 2085 1743 2115; x_wconf 80' lang='lat' dir='ltr'>sunt</span> <span class='ocrx_word' id='word_1_1128' title='bbox 1753 2106 1761 2118; x_wconf 83' lang='lat'><em>,</em></span> <span class='ocrx_word' id='word_1_1129' title='bbox 1775 2086 1878 2116; x_wconf 83' lang='lat' dir='ltr'>saltem</span> <span class='ocrx_word' id='word_1_1130' title='bbox 1888 2090 1972 2128; x_wconf 81' lang='lat' dir='ltr'>queri</span> <span class='ocrx_word' id='word_1_1131' title='bbox 1981 2086 2086 2128; x_wconf 68' lang='lat' dir='ltr'>poss‘u-</span> 
     </span>
     <span class='ocr_line' id='line_1_123' title="bbox 1129 2120 2087 2170; baseline 0.011 -22"><span class='ocrx_word' id='word_1_1132' title='bbox 1129 2129 1199 2166; x_wconf 78' lang='lat' dir='ltr'>mus</span> <span class='ocrx_word' id='word_1_1133' title='bbox 1210 2125 1225 2149; x_wconf 71' lang='grc' dir='ltr'>τ’</span> <span class='ocrx_word' id='word_1_1134' title='bbox 1237 2120 1274 2150; x_wconf 92' lang='lat' dir='ltr'>de</span> <span class='ocrx_word' id='word_1_1135' title='bbox 1288 2123 1326 2150; x_wconf 85' lang='lat' dir='ltr'>iis</span> <span class='ocrx_word' id='word_1_1136' title='bbox 1337 2141 1345 2155; x_wconf 91' lang='lat'>‚</span> <span class='ocrx_word' id='word_1_1137' title='bbox 1362 2131 1498 2163; x_wconf 67' lang='lat' dir='ltr'>quaejam</span> <span class='ocrx_word' id='word_1_1138' title='bbox 1509 2125 1573 2154; x_wconf 80' lang='lat' dir='ltr'>latae</span> <span class='ocrx_word' id='word_1_1139' title='bbox 1591 2126 1751 2162; x_wconf 82' lang='lat' dir='ltr'>dicuntur,</span> <span class='ocrx_word' id='word_1_1140' title='bbox 1774 2137 1813 2157; x_wconf 83' lang='lat' dir='ltr'>nc</span> <span class='ocrx_word' id='word_1_1141' title='bbox 1824 2129 1900 2159; x_wconf 87' lang='lat' dir='ltr'>illud</span> <span class='ocrx_word' id='word_1_1142' title='bbox 1911 2130 2036 2170; x_wconf 81' lang='lat' dir='ltr'>quidem</span> <span class='ocrx_word' id='word_1_1143' title='bbox 2047 2130 2087 2159; x_wconf 83' lang='lat' dir='ltr'>li-</span> 
     </span>
     <span class='ocr_line' id='line_1_124' title="bbox 1125 2161 2084 2212; baseline 0.013 -22"><span class='ocrx_word' id='word_1_1144' title='bbox 1125 2170 1197 2192; x_wconf 89' lang='lat' dir='ltr'>cuit.</span> <span class='ocrx_word' id='word_1_1145' title='bbox 1218 2161 1278 2193; x_wconf 82' lang='lat' dir='ltr'>illae</span> <span class='ocrx_word' id='word_1_1146' title='bbox 1287 2165 1371 2193; x_wconf 88' lang='lat' dir='ltr'>enim</span> <span class='ocrx_word' id='word_1_1147' title='bbox 1390 2165 1473 2195; x_wconf 86' lang='lat' dir='ltr'>nulla</span> <span class='ocrx_word' id='word_1_1148' title='bbox 1491 2167 1734 2209; x_wconf 79' lang='lat' dir='ltr'>promulgatione</span> <span class='ocrx_word' id='word_1_1149' title='bbox 1747 2169 1812 2200; x_wconf 81' lang='lat' dir='ltr'>latae</span> <span class='ocrx_word' id='word_1_1150' title='bbox 1828 2171 1897 2201; x_wconf 83' lang='lat' dir='ltr'>sunt</span> <span class='ocrx_word' id='word_1_1151' title='bbox 1913 2172 1983 2201; x_wconf 74' lang='lat' dir='ltr'>ante</span> <span class='ocrx_word' id='word_1_1152' title='bbox 1992 2171 2084 2212; x_wconf 72' lang='lat' dir='ltr'>quarn</span> 
     </span>
     <span class='ocr_line' id='line_1_125' title="bbox 1119 2203 2086 2254; baseline 0.011 -21"><span class='ocrx_word' id='word_1_1153' title='bbox 1119 2203 1248 2252; x_wconf 54' lang='lat' dir='ltr'>‘scripta</span> <span class='ocrx_word' id='word_1_1154' title='bbox 1271 2207 1419 2246; x_wconf 85' lang='lat' dir='ltr'>Qaerunt</span> <span class='ocrx_word' id='word_1_1155' title='bbox 1426 2208 1499 2246; x_wconf 88' lang='lat' dir='ltr'>quid</span> <span class='ocrx_word' id='word_1_1156' title='bbox 1510 2206 1543 2237; x_wconf 83' lang='lat' dir='ltr'>fit</span> <span class='ocrx_word' id='word_1_1157' title='bbox 1556 2228 1564 2241; x_wconf 66' lang='lat'>2</span> <span class='ocrx_word' id='word_1_1158' title='bbox 1585 2219 1636 2239; x_wconf 92' lang='lat' dir='ltr'>cur</span> <span class='ocrx_word' id='word_1_1159' title='bbox 1649 2219 1698 2240; x_wconf 89' lang='lat' dir='ltr'>aut</span> <span class='ocrx_word' id='word_1_1160' title='bbox 1708 2221 1762 2253; x_wconf 84' lang='lat' dir='ltr'>ego</span> <span class='ocrx_word' id='word_1_1161' title='bbox 1773 2231 1781 2245; x_wconf 89' lang='lat'>‚</span> <span class='ocrx_word' id='word_1_1162' title='bbox 1801 2220 1851 2242; x_wconf 86' lang='lat' dir='ltr'>aut</span> <span class='ocrx_word' id='word_1_1163' title='bbox 1860 2213 2017 2254; x_wconf 78' lang='lat' dir='ltr'>quisqtiam</span> <span class='ocrx_word' id='word_1_1164' title='bbox 2033 2223 2086 2243; x_wconf 72' lang='lat' dir='ltr'>ve-</span> 
     </span>
     <span class='ocr_line' id='line_1_126' title="bbox 1126 2244 2085 2295; baseline 0.009 -20"><span class='ocrx_word' id='word_1_1165' title='bbox 1126 2244 1222 2275; x_wconf 89' lang='lat' dir='ltr'>strum</span> <span class='ocrx_word' id='word_1_1166' title='bbox 1236 2265 1245 2280; x_wconf 89' lang='lat'>‚</span> <span class='ocrx_word' id='word_1_1167' title='bbox 1258 2249 1289 2277; x_wconf 92' lang='lat' dir='ltr'>P.</span> <span class='ocrx_word' id='word_1_1168' title='bbox 1301 2250 1335 2277; x_wconf 86' lang='lat' dir='ltr'>C.</span> <span class='ocrx_word' id='word_1_1169' title='bbox 1350 2247 1438 2277; x_wconf 91' lang='lat' dir='ltr'>bonis</span> <span class='ocrx_word' id='word_1_1170' title='bbox 1448 2248 1577 2279; x_wconf 85' lang='lat' dir='ltr'>tribunis</span> <span class='ocrx_word' id='word_1_1171' title='bbox 1586 2251 1626 2291; x_wconf 77' lang='lat' dir='ltr'>pl.</span> <span class='ocrx_word' id='word_1_1172' title='bbox 1638 2252 1716 2293; x_wconf 83' lang='lat' dir='ltr'>leges</span> <span class='ocrx_word' id='word_1_1173' title='bbox 1727 2253 1819 2284; x_wconf 89' lang='lat' dir='ltr'>malas</span> <span class='ocrx_word' id='word_1_1174' title='bbox 1826 2264 1951 2285; x_wconf 86' lang='lat' dir='ltr'>metuat.</span> <span class='ocrx_word' id='word_1_1175' title='bbox 1970 2264 2085 2295; x_wconf 85' lang='lat' dir='ltr'>paratos</span> 
     </span>
     <span class='ocr_line' id='line_1_127' title="bbox 1123 2287 2084 2337; baseline 0.006 -17"><span class='ocrx_word' id='word_1_1176' title='bbox 1123 2287 1270 2317; x_wconf 72' lang='lat' dir='ltr'>habemus</span> <span class='ocrx_word' id='word_1_1177' title='bbox 1278 2308 1287 2322; x_wconf 76' lang='lat'><em>2</em></span> <span class='ocrx_word' id='word_1_1178' title='bbox 1307 2291 1359 2330; x_wconf 83' lang='lat' dir='ltr'>qui</span> <span class='ocrx_word' id='word_1_1179' title='bbox 1370 2289 1560 2319; x_wconf 70' lang='lat' dir='ltr'>intercedant:</span> <span class='ocrx_word' id='word_1_1180' title='bbox 1582 2302 1695 2332; x_wconf 85' lang='lat' dir='ltr'>paratos</span> <span class='ocrx_word' id='word_1_1181' title='bbox 1703 2313 1712 2327; x_wconf 83' lang='lat'>‚</span> <span class='ocrx_word' id='word_1_1182' title='bbox 1725 2296 1777 2335; x_wconf 88' lang='lat' dir='ltr'>qui</span> <span class='ocrx_word' id='word_1_1183' title='bbox 1789 2297 1925 2332; x_wconf 82' lang='lat' dir='ltr'>rempub.</span> <span class='ocrx_word' id='word_1_1184' title='bbox 1937 2298 2084 2337; x_wconf 88' lang='lat' dir='ltr'>religione</span> 
     </span>
     <span class='ocr_line' id='line_1_128' title="bbox 1125 2327 2083 2371; baseline 0.014 -14"><span class='ocrx_word' id='word_1_1185' title='bbox 1125 2327 1286 2359; x_wconf 86' lang='lat' dir='ltr'>defendant</span> <span class='ocrx_word' id='word_1_1186' title='bbox 1300 2341 1306 2359; x_wconf 91' lang='lat'>:</span> <span class='ocrx_word' id='word_1_1187' title='bbox 1325 2332 1411 2361; x_wconf 88' lang='lat' dir='ltr'>vacui</span> <span class='ocrx_word' id='word_1_1188' title='bbox 1425 2341 1508 2362; x_wconf 89' lang='lat' dir='ltr'>metu</span> <span class='ocrx_word' id='word_1_1189' title='bbox 1523 2331 1580 2363; x_wconf 76' lang='lat' dir='ltr'>ess‘e</span> <span class='ocrx_word' id='word_1_1190' title='bbox 1599 2334 1753 2366; x_wconf 87' lang='lat' dir='ltr'>debemus.</span> <span class='ocrx_word' id='word_1_1191' title='bbox 1808 2333 1901 2368; x_wconf 48' lang='lat' dir='ltr'>uas-tu</span> <span class='ocrx_word' id='word_1_1192' title='bbox 1916 2339 2011 2371; x_wconf 86' lang='lat' dir='ltr'>mihi,</span> <span class='ocrx_word' id='word_1_1193' title='bbox 2032 2339 2083 2367; x_wconf 83' lang='lat' dir='ltr'>in-</span> 
     </span>
     <span class='ocr_line' id='line_1_129' title="bbox 1123 2370 2082 2420; baseline 0.011 -21"><span class='ocrx_word' id='word_1_1194' title='bbox 1123 2372 1174 2418; x_wconf 80' lang='lat' dir='ltr'>qui</span> <span class='ocrx_word' id='word_1_1195' title='bbox 1180 2380 1200 2404; x_wconf 87' lang='lat' dir='ltr'>t,</span> <span class='ocrx_word' id='word_1_1196' title='bbox 1212 2370 1435 2402; x_wconf 84' lang='lat' dir='ltr'>intercessiones</span> <span class='ocrx_word' id='word_1_1197' title='bbox 1445 2393 1455 2406; x_wconf 84' lang='lat'><em>‚</em></span> <span class='ocrx_word' id='word_1_1198' title='bbox 1467 2372 1483 2393; x_wconf 86' lang='lat'><strong><em>⁶</em></strong></span> <span class='ocrx_word' id='word_1_1199' title='bbox 1492 2384 1562 2414; x_wconf 85' lang='lat' dir='ltr'>quas</span> <span class='ocrx_word' id='word_1_1200' title='bbox 1573 2377 1735 2418; x_wconf 86' lang='lat' dir='ltr'>religiones</span> <span class='ocrx_word' id='word_1_1201' title='bbox 1747 2380 1824 2409; x_wconf 86' lang='lat' dir='ltr'>?Eas</span> <span class='ocrx_word' id='word_1_1202' title='bbox 1833 2380 1944 2410; x_wconf 90' lang='lat' dir='ltr'>scilicet</span> <span class='ocrx_word' id='word_1_1203' title='bbox 1953 2400 1961 2413; x_wconf 86' lang='lat'>‚</span> <span class='ocrx_word' id='word_1_1204' title='bbox 1971 2378 2082 2420; x_wconf 80' lang='lat' dir='ltr'>quibus</span> 
     </span>
     <span class='ocr_line' id='line_1_130' title="bbox 1121 2413 2081 2461; baseline 0.01 -20"><span class='ocrx_word' id='word_1_1205' title='bbox 1121 2422 1193 2452; x_wconf 89' lang='lat' dir='ltr'>reip.</span> <span class='ocrx_word' id='word_1_1206' title='bbox 1206 2413 1281 2443; x_wconf 87' lang='lat' dir='ltr'>salus</span> <span class='ocrx_word' id='word_1_1207' title='bbox 1292 2416 1475 2460; x_wconf 82' lang='lat' dir='ltr'>continetur.</span> <span class='ocrx_word' id='word_1_1208' title='bbox 1500 2417 1694 2460; x_wconf 81' lang='lat' dir='ltr'>Negligimus</span> <span class='ocrx_word' id='word_1_1209' title='bbox 1705 2419 1758 2450; x_wconf 88' lang='lat' dir='ltr'>ista</span> <span class='ocrx_word' id='word_1_1210' title='bbox 1771 2441 1780 2454; x_wconf 88' lang='lat'>‚</span> <span class='ocrx_word' id='word_1_1211' title='bbox 1799 2421 1832 2451; x_wconf 77' lang='grc' dir='ltr'>δε</span> <span class='ocrx_word' id='word_1_1212' title='bbox 1842 2423 1936 2451; x_wconf 90' lang='lat' dir='ltr'>nimis</span> <span class='ocrx_word' id='word_1_1213' title='bbox 1949 2423 2081 2461; x_wconf 83' lang='lat' dir='ltr'>antiqua,</span> 
     </span>
     <span class='ocr_line' id='line_1_131' title="bbox 1120 2452 2084 2499; baseline 0.01 -16"><span class='ocrx_word' id='word_1_1214' title='bbox 1120 2452 1251 2490; x_wconf 73' lang='lat' dir='ltr'>&amp;stulta</span> <span class='ocrx_word' id='word_1_1215' title='bbox 1259 2455 1402 2485; x_wconf 74' lang='lat' dir='ltr'>ducimm.</span> <span class='ocrx_word' id='word_1_1216' title='bbox 1425 2456 1527 2487; x_wconf 88' lang='lat' dir='ltr'>forum</span> <span class='ocrx_word' id='word_1_1217' title='bbox 1541 2460 1676 2499; x_wconf 80' lang='lat' dir='ltr'>saepietur</span> <span class='ocrx_word' id='word_1_1218' title='bbox 1688 2471 1694 2491; x_wconf 71' lang='grc' dir='ltr'>ε</span> <span class='ocrx_word' id='word_1_1219' title='bbox 1710 2471 1819 2492; x_wconf 88' lang='lat' dir='ltr'>omnes</span> <span class='ocrx_word' id='word_1_1220' title='bbox 1834 2463 2009 2493; x_wconf 86' lang='lat' dir='ltr'>claudentur</span> <span class='ocrx_word' id='word_1_1221' title='bbox 2017 2462 2084 2493; x_wconf 86' lang='lat' dir='ltr'>adi-</span> 
     </span>
     <span class='ocr_line' id='line_1_132' title="bbox 1118 2497 2077 2546; baseline 0.01 -21"><span class='ocrx_word' id='word_1_1222' title='bbox 1118 2504 1164 2525; x_wconf 90' lang='lat' dir='ltr'>tus</span> <span class='ocrx_word' id='word_1_1223' title='bbox 1177 2507 1182 2525; x_wconf 89' lang='lat'>:</span> <span class='ocrx_word' id='word_1_1224' title='bbox 1203 2500 1309 2527; x_wconf 87' lang='lat' dir='ltr'>armati</span> <span class='ocrx_word' id='word_1_1225' title='bbox 1318 2500 1349 2527; x_wconf 88' lang='lat' dir='ltr'>in</span> <span class='ocrx_word' id='word_1_1226' title='bbox 1358 2497 1499 2538; x_wconf 80' lang='lat' dir='ltr'>praefidiis</span> <span class='ocrx_word' id='word_1_1227' title='bbox 1518 2502 1623 2531; x_wconf 88' lang='lat' dir='ltr'>multis</span> <span class='ocrx_word' id='word_1_1228' title='bbox 1635 2503 1710 2533; x_wconf 87' lang='lat' dir='ltr'>locis</span> <span class='ocrx_word' id='word_1_1229' title='bbox 1727 2504 1968 2534; x_wconf 88' lang='lat' dir='ltr'>collocabuntur.</span> <span class='ocrx_word' id='word_1_1230' title='bbox 1993 2504 2077 2546; x_wconf 86' lang='lat' dir='ltr'>Qid</span> 
     </span>
     <span class='ocr_line' id='line_1_133' title="bbox 1117 2540 2079 2582; baseline 0.01 -15"><span class='ocrx_word' id='word_1_1231' title='bbox 1117 2546 1183 2567; x_wconf 88' lang='lat' dir='ltr'>tum</span> <span class='ocrx_word' id='word_1_1232' title='bbox 1194 2541 1227 2568; x_wconf 90' lang='lat'>?7</span> <span class='ocrx_word' id='word_1_1233' title='bbox 1241 2540 1330 2579; x_wconf 82' lang='lat' dir='ltr'>Qod</span> <span class='ocrx_word' id='word_1_1234' title='bbox 1341 2542 1397 2569; x_wconf 85' lang='lat' dir='ltr'>erit</span> <span class='ocrx_word' id='word_1_1235' title='bbox 1408 2542 1450 2570; x_wconf 83' lang='lat' dir='ltr'>ita</span> <span class='ocrx_word' id='word_1_1236' title='bbox 1457 2540 1583 2582; x_wconf 86' lang='lat' dir='ltr'>gestum,</span> <span class='ocrx_word' id='word_1_1237' title='bbox 1594 2543 1625 2573; x_wconf 88' lang='lat' dir='ltr'>id</span> <span class='ocrx_word' id='word_1_1238' title='bbox 1637 2544 1687 2574; x_wconf 90' lang='lat' dir='ltr'>lex</span> <span class='ocrx_word' id='word_1_1239' title='bbox 1698 2547 1754 2574; x_wconf 85' lang='lat' dir='ltr'>erit</span> <span class='ocrx_word' id='word_1_1240' title='bbox 1764 2557 1773 2578; x_wconf 87' lang='lat'>;</span> <span class='ocrx_word' id='word_1_1241' title='bbox 1796 2546 1870 2576; x_wconf 85' lang='lat' dir='ltr'>&amp;in</span> <span class='ocrx_word' id='word_1_1242' title='bbox 1881 2556 1919 2575; x_wconf 68' lang='lat' dir='ltr'>res</span> <span class='ocrx_word' id='word_1_1243' title='bbox 1927 2544 2020 2576; x_wconf 80' lang='lat' dir='ltr'>incidi</span> <span class='ocrx_word' id='word_1_1244' title='bbox 2030 2552 2079 2577; x_wconf 88' lang='lat' dir='ltr'>vi-</span> 
     </span>
     <span class='ocr_line' id='line_1_134' title="bbox 1119 2579 2076 2622; baseline 0.01 -13"><span class='ocrx_word' id='word_1_1245' title='bbox 1119 2579 1236 2610; x_wconf 82' lang='lat' dir='ltr'>debitis.</span> <span class='ocrx_word' id='word_1_1246' title='bbox 1264 2580 1340 2611; x_wconf 77' lang='lat' dir='ltr'>cedo</span> <span class='ocrx_word' id='word_1_1247' title='bbox 1358 2582 1408 2612; x_wconf 85' lang='lat' dir='ltr'>illa</span> <span class='ocrx_word' id='word_1_1248' title='bbox 1425 2582 1576 2622; x_wconf 82' lang='lat' dir='ltr'>legitima:</span> <span class='ocrx_word' id='word_1_1249' title='bbox 1599 2587 1623 2614; x_wconf 90' lang='lat' dir='ltr'>C</span> <span class='ocrx_word' id='word_1_1250' title='bbox 1633 2595 1652 2614; x_wconf 93' lang='grc' dir='ltr'>ο</span> <span class='ocrx_word' id='word_1_1251' title='bbox 1662 2595 1684 2614; x_wconf 86' lang='lat' dir='ltr'>N</span> <span class='ocrx_word' id='word_1_1252' title='bbox 1696 2596 1708 2615; x_wconf 91' lang='lat' dir='ltr'>s</span> <span class='ocrx_word' id='word_1_1253' title='bbox 1720 2596 1743 2616; x_wconf 82' lang='lat' dir='ltr'>U</span> <span class='ocrx_word' id='word_1_1254' title='bbox 1755 2596 1774 2615; x_wconf 75' lang='lat'>1.</span> <span class='ocrx_word' id='word_1_1255' title='bbox 1785 2597 1805 2616; x_wconf 80' lang='lat' dir='ltr'>E</span> <span class='ocrx_word' id='word_1_1256' title='bbox 1816 2597 1829 2617; x_wconf 90' lang='lat' dir='ltr'>s</span> <span class='ocrx_word' id='word_1_1257' title='bbox 1861 2598 1877 2617; x_wconf 79' lang='lat' dir='ltr'>P</span> <span class='ocrx_word' id='word_1_1258' title='bbox 1887 2597 1906 2618; x_wconf 95' lang='lat'>0</span> <span class='ocrx_word' id='word_1_1259' title='bbox 1919 2599 1936 2618; x_wconf 79' lang='lat' dir='ltr'>P</span> <span class='ocrx_word' id='word_1_1260' title='bbox 1947 2598 1970 2618; x_wconf 83' lang='lat' dir='ltr'>u</span> <span class='ocrx_word' id='word_1_1261' title='bbox 1982 2598 2033 2619; x_wconf 74' lang='lat' dir='ltr'>Lu</span> <span class='ocrx_word' id='word_1_1262' title='bbox 2046 2597 2076 2618; x_wconf 79' lang='grc' dir='ltr'><strong>Μ</strong></span> 
     </span>
     <span class='ocr_line' id='line_1_135' title="bbox 1116 2625 2078 2669; baseline 0.011 -19"><span class='ocrx_word' id='word_1_1263' title='bbox 1116 2630 1163 2659; x_wconf 82' lang='lat' dir='ltr'>Ju</span> <span class='ocrx_word' id='word_1_1264' title='bbox 1174 2631 1227 2651; x_wconf 79' lang='lat' dir='ltr'>RE</span> <span class='ocrx_word' id='word_1_1265' title='bbox 1257 2632 1279 2652; x_wconf 79' lang='lat' dir='ltr'>n</span> <span class='ocrx_word' id='word_1_1266' title='bbox 1290 2632 1339 2652; x_wconf 73' lang='lat' dir='ltr'>oc,</span> <span class='ocrx_word' id='word_1_1267' title='bbox 1352 2632 1372 2652; x_wconf 81' lang='lat' dir='ltr'>A</span> <span class='ocrx_word' id='word_1_1268' title='bbox 1385 2633 1405 2652; x_wconf 93' lang='lat' dir='ltr'>v</span> <span class='ocrx_word' id='word_1_1269' title='bbox 1418 2632 1437 2651; x_wconf 76' lang='grc' dir='ltr'>ε</span> <span class='ocrx_word' id='word_1_1270' title='bbox 1449 2633 1469 2652; x_wconf 63' lang='lat' dir='ltr'>a</span> <span class='ocrx_word' id='word_1_1271' title='bbox 1480 2634 1503 2653; x_wconf 82' lang='lat' dir='ltr'>U</span> <span class='ocrx_word' id='word_1_1272' title='bbox 1514 2634 1534 2653; x_wconf 81' lang='lat' dir='ltr'>N</span> <span class='ocrx_word' id='word_1_1273' title='bbox 1546 2635 1566 2654; x_wconf 90' lang='grc' dir='ltr'>τ</span> <span class='ocrx_word' id='word_1_1274' title='bbox 1589 2625 1659 2664; x_wconf 88' lang='lat' dir='ltr'>(hoc</span> <span class='ocrx_word' id='word_1_1275' title='bbox 1677 2627 1762 2657; x_wconf 86' lang='lat' dir='ltr'>enim</span> <span class='ocrx_word' id='word_1_1276' title='bbox 1786 2629 1801 2658; x_wconf 77' lang='lat' dir='ltr'>a</span> <span class='ocrx_word' id='word_1_1277' title='bbox 1815 2629 1981 2669; x_wconf 79' lang='lat' dir='ltr'>majoribus</span> <span class='ocrx_word' id='word_1_1278' title='bbox 1993 2640 2078 2660; x_wconf 86' lang='lat' dir='ltr'>acce-</span> 
     </span>
     <span class='ocr_line' id='line_1_136' title="bbox 1116 2664 2073 2707; baseline 0.011 -16"><span class='ocrx_word' id='word_1_1279' title='bbox 1116 2664 1276 2703; x_wconf 72' lang='lat' dir='ltr'>pimusjus</span> <span class='ocrx_word' id='word_1_1280' title='bbox 1289 2664 1421 2705; x_wconf 79' lang='lat' dir='ltr'>rogandi)</span> <span class='ocrx_word' id='word_1_1281' title='bbox 1444 2667 1739 2705; x_wconf 59' lang='lat' dir='ltr'>popurusQrss</span> <span class='ocrx_word' id='word_1_1282' title='bbox 1766 2679 1876 2707; x_wconf 74' lang='lat' dir='ltr'>JoRE</span> <span class='ocrx_word' id='word_1_1283' title='bbox 1902 2681 1970 2701; x_wconf 88' lang='lat' dir='ltr'>sci</span> <span class='ocrx_word' id='word_1_1284' title='bbox 1985 2682 2073 2702; x_wconf 63' lang='lat' dir='ltr'>vxir.</span> 
     </span>
     <span class='ocr_line' id='line_1_137' title="bbox 1117 2706 2077 2754; baseline 0.011 -21"><span class='ocrx_word' id='word_1_1285' title='bbox 1117 2706 1177 2744; x_wconf 84' lang='lat' dir='ltr'>Qi</span> <span class='ocrx_word' id='word_1_1286' title='bbox 1188 2706 1316 2744; x_wconf 82' lang='lat' dir='ltr'>populus</span> <span class='ocrx_word' id='word_1_1287' title='bbox 1330 2709 1341 2734; x_wconf 71' lang='grc' dir='ltr'><strong><em>ἓ</em></strong></span> <span class='ocrx_word' id='word_1_1288' title='bbox 1356 2706 1488 2746; x_wconf 80' lang='lat' dir='ltr'>isne,qiii</span> <span class='ocrx_word' id='word_1_1289' title='bbox 1497 2708 1636 2738; x_wconf 86' lang='lat' dir='ltr'>exclusus</span> <span class='ocrx_word' id='word_1_1290' title='bbox 1646 2709 1690 2740; x_wconf 86' lang='lat' dir='ltr'>est</span> <span class='ocrx_word' id='word_1_1291' title='bbox 1700 2714 1710 2739; x_wconf 90' lang='lat'>?</span> <span class='ocrx_word' id='word_1_1292' title='bbox 1719 2720 1780 2751; x_wconf 86' lang='lat' dir='ltr'>quo</span> <span class='ocrx_word' id='word_1_1293' title='bbox 1795 2712 1858 2753; x_wconf 86' lang='lat' dir='ltr'>jure</span> <span class='ocrx_word' id='word_1_1294' title='bbox 1871 2715 1928 2744; x_wconf 88' lang='lat' dir='ltr'>?an</span> <span class='ocrx_word' id='word_1_1295' title='bbox 1940 2713 2077 2754; x_wconf 84' lang='lat' dir='ltr'>eo,quod</span> 
     </span>
     <span class='ocr_line' id='line_1_138' title="bbox 1116 2746 2077 2795; baseline 0.012 -21"><span class='ocrx_word' id='word_1_1296' title='bbox 1116 2749 1159 2778; x_wconf 88' lang='lat' dir='ltr'>vi,</span> <span class='ocrx_word' id='word_1_1297' title='bbox 1174 2746 1206 2775; x_wconf 89' lang='lat'>&amp;</span> <span class='ocrx_word' id='word_1_1298' title='bbox 1216 2749 1307 2776; x_wconf 85' lang='lat' dir='ltr'>armis</span> <span class='ocrx_word' id='word_1_1299' title='bbox 1316 2757 1410 2777; x_wconf 88' lang='lat' dir='ltr'>omne</span> <span class='ocrx_word' id='word_1_1300' title='bbox 1422 2747 1569 2779; x_wconf 86' lang='lat' dir='ltr'>sublatum</span> <span class='ocrx_word' id='word_1_1301' title='bbox 1580 2750 1641 2781; x_wconf 83' lang='lat' dir='ltr'>cst?</span> <span class='ocrx_word' id='word_1_1302' title='bbox 1657 2754 1754 2793; x_wconf 88' lang='lat' dir='ltr'>Atque</span> <span class='ocrx_word' id='word_1_1303' title='bbox 1765 2763 1821 2795; x_wconf 88' lang='lat' dir='ltr'>ego</span> <span class='ocrx_word' id='word_1_1304' title='bbox 1830 2755 1889 2785; x_wconf 90' lang='lat' dir='ltr'>hoc</span> <span class='ocrx_word' id='word_1_1305' title='bbox 1902 2755 1971 2785; x_wconf 87' lang='lat' dir='ltr'>dico</span> <span class='ocrx_word' id='word_1_1306' title='bbox 1984 2756 2077 2795; x_wconf 78' lang='lat' dir='ltr'>defu-</span> 
     </span>
     <span class='ocr_line' id='line_1_139' title="bbox 1117 2788 2078 2837; baseline 0.012 -21"><span class='ocrx_word' id='word_1_1307' title='bbox 1117 2794 1185 2817; x_wconf 74' lang='lat' dir='ltr'>turn</span> <span class='ocrx_word' id='word_1_1308' title='bbox 1201 2808 1209 2821; x_wconf 93' lang='lat'><em>,</em></span> <span class='ocrx_word' id='word_1_1309' title='bbox 1229 2788 1309 2829; x_wconf 80' lang='lat' dir='ltr'>quod</span> <span class='ocrx_word' id='word_1_1310' title='bbox 1318 2788 1361 2819; x_wconf 87' lang='lat' dir='ltr'>est</span> <span class='ocrx_word' id='word_1_1311' title='bbox 1371 2791 1539 2823; x_wconf 86' lang='lat' dir='ltr'>amicorum</span> <span class='ocrx_word' id='word_1_1312' title='bbox 1549 2811 1558 2826; x_wconf 88' lang='lat'><em>‚</em></span> <span class='ocrx_word' id='word_1_1313' title='bbox 1578 2793 1647 2823; x_wconf 76' lang='lat' dir='ltr'>ante</span> <span class='ocrx_word' id='word_1_1314' title='bbox 1661 2793 1759 2824; x_wconf 88' lang='lat' dir='ltr'>dicere</span> <span class='ocrx_word' id='word_1_1315' title='bbox 1769 2805 1803 2826; x_wconf 79' lang='lat' dir='ltr'>ea</span> <span class='ocrx_word' id='word_1_1316' title='bbox 1813 2816 1822 2830; x_wconf 86' lang='lat'><em>‚</em></span> <span class='ocrx_word' id='word_1_1317' title='bbox 1837 2806 1902 2837; x_wconf 86' lang='lat' dir='ltr'>quae</span> <span class='ocrx_word' id='word_1_1318' title='bbox 1911 2799 1998 2827; x_wconf 86' lang='lat' dir='ltr'>vitari</span> <span class='ocrx_word' id='word_1_1319' title='bbox 2008 2797 2078 2837; x_wconf 88' lang='lat' dir='ltr'>pos-</span> 
     </span>
    </p>

    <p class='ocr_par' dir='ltr' id='par_1_17' title="bbox 1999 2840 2077 2873">
     <span class='ocr_line' id='line_1_140' title="bbox 1999 2840 2077 2873; baseline -0.013 -3"><span class='ocrx_word' id='word_1_1320' title='bbox 1999 2840 2077 2873; x_wconf 75' lang='lat' dir='ltr'>sunt:</span> 
     </span>
    </p>
   </div>
   <div class='ocr_carea' id='block_1_11' title="bbox 1004 2886 2072 2904">
    <p class='ocr_par' dir='ltr' id='par_1_18' title="bbox 1004 2886 2072 2904">
     <span class='ocr_line' id='line_1_141' title="bbox 1004 2886 2072 2904; baseline 0 475"><span class='ocrx_word' id='word_1_1321' title='bbox 1004 2886 2072 2904; x_wconf 95' lang='lat' dir='ltr'> </span> 
     </span>
    </p>
   </div>
   <div class='ocr_carea' id='block_1_12' title="bbox 1122 2911 2085 3238">
    <p class='ocr_par' dir='ltr' id='par_1_19' title="bbox 1122 2911 2079 3023">
     <span class='ocr_line' id='line_1_142' title="bbox 1122 2911 2063 2954; baseline 0.012 -17"><span class='ocrx_word' id='word_1_1322' title='bbox 1122 2921 1172 2947; x_wconf 89' lang='lat' dir='ltr'>que</span> <span class='ocrx_word' id='word_1_1323' title='bbox 1184 2911 1232 2939; x_wconf 86' lang='lat' dir='ltr'>sec.</span> <span class='ocrx_word' id='word_1_1324' title='bbox 1243 2922 1273 2938; x_wconf 80' lang='lat' dir='ltr'>ac</span> <span class='ocrx_word' id='word_1_1325' title='bbox 1284 2913 1442 2944; x_wconf 53' lang='lat' dir='ltr'>swiftoris,</span> <span class='ocrx_word' id='word_1_1326' title='bbox 1456 2922 1551 2946; x_wconf 82' lang='lat' dir='ltr'>non‚ut</span> <span class='ocrx_word' id='word_1_1327' title='bbox 1561 2924 1591 2941; x_wconf 78' lang='lat' dir='ltr'>au</span> <span class='ocrx_word' id='word_1_1328' title='bbox 1597 2922 1638 2942; x_wconf 86' lang='lat' dir='ltr'>tea</span> <span class='ocrx_word' id='word_1_1329' title='bbox 1647 2917 1915 2953; x_wconf 81' lang='lat' dir='ltr'>publicati,abrogamr</span> <span class='ocrx_word' id='word_1_1330' title='bbox 1922 2921 1958 2946; x_wconf 74' lang='lat' dir='ltr'>his</span> <span class='ocrx_word' id='word_1_1331' title='bbox 1965 2922 2063 2954; x_wconf 69' lang='lat' dir='ltr'>legibus.</span> 
     </span>
     <span class='ocr_line' id='line_1_143' title="bbox 1157 2948 2079 2987; baseline 0.012 -14"><span class='ocrx_word' id='word_1_1332' title='bbox 1157 2948 1269 2982; x_wconf 58' lang='lat' dir='ltr'>6.„Qa5</span> <span class='ocrx_word' id='word_1_1333' title='bbox 1279 2950 1397 2982; x_wconf 79' lang='lat' dir='ltr'>religiones</span> <span class='ocrx_word' id='word_1_1334' title='bbox 1409 2954 1420 2976; x_wconf 82' lang='lat'><em>?</em></span> <span class='ocrx_word' id='word_1_1335' title='bbox 1437 2952 1488 2975; x_wconf 75' lang='lat' dir='ltr'>Eas</span> <span class='ocrx_word' id='word_1_1336' title='bbox 1500 2968 1507 2980; x_wconf 97' lang='lat'><strong>‚</strong></span> <span class='ocrx_word' id='word_1_1337' title='bbox 1517 2951 1585 2985; x_wconf 47' lang='grc' dir='ltr'>ὠὴ]</span> <span class='ocrx_word' id='word_1_1338' title='bbox 1606 2952 1650 2978; x_wconf 80' lang='lat' dir='ltr'>Sic</span> <span class='ocrx_word' id='word_1_1339' title='bbox 1660 2953 1727 2980; x_wconf 76' lang='lat' dir='ltr'>Pali.</span> <span class='ocrx_word' id='word_1_1340' title='bbox 1738 2955 1818 2981; x_wconf 81' lang='lat' dir='ltr'>nostri</span> <span class='ocrx_word' id='word_1_1341' title='bbox 1831 2974 1838 2987; x_wconf 87' lang='lat'>‚</span> <span class='ocrx_word' id='word_1_1342' title='bbox 1849 2957 1877 2981; x_wconf 74' lang='grc' dir='ltr'>δε</span> <span class='ocrx_word' id='word_1_1343' title='bbox 1889 2957 2003 2983; x_wconf 79' lang='lat' dir='ltr'>Mauric.</span> <span class='ocrx_word' id='word_1_1344' title='bbox 2014 2957 2079 2984; x_wconf 85' lang='lat' dir='ltr'>item</span> 
     </span>
     <span class='ocr_line' id='line_1_144' title="bbox 1124 2983 1902 3023; baseline 0.012 -14"><span class='ocrx_word' id='word_1_1345' title='bbox 1124 2984 1154 3009; x_wconf 89' lang='lat' dir='ltr'>P.</span> <span class='ocrx_word' id='word_1_1346' title='bbox 1166 2983 1218 3010; x_wconf 78' lang='lat' dir='ltr'>fine</span> <span class='ocrx_word' id='word_1_1347' title='bbox 1229 2994 1237 3008; x_wconf 66' lang='lat' dir='ltr'>x</span> <span class='ocrx_word' id='word_1_1348' title='bbox 1247 2983 1311 3010; x_wconf 82' lang='lat' dir='ltr'>erbo</span> <span class='ocrx_word' id='word_1_1349' title='bbox 1320 2989 1439 3016; x_wconf 68' lang='lat' dir='ltr'>nominat,</span> <span class='ocrx_word' id='word_1_1350' title='bbox 1449 2985 1519 3021; x_wconf 89' lang='lat' dir='ltr'>quod</span> <span class='ocrx_word' id='word_1_1351' title='bbox 1527 2987 1588 3020; x_wconf 84' lang='lat' dir='ltr'>jure</span> <span class='ocrx_word' id='word_1_1352' title='bbox 1601 2988 1660 3015; x_wconf 89' lang='lat' dir='ltr'>tolli</span> <span class='ocrx_word' id='word_1_1353' title='bbox 1668 2989 1742 3023; x_wconf 80' lang='lat' dir='ltr'>jussit</span> <span class='ocrx_word' id='word_1_1354' title='bbox 1754 2992 1902 3018; x_wconf 78' lang='lat' dir='ltr'>Ferrarius.</span> 
     </span>
    </p>

    <p class='ocr_par' dir='ltr' id='par_1_20' title="bbox 1124 3021 2085 3238">
     <span class='ocr_line' id='line_1_145' title="bbox 1160 3021 2082 3062; baseline 0.01 -19"><span class='ocrx_word' id='word_1_1355' title='bbox 1160 3027 1175 3052; x_wconf 93' lang='lat'>7</span> <span class='ocrx_word' id='word_1_1356' title='bbox 1182 3039 1187 3044; x_wconf 89' lang='lat'>.</span> <span class='ocrx_word' id='word_1_1357' title='bbox 1207 3021 1274 3052; x_wconf 67' lang='lat' dir='ltr'>Qod</span> <span class='ocrx_word' id='word_1_1358' title='bbox 1283 3023 1327 3060; x_wconf 61' lang='lat' dir='ltr'>crs!</span> <span class='ocrx_word' id='word_1_1359' title='bbox 1336 3023 1374 3045; x_wconf 78' lang='lat' dir='ltr'>ita</span> <span class='ocrx_word' id='word_1_1360' title='bbox 1380 3023 1476 3054; x_wconf 78' lang='lat' dir='ltr'>gestum,</span> <span class='ocrx_word' id='word_1_1361' title='bbox 1486 3022 1513 3046; x_wconf 83' lang='lat' dir='ltr'>id</span> <span class='ocrx_word' id='word_1_1362' title='bbox 1519 3024 1557 3048; x_wconf 77' lang='lat' dir='ltr'>lex</span> <span class='ocrx_word' id='word_1_1363' title='bbox 1568 3027 1612 3048; x_wconf 79' lang='lat' dir='ltr'>erit</span> <span class='ocrx_word' id='word_1_1364' title='bbox 1620 3035 1630 3055; x_wconf 76' lang='lat'>,-</span> <span class='ocrx_word' id='word_1_1365' title='bbox 1649 3026 1679 3056; x_wconf 74' lang='lat'><em>&amp;</em></span> <span class='ocrx_word' id='word_1_1366' title='bbox 1688 3028 1712 3051; x_wconf 78' lang='lat' dir='ltr'>in</span> <span class='ocrx_word' id='word_1_1367' title='bbox 1721 3035 1750 3052; x_wconf 57' lang='grc' dir='ltr'>«ς</span> <span class='ocrx_word' id='word_1_1368' title='bbox 1760 3028 1833 3053; x_wconf 71' lang='lat' dir='ltr'>incidi</span> <span class='ocrx_word' id='word_1_1369' title='bbox 1841 3025 1978 3062; x_wconf 60' lang='lat' dir='ltr'>videbilis]</span> <span class='ocrx_word' id='word_1_1370' title='bbox 1999 3029 2082 3055; x_wconf 78' lang='lat' dir='ltr'>Secu-</span> 
     </span>
     <span class='ocr_line' id='line_1_146' title="bbox 1125 3054 2083 3098; baseline 0.011 -18"><span class='ocrx_word' id='word_1_1371' title='bbox 1125 3061 1166 3081; x_wconf 83' lang='lat' dir='ltr'>tus</span> <span class='ocrx_word' id='word_1_1372' title='bbox 1179 3054 1233 3096; x_wconf 65' lang='lat' dir='ltr'>suni</span> <span class='ocrx_word' id='word_1_1373' title='bbox 1245 3055 1435 3096; x_wconf 67' lang='lat' dir='ltr'>Gulielmium,</span> <span class='ocrx_word' id='word_1_1374' title='bbox 1446 3057 1491 3092; x_wconf 86' lang='lat' dir='ltr'>qui</span> <span class='ocrx_word' id='word_1_1375' title='bbox 1504 3058 1571 3084; x_wconf 86' lang='lat' dir='ltr'>istud</span> <span class='ocrx_word' id='word_1_1376' title='bbox 1583 3069 1715 3096; x_wconf 84' lang='lat' dir='ltr'>repererat</span> <span class='ocrx_word' id='word_1_1377' title='bbox 1726 3062 1751 3088; x_wconf 89' lang='lat' dir='ltr'>in</span> <span class='ocrx_word' id='word_1_1378' title='bbox 1766 3062 1917 3098; x_wconf 81' lang='lat' dir='ltr'>fragmento</span> <span class='ocrx_word' id='word_1_1379' title='bbox 1928 3064 2083 3091; x_wconf 79' lang='lat' dir='ltr'>Coloniensi</span> 
     </span>
     <span class='ocr_line' id='line_1_147' title="bbox 1124 3091 2082 3135; baseline 0.01 -18"><span class='ocrx_word' id='word_1_1380' title='bbox 1124 3099 1203 3126; x_wconf 81' lang='lat' dir='ltr'>atque</span> <span class='ocrx_word' id='word_1_1381' title='bbox 1216 3091 1284 3117; x_wconf 81' lang='lat' dir='ltr'>libro</span> <span class='ocrx_word' id='word_1_1382' title='bbox 1294 3093 1321 3118; x_wconf 89' lang='lat' dir='ltr'>S.</span> <span class='ocrx_word' id='word_1_1383' title='bbox 1332 3092 1448 3119; x_wconf 64' lang='lat' dir='ltr'>Vit‘tons</span> <span class='ocrx_word' id='word_1_1384' title='bbox 1460 3103 1466 3120; x_wconf 88' lang='lat'>:</span> <span class='ocrx_word' id='word_1_1385' title='bbox 1489 3102 1574 3130; x_wconf 89' lang='lat' dir='ltr'>neque</span> <span class='ocrx_word' id='word_1_1386' title='bbox 1583 3095 1661 3123; x_wconf 79' lang='lat' dir='ltr'>:iliter</span> <span class='ocrx_word' id='word_1_1387' title='bbox 1672 3097 1728 3124; x_wconf 83' lang='lat' dir='ltr'>Pal.</span> <span class='ocrx_word' id='word_1_1388' title='bbox 1743 3097 1792 3124; x_wconf 80' lang='lat' dir='ltr'>see.</span> <span class='ocrx_word' id='word_1_1389' title='bbox 1805 3099 1885 3134; x_wconf 84' lang='lat' dir='ltr'>vulgo</span> <span class='ocrx_word' id='word_1_1390' title='bbox 1895 3107 1952 3126; x_wconf 84' lang='lat' dir='ltr'>crat</span> <span class='ocrx_word' id='word_1_1391' title='bbox 1965 3119 1972 3132; x_wconf 87' lang='lat'>,</span> <span class='ocrx_word' id='word_1_1392' title='bbox 1984 3102 2082 3135; x_wconf 77' lang='lat' dir='ltr'>jubebi-</span> 
     </span>
     <span class='ocr_line' id='line_1_148' title="bbox 1126 3127 2085 3172; baseline 0.011 -20"><span class='ocrx_word' id='word_1_1393' title='bbox 1126 3128 1166 3153; x_wconf 71' lang='lat' dir='ltr'>tis.</span> <span class='ocrx_word' id='word_1_1394' title='bbox 1185 3128 1272 3154; x_wconf 85' lang='lat' dir='ltr'>minus</span> <span class='ocrx_word' id='word_1_1395' title='bbox 1284 3127 1368 3154; x_wconf 61' lang='lat' dir='ltr'>reete.</span> <span class='ocrx_word' id='word_1_1396' title='bbox 1380 3138 1431 3155; x_wconf 65' lang='lat' dir='ltr'>iton</span> <span class='ocrx_word' id='word_1_1397' title='bbox 1443 3129 1513 3156; x_wconf 87' lang='lat' dir='ltr'>enim</span> <span class='ocrx_word' id='word_1_1398' title='bbox 1524 3133 1634 3159; x_wconf 71' lang='lat' dir='ltr'>senatus</span> <span class='ocrx_word' id='word_1_1399' title='bbox 1645 3132 1794 3168; x_wconf 79' lang='lat' dir='ltr'>idjuss&#39;ui·us</span> <span class='ocrx_word' id='word_1_1400' title='bbox 1805 3144 1881 3166; x_wconf 71' lang='lat' dir='ltr'>erat5</span> <span class='ocrx_word' id='word_1_1401' title='bbox 1898 3145 1982 3172; x_wconf 86' lang='lat' dir='ltr'>neque</span> <span class='ocrx_word' id='word_1_1402' title='bbox 1993 3136 2085 3170; x_wconf 70' lang='lat' dir='ltr'>exspe-</span> 
     </span>
     <span class='ocr_line' id='line_1_149' title="bbox 1125 3163 2084 3209; baseline 0.016 -21"><span class='ocrx_word' id='word_1_1403' title='bbox 1125 3163 1244 3190; x_wconf 65' lang='lat' dir='ltr'>ctaturus</span> <span class='ocrx_word' id='word_1_1404' title='bbox 1258 3164 1496 3199; x_wconf 80' lang='lat' dir='ltr'>Antoniusjussum</span> <span class='ocrx_word' id='word_1_1405' title='bbox 1509 3166 1628 3194; x_wconf 77' lang='lat' dir='ltr'>Senatus.</span> <span class='ocrx_word' id='word_1_1406' title='bbox 1649 3169 1721 3205; x_wconf 88' lang='lat' dir='ltr'>quod</span> <span class='ocrx_word' id='word_1_1407' title='bbox 1732 3170 1816 3208; x_wconf 74' lang='lat' dir='ltr'>ipsum</span> <span class='ocrx_word' id='word_1_1408' title='bbox 1835 3174 1946 3200; x_wconf 84' lang='lat' dir='ltr'>omnino</span> <span class='ocrx_word' id='word_1_1409' title='bbox 1955 3172 2084 3209; x_wconf 66' lang='lat' dir='ltr'>produnt»</span> 
     </span>
     <span class='ocr_line' id='line_1_150' title="bbox 1125 3199 1528 3238; baseline 0.007 -11"><span class='ocrx_word' id='word_1_1410' title='bbox 1125 3200 1151 3228; x_wconf 76' lang='grc' dir='ltr'>δι</span> <span class='ocrx_word' id='word_1_1411' title='bbox 1163 3199 1339 3236; x_wconf 65' lang='lat' dir='ltr'>pra-cedentia</span> <span class='ocrx_word' id='word_1_1412' title='bbox 1347 3201 1374 3229; x_wconf 62' lang='grc' dir='ltr'>ὃς</span> <span class='ocrx_word' id='word_1_1413' title='bbox 1384 3201 1528 3238; x_wconf 75' lang='lat' dir='ltr'>sequeutia.</span> 
     </span>
    </p>
   </div>
   <div class='ocr_carea' id='block_1_13' title="bbox 1537 3239 2086 3273">
    <p class='ocr_par' dir='ltr' id='par_1_21' title="bbox 1537 3239 2086 3273">
     <span class='ocr_line' id='line_1_151' title="bbox 1537 3239 2086 3273; baseline -0.007 -4"><span class='ocrx_word' id='word_1_1414' title='bbox 1537 3239 1646 3269; x_wconf 69' lang='lat' dir='ltr'>Dddd</span> <span class='ocrx_word' id='word_1_1415' title='bbox 2002 3245 2086 3273; x_wconf 81' lang='lat' dir='ltr'>i.D:..</span> 
     </span>
    </p>
   </div>
  </div>
 </body>
</html>
