2295 3400
156 128 254 191 316
589 123 1093 173 M.Ttr1.1,11

179 206 280 237 iridem
291 204 343 236 fibi
354 205 597 236 nondcfucrum.
619 213 688 234 nam
702 202 832 234 simulac
839 201 1038 243 pronuntiasti
1049 222 1058 235 ,
1074 202 1111 231 li·
1126 218 1128 229 >

157 217 252 278 genter
260 256 287 278 te
299 249 486 277 Mamertinis
504 246 649 287 quiddam
666 248 832 276 remittere:
856 255 884 276 te
903 245 1041 275 adierunt
1051 264 1060 278 ,
1079 243 1111 274 &

158 289 285 320 eandem
298 289 378 318 sumn
389 288 503 318 causam
521 287 642 318 foederis
656 285 714 317 ess'e
725 287 901 317 docuerunt.
928 295 958 316 tu
968 286 1051 316 aliter
1060 284 1112 315 de-

159 341 278 362 cernere
289 334 321 360 in
331 330 434 360 eadem
443 330 525 359 causa
536 340 598 359 non
611 327 745 368 potuisti.
775 329 954 359 Pronuntias
964 348 972 361 ‚
995 327 1114 356 Netinos

160 374 348 403 frumentum
360 371 426 401 ‹im›
437 381 499 401 non
508 380 645 411 oportere
657 382 662 400 ;
674 371 707 400 &
717 370 754 400 ab
765 371 812 400 his
823 379 925 400 tamen
935 371 1038 410 exigis.
1057 371 1113 400 Ce-

158 413 201 445 do
223 415 300 443 mihi
317 413 451 450 ejusdem
467 415 598 452 praetoris
615 412 727 442 litteras
741 412 773 442 &
790 421 891 441 rerum
909 411 1092 441 decretarum
1104 430 1112 444 ,

162 460 173 475 ¹
186 454 373 486 &frumenti
383 456 520 495 imperati
530 474 538 488 ,
550 455 582 484 &
599 455 689 484 tritici
700 455 784 484 emti.
802 455 968 483 erri-:RAE
983 462 1117 482 enim-o-

162 507 219 527 ms
243 505 364 526 RERUM
382 505 617 526 DECRETARUM
630 516 639 529 ,
665 505 846 526 naumann
863 504 1052 526 lMPERAT1‚
1077 504 1117 524 Er

162 547 346 569 Pitumnum
361 547 461 567 ami-1.
487 537 567 579 Qid
585 539 685 576 potius
700 539 733 567 in
743 538 798 567 hac
810 546 887 567 tanta
898 556 905 570 ,
925 546 957 567 ac
967 545 1028 566 tam
1038 537 1115 575 turpi

163 579 363 610 inconstantia
374 579 508 619 suspicari
523 578 680 619 poss'umus
691 600 699 613 ,
711 580 719 618 j
724 578 823 609 udices
834 599 842 612 ,
863 578 954 619 quam
965 578 995 607 id
1006 597 1015 611 ,
1035 576 1117 617 quod

162 619 278 652 necess‘e
288 620 331 651 est
340 641 348 654 ,
361 630 411 651 aut
421 620 468 651 isti
478 621 494 651 a
503 623 626 651 Netinis
636 622 805 661 pecuniam,
817 630 887 650 cum
897 620 1039 659 posceret,
1053 628 1117 648 non

161 663 261 693 datam
273 674 277 692 :
293 671 342 692 aut
352 662 383 692 id
393 660 450 692 esse
460 662 561 692 astum
571 682 579 696 ,
590 672 623 692 ut
632 662 835 704 intelligerent
843 662 1029 694 Mamertini,
1041 660 1117 689 bene

162 705 192 735 se
201 704 278 745 apud
288 703 380 734 istum
391 713 452 734 tam
465 705 561 734 multa
568 706 660 744 pretia
669 725 677 737 ‚
699 713 730 734 ac
742 713 866 733 munera
877 701 1025 738 collocaffi‘,
1044 700 1115 731 curn

160 746 246 776 idem
257 746 307 776 alii
318 746 390 783 juris
400 756 439 775 ex
449 746 553 776 eadem
567 746 649 776 causa
665 756 730 775 non
747 745 939 775 obtinerent?
962 745 1022 773 Hic
1041 743 1118 772 mibi

160 789 253 818 etiam
263 787 383 818 audebit
394 789 585 818 mentionem
604 787 697 818 facere
707 788 896 816 Mamertina:
917 785 1097 815 laudationis
1108 786 1118 812 ?

163 831 195 859 in
209 829 365 870 quaquam
376 829 471 859 multa
481 827 538 859 fint
546 830 669 859 vulnera
678 849 687 863 ‚
699 830 765 869 quis
775 827 817 858 est
828 825 959 858 vestrum
971 847 979 859 ‚
990 826 1117 864 judices,

161 873 237 911 quin
249 870 414 911 intelligat?
430 874 444 890 ²
453 870 591 901 Primum
603 891 610 903 ‚
630 870 794 910 injudiciis
803 889 811 903 ,
836 872 889 909 qui
901 868 1005 898 decem
1019 866 1118 897 lauda-

163 921 240 942 tores
250 912 317 942 dare
331 922 395 942 non
411 911 507 952 potest
517 932 525 946 ,
547 912 701 943 honestius
712 911 753 942 est
763 913 789 940 ei
801 913 907 940 nullum
918 909 983 938 dart
993 929 1000 942 ‚
1024 908 1115 950 quam

161 954 252 984 illum
272 952 349 994 quasi
368 954 540 994 legitimum
556 964 719 984 numerum
738 952 964 983 consuetudinis
981 960 1045 980 non
1064 960 1118 979 ex-

160 996 253 1036 plere.
276 1005 321 1025 tot
330 998 362 1026 in
371 996 471 1026 Sicilia
480 997 613 1026 civitates
624 996 691 1025 sunt
702 1016 710 1029 ‚
728 995 838 1035 quibus
850 1002 881 1023 tu
890 1004 942 1033 per
952 994 1118 1023 triennium

156 1036 321 1078 praefuisti:
340 1045 466 1079 arguunt
475 1045 578 1067 cetera:
591 1048 596 1066 z
617 1047 716 1077 paucae
728 1056 735 1069 ,
750 1036 782 1065 δε
791 1045 899 1076 parvae,
913 1044 997 1064 metu
1008 1032 1117 1073 repres-

159 1079 199 1110 sa':
211 1099 219 1112 ‚
232 1077 317 1109 silent
329 1090 334 1108 ;
357 1088 416 1108 una
426 1075 530 1108 laudat.
556 1081 626 1108 Hoc
635 1077 707 1119 quid
717 1076 759 1108 est
769 1098 777 1110 ,
790 1075 844 1107 nisi
855 1077 1032 1116 intelligere,
1046 1073 1118 1115 quid

161 1120 267 1151 habeat
284 1121 419 1151 utilitatis
434 1130 501 1148 vera
518 1120 663 1154 laudiitio3
688 1123 700 1147 3
712 1118 759 1149 sed
779 1128 878 1149 tamen
898 1120 938 1148 ita
956 1118 1119 1157 provinciae

161 1160 309 1202 praefuiss'e
319 1182 328 1195 ,
347 1171 380 1191 ut
391 1162 443 1191 hac
453 1162 580 1192 utilitate
597 1159 760 1192 neceffario
772 1160 804 1190 sit
814 1154 998 1191 carendurri?
1019 1160 1117 1188 Dein-

162 1203 200 1234 de
211 1224 219 1238 ‚
232 1203 261 1233 id
273 1203 355 1243 quod
367 1204 426 1233 alio
438 1204 506 1233 loco
518 1203 585 1234 ante
602 1203 679 1236 dixi,
698 1213 763 1243 quae
773 1201 815 1232 est
826 1201 876 1232 ista
887 1201 1005 1231 tandem
1019 1199 1116 1230 lauda-

161 1247 218 1278 tio,
230 1246 275 1277 cui
281 1255 314 1274 us
325 1245 504 1274 laudationis
516 1246 601 1286 legati
611 1246 759 1285 principes
771 1245 802 1273 &
812 1242 930 1283 publice
943 1242 998 1272 tibi
1010 1251 1119 1271 navem

162 1286 337 1317 :edificatam
349 1307 356 1320 ,
374 1287 405 1316 &
416 1289 555 1326 privatim
566 1287 593 1318 se
604 1287 741 1326 ipsosnbs
752 1295 779 1315 te
790 1285 929 1325 spoliatos
939 1304 946 1317 ,
959 1283 1119 1323 expilatos-

161 1339 220 1369 que
230 1328 287 1358 esse
295 1328 437 1358 dixerunt
447 1332 458 1358 ἕ
479 1327 634 1359 Posti-emo
648 1328 723 1368 quid
741 1327 821 1358 aliud
836 1326 882 1356 isti
892 1324 1024 1359 faciunt,
1045 1323 1116 1355 curn

160 1379 191 1400 tc
201 1370 256 1400 soli
267 1380 305 1400 ex
314 1371 415 1400 Sicilia
423 1369 544 1401 laudant
553 1390 561 1404 ,
573 1368 629 1400 nisi
641 1369 817 1400 testimonio
827 1368 915 1399 nobis
925 1368 992 1398 sunt
1002 1387 1009 1399 ,
1020 1375 1048 1397 te
1058 1377 1119 1395 om-

160 1410 327 1452 niizfibieffb
336 1411 495 1452 largitum,
514 1422 579 1452 quae
596 1420 627 1442 tu
639 1411 675 1441 de
695 1410 799 1451 repub.
819 1408 919 1440 nostra
935 1409 1119 1439 detraxeris?

162 1455 238 1494 Qae
249 1454 369 1484 colonia
378 1452 420 1484 est
429 1455 461 1483 in
470 1454 553 1484 Italia
562 1463 622 1483 tam
632 1453 717 1483 bono
726 1454 805 1493 jure,
814 1451 895 1492 quod
906 1459 966 1481 tam
978 1452 1120 1480 immune

162 1496 369 1535 municipium
380 1515 388 1529 ,
411 1495 493 1536 quod
512 1505 564 1535 per
579 1494 666 1525 hosce
677 1504 773 1525 annos
783 1502 844 1524 tam
854 1491 1019 1523 commoda
1032 1501 1116 1522 vaca·

163 1538 247 1567 tione
258 1535 291 1566 sit
301 1537 387 1567 usum
397 1539 541 1567 omnium
551 1536 756 1577 rerum,quam
766 1536 945 1566 Mamertina
952 1535 1054 1564 civitas
1064 1543 1115 1574 per

162 1579 330 1608 triennium
343 1581 353 1607 ?
367 1579 439 1613 soli,
462 1589 500 1609 ex
517 1577 629 1609 foedere
642 1577 724 1618 quod
742 1577 910 1608 debuerunt
918 1596 926 1609 ‚
946 1585 1010 1606 non
1028 1574 1117 1604 dede-

163 1629 251 1651 runt:
270 1620 345 1654 soli,
364 1619 422 1650 isto
438 1629 563 1660 praetore
572 1640 582 1654 ‚
602 1621 744 1650 omnium
763 1629 863 1650 rerum
881 1620 1035 1648 immunes
1051 1615 1117 1646 fue-

165 1671 235 1692 runt
246 1673 251 1691 :
264 1662 320 1694 soli
330 1664 362 1692 in
372 1661 456 1692 istius
467 1664 596 1702 imperio
607 1666 624 1688 4
632 1672 665 1692 ea
673 1661 850 1692 conditione
860 1661 928 1690 vitae
938 1658 1072 1691 fuerunt,
1085 1666 1118 1688 ut

100 1715 143 1748 23
164 1704 277 1744 populo
288 1706 383 1734 Rom.
394 1703 599 1738 nihildarent,
611 1705 697 1733 Verri
707 1702 958 1743 nihildenegarent.
982 1700 1096 1731 Verum
1107 1719 1115 1733 ,

166 1756 198 1776 ut
208 1745 243 1776 ad
254 1744 371 1776 classem
383 1766 391 1779 ‚
411 1756 473 1786 quo
483 1755 521 1775 ex
533 1746 600 1776 loco
611 1746 676 1776 sum
687 1743 829 1786 digreffiis
839 1765 848 1778 ,
868 1752 1011 1774 revertar:
1035 1752 1117 1772 accc-

186 1787 232 1817 isti
251 1787 267 1817 a
282 1789 471 1817 Mamertinis
485 1797 591 1817 navem
607 1796 710 1817 contra
724 1788 839 1827 legem:
859 1784 995 1815 remisisti
1015 1793 1116 1814 contra

178 1829 282 1860 oedera.
307 1831 348 1860 ita
358 1831 390 1859 in
402 1839 460 1860 una
469 1831 587 1859 civitate
598 1828 643 1858 bis
654 1829 810 1868 improbus
820 1826 902 1858 fuisti
917 1838 921 1855 :
945 1824 1017 1857 cum
1029 1826 1061 1855 &
1073 1835 1118 1855 re-

161 1869 269 1903 misisti
281 1891 288 1904 ‚
300 1870 382 1911 quod
391 1881 455 1901 non
466 1871 621 1910 oportebat
633 1881 638 1899 :
657 1871 690 1900 ὅτ.
703 1868 856 1909 accepisti,
876 1867 958 1909 quod
971 1877 1034 1897 non
1045 1867 1117 1896 lice-

164 1912 223 1942 bat.
240 1915 366 1953 Exigere
378 1922 406 1942 te
417 1914 550 1952 oportuit
561 1921 749 1952 navem,quae
758 1919 860 1941 contra
868 1909 1022 1950 praedones
1033 1920 1041 1943 ·‚
1052 1918 1116 1938 non

161 1964 228 1995 qua:
237 1964 306 1984 cum
320 1954 415 1994 praeda
432 1956 592 1995 navigaret:
614 1964 678 1994 quae
696 1952 870 1983 defenderet
879 1973 887 1985 ,
908 1961 945 1981 ne
963 1951 1118 1991 provincia

162 1996 355 2035 spoliaretur,
375 2006 439 2025 non
449 2006 513 2036 quae
525 2005 603 2025 nova
615 1996 778 2034 provincia:
791 1995 882 2034 spolia
891 2001 1027 2033 portaret.
1051 1993 1117 2022 Ma-

162 2039 288 2068 mertini
299 2037 354 2067 tibi
366 2037 398 2066 &
411 2037 516 2067 urbem
528 2057 536 2070 ,
548 2041 561 2064 5
571 2036 631 2078 qno
642 2036 656 2066 s
657 2046 718 2067 urta
727 2035 861 2076 undique
870 2043 1010 2075 portareS,
1022 2034 1054 2063 &
1064 2044 1117 2063 na-

161 2089 232 2109 vem
242 2099 249 2113 ,
264 2089 322 2120 qua
331 2087 515 2119 exportares,
530 2079 729 2120 praebuerunt.
751 2078 828 2107 illud
839 2077 893 2107 tibi
904 2075 1063 2116 oppidum,
1076 2085 1117 2104 re-

161 2121 338 2160 “praeatum
348 2121 436 2160 praedae
448 2120 524 2150 fuit:
547 2121 593 2150 illi
609 2121 752 2151 homines
763 2140 770 2153 ,
789 2118 874 2149 testes
886 2139 894 2152 ‚
920 2117 1114 2158 custodesque

156 2161 327 2194 furtorum:
343 2163 388 2191 illi
400 2163 455 2192 tibi
466 2162 498 2192 δε
509 2163 610 2192 locum
620 2161 707 2191 furtis
717 2182 725 2195 ‚
738 2161 930 2191 &furtorum
940 2160 1117 2189 vehiculum

160 2212 418 2244 comparaverunt.
442 2206 544 2244 Itaque
555 2214 593 2233 ne
605 2212 668 2233 tum
679 2202 803 2243 quidem
814 2222 822 2235 ,
838 2201 908 2231 cum
919 2200 1038 2231 classem
1049 2210 1116 2230 ava-

160 2247 229 2276 ritia
238 2265 246 2278 ,
257 2255 290 2275 ac
301 2247 433 2287 nequitia
443 2254 491 2275 tua
501 2244 674 2285 perdidisti,
695 2253 804 2274 navem
816 2244 1007 2273 Mamertinis
1020 2244 1117 2281 impe-

159 2284 233 2318 xaffe
243 2287 329 2316 ausus
339 2297 383 2316 es:
403 2297 464 2327 quo
478 2296 612 2327 tempore
623 2288 656 2315 in
670 2295 749 2316 tanta
760 2286 861 2324 inopia
869 2285 994 2314 navium
1006 2303 1013 2317 2
1025 2292 1117 2313 tanta-

158 2338 218 2370 que
228 2328 393 2358 calamitate
402 2331 565 2368 provinciae
577 2349 584 2362 ,
597 2329 690 2358 etiam
704 2327 724 2356 fi
734 2324 856 2368 precarii)
869 2324 963 2355 essent
973 2323 1117 2364 rogandi,

158 2378 263 2400 tamen
281 2369 317 2400 ab
332 2371 378 2399 his
388 2371 604 2410 impetraretur.
629 2368 809 2408 reprimebat
817 2369 900 2397 enim
913 2366 1009 2396 tibi&
1021 2367 1118 2405 impe-

159 2411 244 2443 randi
253 2412 318 2442 vim
329 2432 337 2445 ,
358 2412 391 2441 &
402 2411 526 2452 rogandi
535 2419 676 2441 conatum
691 2411 827 2450 praeclara
839 2409 888 2438 illa
900 2428 907 2441 ‚
931 2417 995 2437 non
1006 2407 1119 2450 populo

162 2455 306 2484 Romano
316 2452 430 2485 reddita
438 2454 574 2487 biremis,
586 2452 635 2484 sed
644 2454 764 2493 praetori
775 2451 884 2482 donata
893 2448 1000 2491 Cybe'a.
1020 2458 1053 2479 ea
1062 2450 1119 2479 tuit

1172 125 1698 173 Clennonrs

1156 211 1268 232 merces
1278 202 1408 243 imperii,
1419 202 1538 235 auxilii,
1545 201 1631 241 juris,
1643 199 1880 235 consuetudinis,
1890 199 2023 233 foederis.
2047 204 2124 235 112-—

1155 243 1233 274 betis
1243 246 1333 274 unius
1342 242 1606 275 civitatisfirmum
1617 243 1767 273 auxilium
1781 242 1921 274 amissum
1933 264 1942 278 ‚
1961 255 1994 275 ac
2004 245 2113 276 vendi-
2121 241 2132 265 J
2168 243 2178 274 '.

1157 294 1224 316 tum
1234 288 1338 325 pretio.
1360 285 1532 326 cognoscite
1550 294 1634 314 nunc
1652 294 1764 314 novam
1784 284 1933 324 praedandi
1948 288 2095 317 rationem
2105 305 2116 321 ‚

1159 327 1195 357 ab
1204 328 1263 358 hoc
1271 329 1407 367 primum
1418 329 1626 367 excogitatam.
1657 328 1798 356 Sitmtum
1816 336 1942 357 omnem
1954 329 1987 357 in
1997 326 2125 363 classem,

1159 368 1313 399 frumento
1325 390 1333 402 ‚
1353 368 1503 409 stipendio
1513 388 1521 401 ,
1539 367 1702 407 ceterisque
1721 367 1808 397 rebus
1820 369 1966 398 navarcho
1977 369 2029 399 suo
2038 379 2124 410 quae-.

1161 421 1220 451 que
1230 412 1334 440 civitas
1345 411 1460 449 semper
1472 409 1538 439 dare
1553 408 1674 439 solebat.
1698 410 1732 438 is>
1743 419 1839 449 neque
1854 418 1887 440 ut
1905 411 2084 440 accusaretur
2101 406 2121 440 ἃ.

1161 453 1253 481 naum
1263 472 1271 485 ,
1283 453 1474 482 committere
1485 449 1610 480 audebat
1620 469 1628 483 ,
1642 450 1675 480 &
1683 450 1801 480 civibus
1811 451 1829 480 s
1826 453 1869 480 uis
1880 452 2014 480 rationem
2024 451 2123 487 referre

1162 493 1296 523 debebat.
1313 495 1346 523 in
1357 493 1411 522 illo
1422 494 1510 522 omni
1522 493 1655 533 negotio,
1668 501 1730 521 non
1741 491 1835 522 modo
1847 492 1958 526 labore,
1971 493 2019 523 sed
2029 495 2121 524 etiam

1163 535 1295 575 periculo
1306 535 1359 564 suo
1368 534 1543 564 versabatur.
1568 535 1637 563 Erat
1646 534 1713 566 hoc,
1728 542 1761 562 ut
1772 533 1850 566 dico,
1865 533 2032 564 factitatum
2043 535 2123 565 sem-

1163 586 1224 616 per,
1238 586 1293 606 nec
1303 575 1403 606 solnm
1415 577 1448 605 in
1456 575 1565 608 Sicilia,
1578 574 1668 604 sedin
1680 575 1823 604 omnibus
1835 577 2018 614 provinciis3
2030 577 2124 607 etiarn

1164 620 1197 647 in
1207 618 1359 648 sociorum
1371 638 1379 650 ,
1392 617 1424 647 &
1434 618 1614 646 Latinorum
1625 615 1787 656 stipendio,
1803 626 1835 646 ac
1844 617 1944 646 sumtu
1954 628 1964 651 ς
1976 616 2042 647 tum
2050 627 2123 648 cum

1163 658 1287 689 illorum
1298 659 1420 689 auxiliis
1432 660 1476 688 uti
1486 658 1665 688 solebamus.
1684 660 1789 687 Verres
1798 657 1865 697 post
1875 660 2037 698 imperium
2046 668 2124 689 con·—

1165 699 1302 730 stitutum
1316 702 1431 740 primus
1442 701 1600 739 imperavit
1610 719 1617 732 ,
1631 708 1664 728 ut
1674 709 1706 729 ea
1716 701 1841 739 pecunia
1855 702 1957 730 omnis
1967 699 1984 730 a
1993 701 2124 731 civitati·-

1165 742 1220 771 bus
1227 740 1282 782 fibi
1292 742 1521 770 adnumerat-etur
1531 761 1538 774 ,
1553 749 1585 770 ut
1596 742 1619 769 is
1630 743 1788 779 pecuniam
1799 740 1931 770 tractaret
1940 761 1948 775 ,
1959 751 2049 782 quem
2061 742 2125 782 ipse

1164 781 1349 823 praet'eciffet.
1360 794 1407 813 cui
1418 782 1513 823 potest
1521 781 1579 812 ess'e
1589 782 1928 822 dubium,quamobrem
1938 784 1970 813 &
1980 785 2123 814 omniurn

1163 825 1417 855 consuetudinem
1428 833 1559 854 veterem
1571 825 1685 862 primus
1695 825 1864 853 immutaris
1876 844 1884 857 ,
1901 824 1933 854 &
1943 833 2052 855 tantam
2062 826 2125 854 uti·

1165 867 1281 896 litatem
1299 876 1350 906 per
1360 867 1436 895 alios
1450 864 1607 895 tractandae
1616 867 1750 904 pecuniae
1762 866 1927 906 neglexeris
1937 886 1945 899 ,
1967 866 2122 896 &tantam

1165 907 1362 947 difficultatem
1380 918 1444 936 cum
1462 907 1578 935 crimine
1586 926 1594 940 ,
1616 905 1767 942 molestiam
1784 917 1847 936 cum
1857 907 2008 946 fizspicione
2029 908 2130 940 suscez

1164 951 1262 989 peris?
1281 949 1401 979 Deinde
1411 948 1461 978 alii
1471 947 1598 989 quaestus
1608 947 1805 978 instituuntur
1814 969 1822 982 ,
1836 959 1873 978 ex
1883 959 1944 979 uno
1953 959 2060 991 genere
2070 959 2124 980 na-

1164 992 1243 1024 vali,
1263 990 1361 1021 videte
1371 990 1463 1031 quam
1472 990 1572 1019 multi.
1598 992 1728 1029 accipere
1745 990 1760 1020 a
1771 990 1943 1020 civitatibus
1961 993 2100 1031 pecunias
2110 1010 2121 1024 ,

1167 1043 1198 1062 ne
1207 1040 1309 1061 nautas
1318 1031 1433 1061 darent:
1449 1032 1537 1071 pretio
1552 1039 1622 1060 certo
1632 1031 1722 1068 m1ffin
1732 1033 1824 1070 facere
1839 1040 1960 1060 nautas:
1978 1032 2122 1069 mrſjbrum

1165 1084 1242 1103 omne
1245 1073 1414 1116 stipendium
1424 1073 1528 1102 lucrari
1536 1084 1547 1100 .·
1557 1073 1677 1114 reliquas,
1689 1073 1884 1114 qnoddeberet,
1897 1085 1947 1102 non
1956 1074 2031 1103 dare.
2049 1076 2126 1104 Haee

1165 1118 1272 1146 omnia
1288 1125 1326 1145 ex
1342 1117 1498 1145 civitatum
1515 1114 1698 1144 testimoniis
1716 1115 1895 1156 cognoscite.
1919 1118 2024 1145 Recita
2041 1114 2123 1145 testi-

1167 1159 1271 1188 monia
1288 1159 1454 1187 civitatum.
1477 1159 1698 1186 Tesrxmomn
1717 1166 1927 1187 civri-ATUM.
1960 1158 2123 1187 Hunccine

1165 1200 1326 1229 hominem
1338 1201 1347 1227 ?
1358 1199 1502 1228 hanccine
1512 1197 1732 1236 impudentiam
1742 1217 1749 1230 ,
1758 1198 1895 1237 judices?
1916 1199 2060 1228 hanccine
2070 1209 2122 1229 au-

1167 1241 1294 1271 daciam?
1302 1239 1471 1270 civitatibus
1480 1249 1534 1278 pro
1546 1249 1676 1268 numero
1687 1239 1822 1269 rnilitum
1833 1242 2026 1279 pecuniarum
2038 1240 2122 1270 sum-

1167 1292 1231 1312 mas
1241 1281 1403 1312 describere
1415 1283 1426 1310 ?
1446 1278 1462 1300 ⁶
1470 1290 1585 1310 certum
1596 1282 1725 1320 pretium
1736 1301 1744 1314 ‚
1756 1281 1951 1311 sexcentenos
1962 1291 2120 1317 nummos,

1167 1333 1324 1354 nautarum
1345 1321 1478 1352 missioni
1493 1321 1672 1352 constituere
1684 1329 1694 1353 ὲ
1711 1332 1786 1362 quos
1806 1324 1858 1363 qui
1877 1323 2009 1357 dederat,
2033 1333 2122 1353 corn-

1167 1374 1301 1396 mcatum
1314 1367 1404 1395 totius
1414 1363 1519 1394 aestatis
1529 1363 1700 1393 abstulerat:
1711 1364 1764 1394 iste
1776 1385 1784 1398 ,
1797 1369 1811 1392 7
1821 1364 1902 1405 quod
1915 1365 1947 1394 Sc
1957 1374 2052 1395 nauta:
2061 1375 2122 1395 no-

1167 1409 1252 1437 mine
1261 1427 1268 1440 ,
1281 1417 1335 1447 pro
1346 1405 1494 1446 stipendio
1507 1425 1516 1438 ,
1534 1404 1749 1446 frumentoque
1759 1415 1905 1445 acceperat
1915 1426 1924 1440 ,
1944 1406 2119 1436 lucrabatur.

1164 1451 1261 1489 itaque
1271 1446 1385 1490 questus
1394 1447 1495 1489 duplex
1507 1448 1596 1477 unius
1606 1445 1744 1477 miffione
1754 1446 1853 1477 fiebat.
1876 1451 1974 1488 Atque
1991 1449 2053 1478 haec
2062 1449 2121 1478 ho-

1167 1500 1220 1521 mo
1230 1488 1449 1520 amentissimus
1459 1490 1492 1518 in
1503 1497 1584 1518 tanto
1595 1488 1770 1528 praedonum
1782 1491 1897 1529 impetu
1906 1509 1913 1523 ‚
1927 1498 2066 1531 tantoque
2073 1498 2122 1530 pe-

1163 1531 1249 1561 riculo
1259 1531 1406 1572 provincia
1415 1551 1423 1564 ,
1439 1529 1476 1560 sic
1485 1531 1582 1570 palam
1595 1530 1733 1564 faciebat,
1753 1540 1783 1561 ut
1795 1531 1828 1560 δε
1837 1529 1889 1570 ipsi
1898 1531 2052 1571 praedones
2064 1532 2121 1562 sci-

1164 1582 1239 1606 rent,
1255 1574 1287 1603 &
1297 1582 1357 1603 tota
1370 1574 1522 1612 provincia
1536 1571 1616 1602 testis
1626 1570 1706 1601 ess'et.
1730 1571 1809 1602 Cum
1821 1582 1939 1612 propter
1949 1572 2032 1603 istius
2043 1574 2120 1604 hanc

1164 1624 1275 1646 tantam
1285 1616 1449 1648 avaritiam,
1462 1615 1590 1644 nomine
1600 1612 1691 1644 claffis
1702 1612 1773 1644 ess'et
1786 1616 1819 1643 in
1830 1615 1939 1648 Sicilia,
1952 1625 1984 1644 re
1992 1614 2119 1655 quidem

1163 1667 1232 1687 vera
1243 1666 1332 1687 naves
1341 1658 1459 1689 inanes,
1480 1666 1546 1696 quae
1556 1655 1684 1696 praedam
1695 1657 1813 1696 praetori
1822 1676 1830 1689 ‚
1853 1666 1916 1685 non
1926 1666 1991 1697 quae
2003 1656 2120 1696 praedo-

1163 1699 1253 1729 nibus
1263 1707 1380 1728 metum
1391 1696 1545 1728 afferrent:
1564 1707 1674 1732 tamen,
1686 1697 1758 1727 cum
1770 1700 1800 1728 P.
1812 1698 1963 1731 Caesetius,
1976 1698 2007 1727 &
2018 1701 2048 1728 P.
2059 1701 2120 1729 Ta-

1163 1741 1232 1771 dius
1257 1740 1362 1770 decem
1383 1740 1510 1770 navibus
1527 1741 1572 1769 his
1592 1740 1764 1779 semiplenis
1782 1741 1954 1780 navigarent
1970 1760 1979 1773 ,
2007 1741 2120 1771 navem

1162 1782 1312 1823 quandam
1323 1784 1481 1822 piratarum
1493 1782 1588 1822 praeda
1598 1781 1736 1811 refertam
1746 1801 1755 1815 ,
1771 1791 1832 1810 non
1843 1788 1969 1822 ceperunt
1978 1801 1986 1814 ‚
2010 1781 2058 1812 sed
2066 1780 2121 1811 ab-

1162 1826 1305 1853 daxerunt
1315 1844 1323 1857 ,
1344 1833 1434 1853 onere
1445 1824 1499 1853 suo
1507 1823 1595 1863 plane
1606 1832 1719 1863 captam
1729 1842 1737 1855 ,
1760 1832 1847 1863 atque
1861 1821 2034 1862 depress'am.
2059 1831 2121 1854 erat

1163 1876 1195 1896 ea
1206 1867 1288 1896 navis
1298 1865 1559 1905 plenajuventutis
1569 1863 1788 1894 formofiffimae
1797 1885 1804 1897 ,
1817 1865 1905 1904 plena
1914 1867 2027 1905 argenti
2034 1863 2119 1898 facti,

1161 1916 1248 1948 atque
1259 1906 1379 1948 signati,
1400 1907 1495 1938 multa
1513 1916 1583 1936 cum
1602 1906 1726 1946 stragula
1738 1905 1827 1936 veste.
1859 1908 1931 1936 Haec
1942 1916 2000 1936 una
2009 1908 2093 1937 navis
2104 1906 2121 1937 a.

1160 1946 1245 1979 classe
1256 1948 1356 1978 nostra
1366 1958 1430 1978 non
1440 1957 1521 1988 capta
1531 1947 1573 1977 est
1584 1968 1592 1981 ,
1607 1948 1655 1978 sed
1667 1957 1789 1978 inventa
1802 1947 1837 1977 ad
1848 1948 2031 1987 Megaridem
2043 1959 2049 1977 :
2066 1949 2120 1989 qui

1165 1991 1248 2020 locus
1259 1989 1301 2020 est
1312 2001 1376 2020 non
1388 1990 1477 2031 longe
1488 1989 1503 2020 a
1513 1988 1751 2030 Syracufisquod
1762 1989 1814 2019 ubi
1823 1988 1871 2019 isti
1881 1991 2053 2019 nuntiatum
2064 1989 2118 2024 est;

1165 2028 1179 2051 8
1190 2031 1303 2062 tametfi
1313 2034 1345 2061 in
1355 2031 1417 2061 asta
1428 2041 1497 2061 cum
1511 2032 1696 2061 mulierculis
1712 2031 1827 2070 jacebat
1844 2031 1960 2064 ebrius,
1982 2033 2077 2062 erexit
2091 2032 2120 2061 se

1165 2083 1263 2104 tamen
1274 2094 1282 2107 ‚
1305 2074 1337 2104 ὃς
1347 2073 1446 2104 statim
1460 2072 1596 2114 quaestori
1610 2093 1618 2106 ,
1638 2073 1792 2114 legatoque
1811 2073 1863 2102 suo
1882 2072 2019 2102 custodes
2039 2071 2120 2103 misit

1162 2116 1344 2155 complureis
1356 2135 1365 2149 ,
1384 2124 1418 2145 ut
1428 2117 1533 2145 omnia
1548 2113 1600 2144 fibi
1618 2117 1730 2153 integra
1741 2114 1829 2154 quam
1844 2113 1979 2153 primum
1994 2114 2120 2144 exhibe-

1163 2167 1274 2187 rentur.
1299 2156 1467 2196 Appellitur
1484 2157 1568 2186 navis
1578 2155 1746 2195 Syracusis:
1765 2154 1949 2194 exspechtur
1965 2156 2001 2186 ab
2015 2157 2121 2186 omni·-

1164 2199 1219 2229 bus
1234 2203 1264 2227 :9
1276 2199 1454 2238 supplicium
1466 2198 1544 2227 sumi
1554 2197 1589 2226 de
1599 2198 1722 2236 captivis
1732 2206 1858 2236 putatur.
1880 2196 1946 2229 iste,
1959 2196 2036 2237 quafi
2046 2207 2121 2237 pra:-

1165 2240 1201 2270 da
1211 2239 1263 2270 fibi
1273 2238 1406 2272 advecta,
1418 2249 1481 2268 non
1491 2238 1682 2278 praedoni'ous
1692 2248 1780 2277 captis
1793 2248 1798 2266 z
1815 2237 1888 2279 siqui
1898 2239 1980 2268 senes
1991 2259 1999 2272 ,
2009 2249 2059 2269 aut
2068 2239 2120 2269 de-

1166 2281 1278 2311 formes
1290 2290 1371 2311 erant
1381 2300 1389 2314 ,
1402 2290 1452 2310 eos
1464 2281 1492 2308 in
1504 2278 1622 2315 hostium
1635 2290 1744 2308 numero
1755 2280 1836 2309 ducit
1849 2291 1853 2308 ;
1872 2282 1923 2320 qui
1934 2281 2045 2321 aliquid
2055 2280 2121 2311 for-

1168 2333 1226 2353 mae
1237 2344 1245 2356 ,
1257 2325 1349 2352 aetatis
1358 2342 1366 2356 ‚
1385 2321 1562 2362 artificiique
1572 2321 1719 2351 habebant
1728 2341 1735 2354 ,
1754 2321 1874 2351 abducit
1882 2325 2002 2352 omneis
2012 2342 2020 2355 ‚
2040 2332 2122 2353 non-

1169 2365 1270 2394 nullos
1282 2363 1382 2394 scribis
1399 2364 1457 2393 suis
1468 2383 1475 2397 2
1497 2362 1562 2392 filio
1574 2383 1581 2395 ‚
1602 2364 1780 2403 cohortique
1789 2362 1956 2393 distribuit:
1977 2364 2121 2405 sympho-

1167 2406 1268 2435 niacos
1283 2405 1334 2436 sex
1351 2404 1468 2435 cuidam
1480 2407 1578 2434 amico
1590 2405 1640 2434 suo
1654 2407 1789 2434 Romam
1810 2407 1928 2434 muneri
1947 2403 2034 2436 mifit.
2057 2416 2123 2438 nox

1166 2447 1219 2477 illa
1228 2455 1289 2477 tota
1298 2446 1503 2477 exinaniunda
1510 2447 1579 2476 navi
1590 2447 1787 2477 consumitur.
1797 2447 2012 2487 Archipiratam
2022 2448 2121 2488 ipsum

2041 2489 2124 2520 videt

200 2609 223 2627 1.
244 2600 395 2634 Etftumenti
403 2602 513 2633 imperari
524 2618 532 2631 ‚
549 2600 578 2630 ὠ·
588 2601 664 2625 tritici
673 2599 768 2632 emptis]
789 2597 899 2632 Vulgari
911 2596 974 2622 olim
986 2597 1054 2630 &fin
1065 2599 1122 2628 imp.

160 2637 191 2667 ἐγ
201 2645 277 2661 rerum
288 2637 432 2662 decretarum
443 2638 521 2661 tritici
528 2638 612 2668 empti.-
628 2644 713 2670 neque
723 2634 801 2660 aliter
811 2635 869 2659 Pal.
880 2642 919 2669 pr.
931 2632 973 2659 sed
984 2632 1004 2658 is
1015 2632 1120 2668 punctis

162 2671 289 2699 subduxit
301 2691 308 2703 ,
327 2671 392 2697 illud
407 2691 414 2703 ,
433 2673 520 2702 &ren
530 2671 593 2697 decr.
612 2671 699 2706 priore
711 2669 770 2695 loco
780 2669 902 2705 positum.
923 2675 949 2695 at
960 2667 1009 2694 sec.
1022 2667 1122 2694 solum-

161 2707 244 2734 modo
254 2707 331 2734 habet
342 2726 350 2739 ‚
369 2709 450 2733 literas
460 2708 488 2738 ὠ·
499 2715 577 2732 rerum
586 2707 731 2732 decretarum
741 2708 818 2731 trilici
826 2708 895 2738 empti
905 2724 912 2735 ‚
933 2703 1026 2730 omisso
1035 2704 1121 2730 altero

164 2742 387 2779 membro.'quod
399 2742 545 2769 veroliinile
564 2742 598 2769 est
610 2742 711 2768 factum
722 2741 885 2777 negligentia
895 2740 995 2766 librarii
1007 2740 1040 2766 ob
1050 2739 1120 2766 simi-

163 2778 304 2806 litudinem
317 2788 419 2805 vocum.
436 2780 563 2804 Ceterum
574 2787 674 2813 ca,qnae
702 2777 770 2804 ostea
782 2778 806 2803 in
819 2776 911 2803 nostris
924 2776 996 2802 libris
1007 2775 1122 2812 sequun-

165 2822 210 2842 tur
220 2816 349 2841 Lr'rERffi
363 2815 540 2845 Ριυετοιῃς,
551 2814 605 2839 &c.
616 2823 668 2840 non
697 2813 809 2839 abentur
819 2813 845 2839 in
857 2812 918 2838 ullis
931 2811 987 2838 mss'.

199 2860 227 2877 ι.
246 2854 354 2877 Primum
366 2850 540 2884 ,1njudic2is.]‚
556 2851 598 2876 lta
608 2850 639 2876 P.
651 2850 787 2876 Manutius
799 2858 808 2880 5
827 2848 873 2875 alii
886 2867 893 2880 ,
900 2847 1004 2881 primitm
1012 2854 1040 2872 ut
1049 2849 1122 2881 inju-

167 2887 246 2912 liciis.

202 2931 215 2958 3
223 2942 229 2948 .
247 2921 295 2947 Sed
302 2922 424 2946 tamenim
431 2921 685 2954 provinciaepraefitq'ffb,
694 2920 761 2954 elya]
778 2919 924 2946 Obsecutns
936 2918 990 2945 sum
1001 2917 1122 2952 Cujacia-

164 2965 201 2985 no
214 2977 221 2989 ,
232 2955 302 2992 quod
313 2956 468 2983 asseveraret
480 2957 623 2983 Lambinus
635 2956 668 2983 fic
679 2956 731 2992 legi
742 2957 767 2982 in
779 2956 900 2983 omnibns
912 2955 984 2981 libris
996 2953 1045 2980 suis
1057 2965 1062 2980 ε
1077 2954 1121 2989 qui

165 3000 256 3020 tamen
267 2992 336 3018 mali:
348 2992 443 3018 retinet
453 2994 505 3018 ubl.
527 2992 633 3027 vulgata
644 2992 703 3019 satis
716 2991 814 3027 frigide
826 3001 834 3022 ;
854 2992 960 3017 laudatio
972 2994 982 3016 ,ἲ
994 2990 1122 3023 Jedtamcn

164 3032 202 3056 ira
211 3032 293 3055 Verres
298 3035 369 3061 pro-v.
379 3028 501 3060 prafuisti,
510 3034 537 3052 ιιι
545 3030 590 3053 hae
600 3030 655 3054 mil.
664 3029 744 3061 necesJI
754 3030 833 3061 tibifit
843 3027 978 3053 carendum.

201 3072 230 3097 4.
249 3068 288 3090 Ea
298 3065 422 3089 conditione
439 3066 495 3089 ‘virt
505 3064 632 3098 fuerunt]
653 3064 755 3095 (jujacii
767 3063 812 3089 lib.
824 3066 949 3089 vixerunt.
971 3060 1055 3088 forsan
1066 3061 1125 3086 illud

164 3103 221 3126 vita
230 3100 265 3126 est
277 3101 290 3125 ii
300 3098 392 3134 glossa.
411 3097 527 3135 indeque
535 3106 627 3128 natum
635 3099 704 3127 illud
714 3099 841 3134 alterurn,
855 3106 979 3136 tanquam
990 3098 1121 3136 interpre-

165 3135 429 3171 mmerituinsuerunt.

1204 2604 1230 2628 5.
1250 2597 1375 2629 Qafurra
1384 2596 1484 2630 undique
1490 2597 1625 2630 portares]
1639 2595 1710 2622 Idem
1723 2594 1807 2621 codex
1820 2615 1827 2628 ,
1845 2596 1976 2630 deportares
1987 2614 1995 2628 ,
2006 2604 2059 2632 quo
2069 2594 2124 2632 ipso

1166 2639 1345 2667 opponeretur
1355 2632 1437 2666 magis
1450 2631 1489 2658 illi
1501 2640 1647 2664 exportares,
1659 2631 1729 2667 quod
1741 2632 1869 2667 sequitur.

1202 2667 1230 2692 6.
1250 2670 1453 2699 Certnmpretium
1465 2669 1624 2700 ‚sexcentenas
1635 2668 1763 2701 nummos]
1776 2669 1816 2693 Ita
1827 2668 1858 2693 P.
1868 2667 2006 2694 Manutius
2014 2666 2047 2693 de
2057 2675 2123 2694 con—

1162 2702 1268 2737 jcc‘tura
1280 2704 1426 2729 Hotomani
1441 2723 1448 2734 ,
1467 2713 1545 2739 quani
1557 2703 1636 2730 niodo
1646 2703 1734 2729 firmat
1745 2703 1827 2729 codex
1840 2703 1933 2736 Cujac.
1953 2703 1980 2729 in
1992 2713 2045 2739 qno
2055 2711 2123 2740 prx-

1169 2739 1354 2771 tereasesccnos.
1375 2748 1425 2764 non
1439 2740 1517 2765 male.
1538 2740 1609 2775 prius
1620 2738 1685 2765 editi
1697 2749 1703 2765 ;
1724 2739 1994 2772 certopretiosexcenros.

1203 2782 1230 2807 7.
1251 2775 1317 2806 Qud
1325 2776 1353 2805 ςῖτ·
1361 2782 1441 2800 mmm
1449 2776 1563 2809 nomine]
1586 2774 1755 2801 Dic‘tiuncula
1765 2776 1795 2806 ὠ
1806 2793 1814 2806 ,
1825 2784 1875 2801 non
1887 2775 1922 2800 est
1933 2774 2025 2807 (ju-iac.
2041 2775 2125 2801 Lam-

1170 2809 1224 2836 bin.
1237 2810 1262 2836 in
1275 2811 1374 2846 scriptis
1386 2810 1435 2836 fiiis
1448 2810 1471 2836 in
1479 2811 1680 2844 i¹enit,q110dry'rrs
1689 2817 1766 2836 nauta
1774 2810 2126 2846 nomine‚qui-videliceti'ex-

1166 2853 1256 2872 centos
1269 2856 1390 2872 nummos
1401 2846 1522 2876 dederat,
1536 2854 1564 2872 nt
1578 2847 1767 2881 interpretatur
1778 2846 1949 2872 Gulielmius.

1202 2881 1229 2907 8.
1248 2884 1376 2915 Tametfiin
1387 2883 1467 2915 uffa]
1490 2883 1553 2908 Non
1563 2881 1636 2908 anilis
1648 2882 1702 2908 sum
1713 2881 1785 2908 abire
1796 2891 1810 2907 a
1823 2881 1897 2907 libris
1909 2881 2031 2908 Lambini
2042 2890 2050 2912 ;
2068 2881 2125 2908 uti-

1165 2927 1216 2978 gue
1227 2927 1285 2943 cum
1297 2919 1334 2943 cis
1347 2917 1515 2953 responderet
1527 2918 1694 2952 Cujacianus.
1719 2917 1825 2952 vulgata
1834 2919 1925 2952 tamefi
1937 2920 2015 2945 noan.
2033 2917 2124 2954 illepi-

1185 2964 1199 2979 ε
1209 2973 1217 2984 ,
1231 2962 1291 2978 meo
1301 2953 1408 2988 quidem
1415 2954 1424 2986 j
1432 2953 1528 2978 udicio.

1202 2997 1231 3023 9.
1249 2991 1311 3021 Supp
1320 2992 1390 3014 icium
1419 2992 1467 3014 umi
1477 2990 1503 3013 de
1513 2988 1612 3020 captivis
1625 2987 1754 3021 purarum]
1775 2987 1875 3023 Opinio
1885 2988 1939 3014 haec
1947 2988 2123 3024 Syracusano·

1167 3033 1195 3050 ru
1201 3033 1224 3049 ni
1236 3032 1293 3050 erat
1303 3033 1361 3050 cnm
1373 3033 1458 3050 mor-as
1469 3023 1576 3049 duceret
1587 3025 1681 3049 Verres
1692 3023 1718 3049 in
1729 3022 1774 3049 suo
1784 3023 1843 3049 luco
1855 3043 1862 3055 ‚
1882 3025 1974 3060 punire
1985 3024 2067 3064 ipsum
2077 3033 2122 3051 ca-

1166 3060 1252 3096 ptivos
1265 3060 1305 3085 ult
1318 3069 1361 3085 mo
1371 3059 1508 3096 supplicio,
1518 3061 1571 3084 &c.
1583 3058 1668 3084 forsan
1680 3066 1766 3085 tamen
1778 3059 1881 3095 planior
1892 3061 1979 3087 exiret
1989 3060 2072 3087 iensus
2085 3079 2093 3092 ,
2103 3059 2123 3087 fi

1167 3095 1385 3130 distingueremus
1398 3106 1403 3122 ι
1419 3096 1551 3127 Appellnur
1560 3095 1630 3121 navis
1641 3105 1647 3119 :
1663 3096 1790 3130 Srracusae'u
1807 3098 1956 3132 exspec‘latur
1964 3098 1995 3124 ab
2004 3097 2123 3123 omibus.-

1159 3132 1375 3167 [κρρίὶςιύηῃύτ.
1386 3130 1522 3167 quomodo
1529 3130 1565 3160 est
1575 3130 1602 3159 iu
1612 3130 1669 3160 Pal.
1680 3129 1731 3158 sec.

2043 3167 2118 3196 10:558.

2137 341 2183 376 24

2140 1174 2182 1205 25
