2297 3389
761 140 1015 188 L1n.1V.
1064 157 1131 188 IN
1176 142 1232 188 C.
1270 141 1556 192 VERREM.

164 234 224 262 ffir-
247 224 280 257 &
291 247 300 261 ‚
311 224 332 255 si
344 221 474 267 quaeritis
484 240 493 256 ,
511 226 545 252 ut
555 219 616 261 ipse
626 218 662 250 de
672 228 723 250 me
736 219 888 250 detraham
901 231 907 250 :
932 221 1003 251 illos
1013 232 1066 263 ego
1077 231 1125 252 ac·

164 269 312 300 cusatores
321 276 395 308 puto
404 263 491 295 fuiss'e
502 284 510 297 ‚
529 264 581 304 qui
592 261 767 302 hujusmodi
777 262 942 292 hominum
953 262 1030 293 furta
1049 263 1125 293 odo-

167 320 200 341 re
209 331 218 344 ,
230 318 279 340 aut
289 310 388 348 aliquo
398 307 503 337 leviter
513 302 610 345 prefl’o
624 303 749 345 vestigio
758 304 1015 344 persequebantur.
1042 306 1124 335 Nam

166 361 226 382 nos
235 350 358 392 quidem
371 347 444 389 quid
453 346 580 377 facimus
591 348 625 375 in
635 348 725 375 Vei-re
737 366 746 378 ‚
761 354 852 386 quem
871 347 905 374 in
925 345 989 376 luto
1009 346 1126 376 voluta-

165 402 232 424 tum
245 392 332 422 torius
346 390 457 430 corporis
473 387 594 428 vestigiis
612 389 808 417 invenimus?
827 396 1026 428 permagnum
1039 386 1123 417 estin

163 444 237 465 eum
252 433 348 463 dicere
365 430 478 472 aliquid
489 450 497 464 ‚
520 431 574 471 qui
583 430 753 469 praeteriens
764 448 771 462 ,
788 428 893 458 leffica
900 429 1060 468 paullisper
1068 428 1120 459 de-

162 473 254 515 posita
263 494 272 508 ,
285 483 349 504 non
359 483 410 513 per
419 471 578 513 praestigias
590 491 597 504 ‚
616 470 664 501 sed
674 470 771 510 palam
780 480 831 510 per
840 469 1017 510 potestatem
1030 490 1038 504 ,
1059 480 1121 500 uno

162 517 294 556 imperio
304 514 435 545 ostiatim
446 523 545 544 totum
555 513 702 553 oppidum
711 513 902 552 compilarit?
913 515 953 542 At
965 520 1076 546 tamen,
1090 521 1122 542 ut

161 556 249 599 poffit
259 558 286 587 se
297 557 395 587 dicere
412 554 536 589 emiffe,
557 555 742 596 Archagatho
760 556 903 593 imperat,
917 563 950 584 ut
960 553 1121 594 aliquidil-

160 600 198 629 lis
211 620 219 632 .
232 608 362 640 quonim
379 606 533 639 argentum
545 596 638 627 fuerat
648 617 656 630 ,
669 597 904 626 nummulorum
914 616 922 629 ‚
934 595 1000 624 dicu
1016 596 1100 635 caussz
1111 615 1119 629 ‚

161 638 251 672 daret.
275 639 602 680 invenitArchagathus
616 647 724 678 paucos
736 657 744 671 ‚
767 639 819 678 qui
838 637 952 667 vellent
969 639 1118 677 accipere:

157 683 207 712 his
217 681 307 712 dedit.
330 691 382 711 eos
400 690 546 712 nummos
564 689 665 711 tamen
681 679 735 710 iste
747 679 932 720 Archagatho
942 688 1006 708 non
1016 678 1117 709 reddi—

155 723 212 754 dit.
235 724 334 753 voluit
344 726 453 754 Roma:
462 732 560 762 petere
569 721 769 762 Archagathus
781 730 786 749 :
806 723 863 749 Cn.
876 721 1024 751 Lentulus
1035 722 1116 750 Mar-

157 765 286 796 cellinus
296 763 426 795 diffuafit
436 785 443 797 ‚
459 763 531 794 sicut
539 764 636 803 ipsum
647 763 743 793 dicere
752 761 886 791 audistis.
919 765 947 791 R
957 764 982 791 E
992 763 1113 790 CITA

158 808 527 839 ARCHAGATHI,
549 807 609 836 ET
627 805 856 834 LENTULI
876 804 1113 833 TESTIMO·

157 851 191 878 N
199 852 251 878 lv
261 850 308 878 Μ.
333 851 371 878 Ε1
379 869 387 882 ,
409 858 447 878 ne
456 847 532 878 forte
549 848 711 877 hominem
722 844 902 875 existimetis
913 846 989 876 hanc
999 854 1111 876 tantam

155 892 224 921 vim
242 890 460 920 emblematum
478 888 538 918 sine
554 889 638 918 causa
650 897 819 918 coacervare
832 886 958 917 voluisse
969 907 976 921 ,
993 887 1093 917 videte
1103 907 1111 921 ,

155 934 260 973 quanti
270 942 323 962 vos
336 951 344 965 ‚
359 932 461 972 quanti
471 929 727 960 existimationem
737 929 842 969 populi
851 931 943 959 Rom.
955 931 1058 970 quanti
1068 929 1110 958 le-

154 984 222 1016 ges,
236 973 403 1013 &judicia‚
423 974 527 1013 quanti
537 971 635 1001 testeis
644 972 778 1004 Siculos,
797 971 1055 1012 negotiatoresque
1065 970 1110 1000 fe-

153 1017 237 1045 cerit.
258 1014 452 1055 posteaquam
462 1023 573 1044 tantam
587 1013 818 1043 multitudinem
828 1013 986 1043 collecrerat
995 1012 1110 1042 emble-

154 1065 270 1087 matum
282 1077 290 1089 ,
311 1064 343 1085 ut
353 1066 390 1086 ne
400 1066 496 1086 unum
507 1055 631 1096 quidem
640 1057 781 1095 cuiquam
793 1037 975 1095 reliquifi'et:
997 1058 1007 1073 ¹
1021 1053 1109 1084 insti-

153 1099 211 1129 tuit
227 1098 365 1138 officinam
381 1096 541 1137 Syracusis:
561 1099 594 1127 in
611 1098 721 1137 regiam
731 1098 898 1126 maximam
908 1096 1005 1136 palam
1016 1095 1109 1126 artifi-

150 1149 200 1170 ces
211 1141 330 1170 omneis
342 1159 350 1173 ‚
366 1141 513 1170 caelatores
523 1159 532 1172 ,
551 1149 584 1169 ac
594 1138 772 1169 vascularios
780 1140 940 1168 convocari
950 1137 1037 1178 jubet
1049 1148 1054 1166 :
1074 1139 1107 1168 &

150 1181 213 1222 ipse
222 1182 290 1212 suos
299 1181 482 1222 complureis
497 1180 630 1212 habebat.
653 1184 667 1199 ²
680 1179 716 1209 eo
735 1180 878 1210 conducit
893 1189 1033 1221 magnam
1052 1181 1109 1209 ho-

150 1224 273 1253 minum
291 1223 532 1253 multitudinem.
564 1222 682 1252 menses
699 1220 770 1251 otilo
789 1223 953 1251 continuos
968 1231 1043 1261 opus
1063 1222 1110 1251 his

150 1274 217 1294 non
226 1264 323 1295 defuit
333 1286 340 1298 ‚
354 1264 424 1295 cum
436 1274 485 1295 vas
496 1264 617 1294 nullum
628 1262 709 1293 fieret
719 1284 727 1296 ,
740 1261 794 1292 nisi
805 1273 938 1293 aureum.
962 1272 1026 1293 turn
1037 1263 1087 1293 illa
1100 1283 1108 1296 ‚

151 1316 190 1336 ex
199 1307 313 1346 patellis
323 1327 331 1340 ,
351 1306 530 1337 &turibulis
539 1316 604 1347 quae
614 1306 735 1335 velleiat
743 1324 751 1338 ,
771 1306 810 1334 ita
820 1305 888 1335 scite
897 1306 929 1334 in
939 1308 1034 1335 aureis
1051 1315 1108 1344 po-

151 1348 230 1378 culis
240 1348 386 1389 illigabat,
407 1349 469 1378 3ita
477 1348 542 1387 apte
555 1350 586 1377 in
599 1348 715 1387 scyphis
726 1348 820 1376 aureis
830 1346 1000 1376 includebat
1011 1367 1019 1380 ,
1032 1356 1064 1376 ut
1075 1356 1107 1376 ea
1154 1357 1174 1387 q

149 1389 187 1419 ad
198 1390 282 1419 illam
291 1400 355 1419 rem
369 1398 435 1420 nata
445 1388 502 1419 esse
511 1389 622 1419 diceres
635 1401 640 1418 z
661 1388 720 1428 ipse
734 1396 834 1418 tamen
844 1397 962 1427 praetor‚
989 1390 1043 1429 qui
1059 1388 1107 1418 sua

152 1431 307 1472 vigilantia
314 1441 416 1471 pacem
427 1433 459 1461 in
469 1431 568 1462 Sicilia
576 1430 649 1461 dicit
657 1428 755 1463 fuisse,
768 1432 801 1459 in
811 1431 863 1459 hac
874 1428 995 1460 officina
1009 1430 1106 1469 majo-

153 1473 218 1503 rem
226 1481 339 1512 partem
349 1472 411 1503 diei
421 1483 490 1503 cum
501 1475 601 1503 tunica
611 1472 691 1512 pulla
702 1471 798 1501 sedere
809 1471 920 1501 solebat
930 1491 938 1505 ‚
958 1472 991 1502 &
1000 1472 1104 1511 pallio.

64 1531 66 1533 >
84 1521 135 1554 25
155 1516 228 1545 Haec
237 1524 292 1556 ego
303 1535 311 1548 ,
323 1515 458 1555 judices,
478 1525 542 1545 non
551 1514 691 1545 auderem
700 1512 849 1553 proferre,
871 1515 1047 1546 nivem-er,
1067 1523 1105 1543 ne

150 1555 228 1587 forte
238 1557 321 1596 plura
330 1556 368 1586 de
376 1555 433 1586 isto
443 1556 480 1586 ab
488 1557 553 1586 aliis
562 1559 595 1586 in
604 1557 751 1589 sermone,
762 1556 853 1596 quam
864 1554 879 1584 a
889 1565 939 1584 me
949 1555 1105 1593 injudicio

149 1597 260 1628 audiffe
267 1608 322 1627 vos
332 1598 478 1629 diceretis.
492 1600 569 1639 Qiis
578 1600 661 1628 enim
672 1597 724 1631 est,
736 1599 786 1638 qui
797 1596 833 1626 de
844 1598 898 1627 hac
907 1595 1040 1630 officina,
1051 1598 1103 1637 qui

148 1639 185 1670 de
199 1638 271 1670 vafis
281 1641 377 1670 aureis
385 1660 395 1674 ‚
413 1642 465 1681 qui
482 1644 499 1667 4
508 1641 544 1670 de
555 1639 640 1670 istius
649 1640 740 1679 pallio
749 1659 759 1672 ‚
779 1640 879 1668 tunica
885 1639 965 1678 pulla
975 1649 1039 1668 non
1050 1649 1102 1668 au-

147 1681 235 1712 dierit
246 1684 257 1711 ?
273 1691 364 1722 quem
372 1683 457 1712 voles
467 1682 504 1712 de
512 1691 665 1712 conventu
674 1680 922 1721 Syracusanorum
932 1682 1033 1710 vir-um
1048 1680 1103 1710 bo-

146 1733 224 1753 num
242 1725 411 1754 nominato.
433 1723 608 1764 producam.
632 1733 726 1753 nemo
744 1724 817 1756 erit,
838 1724 913 1763 quin
931 1723 990 1752 hoc
1008 1723 1037 1752 se
1054 1731 1102 1753 aut

145 1763 269 1799 vidisse,
287 1774 338 1795 aut
346 1764 455 1796 audifl'e
466 1765 553 1796 dicat.
577 1768 603 1795 O
617 1773 751 1805 tempora
761 1784 770 1798 ‚
785 1762 804 1793 ὂ
817 1774 916 1794 mores
929 1766 934 1792 Ε
955 1764 1034 1794 nihil
1053 1766 1102 1794 ni-

147 1805 251 1837 mium
260 1815 346 1837 vetus
355 1806 514 1847 proferam.
545 1810 620 1838 Sunt
628 1806 762 1837 vestrum
772 1826 781 1840 ,
797 1808 808 1846 j
814 1806 915 1836 udices
925 1825 934 1839 ,
955 1807 1105 1846 aliquam-

145 1848 256 1882 multi,
267 1850 319 1889 qui
328 1851 363 1878 L.
376 1850 517 1879 Pisonem
527 1858 736 1898 cognoverunt
744 1868 752 1882 ,
765 1849 853 1887 hujus
863 1850 898 1877 L.
908 1848 1036 1881 Pisonis,
1048 1850 1100 1889 qui

144 1898 254 1930 praetor
261 1890 322 1920 fuit
331 1910 340 1924 ‚
358 1899 481 1930 patrem.
504 1893 529 1920 is
542 1901 614 1921 cum
624 1889 694 1920 effet
703 1892 736 1920 in
748 1890 890 1929 Hispania
897 1899 1004 1929 praetor
1014 1909 1021 1921 ‚
1043 1899 1101 1930 qua

145 1933 179 1961 in
189 1933 343 1971 provincia
351 1932 463 1962 occisus
473 1931 525 1965 est,
538 1933 638 1962 nescio
645 1942 707 1972 quo
715 1931 802 1971 pa&o
809 1951 817 1964 ,
826 1930 901 1960 dum
910 1933 1000 1961 armis
1015 1940 1101 1960 exer-

144 1981 229 2003 cetur
238 1993 247 2006 ,
265 1973 372 2003 anulus
380 1983 483 2003 aureus
491 1993 499 2006 ,
535 1984 606 2003 uem
615 1974 738 2004 habebat
749 1993 757 2006 ‚
775 1971 885 2002 101ἃο3
894 1971 954 2004 est,
970 1973 1003 2002 &
1013 1982 1099 2002 com-

145 2016 297 2045 minutus.
318 2013 391 2045 curn
409 2015 500 2045 vellet
514 1983 568 2044 ghi
587 2015 712 2044 anulum
726 2014 820 2044 facere
831 2033 840 2047 ,
859 2012 1101 2052 aurificemjuffit

145 2058 247 2087 vocari
256 2058 290 2086 in
296 2055 364 2086 foro
376 2076 384 2090 ,
396 2056 432 2086 ad
442 2057 545 2087 sellam
556 2076 564 2090 ‚
585 2057 730 2086 Cordubae
742 2076 751 2089 ,
771 2055 805 2085 δε
817 2057 844 2085 01
852 2055 949 2095 palam
959 2055 1100 2096 appendit

106 2116 112 2121 .
142 2098 424 2128 aurum.homincm
434 2100 468 2127 in
475 2097 542 2128 foro
552 2098 654 2128 sellam
660 2099 671 2137 j
677 2097 747 2127 ubet
753 2096 913 2138 ponera&
922 2096 1017 2127 facere
1026 2107 1099 2127 anu-

139 2139 207 2170 lum
218 2159 227 2173 ‚
238 2139 382 2181 omnibus
392 2139 590 2180 praesentibus.
616 2141 763 2169 Nimium
773 2137 891 2168 fortaffe
901 2138 979 2169 dicet
990 2139 1098 2179 aliquis

139 2182 225 2211 hunc
236 2181 407 2221 diligentem.
432 2180 574 2211 1136101103
583 2180 787 2221 reprehendat,
799 2178 818 2209 si
829 2182 895 2220 quis
905 2180 1003 2210 volet:
1019 2180 1097 2209 nihil

143 2222 392 2263 ampliusverum
406 2222 464 2253 fuit
473 2225 501 2253 ei
513 2221 837 2253 concedendumfilius
846 2223 931 2251 enim
942 2221 1101 2252 L.Pisonis

141 2273 202 2295 erat
210 2285 220 2298 ,
240 2265 305 2305 ejus
317 2285 326 2298 ,
368 2267 399 2294 ui
408 2266 524 2305 primus
535 2265 570 2295 de
580 2266 716 2305 pecuniis
726 2263 897 2304 repetundis
907 2263 1004 2305 legem
1017 2264 1094 2293 tulit.

139 2306 319 2337 Ridiculum
328 2317 344 2337 e
380 2316 462 2337 nunc
471 2307 600 2336 deVerre
609 2317 658 2336 me
668 2304 849 2338 1110010ηο001
860 2305 896 2335 de
907 2305 1013 2335 Pisone
1024 2307 1098 2335 Fru—

137 2349 168 2389 gi
179 2348 320 2379 dixerim.
331 2357 700 2389 verumtamen,quantum
709 2345 942 2380 interfinvidetc.
954 2346 1011 2377 iste
1023 2346 1094 2376 cum

137 2389 257 2431 aliquot
265 2390 426 2421 abacorum
435 2390 544 2420 faceret
552 2391 617 2420 vasa
626 2399 711 2420 aurea
719 2409 727 2423 ‚
742 2398 808 2418 non
818 2388 964 2419 laboravit
973 2409 981 2422 ‚
1001 2392 1015 2416 5
1024 2388 1094 2430 quid

141 2431 208 2462 tion
218 2431 312 2464 modo
321 2434 355 2462 in
364 2432 477 2466 Sicilia,
497 2431 605 2462 verum
615 2434 705 2461 etiam
713 2433 823 2461 Romae
838 2432 870 2460 in
885 2430 1002 2470 judicio
1012 2430 1096 2461 audi-

140 2482 194 2505 ret.
229 2474 282 2504 ille
297 2475 330 2504 in
350 2476 411 2504 auri
433 2474 586 2505 semuncia
603 2480 695 2502 totam
712 2473 877 2512 Hispaniam
890 2472 961 2512 scire
976 2472 1075 2503 voluit
1083 2492 1092 2505 ‚

141 2514 223 2546 u'nde
231 2518 349 2556 praetori
357 2515 464 2546 anulus
475 2514 565 2546 fieret.
588 2517 738 2545 nimirum
749 2534 758 2548 ‚
779 2522 812 2543 ut
822 2515 871 2544 hic
881 2524 998 2544 nomen
1007 2514 1094 2544 suum

6 2594 10 2597 ¹
57 2566 127 2602 -.25
143 2558 352 2598 comprobavit
370 2568 376 2586 ε
401 2556 438 2587 fic
455 2557 506 2587 1110
524 2566 707 2598 cognomen.
748 2555 846 2585 Nullo
863 2556 958 2586 modo
976 2554 1095 2596 poss'um

144 2602 248 2631 omnia
256 2599 340 2630 istius
347 2597 424 2630 facia
431 2608 482 2631 aut
492 2601 641 2630 memoria
647 2599 854 2639 consequi,aut
862 2599 997 2628 oratione
1008 2607 1095 2628 com-

2040 160 2068 191 '2
2076 159 2102 210 9
2110 163 2137 205 C)

1179 223 1282 262 pleffi.
1305 234 1411 266 genera
1424 225 1482 264 ipfii
1497 225 1587 264 cupio
1606 221 1735 254 breviter
1749 223 1910 266 attingeret
1930 232 1965 254 ut
1982 224 2136 257 hicmodo

1179 275 1229 294 me
1248 267 1443 297 commonuit
1461 267 1577 305 Pisonis
1593 267 1699 296 anulus
1717 286 1725 300 ‚
1748 267 1830 307 quod
1848 275 1949 296 totum
1967 266 2132 298 effluxerat.

1177 306 1275 346 Qam
1288 309 1393 338 multis
1403 307 1493 338 istum
1504 310 1610 347 putatis
1621 309 1800 338 hominibus
1810 308 1944 338 honestis
1954 329 1962 342 ,
1983 308 2019 338 de
2029 308 2133 349 digitis

1174 348 1272 377 anulos
1285 359 1380 378 aureos
1392 348 1541 379 abstulifl'e
1551 353 1562 379 ?
1573 360 1740 391 numquam
1750 349 1899 380 dubitavit
1907 371 1915 384 ,
1927 351 2131 391 quotiescum-

1173 398 1231 427 que
1241 390 1365 429 alicujus
1375 400 1424 420 aut
1432 401 1553 432 gemma
1562 412 1570 425 ‚
1588 401 1637 422 aut
1646 392 1738 422 anulo
1749 391 1909 422 delestatus
1920 391 1973 422 est.
1996 393 2131 423 Incredi-

1173 430 1268 460 bilem
1283 441 1346 461 rem
1365 432 1462 462 dicam
1476 453 1483 466 ‚
1504 433 1553 462 sed
1563 443 1624 463 tam
1639 434 1746 464 claram
1758 454 1765 467 ‚
1787 442 1819 464 ut
1835 434 1933 474 ipsum
1951 442 2128 476 negaturum

1172 480 1237 501 non
1254 472 1385 502 arbitrer.
1410 473 1489 503 Cum
1499 475 1640 504 Valentio
1657 475 1719 514 ejus
1740 477 1890 515 interpreti
1904 475 2028 515 epistola
2040 479 2129 517 Agri-

1170 521 1261 553 gento
1271 514 1356 544 allata
1367 513 1437 544 effet
1452 535 1459 547 ‚
1480 516 1544 545 casu
1556 515 1672 556 fignum
1683 516 1735 547 iste
1744 517 1956 547 animadvertit
1964 519 1996 547 in
2005 519 2127 548 cretula-

1169 554 1279 593 placuit
1289 557 1332 584 ei:
1354 555 1514 595 exquisivit
1523 577 1530 589 ‚
1544 557 1623 587 unde
1633 557 1703 588 ess'ct
1713 558 1837 598 epistola
1849 570 1854 588 z
1866 559 2028 599 respondit,
2040 563 2125 602 Agri--

1167 606 1268 636 genio.
1291 596 1464 627 istelitteias
1475 617 1483 631 ‚
1503 598 1538 627 ad
1550 608 1626 638 quos
1636 599 1764 633 solebat,
1782 599 1878 630 misit:
1895 611 1928 631 ut
1938 603 1962 631 is
1973 602 2124 631 anulusad

1166 637 1195 667 se
1204 639 1306 677 primo
1315 648 1435 679 quoque
1447 648 1582 678 tempore
1591 639 1750 671 afferretur.
1765 644 1804 672 ita
1814 643 1918 672 litteris
1928 642 2023 675 istius,
2033 653 2125 683 patri-

1164 677 1294 709 familias
1305 682 1340 710 L.
1353 682 1440 710 Titio
1452 681 1570 711 cuidam
1581 684 1640 711 civi
1650 684 1793 713 Romano
1802 684 1911 714 anulus
1920 684 1956 714 de
1967 684 2061 727 digito
2071 685 2123 715 de-

1164 720 1273 751 11381οε
1283 721 1335 752 est.
1358 722 1413 752 Illa
1422 732 1494 751 vero
1505 724 1568 761 ejus
1578 723 1721 762 cupiditas
1732 726 1918 755 incredibilis
1932 726 1984 756 est.
2007 737 2076 757 nam
2089 737 2123 757 uc

1163 763 1314 803 infingula
1325 763 1479 796 conclavia,
1492 774 1557 804 quae
1568 764 1621 794 iste
1632 775 1696 794 non
1706 765 1801 796 modo
1811 769 1919 797 Romae
1928 788 1936 801 ‚
1948 768 1995 798 sed
2008 770 2040 798 in
2051 778 2103 798 om
2114 786 2121 790 -

1161 805 1251 834 nibus
1263 805 1343 834 villis
1353 805 1459 838 habet,
1478 807 1605 835 tricenos
1616 805 1712 836 lectos
1722 809 1838 846 optime
1848 807 1949 839 stratos
1958 820 2029 840 curn
2039 819 2100 840 cete
2109 826 2118 831 -

1160 847 1199 875 ris
1210 849 1396 877 ornamentis
1407 848 1543 877 convivii
1554 857 1696 888 quaereret
1705 868 1713 881 ‚
1733 849 1868 880 nimium
1888 851 1981 881 multa
1993 861 2118 892 eompa—

1159 897 1221 918 rare
1231 888 1391 918 videretur.
1415 889 1497 918 nulla
1507 889 1618 919 domus
1628 891 1660 918 in
1670 891 1769 920 Sicilia
1779 891 1910 930 locuples
1919 891 1987 926 fuit,
1999 894 2050 923 ubi
2062 893 2117 923 istc

1158 939 1224 959 non
1233 932 1401 960 textrinum
1410 930 1578 961 instituerit.
1602 932 1714 961 Mulier
1725 931 1766 961 est
1773 932 1925 973 Segestana
1936 954 1943 966 ,
1963 935 2098 973 perdives
2107 955 2116 969 ,

1160 970 1193 1001 &
1204 971 1317 1001 nobilis
1327 991 1335 1005 ‚
1349 974 1455 1002 Lamia
1465 974 1604 1002 nomine·
1627 983 1679 1013 pei*
1689 975 1856 1003 triennium
1867 974 1915 1004 isti
1925 975 2010 1014 plena
2021 976 2115 1007 domu

1159 1013 1281 1043 telarum
1293 1034 1301 1047 ,
1326 1013 1483 1054 stragulam
1502 1013 1616 1044 vestem
1629 1014 1776 1044 confecit:
1799 1017 1877 1045 nihil
1888 1016 1943 1046 nisi
1953 1019 2114 1057 conchylio

1158 1054 1302 1085 11061001.
1325 1053 1341 1074 ⁶
1351 1056 1466 1085 Attalus
1476 1076 1484 1089 ,
1498 1057 1595 1086 homo
1604 1057 1782 1096 pecuniosus
1793 1078 1800 1090 ‚
1815 1060 1888 1088 Neti
1899 1078 1907 1092 ‚
1920 1059 1999 1098 Lyso
2009 1080 2017 1092 ,
2029 1060 2116 1099 Lyli-

1158 1096 1213 1126 baei
1232 1108 1241 1132 3
1260 1097 1407 1127 Critolaus
1424 1100 1519 1128 Ennae
1538 1109 1548 1131 3
1569 1097 1712 1137 Syracusis
1732 1100 1868 1130 AEschrio
1879 1120 1887 1133 ‚
1913 1101 2092 1131 Cleomenes
2103 1123 2112 1135 ‚

1157 1138 1381 1169 Theomnastus
1394 1151 1402 1173 3
1421 1140 1518 1170 Pelori
1533 1140 1720 1169 Archonides
1731 1160 1739 1173 ‚
1760 1141 1916 1183 Megistus.
1938 1152 2001 1172 vox
2011 1153 2061 1172 me
2072 1145 2115 1173 ci—

1156 1179 1216 1209 tius
1225 1179 1377 1214 defecerit,
1388 1180 1478 1221 quam
1489 1183 1625 1211 nomina.
1641 1182 1705 1221 Ipse
1716 1182 1801 1212 dabat
1809 1193 1969 1223 purpuram
1980 1183 2110 1219 tantum,

1156 1223 1246 1251 amici
1257 1232 1368 1262 operas,
1381 1223 1479 1252 credo.
1503 1224 1566 1261 jam
1577 1226 1660 1254 enim
1672 1233 1735 1252 non
1746 1224 1819 1254 libet
1830 1227 1935 1254 omnia
1944 1228 2109 1259 criminari.

1154 1262 1234 1304 quafi
1245 1265 1302 1294 hoc
1312 1265 1390 1294 mihi
1401 1274 1465 1294 non
1484 1263 1605 1294 satis-sit
1615 1265 1650 1295 ad
1662 1266 1776 1295 crimen
1788 1286 1795 1298 ‚
1812 1265 1944 1296 liabuiss‘c
1962 1274 2023 1296 tam
2036 1270 2113 1297 mul-

1155 1312 1218 1333 tum
1229 1326 1237 1338 ,
1249 1306 1331 1346 quod
1340 1305 1422 1336 daret
1434 1317 1439 1334 ·.
1454 1304 1582 1336 voluisse
1591 1306 1744 1346 deportare
1755 1316 1814 1337 tam
1825 1309 1934 1338 muita:
1955 1309 2013 1339 hoc
2022 1309 2108 1339 deni-

1177 1357 1226 1380 ue,
1242 1347 1323 1388 quod
1334 1348 1488 1382 concedit,
1501 1350 1669 1378 amicorum
1681 1351 1778 1389 operis
1789 1348 1846 1379 effe
1856 1352 1889 1379 in
1899 1351 2110 1389 hujuscemodi

1154 1389 1240 1418 rebus
1252 1390 1349 1419 usum.
1379 1391 1448 1430 Jarn
1468 1389 1540 1419 vcro
1558 1388 1651 1420 106105
1662 1399 1765 1420 aeratos
1776 1411 1784 1423 .
1806 1391 1839 1421 &
1849 1392 2022 1422 candelabra
2030 1403 2111 1423 aenea

1154 1439 1230 1460 num
1241 1432 1307 1464 cui,
1328 1430 1496 1470 praeteristu
1502 1441 1531 1461 m
1543 1452 1551 1465 ,
1567 1431 1712 1471 Syracusis
1721 1442 1773 1472 pei·
1784 1434 1950 1463 triennium
1966 1433 2041 1463 fafi'ta
2050 1434 2110 1465 esse

1152 1471 1331 1502 existimatis
1342 1476 1353 1501 ἓ
1377 1473 1505 1503 Emebat
1514 1493 1521 1506 ,
1540 1473 1640 1503 credo.
1671 1474 1727 1503 Sed
1744 1473 1861 1504 tantum
1882 1485 1935 1505 vos
1950 1478 2088 1506 ceitiores
2098 1497 2108 1510 „

1149 1513 1160 1552 j
1165 1513 1265 1543 udices
1275 1534 1284 1547 ,
1304 1513 1383 1544 facio
1393 1535 1401 1548 ,
1414 1515 1486 1554 quid
1497 1514 1550 1545 iste
1560 1517 1592 1544 in
1603 1517 1756 1555 provincia
1765 1525 1872 1555 praetor
1881 1519 1972 1557 egerit
1981 1537 1989 1550 ,
2011 1528 2048 1547 ne
2059 1521 2108 1547 cui

1149 1553 1229 1585 forte
1240 1558 1374 1585 nimium
1387 1557 1524 1596 negligens
1532 1555 1618 1587 fuisse
1629 1557 1773 1591 videatur,
1790 1568 1887 1597 neque
1901 1559 1929 1588 se
1938 1559 2005 1589 satis
2014 1580 2022 1593 ,
2033 1558 2106 1590 cum

1149 1596 1326 1637 potestatem
1346 1598 1483 1628 habuerit
1491 1618 1500 1631 ,
1522 1597 1691 1628 instruxifle
1710 1599 1742 1628 &
1753 1598 1876 1629 ornass'e.
1907 1603 2008 1630 Venio
2026 1611 2108 1632 nunc

1151 1649 1216 1668 non
1233 1640 1295 1677 jam
1312 1639 1346 1669 ad
1366 1638 1479 1669 furtum
1491 1659 1499 1672 ,
1525 1650 1589 1670 non
1602 1640 1637 1669 ad
1647 1642 1801 1670 avaritiam
1812 1661 1819 1674 ‚
1842 1651 1906 1672 non
1917 1642 1951 1672 ad
1962 1643 2108 1682 cupidita-

1150 1689 1212 1710 tem
1225 1701 1233 1714 ,
1247 1681 1296 1711 sed
1306 1681 1455 1721 ejusmodi
1469 1681 1583 1711 facinus
1594 1702 1602 1714 ‚
1617 1683 1650 1711 in
1660 1692 1721 1722 quo
1732 1692 1826 1711 omma
1838 1683 1947 1723 nefaria
1961 1687 2108 1715 contineri

1151 1724 1229 1752 mihi
1240 1743 1248 1756 ,
1274 1731 1361 1763 atque
1376 1721 1468 1753 inesse
1482 1723 1656 1753 videantur:
1675 1726 1708 1753 in
1718 1734 1779 1765 quo
1789 1725 1831 1754 dii
1842 1727 2031 1756 immortales
2041 1729 2108 1757 vio-

1149 1764 1199 1794 lati
1211 1785 1219 1798 ,
1240 1764 1426 1795 existimatio
1437 1774 1522 1806 atque
1532 1765 1690 1795 aufiioritas
1701 1768 1840 1796 nominis
1857 1768 1962 1807 populi
1972 1770 2108 1799 Romani

1149 1807 1330 1840 imminuta,
1352 1807 1517 1846 hospitium
1532 1807 1690 1847 spoliatum
1710 1817 1742 1837 ac
1759 1808 1914 1847 proditum
1926 1829 1934 1843 ,
1950 1809 2107 1841 abalienati

1149 1848 1256 1878 scelere
1266 1848 1349 1878 istius
1360 1847 1375 1878 a
1385 1848 1475 1878 nobis
1485 1858 1593 1878 omnes
1603 1859 1683 1890 reges
1694 1848 1862 1879 amiciffimi
1871 1870 1879 1884 ,
1892 1852 2086 1892 nationesque
2094 1873 2104 1885 ,.

1148 1900 1215 1930 quae
1225 1892 1258 1919 in
1267 1900 1374 1919 eorum
1384 1900 1476 1931 regno
1487 1910 1495 1923 ‚
1515 1900 1547 1920 ac
1561 1890 1678 1920 ditione
1697 1891 1774 1920 sunt.
1807 1893 1888 1921 Nam
1901 1903 1982 1934 reges
1993 1896 2081 1932 Syria:
2094 1915 2104 1925 .

1147 1933 1223 1972 regis
1234 1933 1380 1961 Antiochi
1391 1930 1471 1961 filios
1479 1941 1587 1971 pueros
1596 1951 1605 1965 ,
1617 1932 1695 1961 scitis
1706 1934 1816 1962 Romae
1828 1943 1925 1973 nuper
1932 1933 2019 1964 1011Υο
2031 1946 2036 1963 :
2048 1938 2103 1976 qui

1146 1981 1290 2002 venerant
1299 1983 1362 2002 non
1373 1981 1493 2013 propter
1501 1975 1591 2012 Syriae
1601 1983 1726 2015 regnum
1740 1983 1745 2002 :
1764 1984 1835 2004 nam
1853 1976 1883 2005 id
1902 1974 1962 2005 sine
1979 1985 2104 2006 contro-

1146 2012 1236 2044 verfia
1247 2014 1442 2048 obtinebant,
1463 2024 1495 2044 ut
1513 2013 1529 2044 a
1546 2023 1643 2054 patre,
1665 2015 1722 2045 &a
1733 2016 1897 2055 majoribus
1911 2026 2100 2057 acceperant:

1147 2055 1195 2085 sed
1213 2065 1339 2096 regnum
1352 2057 1471 2097 AEgypti
1484 2056 1519 2086 ad
1532 2057 1560 2086 se
1571 2076 1579 2088 ‚
1602 2057 1635 2086 &
1644 2056 1679 2086 ad
1690 2057 1817 2087 Selenen
1828 2077 1836 2091 ‚
1857 2068 1984 2089 matrem
2005 2060 2101 2093 suam.

1145 2099 1293 2137 pertinere
1309 2097 1531 2128 arbitrabantur.
1562 2102 1576 2125 7
1588 2099 1630 2127 Hi
1649 2097 1702 2138 ipsi
1720 2098 1912 2140 posteaquam
1935 2100 2103 2142 temporibus

1147 2139 1226 2181 Reip.
1238 2139 1356 2181 exclusi,
1367 2149 1419 2179 per
1432 2139 1566 2169 senatum
1576 2149 1660 2179 agere
1668 2150 1733 2180 qua:
1744 2141 1908 2175 voluerant,
1921 2152 1985 2172 non
1994 2151 2103 2182 potue-

1146 2190 1217 2211 runt
1226 2200 1235 2215 ,
1252 2183 1285 2211 in
1294 2183 1419 2221 Syriam,
1437 2183 1470 2210 in
1479 2191 1604 2222 regnum
1614 2184 1744 2221 patrium
1753 2182 1881 2222 profezffi
1893 2184 1969 2213 sunt.
1992 2195 2101 2215 eorum

1144 2222 1218 2252 alter
1228 2243 1236 2256 ,
1259 2225 1311 2263 qui
1321 2223 1489 2253 Antiochus
1508 2232 1646 2256 vocatur,
1668 2225 1724 2253 iter
1736 2233 1789 2263 per
1797 2225 1931 2255 Siciliam
1941 2224 2036 2255 facere
2046 2236 2103 2257 vo-

1144 2264 1211 2294 luit.
1234 2266 1332 2305 itaque
1350 2264 1407 2294 isto
1420 2273 1544 2304 praetore
1561 2267 1646 2294 venit
1654 2265 1813 2305 Syracusis.
1836 2265 1885 2296 hic
1894 2269 2001 2297 Verres
2017 2269 2101 2299 here-

1143 2305 1268 2336 ditatem
1278 2306 1331 2336 sibi
1340 2304 1454 2337 veniss'e
1463 2305 1617 2336 arbitratus
1625 2306 1668 2337 est
1678 2327 1687 2339 ‚
1699 2307 1781 2348 quod
1793 2309 1826 2337 in
1839 2309 1903 2348 ejus
1913 2319 2028 2348 regnum
2038 2329 2047 2343 ,
2067 2320 2101 2341 ac

1145 2357 1251 2378 manus
1260 2357 1380 2379 venerat
1391 2350 1416 2378 is
1426 2368 1434 2382 ,
1457 2357 1547 2388 quem
1558 2347 1612 2378 iste
1623 2349 1656 2379 &
1665 2350 1798 2379 audierat
1808 2351 1903 2380 multa
1917 2351 2014 2380 secum
2024 2361 2101 2391 prae·

1142 2390 1217 2420 clara
1233 2389 1359 2423 habere,
1382 2390 1415 2420 &
1426 2390 1630 2429 suspicabatur.
1653 2392 1750 2421 mittit
1766 2392 1887 2421 homini
1897 2402 2023 2423 munera
2034 2393 2099 2424 satis

1142 2431 1220 2473 large
1233 2442 1238 2461 :
1257 2426 1273 2450 3
1283 2433 1346 2462 haec
1355 2431 1391 2462 ad
1401 2432 1489 2462 usum
1501 2431 1712 2462 domesticum.
1735 2434 1817 2466 vini,
1831 2433 1892 2462 olei
1902 2433 1983 2474 quod
1997 2434 2099 2466 visum

1144 2482 1204 2503 erat
1215 2484 1220 2502 ε
1233 2475 1324 2504 etiam
1336 2475 1436 2506 tritici,
1448 2472 1530 2513 quod
1541 2473 1606 2504 satis
1617 2471 1698 2507 esset,
1708 2473 1744 2503 de
1756 2475 1816 2504 suis
1825 2474 1970 2504 decumis.
1985 2475 2097 2507 deinde

1142 2515 1241 2554 ipsum
1251 2526 1351 2557 regem
1361 2515 1395 2545 ad
1409 2524 1513 2545 cenam
1522 2516 1649 2545 vocavit.
1673 2524 1799 2545 exornat
1815 2515 1914 2556 ample
1925 2536 1933 2550 ,
1957 2517 2100 2558 magnifi-

1143 2567 1235 2597 ceque
1245 2558 1412 2587 triclinium
1425 2567 1430 2585 :
1449 2558 1575 2596 exponit
1583 2565 1616 2586 ea
1625 2576 1633 2590 ‚
1644 2557 1753 2596 quibus
1763 2557 1946 2592 abundabat,
1965 2559 2098 2598 plurima

1143 2608 1176 2629 ac
1184 2599 1387 2639 pulcherrima
1395 2597 1460 2629 vasa
1469 2606 1613 2639 argentea.
1635 2607 1766 2639 namque
1775 2600 1838 2630 hacc
1853 2609 1939 2631 aurea
1953 2601 2097 2633 nondum

2020 2643 2101 2674 fece-

174 2722 188 2730 κ

180 2752 190 2769 1
198 2763 204 2769 .
217 2743 275 2775 [nst.
283 2742 393 2774 officinam
401 2741 517 2774 Syracufis
527 2742 567 2766 :in
577 2742 662 2772 regiam
672 2741 799 2774 quiznam
805 2737 915 2772 palam]
927 2737 1022 2765 Codex
1032 2739 1056 2765 C
1060 2747 1091 2764 u-

136 2778 200 2813 jaci}
209 2787 240 2805 ac
249 2777 358 2803 Gruter'i
370 2787 375 2803 ε
387 2778 443 2808 Inst.
454 2777 563 2810 officinam
571 2776 686 2809 Syracusis
693 2778 721 2801 in
731 2778 794 2809 regia
803 2777 943 2806 maximam,
949 2776 1034 2807 palam
1042 2775 1093 2805 &aa

139 2814 226 2842 fortan
237 2813 342 2840 melius.
361 2812 388 2838 δε
400 2812 432 2838 s1c
442 2821 546 2847 quoque
558 2811 760 2847 Hittorpianus.

176 2859 206 2877 2.
233 2853 266 2876 Eu
274 2850 379 2875 conducit
387 2857 494 2881 maenam
510 2849 626 2873 hominum
642 2847 840 2881 multitudinem]
862 2846 985 2882 Hittorp.
996 2856 1032 2872 eos
1041 2856 1095 2872 con-

138 2887 221 2913 «ludit.
241 2894 325 2921 neque
334 2884 412 2911 aliter
422 2884 514 2918 Cujic.
535 2883 580 2910 nisi
592 2882 663 2919 quod
677 2884 697 2909 is
709 2890 834 2919 ptaeterea
846 2902 855 2915 ,
874 2892 960 2915 marsna
978 2885 1095 2908 hominum

139 2920 327 2948 msffistffiina&
341 2930 402 2947 vero
413 2920 517 2946 videtur
527 2919 580 2955 legi
590 2918 661 2956 poss‘e
672 2931 678 2947 :
692 2921 714 2945 eb
724 2920 838 2945 concludit
847 2928 954 2952 magnam
963 2920 1022 2945 hom.
1033 2921 1096 2944 mul-

138 2958 276 2984 ⁴n'tudiiaeem:
289 2964 334 2984 aut
344 2956 426 2992 magis
440 2957 461 2982 eb
472 2958 588 2989 conclusit.

178 3001 205 3029 3.
223 2997 262 3019 Ita
279 2994 332 3024 αριὲ
350 2996 375 3018 in
386 2994 475 3027 Jiyphis·
492 2992 571 3017 aureis
587 2991 747 3025 includebat]
768 2992 855 3017 Excer
875 2998 900 3018 ta
914 2991 941 3017 &
954 2991 1056 3026 Cujacii
1067 2991 1096 3017 &

141 3028 277 3065 Hittorpii
289 3048 297 3060 ,
310 3029 404 3062 scaphis
423 3028 502 3054 aureis
519 3028 622 3054 conclud.
642 3027 804 3053 Gulielmius
815 3001 935 3053 τάξι-11111
944 3028 1061 3061 scaphiz's.
1082 3029 1096 3054 a

140 3064 249 3100 scapha3
263 3072 291 3091 ut
301 3066 416 3098 cymbium
426 3066 441 3090 ὁ.
452 3063 556 3100 Cymba
566 3073 574 3094 ;
587 3071 617 3090 ut
625 3063 676 3090 alia
685 3064 809 3100 pleraque
818 3063 977 3100 poculorum
987 3072 1095 3100 genera,

142 3098 176 3126 de
186 3109 239 3136 quo
249 3099 398 3126 Macrobius
409 3099 456 3126 lib.
467 3108 494 3126 v,
505 3101 612 3127 Satur-n.
623 3108 678 3136 cap.
689 3109 722 3125 ιι
730 3120 736 3126 .

178 3142 207 3168 4.
224 3131 405 3175 Daistfuspallio
416 3155 425 3167 ‚
441 3138 524 3164 tunica
527 3136 675 3172 psalmam]
695 3136 763 3166 Pali.
774 3135 939 3165 Gruter-ed.
948 3136 1080 3169 101.μίὰό
1091 3153 1099 3168 ,

137 3174 207 3208 &aa
217 3181 223 3197 :
233 3171 285 3198 sine
294 3171 342 3199 illo
350 3174 444 3199 tundet.

1174 2747 1200 2772 5.
1219 2739 1285 2771 Qui
1299 2749 1344 2764 non
1364 2738 1426 2764 modi»
1445 2741 1470 2764 in
1479 2736 1586 2771 Sicilia]
1609 2737 1767 2765 Emendatio
1778 2739 1813 2766 est
1824 2740 1839 2766 a
1851 2740 1953 2766 Mureti
1964 2740 2032 2767 libro
2044 2751 2096 2769 111.

1137 2784 1193 2811 cap.
1205 2774 1231 2801 8.
1244 2775 1340 2801 variar.
1352 2774 1416 2800 1081.
1435 2773 1602 2809 affirmatque
1613 2773 1757 2801 Lambinus
1769 2776 1869 2802 exstare
1879 2776 1906 2803 iii
1917 2775 1967 2803 suis
1980 2777 2037 2804 mss.
2048 2778 2096 2806 be-

1138 2821 1182 2842 ne,
1194 2811 1273 2837 nostri
1285 2819 1371 2837 tamen
1382 2810 1509 2837 accedunt
1519 2810 1632 2846 vulgatoe
1644 2829 1652 2842 ‚
1669 2813 1727 2844 quin
1735 2821 1780 2836 non
1788 2812 1839 2842 ςΞ-τ.

1173 2847 1201 2872 6.
1220 2849 1334 2874 cArtalm
1343 2849 1403 2872 homo
1418 2847 1552 2879 pecuniofin
1563 2865 1571 2877 ,
1590 2848 1646 2871 Nm·
1656 2865 1664 2877 ,
1682 2847 1738 2881 Lyso
1749 2866 1756 2878 ‚
1776 2848 1870 2882 Lib-bei
1879 2867 1887 2879 ‚
1909 2848 1965 2882 ἶνα]
1989 2849 2094 2876 Aufler

1137 2882 1213 2916 hujus
1224 2883 1347 2910 leStioiiis
1358 2881 1497 2908 Turnebus
1509 2881 1741 2918 1ib.v111.cap.x0.
1753 2882 1866 2910 Advers.
1880 2888 1894 2910 e
1908 2885 2022 2921 vestigiis
2034 2885 2093 2912 011ὶῖ

1139 2919 1219 2954 vulgo
1230 2920 1300 2945 euim
1312 2938 1320 2950 ‚
1329 2919 1464 2952 pecuniosus·
1475 2937 1482 2949 ‚
1494 2927 1535 2943 nec
1543 2919 1611 2951 vulgo
1620 2920 1722 2952 Lilybei.

1176 2963 1204 2988 7.
1226 2959 1256 2981 Hi
1265 2957 1307 2988 ipsi
1318 2957 1466 2988 qulcaquam
1477 2956 1615 2987 temporibus
1623 2955 1745 2989 Reipuhl]
1766 2955 1958 2992 Obtemperavi
1970 2957 2095 2993 Hittorp.

1137 3000 1167 3018 ac
1177 2991 1270 3024 Cujac.
1280 2992 1307 3016 in
1319 2989 1412 3026 quibus
1424 2991 1459 3016 ita
1469 2997 1544 3022 erat5
1561 3000 1614 3017 non
1625 2991 1692 3017 utin
1703 2991 1780 3018 hodie
1793 2992 1922 3029 vulgatis:
1941 2996 2098 3029 Hipifiquam

1139 3028 1278 3059 temporibus
1285 3028 1362 3059 populi
1370 3029 1434 3051 Rom.

1176 3062 1204 3088 8.
1223 3066 1274 3088 Haec
1282 3063 1387 3095 adrasum
1395 3061 1563 3096 domesticum]
1574 3062 1738 3098 Supervacua
1747 3064 1804 3090 heic
1813 3064 1942 3100 particula
1952 3067 2006 3091 hirc.
2028 3063 2096 3091 mal-

1143 3099 1194 3125 lein
1206 3097 1348 3124 transferre
1361 3097 1429 3124 infra
1443 3117 1450 3129 ,
1461 3097 1575 3134 ponique
1585 3107 1646 3125 ante
1656 3099 1736 3133 deficis
1746 3101 1854 3129 decmm's.
1875 3100 1908 3129 fic
1919 3101 1990 3129 enim
2001 3102 2095 3135 Cujac,

1143 3135 1170 3161 &
1183 3135 1306 3171 Hittorp.
1317 3143 1368 3162 non
1380 3141 1410 3162 ut
1420 3134 1501 3170 vulgo
1513 3153 1521 3168 ‚
1531 3134 1557 3162 de
1565 3135 1600 3161 his
1610 3135 1659 3161 dcc.

1615 3205 1697 3241 sz
2010 3205 2099 3235 tud
