2339 3379
381 157 584 203 Emszr.
617 168 690 198 AD
720 150 1276 208 SER.SULP101UM,
1301 165 1376 198 ET
1401 153 1728 210 CETERos,
1755 159 1983 204 L113.IV.

228 236 284 267 bus
297 246 352 266 nos
373 236 448 266 olim
467 233 653 274 adjutoribus
673 231 750 263 illud
770 232 948 263 incendium
968 232 1188 263 exstinximus:
1213 238 1216 275 y

229 279 273 312 &,
284 280 317 309 in
328 288 385 319 qua
399 278 469 307 urbe
484 276 578 306 modo
588 277 677 317 gratia
686 294 697 308 ,
707 274 884 306 au6toritate
895 295 902 309 ‚
914 275 1007 316 gloria
1017 274 1187 307 floruimus,
1211 278 1214 321 ι

228 323 262 350 in
273 330 304 350 ea
316 320 443 352 nunciis
453 318 576 358 quidem
589 317 733 348 omnibus
745 327 890 347 caremus.
907 317 1088 347 obtinemus
1098 314 1185 355 ipsius
1210 324 1212 334 ¹

228 362 347 392 Caesaris
364 361 513 391 summam
524 370 589 401 erga
607 369 663 390 nos
682 360 911 390 humanitatem.
935 358 984 389 sed
1001 368 1033 389 ea
1042 358 1109 398 plus
1122 367 1186 387 non

226 402 332 444 potest,
347 402 438 444 quarn
448 404 494 432 vis
505 422 513 436 ‚
530 401 562 431 δε
577 403 704 432 mutatio
714 403 857 432 omnium
868 410 967 431 rerum
979 421 990 434 ,
1010 409 1098 440 atque
1106 408 1186 434 tem—

226 454 346 488 porum.
369 446 471 484 Itaque
483 442 572 473 orbus
583 445 621 473 iis
640 443 726 474 rebus
740 444 905 477 omnibus,
919 442 1029 484 quibus
1040 442 1072 472 &
1083 449 1186 472 natura

225 497 287 519 me,
304 486 335 516 &
348 485 504 520 voluntas,
522 483 962 516 &consuetudoassuefecerat:
985 482 1057 514 cum
1067 484 1184 516 ceteris,

227 528 261 559 ὃς
271 527 393 569 quidem
406 527 522 562 videor,
533 537 598 558 tum
612 528 687 558 mihi
700 528 759 567 ipse
771 527 923 567 displiceo.
949 529 1044 556 Natus
1054 527 1139 556 enim
1150 524 1184 554 ad

226 569 375 612 agendum
394 570 510 610 semper
527 571 640 611 aliquid
660 569 785 611 dignum
801 572 885 603 viro,
905 578 986 599 nunc
1005 578 1069 598 non
1088 565 1184 597 modo

224 611 329 652 agendi
342 614 490 642 rationem
502 613 616 643 nullam
631 612 725 642 habco
737 632 746 645 ,
766 611 814 642 sed
830 622 867 641 ne
877 610 1026 652 cogitandi
1036 609 1161 650 quidem
1178 619 1183 637 ;

227 654 277 688 &,
292 657 343 695 qui
355 654 439 685 antea
448 664 495 684 aut
507 655 640 684 obscuris
653 653 831 683 hominibus
843 673 852 687 ,
870 662 919 682 aut
937 654 1027 682 etiam
1046 651 1184 681 sontibus

227 697 366 736 opitulari
379 706 525 736 poteram,
542 707 623 726 nunc
633 699 663 727 P.
676 694 814 736 Nigidio,
826 695 879 724 uni
895 695 1038 724 omnium
1050 690 1183 738 doffiffi-

228 748 281 768 mo
291 759 298 771 ‚
316 738 347 769 &
359 737 543 769 santiliffimo
554 758 562 773 ‚
580 738 611 769 δε
624 747 756 768 maxima
769 736 921 777 quondam
933 736 1022 776 gratia
1032 754 1039 768 ‚
1062 733 1095 763 &
1107 734 1183 763 mihi

226 780 305 811 certe
319 779 519 815 amicissimo,
544 791 582 810 ne
601 778 730 820 benigne
750 777 874 818 quidem
894 776 1029 816 polliceri
1048 773 1180 815 possum.

226 824 304 863 Ergo
315 823 372 853 hoc
380 832 515 862 ereptum
532 821 573 852 est
588 822 750 851 litterarum
766 828 872 859 genus.
895 817 1063 863 Reliquum
1078 815 1137 850 est,
1151 826 1183 847 ut

224 865 362 894 consoler
375 885 383 898 ,
405 864 437 894 &
447 863 565 894 afferam
577 865 704 893 rationes
717 882 725 894 ‚
736 860 846 901 quibus
860 859 913 890 tea
928 858 1075 890 molestiis
1091 868 1183 889 coner

224 905 378 936 abducere.
403 908 443 935 At
452 916 484 935 ea
497 904 620 946 quidem
631 903 754 933 facultas
772 902 819 932 vel
836 904 897 936 tui,
918 901 967 931 vel
977 901 1097 932 alterius
1107 911 1182 931 con-

223 948 358 982 solandi,
381 949 413 977 in
425 957 451 976 te
462 947 579 977 summa
594 945 636 975 est
647 965 659 978 ,
676 943 695 974 fi
706 954 851 985 umquam
866 946 899 974 in
913 944 978 973 ullo
989 942 1054 973 fuit.
1080 946 1180 984 Itaque

223 999 288 1019 eam
299 998 411 1029 partem
422 1008 430 1021 ,
445 998 511 1028 quae
521 988 556 1018 ab
568 985 710 1029 exquisita
720 986 848 1027 quadam
859 987 984 1019 ratione,
1003 985 1034 1015 &
1045 984 1181 1015 doctrina

221 1030 426 1070 proficiscitur,
439 1040 502 1059 non
513 1032 668 1071 attingam,
681 1029 736 1059 tibi
750 1038 846 1059 totam
856 1028 1034 1069 relinquam.
1054 1027 1136 1068 Qid
1148 1025 1181 1056 sit

220 1072 305 1105 forti,
317 1071 349 1101 δε
359 1071 482 1111 sapienti
495 1072 620 1101 homine
630 1071 757 1113 dignum
771 1081 776 1100 2
799 1070 871 1111 quid
881 1072 1015 1112 gravitas,
1029 1070 1102 1110 quid
1113 1070 1178 1099 alti-

225 1114 297 1144 tudo
308 1115 415 1147 animi,
427 1113 499 1154 quid
515 1113 577 1144 aila
589 1124 637 1144 tua
646 1116 716 1147 vita,
728 1112 800 1154 quid
813 1111 919 1145 studia,
932 1112 1003 1153 quid
1014 1121 1098 1145 artes,
1111 1112 1178 1152 qui-

221 1155 276 1185 bus
295 1154 310 1185 a
330 1156 456 1195 pueritia
473 1154 619 1189 floruisti,
640 1155 656 1186 a
675 1164 702 1185 te
725 1154 858 1196 flagitent
872 1175 880 1188 ,
899 1164 930 1184 tu
951 1153 1077 1184 videbis.
1103 1155 1177 1195 Ego,

219 1196 302 1238 quod
315 1197 491 1238 intelligere,
508 1197 540 1227 &
552 1198 672 1231 sentire,
683 1198 753 1237 quia
765 1197 828 1226 sum
840 1198 962 1230 Romae,
973 1196 1004 1226 &
1015 1197 1084 1237 quia
1095 1205 1177 1229 curo,

218 1237 541 1280 attendoque‚poss'um
555 1249 559 1268 ῑ
582 1239 613 1269 id
623 1239 678 1270 tibi
688 1236 807 1269 affirmo
822 1258 830 1272 ,
851 1247 879 1269 te
891 1240 922 1268 in
941 1237 1005 1268 istis
1020 1236 1178 1271 molestiis,

217 1282 252 1312 in
263 1281 372 1322 quibus
386 1290 416 1310 es
425 1282 484 1311 hoc
493 1289 628 1321 tempore
641 1302 650 1314 ,
662 1290 724 1311 non
736 1279 850 1311 diutius
860 1279 996 1310 futurum
1009 1290 1014 1308 :
1037 1281 1069 1309 in
1080 1281 1116 1309 iis
1128 1289 1179 1309 au-

219 1331 293 1356 tem,
305 1324 338 1352 in
348 1321 457 1363 quibus
467 1325 556 1353 etiam
568 1333 623 1353 nos
634 1324 736 1353 sumus
748 1342 759 1355 ‚
771 1320 888 1352 fortass'e
900 1322 1014 1361 semper
1024 1320 1100 1351 fore.
1124 1323 1180 1350 Vi-

219 1364 294 1395 deor
308 1366 387 1394 mihi
405 1365 565 1404 perspicere
584 1364 720 1404 primum
735 1361 825 1404 ipsius
843 1365 980 1393 animum
993 1383 1001 1397 ,
1017 1364 1068 1403 qui
1083 1362 1179 1402 pluri-

221 1416 307 1436 mum
319 1405 425 1446 potest,
434 1407 621 1446 propensum
636 1406 670 1436 ad
684 1405 808 1436 salutem
818 1414 909 1435 tuam.
927 1408 1001 1435 Non
1012 1405 1109 1435 scribo
1120 1405 1177 1435 hoc

189 1461 199 1469 ν
217 1449 341 1478 temere.
366 1457 433 1486 Qo
453 1458 563 1478 Minus
582 1446 740 1478 familiaris
751 1447 835 1480 sum,
856 1448 915 1477 hoc
925 1447 990 1477 sum
1003 1446 1039 1477 ad
1053 1445 1178 1478 :iuvesti-

217 1489 350 1531 gandum
361 1488 514 1520 curiosior.
538 1492 608 1529 Qio
617 1490 747 1524 facilius,
758 1490 868 1530 quibus
878 1488 920 1519 est
930 1491 1042 1522 iratior,
1054 1489 1176 1528 respon-

215 1532 284 1562 dere
299 1529 412 1561 tristius
433 1530 535 1571 poffit:
559 1534 616 1562 hoc
626 1531 669 1561 est
686 1532 783 1562 adhuc
802 1531 913 1561 tardior
937 1531 971 1561 ad
987 1540 1022 1562 te
1041 1529 1178 1561 molestia

214 1572 414 1603 liberandum.
429 1574 601 1604 Familiares
612 1573 683 1603 vero
694 1574 768 1614 ejus,
780 1573 812 1603 &
823 1575 844 1603 ii
854 1573 990 1614 quidem,
1004 1574 1056 1614 qui
1067 1573 1114 1603 illi
1123 1573 1177 1612 ju-

215 1613 396 1646 cundiffimi
409 1615 672 1649 sunt,mirabiliter
681 1616 718 1646 de
733 1625 759 1646 te
771 1615 1024 1657 &loquuntur,&
1034 1615 1176 1645 sentiunt.

217 1656 360 1691 Accedit,
388 1657 497 1687 eodem
513 1658 597 1699 vulgi
616 1658 754 1689 voluntas
774 1677 783 1691 ‚
810 1659 859 1687 vel
886 1659 987 1697 potius
1014 1657 1176 1690 consensus

214 1701 368 1729 omnium.
392 1701 480 1729 etiam
495 1700 561 1733 illa,
579 1709 644 1741 quae
654 1699 824 1730 minimum
839 1709 922 1730 nunc
931 1698 1057 1740 quidem
1067 1700 1174 1739 potest,

212 1740 262 1771 sed
272 1739 359 1781 poffit
369 1739 483 1771 necesse
495 1741 538 1772 est
548 1762 557 1776 ,
569 1741 640 1782 resp.
652 1745 662 1760 ¹
674 1742 876 1783 quascumque
887 1743 964 1772 vires
979 1741 1101 1772 habebit
1110 1761 1118 1775 ,
1139 1741 1176 1773 ab

213 1783 252 1812 iis
262 1781 331 1822 ipsis
341 1802 350 1816 ,
362 1783 474 1823 quibus
484 1792 618 1817 tenetur,
633 1783 669 1814 de
680 1793 707 1814 te
717 1785 893 1824 propediem
905 1783 1103 1824 (mihicrede)
1114 1785 1173 1813 im-

213 1823 347 1864 petrabit.
370 1824 493 1855 Redeoi
516 1827 576 1856 itur
585 1826 621 1856 ad
636 1826 721 1859 id,ut
731 1828 792 1865 jam
804 1825 860 1855 tibi
870 1827 958 1855 etiam
970 1825 1110 1864 pollicear
1118 1825 1175 1855 ali-

213 1865 286 1906 quid
299 1885 308 1898 ,
319 1866 400 1905 quod
411 1836 514 1906 primi}
527 1867 697 1897 omiseram.
721 1870 803 1898 Nam
815 1867 847 1896 &
858 1865 1042 1906 complefitar
1049 1868 1113 1906 ejus
1131 1866 1174 1897 fa—

213 1905 452 1941 miliarissimos,
472 1910 524 1949 qui
541 1919 592 1938 me
610 1908 776 1939 admodum
797 1909 950 1949 diligunt,
978 1908 1171 1949 multumque

212 1958 336 1979 mecum
354 1949 439 1980 sunt:
464 1950 497 1980 &
516 1952 550 1980 in
569 1948 659 1990 ipsius
676 1950 925 1980 consuetudinem
939 1969 947 1983 ,
966 1959 1058 1990 quam
1075 1949 1173 1981 adhuc

214 2000 301 2021 meus
310 1990 408 2030 pudor
425 1992 502 2021 mihi
512 1991 612 2022 clausit
622 2011 630 2025 ,
650 1991 824 2022 infinuabo:
849 1992 882 2022 ὃς
893 1992 969 2021 certe
981 1993 1101 2022 omneis
1111 1993 1172 2022 vias

212 2033 369 2074 persequar
379 2053 388 2066 ,
411 2033 520 2074 quibus
530 2034 640 2073 putabo
651 2033 739 2066 adid,
749 2033 830 2074 quod
841 2033 984 2064 volumus
994 2053 1001 2066 ‚
1013 2035 1170 2073 pervenire

212 2073 305 2114 poss'e.
329 2077 366 2104 In
377 2075 434 2105 hoc
445 2083 509 2106 toto
520 2085 627 2117 genere
637 2076 720 2115 plura
733 2075 838 2106 faciam
855 2095 863 2109 ,
884 2075 974 2116 quam
983 2074 1109 2106 scribere
1119 2085 1171 2106 au-

211 2116 280 2146 deo.
304 2118 402 2146 Cetera
413 2135 421 2150 ,
441 2126 506 2156 quae
526 2117 580 2147 tibi
593 2117 607 2148 a
618 2118 723 2148 multis
735 2127 874 2157 prompta
887 2115 945 2147 ess'e
955 2127 1035 2148 certo
1053 2118 1113 2147 scio
1125 2137 1135 2151 ,
1153 2116 1169 2147 a

210 2166 262 2187 me
272 2157 540 2197 suntpatatifi'ima.
564 2159 642 2188 nihil
658 2161 691 2188 in
709 2168 740 2188 re
758 2158 899 2188 familiari
922 2169 989 2189 mea
1006 2158 1066 2193 est,
1087 2158 1168 2200 quod

210 2208 267 2240 ego
277 2209 381 2229 meum
393 2201 498 2230 malim
509 2199 584 2234 effe,
603 2210 693 2241 quam
706 2209 801 2230 tuum.
826 2202 890 2230 Hac
907 2199 944 2230 de
953 2209 983 2229 re
994 2220 1002 2233 ,
1022 2200 1055 2230 &
1065 2200 1101 2230 de
1113 2202 1170 2231 hoc

229 2250 315 2271 enere
326 2249 402 2275 toto,
413 2242 472 2272 hoc
482 2241 578 2272 scribo
588 2241 715 2282 parcius,
729 2241 811 2283 quod
823 2251 850 2272 te
862 2262 870 2275 ,
886 2241 919 2271 &
932 2240 1014 2282 quod
1025 2242 1084 2282 ipse
1094 2252 1168 2272 con-

207 2251 272 2313 {do
283 2302 292 2317 ,
312 2283 426 2323 sperare
437 2285 519 2314 malo
530 2282 588 2314 effe
599 2284 724 2314 usurum
735 2286 801 2314 tuis.
826 2287 1008 2314 Extremum
1026 2283 1102 2314 illud
1115 2283 1166 2318 est,

207 2325 223 2343 ²
236 2334 267 2355 ut
277 2333 305 2355 te
315 2334 400 2355 orem
412 2344 420 2358 ‚
443 2326 476 2356 ὃς
486 2326 638 2356 obsecrem
650 2345 658 2360 ,
681 2328 786 2356 animo
797 2334 829 2355 ut
839 2327 977 2355 maximo
989 2324 1039 2355 fis:
1063 2336 1118 2356 nec
1137 2336 1170 2356 ea

206 2366 306 2399 solum
317 2368 495 2398 memineris
504 2387 513 2401 ,
525 2377 590 2409 quae
599 2367 636 2397 ab
649 2368 714 2397 aliis
726 2369 844 2407 magnis
855 2369 926 2397 viris
937 2366 1074 2406 accepisti
1090 2378 1095 2396 ε
1119 2368 1168 2398 sed

205 2408 258 2438 illa
275 2411 363 2439 etiam
375 2428 384 2442 ‚
404 2410 674 2450 quaeipseingenio
689 2430 698 2444 ,
716 2408 875 2449 studioque
892 2409 1042 2448 peperisti.
1066 2419 1130 2450 quae
1146 2408 1166 2438 si

207 2449 349 2491 colliges:
374 2451 407 2481 &
417 2451 543 2491 sperabis
553 2453 658 2482 omnia
667 2451 796 2492 optime,
812 2452 844 2481 &
853 2461 919 2492 quae
928 2451 1063 2481 accident
1071 2470 1080 2484 2
1092 2461 1166 2492 qua—

204 2491 375 2532 liacumque
385 2502 472 2524 erunt
483 2513 492 2527 ,
511 2494 656 2533 sapienter
667 2492 754 2523 feres.
777 2493 834 2524 Sed
844 2494 907 2524 haec
921 2501 952 2522 tu
973 2493 1083 2523 melius
1092 2513 1108 2527 ,.
1117 2493 1164 2522 vel

205 2534 323 2573 optime
334 2535 487 2565 omnium.
500 2538 575 2576 Ego,
587 2545 651 2577 quae
661 2538 809 2575 pertinere
819 2535 858 2565 ad
868 2545 894 2565 te
909 2535 1088 2576 intelligam,
1102 2533 1163 2565 stu-

205 2574 369 2606 diosissime
378 2580 383 2597 l
392 2580 496 2607 omnia
505 2597 514 2611 ,
535 2577 817 2619 diligentiffimeque
829 2575 938 2607 curabo
950 2587 955 2605 :
979 2586 1162 2618 tuorumque

204 2616 371 2647 tristifl'imo
382 2627 452 2648 meo
471 2627 607 2660 tempore
625 2622 807 2650 meritorum
826 2628 893 2660 erga
911 2627 961 2648 me
979 2621 1161 2650 memoriam

202 2659 400 2690 conservabo.
422 2660 506 2692 Vale.

2102 161 2194 221 671

1420 237 1464 265 M.
1477 238 1514 266 T.
1527 238 1561 266 C.
1574 239 1601 267 S.
1615 239 1654 267 D.
1678 239 1751 268 CN.
1776 239 2011 269 PLANCIO.

1310 279 1390 306 INAS
1406 277 1419 307 a
1435 286 1462 307 te
1472 281 1568 318 accepi
1579 279 1690 309 litteras
1700 299 1708 312 ,
1721 282 1855 319 Corcyrae
1867 280 1963 311 datas:
1989 290 2114 321 quarum
2125 281 2198 311 alte-

1311 321 1349 348 ris
1364 320 1440 349 mihi
1449 321 1627 360 gratulabare
1638 342 1648 354 ,
1665 321 1747 362 quod
1760 320 1885 352 audisses
1896 343 1904 356 ,
1926 333 1975 353 me
1986 333 2084 354 meam
2096 323 2197 364 pristi-

1235 368 1312 404 nam·
1329 360 1507 400 dignitatern
1527 363 1662 393 obtinere
1676 373 1682 392 :
1705 364 1803 394 alteris
1831 364 1948 395 dicebas
1970 373 1999 395 te
2016 365 2107 399 velle,
2130 375 2196 406 quae

1234 398 1368 440 egissem,
1382 403 1458 432 bene
1468 423 1475 436 ,
1490 403 1660 435 &feliciter
1670 407 1799 435 evenire.
1824 408 1887 447 Ego
1897 415 1996 441 autem
2009 427 2018 441 ,
2034 406 2053 437 si
2065 407 2194 449 dignitas

1234 441 1292 474 est,
1312 442 1388 472 bene
1398 444 1433 473 de
1448 445 1550 484 repub.
1569 446 1696 480 sentire,
1718 447 1751 478 δε
1770 447 1860 477 bonis
1881 450 1953 478 viris
1966 449 2088 489 probare
2107 449 2193 490 quod

1231 483 1356 513 sentias:
1377 484 1503 516 obtineo
1513 487 1687 527 dignitatem
1702 499 1813 519 meam.
1837 488 1880 520 sin
1890 499 1989 521 autem
2000 493 2032 521 in
2042 501 2078 521 eo
2090 491 2191 533 digni-

1232 532 1273 554 tas
1283 524 1326 554 est
1336 544 1344 558 ‚
1365 526 1446 566 quod
1458 527 1564 558 sentias
1575 549 1583 561 ,
1595 539 1683 559 autre
1694 529 1809 560 efficere
1819 551 1826 565 ‚
1839 530 1858 560 si
1874 531 1964 571 possis
1975 553 1983 566 ,
1999 543 2047 563 ant
2058 533 2189 575 denique

1230 566 1324 597 libera
1334 569 1469 597 oratione
1479 568 1656 600 defendere:
1680 582 1717 601 ne
1727 572 1887 614 vestigium
1899 574 2023 615 quidem
2036 576 2132 606 ullum
2144 575 2187 606 est

1230 609 1379 649 reliquum
1393 609 1481 639 nobis
1496 610 1664 651 dignitatis:
1685 614 1837 654 agiturque
1846 616 1982 655 prazclare
1993 636 2000 650 ,
2023 615 2042 646 si
2054 618 2188 648 nosmet-

1231 650 1309 690 ipsos
1322 660 1418 690 regere
1429 650 1585 690 possumus
1594 673 1602 686 ,
1614 662 1646 683 ut
1657 664 1689 684 ea
1701 675 1709 687 ‚
1723 665 1787 695 quac
1798 658 1972 697 pa-rtimjam
1984 659 2090 689 adsunt
2101 681 2108 693 ,
2119 669 2186 699 par-

1231 694 1286 722 tim
1298 692 1493 732 impendent,
1516 694 1669 725 moderate
1688 695 1835 726 feramus:
1856 700 1938 739 quod
1959 700 2000 731 est
2017 699 2187 731 difficilem

1229 734 1379 773 ejusmodi
1389 733 1471 764 bello
1485 756 1492 768 ,
1517 737 1602 776 cujus
1613 738 1711 767 exitus
1725 748 1762 768 ex
1773 739 1861 770 altera
1871 751 1949 780 pai-te
1963 742 2075 773 caedem
2087 742 2187 773 osten-

1230 784 1288 809 tat,
1309 786 1347 806 ex
1366 777 1453 807 altera
1473 777 1658 808 servitutem.
1681 781 1751 820 Qo
1773 781 1805 809 in
1822 783 1955 820 periculo
1974 785 2117 815 nonnihil
2135 795 2186 815 me

1227 819 1416 853 consolatur,
1432 829 1503 849 cum
1518 820 1657 850 recordor
1669 841 1677 854 ‚
1693 821 1755 851 haec
1766 831 1814 851 nie
1836 832 1899 853 tum
1919 825 2040 860 vidisse,
2059 837 2129 857 cum
2142 828 2187 857 se·-

1227 860 1341 890 cundas
1355 862 1446 890 etiam
1459 871 1505 892 res
1517 861 1629 893 nostras
1640 882 1647 896 ,
1669 872 1733 892 non
1744 863 1839 893 modo
1854 865 1982 896 adversas
1993 869 2185 906 pertimesce-

1229 902 1298 932 bam
1311 912 1316 931 :
1341 902 1480 933 videbam
1493 923 1501 937 ‚
1522 913 1634 944 quanto
1644 905 1779 944 periculo
1791 905 1898 945 dejure
1910 908 2030 946 publico
2044 910 2186 950 discepta-

1228 953 1307 974 retur
1319 946 1418 974 armis.
1448 946 1565 985 Qibus
1577 966 1584 979 ,
1606 945 1627 975 si
1636 945 1772 977 vicifl'ent
1782 948 1803 977 ii
1814 967 1822 981 ,
1840 947 1875 978 ad
1886 958 1962 989 quos
1971 960 2026 991 ego
2035 954 2113 990 pacis
2123 953 2183 991 spe.

1227 996 1291 1016 non
1301 986 1373 1016 belli
1383 988 1543 1027 cupiditate
1556 987 1699 1018 adduEtus
1709 987 1880 1020 accesseram
1894 1001 1899 1019 :
1924 999 2024 1020 tamen
2034 994 2184 1035 intellige<

1226 1028 1293 1058 bam
1307 1048 1314 1062 ,
1337 1028 1524 1060 &iratorum
1537 1030 1700 1060 hominum
1713 1051 1721 1065 ,
1738 1031 1770 1061 &
1784 1032 1965 1071 cupidorum
1978 1052 1985 1065 ‚
2005 1033 2037 1062 &
2049 1034 2184 1064 insolew

1225 1071 1303 1100 tium
1315 1090 1322 1104 ,
1338 1072 1427 1111 quam
1439 1071 1569 1102 crudelis
1580 1071 1651 1102 esset
1668 1072 1768 1103 futura
1778 1074 1922 1104 victoria:
1950 1073 1992 1104 fin
2001 1083 2100 1105 autem
2112 1075 2186 1107 vieti

1227 1110 1320 1142 effent
1330 1133 1337 1146 ,
1353 1123 1482 1153 quantus
1493 1115 1630 1144 interitus
1642 1113 1713 1145 effer
1726 1114 1842 1145 futurus
1853 1117 1967 1147 civium
1980 1136 1988 1151 ,
2000 1118 2105 1156 partim
2119 1128 2183 1148 am-

1224 1153 1425 1194 plissimorum
1437 1176 1445 1189 ‚
1465 1158 1574 1196 partim
1590 1158 1679 1187 etiarn
1694 1159 1892 1197 optimorum.
1915 1161 1967 1199 qui
1977 1169 2026 1188 me
2037 1159 2100 1189 haec
2110 1169 2184 1199 prae-

1224 1196 1387 1231 dicentem,
1400 1207 1484 1238 atque
1495 1198 1611 1238 optime
1623 1199 1833 1229 consulentem
1843 1200 1927 1230 saluti
1936 1201 1994 1231 suae
2003 1220 2012 1234 ,
2031 1201 2186 1234 malebant

1224 1240 1359 1269 nimium
1388 1239 1534 1270 timidum
1551 1260 1559 1273 ,
1589 1241 1680 1281 quam
1708 1241 1774 1271 sitis
1800 1241 1979 1281 prudentem
2008 1241 2184 1273 existimari.

1224 1280 1313 1321 Qiod
1332 1290 1431 1312 autem
1444 1283 1519 1311 mihi
1531 1282 1567 1312 de
1582 1292 1619 1312 eo
1631 1301 1639 1316 ,
1659 1282 1740 1323 quod
1760 1285 1891 1324 egerim,
1910 1284 2079 1325 gratularis:
2104 1293 2132 1315 te
2142 1286 2184 1315 ita

1223 1323 1301 1351 velle
1312 1322 1393 1353 certo
1413 1323 1492 1354 scio:
1517 1324 1565 1354 sed
1578 1334 1633 1365 ego
1652 1333 1711 1355 tarn
1730 1326 1840 1355 misero
1861 1335 1996 1366 tempore
2011 1326 2090 1356 nihil
2107 1327 2184 1356 novi

1222 1363 1339 1394 confilii
1350 1363 1501 1406 cepifl'em,
1514 1364 1568 1395 nisi
1579 1369 1611 1396 in
1621 1366 1717 1396 reditu
1729 1376 1798 1396 meo
1809 1368 1908 1397 nihilo
1919 1368 2061 1397 meliores
2071 1378 2115 1397 res
2125 1368 2183 1398 do-

1223 1406 1375 1440 mesticas,
1397 1407 1488 1448 quam
1508 1418 1601 1448 remp.
1627 1406 1831 1438 offendissem.
1867 1410 1985 1450 Qibus
2001 1410 2107 1443 enim,
2127 1419 2182 1449 pro

1223 1450 1299 1478 meis
1311 1449 1534 1479 immortalibus
1544 1449 1711 1484 beneficiis,
1722 1449 1869 1481 cariffitna
1879 1461 1946 1481 mea
1957 1451 2031 1481 salus
2043 1470 2052 1485 ,
2064 1451 2096 1481 δε
2106 1461 2182 1482 meae

1220 1488 1350 1521 fortunae
1369 1489 1426 1521 effe
1443 1492 1606 1522 debebant:
1633 1503 1702 1522 cum
1721 1502 1843 1533 propter
1861 1503 1968 1523 eorum
1988 1493 2082 1522 scelus
2102 1494 2181 1522 nihil

1221 1533 1300 1562 mihi
1311 1535 1386 1563 intra
1398 1543 1484 1564 meos
1494 1535 1618 1574 parietes
1638 1543 1738 1564 tutum
1751 1554 1759 1568 ,
1778 1534 1856 1564 nihil
1866 1533 1982 1564 insidiis
1991 1543 2119 1564 vacuum
2134 1537 2184 1565 vi-

1220 1573 1333 1608 derem,
1346 1585 1492 1606 novarum
1507 1585 1556 1605 me
1567 1575 1817 1606 necessitudinum
1830 1574 1971 1606 fidelitate
1985 1585 2089 1607 contra
2097 1585 2181 1607 vete-

1219 1625 1286 1646 rum
1297 1616 1452 1658 perfidiam
1462 1637 1470 1651 ,
1494 1617 1699 1647 muniendum
1712 1619 1827 1657 putavi.
1847 1617 1903 1648 Sed
1927 1617 1963 1648 de
1974 1617 2082 1648 nostris
2092 1618 2182 1648 rebus

1221 1658 1302 1692 satis,
1315 1660 1403 1689 etiam
1413 1661 1546 1689 nimium
1559 1659 1663 1690 multa.
1678 1662 1726 1689 De
1737 1661 1797 1689 tuis
1806 1659 1958 1694 velim,ut
1967 1670 2004 1690 eo
2015 1658 2050 1689 fis
2059 1662 2180 1694 animo,

1220 1710 1282 1741 quo
1292 1700 1382 1731 debes
1393 1700 1459 1731 esse,
1483 1701 1513 1732 id
1525 1700 1566 1731 est
1575 1721 1583 1736 ,
1602 1711 1632 1731 ut
1646 1712 1683 1731 ne
1692 1701 1766 1742 quid
1779 1702 1834 1731 tibi
1843 1701 1991 1742 praecipue':
2003 1702 2184 1733 timendum*

1218 1751 1314 1782 putes.
1336 1745 1366 1773 Si
1386 1745 1471 1773 enim
1493 1743 1583 1774 status
1605 1745 1662 1774 erit
1678 1744 1785 1785 aliquis
1804 1745 1934 1774 civitatis
1952 1754 1958 1773 z
1991 1746 2179 1785 quicumque

1219 1785 1293 1818 erit,
1307 1793 1335 1815 te
1345 1788 1489 1816 omnium
1507 1786 1712 1826 periculorum
1730 1785 1820 1816 video
1830 1794 1984 1826 expertem
1995 1787 2069 1816 fore.
2094 1787 2182 1817 Nam>

1217 1826 1326 1857 alteros
1342 1827 1398 1857 tibi
1411 1828 1472 1868 jam
1485 1829 1614 1868 placatos
1632 1826 1691 1858 effe
1705 1827 1860 1868 intelligo:
1882 1827 1990 1857 alteros
2008 1837 2181 1868 numquam

1218 1869 1308 1898 iratos
1317 1867 1415 1898 fuisl'e.
1439 1872 1488 1899 De
1498 1879 1566 1899 mea
1584 1872 1678 1899 autin
1690 1878 1717 1899 te
1727 1869 1881 1899 voluntate
1890 1867 1930 1898 sic
1940 1869 2181 1909 velimjudices,

1219 1918 1287 1943 me,
1308 1910 1549 1951 quibuscumque
1559 1911 1646 1941 rebus
1665 1920 1741 1950 opus
1758 1909 2046 1950 ess'eintelligebam:
2069 1921 2177 1951 quam-

1217 1960 1307 1991 quam
1319 1951 1448 1985 videam,
1459 1955 1511 1992 qui
1523 1951 1576 1981 fim
1591 1953 1648 1982 hoc
1657 1960 1803 1991 tempore,
1817 1951 1849 1981 &
1860 1952 1930 1993 quid
1941 1948 2067 1992 poss'im:
2084 1962 2175 1991 opera

1215 2001 1316 2023 tamen
1326 1992 1358 2023 &
1373 1992 1510 2026 consilio,
1526 1993 1625 2023 studio
1634 1993 1755 2034 quidem
1767 1993 1857 2027 certe,
1873 1997 1885 2021 3
1896 1995 1957 2027 rei,
1971 1992 2056 2023 famae
2069 2014 2077 2027 ‚
2091 1994 2178 2024 saluti

1214 2042 1271 2064 tuae
1281 2033 1386 2074 praesto
1395 2034 1596 2065 futurum-Tu
1607 2036 1701 2064 velim
1713 2035 1745 2065 &
1756 2035 1826 2075 quid
1836 2036 1949 2076 agas-,86
1958 2035 2029 2075 quid
2039 2034 2183 2067 acturum

1214 2085 1243 2106 te
1255 2085 1351 2117 putes,
1361 2075 1448 2107 facias
1460 2086 1508 2106 me
1519 2077 1610 2117 quam
1621 2077 1847 2117 diligentiflitne
1857 2078 2026 2107 certiorem.
2046 2078 2129 2107 Vale.

1382 2120 1522 2149 M.T.c.
1548 2121 1576 2148 S.
1591 2121 1631 2148 D,
1658 2121 1733 2149 CN.
1757 2121 1815 2149 PL
1829 2121 1998 2148 ANCIO.

1306 2162 1409 2190 Cer-:1³1
1431 2161 1601 2200 perbreveis
1611 2169 1675 2190 tuas
1687 2162 1814 2194 litteras,
1832 2160 1940 2201 quibus
1950 2160 1992 2194 itl,
2002 2161 2084 2201 quod
2102 2161 2174 2192 scire

1310 2202 1466 2242 cupiebam
1479 2222 1487 2236 ‚
1505 2203 1682 2242 cognoscere
1701 2212 1766 2232 non
1789 2204 1872 2242 potui
1887 2213 1891 2231 :
1922 2204 2053 2244 cognovi
2071 2213 2173 2233 autem

1213 2242 1242 2273 id
1255 2263 1263 2276 ‚
1284 2244 1366 2284 quod
1377 2245 1455 2273 mihi
1465 2243 1594 2273 dubium
1608 2242 1746 2273 nonfuit.
1770 2254 1838 2274 narn
1851 2243 1940 2285 quarn
1951 2246 2067 2274 rortiter
2081 2244 2172 2276 ferres

1212 2287 1406 2315 communeis
1423 2286 1566 2318 miserias,
1577 2295 1640 2315 non
1650 2286 1804 2315 intellexi:
1829 2287 1918 2326 quam
1931 2296 1981 2315 me
1990 2295 2115 2319 amares,
2127 2285 2171 2316 fa-

1211 2326 1441 2367 cilelperspexi:
1464 2327 1539 2357 4std
1561 2328 1618 2357 hoc
1636 2327 1766 2357 scieram.
1786 2327 1862 2357 illud
1882 2326 1903 2357 fi
1924 2326 2038 2358 scifl'em
2052 2347 2060 2361 ,
2087 2327 2121 2357 ad
2140 2328 2175 2359 id>

1212 2378 1294 2398 meas
1304 2369 1414 2398 litteras
1423 2367 1738 2399 accommodaviss‘em.
1760 2369 1816 2399 Sed
1831 2378 1929 2399 tamen
1947 2368 1997 2399 etsi
2007 2379 2090 2399 antea
2101 2371 2170 2399 scri-

1208 2408 1267 2450 psi,
1290 2413 1376 2451 5quae
1393 2409 1565 2440 existimavi
1578 2411 1661 2441 scribi
1672 2419 1825 2450 oportere:
1850 2420 1949 2441 tamen
1961 2412 2016 2441 hoc
2035 2420 2172 2450 tempore

1210 2453 1337 2482 breviter
1346 2453 1610 2482 commonendum
1621 2454 1732 2492 putavi,
1746 2463 1784 2482 ne
1795 2462 1856 2493 quo
1867 2453 1999 2492 periculo
2010 2461 2036 2482 te
2047 2455 2178 2493 proprio·

1208 2493 1394 2524 existimares
1409 2493 1466 2524 effe
1479 2505 1484 2523 2
1501 2496 1534 2524 in
1544 2504 1654 2536 magno
1666 2504 1776 2524 omnes
1788 2514 1795 2528 ,
1807 2495 1855 2524 sed
1872 2496 2012 2524 tamenin
2026 2504 2170 2525 commu-

1208 2538 1240 2566 ni
1259 2536 1372 2566 sumus.
1406 2538 1502 2577 Qare
1522 2546 1586 2566 non
1609 2536 1698 2566 debes
1708 2537 1914 2575 autpropriam
1933 2535 2106 2569 fortunam,
2131 2537 2166 2567 &

1207 2579 1383 2618 praecipuam
1395 2578 1560 2617 postulare,
1580 2588 1629 2608 aut
1647 2587 1846 2608 communem
1866 2577 2005 2607 recusare.
2029 2580 2170 2618 Qapro-

1205 2629 1270 2660 pter
1280 2631 1315 2650 eo
1326 2622 1432 2650 animo
1442 2618 1532 2648 fimus
1544 2622 1620 2649 inter
1634 2629 1701 2652 nos,
1713 2629 1773 2659 quo
1790 2619 1904 2658 semper
1914 2617 1953 2648 fu.
1962 2628 2044 2650 mus.
2074 2619 2173 2662 Qodr

1205 2662 1242 2693 de
1254 2671 1280 2693 te
1297 2662 1422 2702 sperare,
1436 2661 1473 2691 de
1487 2671 1537 2691 me
1547 2659 1679 2702 praestare
1691 2658 1823 2701 pofl'um.
1847 2660 1930 2691 Vale.

1886 2709 1952 2755 M.
1998 2709 2047 2756 T
2064 2701 2168 2757 {IL-¹

622 2781 1982 2790 m—m———b--ffl—--h
1991 2784 2168 2791 ἡ

240 2814 264 2832 ι.
283 2808 439 2841 Qascunque
447 2810 514 2834 vires
524 2807 643 2842 habehim]
667 2808 709 2833 Sic
720 2806 816 2833 melius
824 2806 906 2842 prisca
915 2805 999 2832 editio
1011 2825 1019 2838 ‚
1029 2814 1059 2832 ac
1068 2805 1163 2833 vreto-

204 2840 249 2872 tii,
257 2843 344 2869 Vatic.
357 2843 426 2869 Pan.
436 2852 463 2868 0.
474 2844 556 2869 Grnt.
567 2843 644 2874 alniis,
656 2844 799 2877 quoscunque
809 2846 887 2870 viros.

239 2884 266 2903 ².
285 2881 314 2903 Ut
322 2886 344 2904 te
352 2889 412 2905 orem
429 2880 457 2910 &⁴
474 2879 608 2914 obsecrem]
629 2881 671 2905 Ita
682 2879 820 2906 Vati-canus
833 2899 841 2912 ‚
862 2887 891 2906 ut
910 2887 1015 2914 qnoque
1025 2876 1161 2904 Vitstorins

202 2919 235 2937 ex
247 2911 295 2939 suis
305 2915 432 2950 antiquis.
448 2915 475 2941 in
487 2915 555 2941 l'all.
565 2926 591 2942 o.
602 2916 638 2942 est
648 2918 737 2948 horter,
748 2923 777 2942 tit
790 2916 881 2952 vulgo,
900 2915 944 2942 nili
958 2914 1029 2951 qnod
1039 2916 1121 2940 Grut.
1133 2914 1161 2940 &

204 2950 402 2977 tert-omittant
421 2958 450 2976 te.
475 2950 565 2987 paullo
585 2951 641 2987 post
652 2970 659 2984 ‚
680 2961 728 2987 pro
742 2955 853 2985 peperisti
869 2952 913 2978 alii
936 2953 1027 2987 legunt
1047 2953 1159 2983 reperissssi.

201 2983 334 3010 Pall.duo
343 2986 465 3021 postremi
479 2990 661 3020 pepercistinon
672 2987 826 3015 insuaviter.
846 2988 968 3023 Denique
989 2987 1085 3013 iiltinio
1100 2995 1158 3012 vei·-

201 3018 235 3044 bo
246 3019 320 3052 ‘nujus
331 3021 444 3056 epistolae
454 3022 512 3049 Pal.
522 3024 623 3059 primus
636 3044 643 3057 ‚
654 3024 855 3060 castigatissimae
865 3024 1025 3051 membrana:
1037 3043 1045 3055 ‚
1065 3023 1158 3059 legunt

200 3055 330 3089 mser-rabo.

199 3126 204 3131 ·
230 3098 262 3139 ἒ.
283 3093 528 3128 Rci‚famae‚faluti.]
549 3092 651 3122 Guliel.
663 3105 696 3123 ex
708 3096 825 3132 vestigiis
836 3097 933 3123 codicis
944 3095 1077 3122 stewech.
1093 3103 1157 3121 con-

194 3125 313 3162 jectabat
324 3130 358 3153 νεῖ
360 3129 482 3162 familiari
491 3138 519 3157 ac
521 3130 613 3165 fizluri:
632 3133 748 3169 utsupra
763 3142 805 3169 ep.
815 3141 843 3169 7.
863 3135 981 3160 Habentur
1000 3134 1069 3159 etiam
1081 3134 1156 3158 ralio-

1176 2806 1182 2821 Ὗ
1199 2816 1251 2832 nem
1262 2810 1295 2832 rei
1309 2806 1440 2840 fammaris
1451 2813 1501 2830 τηε.
1524 2804 1564 2830 sed
1577 2814 1629 2830 non
1643 2803 1719 2829 video
1730 2800 1830 2828 caulam
1843 2820 1850 2835 ‚
1862 2810 1908 2829 cui·
1918 2801 2029 2838 vulgata
2039 2802 2164 2830 omnibus

1201 2842 1259 2869 mss'.
1271 2842 1497 2878 patrocinantibus
1509 2840 1567 2874 ejici
1579 2839 1683 2865 debent.

1235 2886 1261 2911 4.
1281 2879 1326 2904 Sed
1336 2877 1506 2911 mesanam]
1530 2876 1737 2912 Vulgo-sciebam.
1759 2873 1800 2901 sed
1811 2873 1877 2901 iliud
1889 2884 1915 2901 o.
1926 2873 1993 2900 Pan.
2007 2874 2089 2901 Grnt.
2101 2876 2162 2901 Ste-

1200 2915 1286 2941 wecli.
1298 2914 1379 2950 prist-a
1398 2913 1481 2939 editio
1500 2922 1528 2939 ac
1540 2912 1665 2938 Victorii.
1686 2909 1782 2937 Orsnni
1805 2910 1920 2946 epistolae
1945 2911 2010 2937 mire
2029 2911 2163 2937 alternant

1198 2950 1279 2977 nostri
1292 2951 1363 2976 libri.
1375 2950 1431 2976 l‘al.
1443 2949 1491 2975 sec.
1510 2951 1595 2983 Arcesi
1608 2948 1731 2982 perbrevis
1741 2954 1794 2972 ruas
1806 2948 1920 2980 epistolar.
1931 2946 1988 2973 Palz
2002 2954 2065 2974 tert,
2078 2949 2161 2974 erut.

1197 2990 1295 3019 circes.
1305 2988 1371 3019 sci-b.
1384 2987 1496 3018 epistur'as.

1236 3031 1262 3055 5.
1281 3024 1336 3054 Qae
1354 3021 1575 3054 txisffj,111m1scribi
1592 3020 1715 3054 oportere]
1740 3020 1781 3047 Ita
1798 3018 1882 3046 edidit
1900 3017 2036 3046 Viftorins
2050 3037 2058 3051 ,
2077 3027 2164 3054 neque

1195 3057 1275 3084 aliter
1295 3059 1329 3084 cst
1346 3058 1371 3084 in
1383 3056 1500 3082 editioni:
1519 3056 1636 3093 principe
1649 3075 1657 3087 ‚
1677 3056 1746 3082 Pali.
1766 3065 1794 3082 o.
1813 3057 1896 3082 (irtit.
1916 3054 2062 3094 Lainbiiins
2083 3055 2162 3081 honio

1196 3094 1316 3120 oninium
1333 3093 1481 3120 rziiiissiinus
1503 3103 1535 3120 ne
1548 3092 1667 3122 videatur
1686 3094 1702 3120 ir
1713 3092 1836 3121 ViCtorio
1845 3090 1967 3128 accepisse
1980 3111 1988 3123 ,
2007 3090 2101 3119 iniexit
2120 3093 2163 3116 ubi

1188 3130 1277 3165 firm.
1302 3129 1381 3167 vulgo
1403 3136 1423 3155 te
1437 3130 1510 3164 scire.

2080 3199 2162 3225 amr

2219 256 2261 290 ¹4

2195 2131 2236 2162 15
