2295 3400
195 756 206 761 -
225 741 283 772 ell'e
293 742 438 772 videatur.

222 122 320 187 384
625 118 698 167 M.
768 116 1131 163 TULL11

217 203 250 235 li,
262 200 403 242 rebusque
413 198 501 242 gestis
514 219 521 231 .
539 197 647 228 vei-Cim
658 198 748 226 etiam
758 195 1080 237 parientiapaupertaris
1088 204 1171 224 orna·

212 254 258 273 νισι
268 256 278 271 .·
302 245 331 273 δε
343 254 420 276 tuin,
431 243 502 271 cum
513 243 614 269 erant-¹
628 241 765 270 Catones.
777 239 917 277 Philippi,
930 238 1027 270 Laelii,
1039 246 1172 277 quorum

219 287 394 325 [ipit-mium
410 304 417 316 ‚
428 283 714 321 temperantiamque
725 282 757 309 in
767 280 895 319 publicis
904 300 912 313 ,
925 280 1116 319 privatisque,
1126 277 1176 308 fo-

220 326 363 359 rensibuS,
376 323 606 364 domesticisque
617 323 703 352 rebus
713 323 942 361 peripexeiatis:
966 329 1065 350 tamen
1077 319 1178 360 hujus-

218 368 339 398 cemodi
352 377 395 396 res
405 363 565 396 commiss‘a
576 366 693 394 nemini
703 362 756 397 est,
768 373 800 393 ut
811 362 1052 402 idemjudicaret.
1065 362 1100 394 ὁ·
1109 372 1178 390 ven-

218 412 293 438 a'Jret
307 430 314 440 .
335 409 367 438 δε
380 410 436 437 hoc
450 407 556 437 faceret
567 416 617 446 per
627 407 873 445 quinquennium
885 414 950 435 toto
964 406 997 434 in
1007 404 1078 434 orbe
1090 413 1177 434 terra-

221 461 289 480 ram
306 462 309 478 :
328 450 468 490 idemque
479 458 562 487 agros
576 447 745 488 veStigaleis
758 448 862 486 populi
882 448 1015 477 Romani
1032 445 1180 476 abaliena-

221 501 282 524 ret,
305 492 337 521 ξ(
357 491 427 521 cuni
449 491 600 520 summam
618 499 705 519 tanta:
724 491 858 528 pecunia:
878 489 964 518 nullo
975 486 1046 518 teste
1058 486 1179 527 sibiipse

220 545 258 563 ei:
271 534 318 563 sua
332 534 485 562 voluntate
505 530 637 564 fecisset,
658 540 723 560 tum
743 530 873 571 denique
888 539 1016 563 emeret,
1036 530 1052 560 a
1071 529 1179 569 quibus

221 576 325 608 veliet,
336 575 417 615 quod
429 574 586 604 videretur.
606 574 798 603 Committite
808 582 863 602 vos
873 582 969 605 nunc,
979 573 1120 613 Qirites,
1135 571 1179 599 liis

222 619 404 647 hominibus
421 617 484 645 hacc
500 616 605 644 omnia
617 635 625 647 ,
645 624 720 655 quos
735 614 842 643 odorari
854 615 934 644 hunc
945 614 1179 643 decemviratum

224 659 424 698 suspicamini.
450 658 600 697 reperietis
611 676 618 690 ,
631 665 742 696 partem
755 654 812 685 ess'e
822 665 929 687 eorum
941 675 950 689 ,
965 655 1074 696 quibus
1085 655 1120 684 ad
1132 655 1182 683 lia—

224 701 359 730 bendum
375 711 379 728 :
399 709 511 739 partem
524 719 531 732 ‚
549 699 660 739 quibus
679 697 714 727 ad
733 697 977 727 consumendum
989 717 996 730 ,
1018 696 1095 726 nihil
1118 696 1182 725 satis

484 739 544 770 Hic
560 750 615 780 ego
631 741 695 779 jam
714 739 809 772 illud,
829 739 910 780 quod
925 736 1181 778 expeditiffimum

227 783 277 817 sit,
300 794 336 813 ne
348 783 466 823 disputo
479 782 600 823 quidem
613 802 621 815 ‚
640 783 791 820 Quirites,
814 792 876 811 non
893 779 950 810 effe
968 782 1043 810 lianc
1054 779 1147 809 vobis
1166 779 1182 808 a

226 826 392 861 majoribus
402 824 538 855 relictam
551 823 784 863 confitetudmem.
798 833 829 852 ut
839 832 975 852 emantur
985 824 1044 863 agri
1055 821 1071 851 a
1085 823 1180 860 priva-

218 878 260 898 -tiz
273 888 280 901 ‚
302 867 363 908 quo
383 866 465 906 plebs
484 866 603 906 publice
623 865 798 895 deducatur:
818 865 962 894 omnibus
979 863 1094 904 legibus
1107 863 1181 903 agris

217 910 352 950 ⁴publicis
372 910 502 948 privatos
522 905 579 937 effe
599 905 756 936 diductos:
780 905 990 942 hujuscemodi
1004 915 1053 934 me
1066 904 1178 944 aliquid

222 951 261 982 ab
281 953 337 981 lioc
355 949 477 979 horrido
489 970 496 981 ‚
518 960 550 979 ac
566 958 647 978 truce
663 947 783 977 tribuno
794 948 872 987 pleb.
883 944 1059 986 exspectass'e
1075 956 1081 974 :
1105 946 1179 974 hanc

221 992 295 1023 vero
308 992 450 1024 emendi,
471 992 504 1020 δε
523 989 675 1020 vendendi
693 987 965 1029 quaestuosiffimam
980 1008 988 1021 ,
1010 998 1042 1017 ac
1053 984 1178 1026 turpissi-

226 1044 310 1065 mam
320 1042 513 1063 mercaturam
528 1052 535 1065 ,
546 1032 674 1061 alienam
684 1030 803 1060 aetione
812 1031 966 1060 tribunitia
975 1050 983 1063 ,
994 1030 1122 1058 alienam
1135 1027 1181 1056 di·

229 1080 339 1118 gnitate
353 1075 456 1114 populi
468 1075 602 1104 Romam
621 1073 735 1112 semper
751 1074 865 1111 putavi.
894 1072 985 1101 Libet
1002 1080 1086 1112 agros
1106 1071 1178 1099 emi.

224 1116 362 1150 Primum
374 1126 474 1157 quaero
484 1135 491 1147 ,
513 1124 589 1155 quos
600 1117 704 1156 agros?
724 1115 756 1143 ὃς
766 1114 876 1154 quibus
886 1115 916 1143 in
930 1114 1022 1142 locis?
1039 1112 1113 1141 nolo
1132 1111 1179 1140 su-

225 1159 358 1199 spensam
372 1179 380 1191 ,
405 1158 590 1187 &incertam
602 1155 722 1196 plebem
733 1158 770 1185 R.
782 1155 903 1185 obscura
914 1155 959 1194 spe
971 1174 979 1188 ,
1003 1154 1035 1184 δε
1044 1163 1117 1183 caeca
1126 1162 1180 1182 ex·-

224 1200 404 1241 spec'tatione
415 1198 553 1238 pendere.
576 1197 710 1228 Albanus
720 1207 785 1238 ager
795 1196 847 1230 est,
859 1199 977 1226 Setinus
988 1214 996 1228 ,
1009 1197 1176 1226 Privernas,

222 1242 384 1273 Fundanus
395 1261 402 1273 ‚
415 1239 556 1270 Vestinus
569 1259 577 1273 ‚
588 1239 727 1269 Falernus
740 1259 748 1271 ,
761 1240 934 1270 Linternus‚
948 1240 1112 1268 Cumanus,
1126 1238 1181 1265 Ca-

224 1283 310 1314 sinas.
330 1283 431 1313 audio.
464 1282 512 1312 Ab
521 1282 577 1311 alia
586 1289 668 1321 porta
679 1301 687 1314 ‚
700 1282 828 1320 Capenas
840 1299 848 1312 ‚
870 1280 998 1309 Faliscus
1012 1299 1020 1311 ‚
1042 1277 1177 1310 Sabinus,

225 1328 385 1369 Reatinus,
397 1323 583 1354 Venafranus
593 1344 601 1357 ,
614 1321 751 1354 Alifanus
762 1342 770 1357 ‚
783 1321 982 1353 Trebulanus.
1007 1320 1105 1350 Habes
1115 1328 1180 1351 tan-

224 1378 286 1398 tam
296 1368 466 1408 pecuniam,
477 1376 534 1407 qua
545 1366 630 1396 hosce
640 1368 760 1396 omneis
769 1376 851 1407 agros
864 1386 871 1400 ‚
893 1367 925 1397 ὃς
943 1375 1057 1396 ceteros
1069 1361 1177 1395 liorui'n

225 1409 348 1439 simileis
357 1419 419 1439 non
432 1408 527 1438 modo
539 1418 637 1438 emere
649 1428 657 1442 ,
673 1407 781 1438 verum
792 1410 881 1438 etiam
893 1418 1065 1439 coacervare
1073 1405 1161 1448 possis
1175 1417 1179 1435 :

224 1462 278 1482 cur
288 1461 339 1481 eos
350 1461 412 1480 nou
421 1449 528 1480 definis
539 1469 546 1483 ‚
569 1460 664 1490 neque
675 1452 816 1480 nominas
827 1470 835 1484 ,
856 1459 888 1480 ut
901 1451 1004 1480 saltem
1019 1450 1181 1480 deliberare

224 1493 310 1534 plebs
322 1495 370 1523 Ro
376 1502 462 1522 mana
471 1490 567 1532 poffir,
583 1492 654 1532 quid
666 1491 778 1522 interfit
789 1492 846 1525 sua,
856 1492 928 1534 quid
935 1492 1072 1533 expediar,
1085 1501 1182 1532 quan-

229 1544 295 1564 tum
306 1535 361 1564 tibi
376 1537 407 1563 in
417 1534 554 1564 emendis
568 1554 575 1566 ,
598 1534 630 1564 &
650 1536 683 1563 in
699 1533 865 1566 vendendis
885 1534 970 1564 rebus
984 1542 1183 1563 committen-

227 1577 302 1607 dum
314 1579 416 1616 putet?
438 1574 562 1606 Definio
574 1595 581 1609 ,
594 1578 694 1615 iuquit
707 1595 714 1608 ‚
735 1578 901 1605 ITALiAM.
925 1577 996 1605 Satis
1006 1576 1180 1616 certaregio.

227 1628 344 1648 etenim
354 1618 531 1658 quantulum
545 1616 664 1646 interest
676 1637 683 1650 ‚
694 1616 797 1646 utrum
807 1618 840 1647 in
850 1615 961 1647 Maffici
973 1617 1082 1647 radices
1092 1637 1100 1650 ,
1120 1621 1134 1636 '¹-
1145 1626 1182 1646 an

225 1662 260 1690 in
272 1660 386 1690 Italiam
399 1680 408 1692 ,
423 1659 520 1690 aliove
530 1658 743 1688 deducamini?
765 1662 777 1686 3
788 1661 848 1700 Age
857 1658 940 1692 verb,
951 1657 1059 1694 definis
1069 1660 1180 1688 locum.

226 1701 301 1742 quid
312 1711 445 1731 naturam
457 1700 634 1742 agri?vero‚
646 1702 764 1740 inquit,
785 1710 843 1740 Qu
866 1710 974 1730 Anam
988 1720 996 1734 ,
1020 1710 1085 1730 aur
1104 1710 1183 1730 com

225 1753 346 1774 rossir.
361 1745 479 1783 inquit,
497 1752 555 1785 Qr
574 1752 685 1772 ΑΕΔΗ
697 1761 705 1775 ,
722 1751 787 1772 Aur
805 1752 883 1772 com
901 1752 1021 1772 rossi-r.
1041 1744 1104 1782 Qi
1116 1742 1185 1781 pos—

228 1783 345 1815 sitarari
361 1805 368 1817 ,
390 1786 507 1824 inquit,
533 1792 581 1814 aut
592 1785 670 1814 coli:
689 1794 754 1813 non
770 1785 823 1824 qui
842 1792 952 1817 aratus,
973 1793 1023 1813 aut
1032 1787 1129 1813 cultus
1140 1781 1183 1813 sit.

222 1825 344 1856 -Utrum
355 1827 416 1856 haec
426 1827 477 1855 lex
489 1824 531 1855 est
543 1846 551 1858 ‚
564 1835 602 1855 an
613 1825 711 1855 tabula
721 1827 883 1855 Veratianae
894 1825 1043 1855 aurstionis
1059 1828 1069 1854 ?
1086 1827 1119 1854 in
1128 1835 1185 1865 qua

232 1869 378 1908 scriptum
393 1866 481 1897 fuiss'e
497 1868 598 1900 aiunt:
619 1868 753 1908 Jucaaa
783 1876 833 1896 cc.
863 1877 900 1896 m
928 1877 1045 1905 Qiiaus
1067 1876 1185 1897 omva-

229 1920 301 1939 :rusi
322 1919 418 1939 ruzin
440 1918 580 1938 porasrz
608 1917 738 1946 JUGERA
760 1918 833 1938 ccc.
868 1919 924 1938 ussr
955 1919 1104 1938 msa-rrui
1133 1918 1184 1937 vr-

226 1959 309 1981 NEAE
326 1960 479 1981 rossum-r.
506 1953 574 1980 Hoc
593 1959 625 1980 tu
644 1959 726 1979 emes
745 1949 800 1980 ista
815 1951 1030 1981 innumerabili
1048 1952 1184 1990 pecunia,

226 1992 311 2033 quod
321 1994 393 2022 arari
405 2012 413 2026 ,
434 2001 484 2022 aut
495 1993 555 2022 coli
567 1990 673 2032 poffit?
695 1991 785 2033 Qod
798 1992 895 2022 solum
907 2002 966 2022 tam
976 1993 1066 2026 exile,
1079 1992 1112 2022 ὃς
1123 2001 1187 2021 ma-

226 2045 313 2066 crum
324 2033 382 2068 est,
400 2034 483 2075 quod
492 2043 584 2064 aratro
593 2032 750 2075 perstringi
759 2033 941 2074 nonpoffit?
959 2044 1007 2064 aut
1028 2044 1115 2074 Qon
1129 2044 1186 2063 Esa-

228 2084 290 2109 tam
307 2077 440 2116 asperum
452 2076 587 2106 saxetum
599 2096 607 2110 ,
627 2077 662 2105 in
672 2085 733 2115 quo
742 2076 935 2115 agricolarum
946 2077 1045 2107 cultus
1055 2086 1119 2105 non
1129 2076 1189 2106 ela—

225 2118 336 2148 boret?
353 2118 467 2148 Idcirco
477 2138 485 2151 ‚
498 2120 616 2158 inquit,
629 2126 713 2158 agros
723 2119 881 2147 nominare
895 2128 960 2147 non
972 2117 1089 2158 poss'nm
1104 2137 1112 2150 ,
1122 2119 1190 2157 quia

229 2168 348 2200 tangam
360 2160 478 2189 nullum
489 2160 525 2189 ab
534 2162 643 2189 invito.
676 2160 744 2188 Hoc
753 2169 873 2199 quoque
883 2160 981 2189 multo
991 2159 1033 2190 est
1041 2158 1190 2200 quaestuo-

231 2199 301 2236 sius,
318 2200 407 2241 quam
418 2200 438 2230 si
452 2201 486 2231 ab
496 2203 593 2231 invito
604 2201 745 2231 sumeret.
769 2203 786 2229 ,4
795 2200 923 2230 inibitur
932 2203 1016 2230 enim
1027 2203 1100 2231 ratio
1110 2211 1189 2241 quae-

230 2242 294 2273 stus
305 2242 341 2272 de
352 2242 445 2272 vestra
454 2245 579 2282 pecunia
592 2253 597 2272 :
618 2242 651 2271 &
662 2250 725 2271 tum
737 2241 867 2281 denique
880 2252 946 2281 ager
963 2252 1097 2276 emetur,
1117 2241 1189 2272 cum

160 2294 214 2331 '26
232 2284 317 2314 idem
327 2284 494 2324 expedierit
504 2286 614 2314 emtori
626 2303 634 2317 ‚
655 2284 687 2313 &
696 2282 856 2313 venditori.
899 2283 955 2314 Sed
966 2284 1063 2313 videte
1073 2286 1137 2314 vim
1148 2284 1191 2312 le-

233 2328 278 2368 gis
291 2329 424 2367 Agrariae.
445 2336 482 2355 ne
492 2327 512 2355 ii
546 2325 660 2358 uidem,
672 2326 722 2365 qui
733 2324 869 2364 publicos
877 2323 1034 2363 poffident,
1046 2325 1192 2354 decedent

231 2370 269 2398 de
280 2366 456 2407 possessione
469 2387 477 2400 ,
497 2337 552 2397 nsit
564 2376 650 2396 erunt
660 2364 780 2395 deducti
801 2368 916 2405 optima
935 2366 1113 2396 conditione
1126 2385 1135 2398 2
1158 2367 1190 2395 &

229 2411 359 2450 pecunia
369 2419 513 2439 maxima.
538 2408 686 2439 Conversa
696 2410 778 2437 ratio.
802 2411 909 2439 Antea,
921 2407 994 2437 cum
1006 2417 1064 2437 erat
1073 2408 1088 2437 a
1099 2407 1192 2437 tribu-

232 2462 276 2481 no
290 2452 331 2491 pl.
345 2453 463 2481 mentio
474 2452 546 2491 legis
558 2452 685 2494 Agraria:
698 2448 773 2479 l'assta
785 2469 793 2481 ,
815 2448 963 2478 continuo
979 2452 1030 2489 qui
1045 2459 1126 2490 agros
1136 2458 1192 2488 pu-

232 2493 331 2522 blicos
341 2513 349 2526 ,
361 2501 411 2522 aut
419 2495 470 2533 qui
482 2490 671 2532 possessiones
685 2490 848 2520 invidiosas
860 2491 1010 2523 tenebant,
1019 2490 1192 2531 pcrtimrfte—

232 2533 311 2562 bant.
337 2537 407 2564 Hsec
418 2535 467 2564 lex
478 2544 529 2564 eos
539 2535 679 2564 homines
689 2531 820 2562 fortunis
829 2533 990 2571 locupletat
1005 2552 1014 2565 ,
1033 2531 1146 2561 invidia
1156 2532 1193 2561 li-

231 2575 320 2605 berat.
345 2576 448 2617 Qim
460 2576 574 2606 multos
587 2578 670 2605 enim
681 2576 812 2616 Qiritcs
825 2594 833 2607 ,
854 2573 1031 2604 existimatis
1041 2572 1097 2603 effe
1108 2593 1116 2607 ,
1139 2575 1191 2614 qui

274 2682 295 2696 ι,
316 2674 413 2698 cumas
427 2693 433 2704 ,
444 2678 548 2707 ‘Philippi
561 2695 567 2706 ,
579 2676 671 2709 laesis]
693 2676 837 2702 Recentius
849 2675 913 2700 editi
926 2694 933 2706 ‚
944 2677 1022 2700 Phili.
1044 2674 1084 2700 sed
1096 2684 1191 2710 pret-ter

229 2714 342 2733 «vorum
356 2712 481 2736 memoria
491 2711 562 2737 cusos
576 2731 582 2742 ,
601 2712 664 2737 item
677 2711 744 2737 l‘all.
755 2711 804 2737 ell'e
815 2719 901 2737 autern
913 2712 928 2737 ii
941 2711 1041 2745 Sigonii
1053 2711 1190 2744 conjec‘tu-

230 2746 411 2773 t-1‚211·¹.ota·›it
426 2747 564 2773 Puteanus.
585 2747 753 2783 intelligique
767 2747 823 2774 vult
835 2749 868 2773 L.
880 2747 989 2773 Furium
1001 2747 1106 2773 Philum
1118 2751 1191 2774 kjon-

232 2778 315 2805 aulem
328 2781 386 2806 anni
398 2782 434 2807 U.
446 2784 479 2808 C.
492 2792 608 2809 ncxvti.

247 2850 251 2854 .
270 2824 297 2854 ι..
317 2819 536 2853 Qquialtaliams‘
559 2821 621 2846 Non
634 2819 701 2846 male
712 2819 825 2851 conjecit
837 2820 867 2846 P.
879 2819 1014 2847 Manutius
1033 2820 1190 2852 inApulitlmi

231 2848 294 2876 libri
308 2859 393 2878 tamen
408 2853 472 2879 nihil
486 2855 595 2881 variant.

273 2896 297 2921 ᾗς.
318 2892 394 2926 'ss-¹³¹⁴
412 2899 456 2914 non
475 2890 555 2923 definis
572 2893 654 2917 locum.
674 2892 733 2926 quid
748 2899 863 2917 naturam
881 2894 955 2925 agi-i?
972 2901 1028 2916 vero
1036 2893 1114 2924 inquit
1123 2890 1190 2923 circs]

233 2923 353 2962 [spreti-1
366 2931 435 2959 quoti
447 2934 500 2951 erat
513 2927 538 2953 in
552 2927 608 2952 Pal.
620 2926 668 2953 sec.
690 2938 773 2962 neque
794 2926 931 2954 recedebat
950 2937 989 2963 pr.
1011 2934 1055 2953 aut
1069 2927 1191 2952 wtustius

234 2958 346 2994 izitpreili
360 2979 368 2989 ,
381 2960 424 2986 nui
436 2960 505 2995 quod
517 2962 533 2987 ii
545 2970 644 2988 natura.
666 2963 790 2990 hactenus
804 2963 925 2999 vulgata:
944 2966 992 2996 Age
1002 2964 1058 2988 verb
1069 2962 1150 2995 dtfim}
1159 2965 1192 2986 ⁴¹⁰-

232 3004 294 3032 (μνη.
314 2996 378 3026 §laid
395 3006 450 3023 nam
469 3000 520 3030 agri
537 2999 592 3023 verb
604 3000 680 3031 i71qult
691 3000 741 3028 ὡς.
763 2999 907 3026 Lambinus
918 2998 1105 3026 art-liitethtus
1118 2998 1191 3024 nobis

232 3031 320 3056 luerat
333 3041 338 3056 :
359 3033 478 3063 {Quin-m
489 3036 540 3065 agri
552 3038 561 3059 ?
578 3037 636 3066 Agri
645 3035 700 3059 verb
711 3039 788 3068 inignit
801 3055 807 3066 ,
827 3038 868 3069 qui
877 3036 926 3065 (Ec.
947 3034 1016 3071 quod
1029 3035 1054 3059 Sc
1067 3033 1192 3069 probabat

232 3067 376 3093 Puteanus,
397 3066 437 3095 sed
451 3069 536 3094 mizius
550 3068 700 3097 necessario.
721 3070 876 3106 deceptique
887 3071 945 3097 ilint-
957 3080 1047 3097 omnes
1058 3069 1105 3097 'nlo
1117 3071 1171 3095 γει-ὸ
1185 3089 1191 3100 ,

230 3101 301 3128 cuod
313 3103 434 3129 inchoare
445 3102 590 3133 {ermonem
604 3124 612 3135 ,
623 3115 659 3131 eis
672 3115 722 3138 non
737 3115 854 3133 venie->at
866 3117 890 3132 in
905 3115 1032 3133 mentem.
1050 3113 1075 3131 at
1088 3106 1124 3131 ita
1134 3105 1200 3141 plus·

227 3131 307 3164 semel
320 3138 424 3166 Tullius
437 3159 445 3173 ,
457 3141 541 3167 nostr-i
553 3142 597 3168 liae
608 3140 714 3176 quidem
726 3141 843 3168 editione
856 3162 863 3173 ,
883 3152 961 3177 qai-uu
978 3141 1128 3179 adprobabo
1148 3150 1191 3168 xe-

1214 115 1756 165 C1cE·RoN·1s

1214 194 1625 236 latitudinempofl'effionum
1636 197 1709 226 tueri
1719 215 1728 230 ,
1750 194 1803 236 qui
1823 193 1970 226 invidiam
1982 195 2177 228 Sullanorum

1215 247 1351 279 agrorum
1363 237 1438 268 ferre
1448 248 1511 268 non
1522 237 1651 278 possint?
1670 240 1722 277 qui
1732 237 1863 268 vendere
1872 240 2001 278 cupiant,
2023 248 2179 270 emtorem

1217 289 1282 309 non
1292 281 1440 319 reperiant
1450 282 1460 309 ?
1482 280 1602 320 perdere
1611 281 1674 318 jam
1684 279 1815 320 denique
1824 280 1895 310 illos
1905 289 1988 321 agros
1998 282 2113 310 ratione
2121 280 2178 310 ali-

1217 331 1273 362 qua
1283 322 1398 351 velint?
1413 323 1473 362 Qi
1483 322 1584 362 paullo
1594 322 1662 351 ante
1673 320 1767 354 diem,
1784 320 2175 362 nostemque,tribunitium

1218 372 1333 392 nornen
1352 364 1512 394 horrebant
1521 383 1530 396 ,
1551 362 1678 392 vestram
1690 364 1754 392 vim
1769 363 1944 393 metuebant
1952 383 1960 397 ‚
1979 365 2175 393 mentionem
2204 362 2211 367 “

1219 405 1292 445 legis
1301 407 1426 446 Agraria:
1438 403 1698 444 pertimescebant:
1715 406 1737 434 ii
1747 415 1827 435 nunc
1838 407 1926 435 etiarn
1939 406 2017 435 ultro
2026 405 2177 446 rogabun-

1221 455 1277 480 tur,
1289 455 1375 487 atque
1385 447 1558 479 orabuntur,
1571 455 1603 475 ut
1612 455 1696 487 agros
1704 447 1811 486 partim
1823 447 1960 486 publicos
1970 466 1979 480 ,
1990 449 2100 486 partim
2110 446 2178 486 ple·-

1220 497 1276 517 nos
1287 487 1422 521 invidiae,
1433 488 1540 527 plenos
1549 488 1691 527 periculi,
1704 489 1807 528 quanti
1818 486 1869 527 ipsi
1878 488 1983 521 velint,
1997 488 2179 518 decemviris

1219 529 1340 559 tradant.
1365 532 1463 570 Atque
1474 531 1531 558 hoc
1540 538 1659 558 carmen
1671 529 1719 559 hic
1732 530 1866 559 tribunus
1877 530 1918 569 pl.
1931 539 1994 559 non
2004 529 2092 559 vobis
2104 549 2112 562 .
2125 529 2176 560 sed

1221 569 1272 600 fibi
1282 572 1358 599 intus
1369 578 1454 599 eamr.
1478 571 1576 600 Habet
1588 570 1721 601 socerum
1733 591 1740 605 ,
1753 573 1854 601 virum
1867 573 2020 611 optimum
2029 591 2037 605 ,
2047 573 2098 612 qui
2110 579 2176 601 tan-

1221 620 1286 642 tum
1296 614 1355 654 agri
1369 615 1401 642 in
1414 613 1475 642 illis
1486 614 1562 652 reip.
1573 613 1701 642 tenebris
1712 615 1868 652 occupavit
1877 633 1885 646 ,
1900 622 2048 653 quantum
2061 622 2176 642 concu—

1218 656 1301 694 pivit.
1319 656 1398 684 Huic
1409 654 1566 684 subvenire
1576 654 1643 684 vult
1654 654 1940 694 succumbentijam,
1950 653 2097 694 oppreffo.
2108 654 2175 684 Sul-

1221 697 1296 725 lanis
1307 696 1539 737 oneribusgravi
1550 715 1557 729 ‚
1570 696 1618 726 sua
1627 696 1690 736 lege
1701 717 1709 730 ,
1730 705 1762 726 ut
1771 696 1858 726 liceat
1866 697 1911 726 illi
1921 697 2069 726 invidiam
2080 695 2176 736 depo-

1221 748 1300 771 nere,
1312 740 1469 777 pecuniam
1482 737 1620 768 condere.
1643 742 1657 765 5
1668 740 1705 768 Et
1713 747 1768 767 vos
1775 742 1843 768 hon
1854 737 1996 768 dubitatis
2005 758 2013 772 ,
2033 739 2109 779 quin
2120 748 2174 767 ve-

1222 779 1337 820 ctigalia
1345 778 1438 809 vestra
1448 779 1583 809 vendatis
1594 799 1601 812 .
1623 780 1757 819 plurimo
1767 781 1917 819 majorum
1934 778 2100 810 vestrorum
2109 779 2176 810 san-

1219 831 1310 861 guine
1320 841 1328 854 ‚
1349 822 1382 851 &
1396 820 1502 851 sudore
1511 820 1629 862 quaesita
1639 842 1647 855 ,
1668 831 1700 851 ut
1718 822 1854 852 Sullanos
1873 820 2047 862 poffess'ores
2059 820 2176 851 divitiis

1219 864 1346 904 augeatis
1360 883 1367 894 .
1388 863 1521 902 periculo
1539 863 1691 893 liberetis?
1710 866 1790 893 Nam
1801 864 1835 893 ad
1847 864 1923 894 hanc
1939 864 2109 893 emtionem
2122 863 2177 893 de-

1220 914 1284 933 cem
1290 905 1412 934 viralem
1424 905 1484 934 duo
1494 915 1601 946 genera
1609 915 1748 946 agrorum
1759 904 1897 947 studiant,
1914 907 2055 946 Qirites.
2066 914 2175 935 eorum

1221 955 1328 979 unum,
1340 955 1459 986 propter
1469 948 1625 980 invrdfflm,
1638 947 1759 985 domini
1767 948 1887 989 fugiunt
1899 957 1904 975 ς
1918 948 2045 976 alterum
2055 955 2177 986 propter

1219 987 1392 1017 vastitatem.
1415 988 1555 1018 Sullanus
1565 988 1659 1030 agema
1669 991 1754 1019 certis
1766 988 1942 1020 hominibus
1952 987 2087 1018 latiffime
2099 997 2177 1018 con»

1218 1031 1348 1059 tinuatus
1357 1049 1366 1062 ,
1379 1038 1489 1059 tantam
1500 1030 1586 1060 habet
1597 1030 1737 1059 invidiam
1748 1050 1755 1063 ‚
1777 1040 1810 1061 ut
1819 1032 1881 1061 veri
1892 1051 1900 1064 ‚
1921 1040 1952 1061 ac
1962 1029 2049 1060 fortis
2059 1030 2174 1061 tribuni

1218 1070 1259 1109 pl.
1281 1070 1438 1100 stridorem
1457 1081 1554 1100 unum
1573 1071 1701 1111 perferre
1718 1083 1782 1102 non
1801 1071 1898 1112 poffit.
1922 1073 1970 1102 hic
1983 1081 2048 1112 ager
2058 1073 2175 1104 omnis,

1219 1121 1343 1152 quoquo
1352 1115 1453 1151 precio
1463 1114 1601 1143 co'e'mtus
1614 1116 1685 1147 erit,
1707 1123 1809 1144 tamen
1818 1116 1933 1155 ingenti
1943 1116 2068 1153 pecunia
2086 1113 2178 1142 vobis

1220 1153 1388 1184 inducetur.
1419 1154 1557 1184 Alterum
1595 1165 1669 1184 enus
1688 1165 1826 1197 agrorum
1837 1176 1845 1189 ,
1866 1164 1983 1196 propter
1992 1153 2177 1190 sterilitatem

1220 1195 1377 1228 incultum,
1398 1204 1516 1234 propter
1533 1205 1581 1235 pe,
1598 1197 1734 1226 ilentiam
1749 1197 1865 1227 vastum
1877 1217 1885 1230 ,
1909 1205 1997 1237 atque
2010 1195 2174 1229 desertum.

1218 1246 1334 1266 emetur
1344 1236 1379 1266 ab
1390 1239 1427 1266 iis
1439 1256 1446 1270 ,
1462 1238 1516 1278 qui
1526 1237 1690 1274 eos-vident
1700 1237 1752 1268 fibi
1763 1238 1821 1269 effe
1832 1259 1841 1273 ‚
1858 1237 1884 1267 >si
1894 1248 1959 1268 non
1968 1237 2172 1271 vendiderint,

1219 1278 1444 1319 relinquendos.
1466 1281 1513 1309 'Et
1522 1281 1670 1309 nimirum
1681 1279 1758 1320 istud
1768 1279 1809 1310 est
1819 1300 1827 1314 ,
1844 1279 1927 1321 quod
1936 1279 1972 1310 ab
1984 1280 2043 1310 hoc
2052 1279 2178 1309 tribuno

1218 1320 1261 1360 pl.
1280 1319 1398 1350 dictum
1416 1319 1458 1350 est
1468 1322 1500 1350 in
1511 1320 1611 1351 senatu
1623 1332 1628 1350 :
1649 1321 1793 1352 urbanam
1804 1323 1925 1363 plebem
1939 1322 2074 1351 nimium
2084 1322 2117 1350 in
2127 1331 2177 1351 re-

1218 1362 1288 1405 pub.
1304 1361 1403 1403 poffe:
1423 1363 1639 1392 exhauriendam
1657 1363 1703 1401 effi
1711 1375 1723 1391 .·
1744 1365 1803 1395 hoc
1816 1366 1900 1394 enim
1917 1363 2009 1394 verbo
2028 1361 2070 1393 est
2088 1363 2156 1393 usus
2166 1372 2176 1392 ε

1220 1403 1299 1448 quasi
1317 1405 1353 1435 de
1371 1404 1470 1446 aliqua
1487 1405 1602 1436 sentina
1610 1426 1618 1440 ‚
1636 1416 1667 1436 ac
1678 1416 1741 1436 non
1752 1406 1788 1436 de
1799 1408 1987 1446 optimorum
1998 1406 2113 1435 civium
2123 1414 2177 1446 ge-

1220 1459 1290 1478 nere
1310 1448 1488 1490 loqueretur.
1533 1450 1595 1477 Vos
1608 1446 1679 1477 vero
1691 1468 1699 1482 ,
1716 1446 1736 1477 si
1747 1453 1796 1477 me
1805 1447 1905 1478 audire
1914 1448 2006 1477 vultis
2017 1467 2025 1481 ,
2050 1448 2177 1477 retinete
2194 1457 2241 1493 27

1220 1490 1306 1521 istam
1317 1489 1527 1531 posseffionem
1537 1491 1645 1531 gratiae,
1659 1490 1801 1520 libertatis
1812 1510 1819 1524 ,
1833 1487 2044 1530 suffragiorum
2056 1508 2064 1522 ‚
2076 1488 2177 1530 digni-

1222 1534 1287 1563 tatis
1296 1553 1304 1566 ,
1318 1532 1398 1562 urbis
1411 1553 1418 1566 ,
1431 1532 1508 1567 fori,
1520 1531 1662 1563 ludorum
1671 1552 1680 1566 ‚
1691 1531 1838 1562 festorum
1847 1531 1965 1561 dierum
1977 1550 1985 1564 ‚
2005 1539 2176 1561 ceterorum

1222 1577 1365 1604 omnium
1374 1574 1611 1605 commodorum
1623 1585 1629 1604 :
1649 1572 1706 1604 nisi
1724 1573 1802 1605 forte
1824 1574 1964 1604 mavultis
1976 1592 1985 1606 ,
2005 1571 2119 1602 relictis
2129 1572 2178 1601 bis

1223 1616 1310 1646 rebus
1319 1636 1326 1650 ,
1338 1625 1425 1657 atque
1435 1617 1487 1646 hac
1498 1617 1564 1647 luce
1575 1616 1699 1656 reipubl.
1714 1618 1747 1646 in
1754 1617 1910 1656 Sipontina
1920 1613 2047 1645 siccitate
2057 1633 2067 1647 ‚
2086 1614 2179 1643 autin

1221 1658 1432 1698 Salapinorum
1443 1657 1617 1697 pestilentiae
1631 1657 1752 1691 finibus,
1764 1658 1858 1688 Rullo
1868 1657 1953 1690 duce,
1964 1656 2114 1686 collocari.
2138 1657 2181 1685 At

1224 1699 1302 1730 dicat
1310 1720 1318 1733 ,
1332 1710 1409 1741 quos
1419 1702 1501 1741 agros
1510 1709 1642 1730 emturus
1653 1698 1686 1730 sit
1698 1711 1704 1729 t
1723 1698 1858 1730 ostendat
1869 1699 1901 1729 δε
1909 1698 1981 1739 quid
1996 1717 2005 1731 ,
2027 1697 2060 1727 &
2068 1696 2180 1737 quibus

1224 1741 1345 1772 daturus
1356 1740 1400 1773 fit,
1424 1744 1467 1771 Ut
1476 1741 1549 1771 vero
1560 1761 1568 1775 ‚
1584 1740 1656 1772 cum
1666 1743 1785 1774 omneis
1798 1741 1895 1772 urbeis
1906 1760 1915 1773 ,
1930 1748 2014 1781 agros
2024 1759 2033 1773 ‚
2049 1737 2128 1769 veeti
2164 1753 2182 1759 -

1225 1784 1264 1813 lia
1275 1804 1283 1816 ‚
1308 1793 1396 1824 regna
1405 1783 1571 1814 vendiderit
1583 1804 1591 1817 ,
1615 1792 1683 1814 tum
1695 1793 1813 1813 arenam
1824 1783 1955 1822 aliquam
1967 1801 1975 1815 ‚
1996 1789 2045 1810 aut
2058 1780 2125 1820 palu
2149 1788 2182 1809 es

1225 1833 1321 1855 emat:
1338 1824 1368 1854 id
1380 1834 1434 1854 vos
1444 1824 1576 1864 potestis,
1588 1826 1697 1866 quaeso,
1711 1824 1893 1855 concedere?
1903 1820 2183 1864 Qamquamillud

1227 1866 1269 1896 est
1278 1868 1444 1908 egregium,
1457 1866 1538 1907 quod
1548 1868 1601 1897 hac
1613 1867 1676 1908 lege
1686 1866 1752 1896 ante*
1763 1866 1856 1895 omnia
1863 1870 1984 1894 veneunt
1993 1884 2001 1899 ‚
2010 1864 2080 1894 'ante
2087 1873 2183 1904 pecu-

1227 1911 1286 1938 niae
1295 1914 1444 1949 coguntur
1454 1928 1462 1942 ‚
1485 1909 1518 1938 ὅ(
1527 1918 1750 1942 coacervantur,
1769 1907 1860 1949 quam
1879 1907 1972 1949 glaeba
1985 1916 2044 1936 una
2056 1913 2182 1935 ematur.

1227 1950 1336 1980 deinde
1354 1952 1416 1980 emi
1432 1950 1535 1990 jubet:
1554 1951 1590 1981 ab
1600 1952 1698 1981 invito
1708 1959 1795 1980 vetat.
1819 1952 1928 1990 Qaero
1938 1969 1946 1983 ,
1965 1947 1986 1977 si
1999 1968 2006 1981 ,
2026 1949 2078 1989 qui
2087 1947 2185 1978 velint

1227 1992 1354 2022 vendere
1364 2012 1372 2026 ‚
1392 2002 1455 2022 non
1465 1992 1577 2022 fuerint
1588 2013 1596 2026 ,
1615 1992 1686 2033 quid
1697 1993 1821 2033 pecunia
1831 1990 1901 2022 fiet?
1923 1989 2046 2021 Referre
2064 1991 2097 2019 in
2112 1997 2185 2019 κιε-

1231 2036 1311 2064 rium
1323 2035 1373 2064 lex
1384 2042 1462 2065 vetat
1478 2045 1483 2064 :
1506 2036 1586 2076 exigi
1605 2035 1752 2074 prohibet.
1784 2035 1877 2075 Igitur
1886 2034 2044 2074 pecuniam
2055 2039 2183 2061 omnem

1228 2075 1392 2106 decemviri
1407 2076 1554 2107 tenebunt
1565 2087 1570 2106 :
1592 2076 1679 2107 vobis
1689 2086 1755 2117 ager
1764 2085 1828 2106 non
1838 2084 1965 2106 emetur.
1987 2072 2185 2114 veetigalibus

1229 2118 1411 2152 abahenaris,
1425 2118 1510 2148 sociis
1521 2121 1644 2152 vexatis,
1656 2118 1785 2159 reg‘ibuS,
1796 2127 1882 2159 atque
1892 2116 2037 2148 omnibus
2044 2114 2186 2156 gentibus

1232 2161 1405 2194 exinanitis,
1417 2160 1463 2189 illi
1472 2163 1612 2200 pecunias
1622 2159 1784 2193 habebunt,
1795 2169 1850 2190 vos
1859 2169 1943 2200 agros
1952 2168 2015 2188 non
2027 2156 2184 2187 habebitis.

1232 2201 1329 2231 Facile
1344 2221 1353 2234 ,
1365 2203 1465 2242 inquit
1475 2222 1482 2235 ,
1493 2202 1675 2232 adducentur
1684 2200 2020 2242 pecuniaemagnitudine,
2046 2197 2186 2228 utvelint

1229 2242 1370 2272 vendere·
1402 2246 1480 2283 Ergo
1500 2254 1532 2273 ea
1553 2244 1602 2273 lex
1621 2242 1663 2273 est
1673 2263 1682 2276 ,
1699 2252 1754 2283 qua
1769 2241 1868 2272 nostra
1877 2241 2042 2270 vendamus
2051 2259 2060 2273 ,
2080 2240 2186 2279 quanti

1230 2282 1386 2323 poffimus:
1403 2285 1499 2314 aliena
1510 2294 1655 2317 emamuS‚
1668 2285 1769 2324 quanti
1779 2280 1949 2321 possessores
1962 2282 2068 2311 velint.
2087 2284 2186 2320 Atque

1231 2327 1263 2354 in
1275 2326 1330 2353 hos
1338 2334 1422 2364 agros
1432 2344 1440 2358 ,
1455 2327 1508 2365 qui
1518 2327 1570 2355 hac
1579 2326 1640 2365 lege
1651 2326 1726 2354 emti
1736 2322 1791 2354 sint
1801 2344 1809 2358 ‚
1825 2324 1958 2354 colonias
1967 2323 2003 2353 ab
2015 2325 2051 2352 iis
2063 2322 2186 2353 decem-

1232 2367 1303 2395 viris
1317 2366 1536 2405 deducijubet?
1555 2366 1635 2408 Qid
1647 2369 1658 2395 ?
1671 2366 1812 2396 omnisne
1822 2365 1972 2404 ejusmodi
1984 2366 2067 2395 locus
2079 2363 2121 2394 est
2132 2384 2140 2398 ,
2153 2372 2187 2393 ut

1233 2407 1311 2436 nihil
1321 2406 1432 2437 intersit
1445 2409 1556 2448 reipub.
1569 2408 1688 2438 colonia
1699 2407 1858 2437 deducatur
1870 2409 1901 2436 in
1912 2417 1982 2436 eum
1992 2407 2104 2440 locum,
2114 2415 2187 2436 nec-

1234 2451 1292 2477 ne?
1310 2458 1345 2478 an
1356 2447 1397 2478 est
1407 2449 1490 2480 locus
1501 2471 1510 2484 ,
1530 2453 1581 2491 qui
1598 2450 1752 2480 coloniam
1770 2448 1920 2488 postulet?
1942 2448 1956 2468 ⁶
1971 2447 2012 2478 est
2022 2448 2120 2488 plane.
2140 2457 2187 2477 re-

1234 2489 1311 2519 &ius
1323 2511 1331 2524 ,
1354 2490 1386 2520 &
1408 2489 1424 2504 ’¹‘
1446 2502 1507 2532 quo
1519 2494 1549 2522 in
1559 2502 1666 2533 genere
1677 2490 1747 2521 sicut
1757 2494 1789 2520 in
1800 2492 1904 2521 ceteris
1914 2491 2028 2530 reipub.
2039 2489 2184 2530 partibus,

1232 2531 1274 2561 est
1284 2542 1378 2571 operae
1391 2536 1519 2571 pretium
1531 2535 1720 2575 diligentiam
1730 2533 1879 2571 majorum
1891 2532 2036 2563 recordari
2048 2542 2053 2560 ε
2072 2532 2125 2572 qui
2142 2541 2188 2560 co-

1231 2573 1365 2615 loniasfic
1376 2574 1472 2604 idonea
1486 2587 1514 2605 ιιι
1524 2576 1585 2605 [acu
1602 2583 1707 2606 contra
1716 2574 1916 2614 suspicionem
1925 2575 2049 2614 periculi
2059 2573 2189 2604 colloca-

2106 2622 2188 2647 runt,

1227 2676 1261 2701 ris
1275 2676 1406 2702 Musarum
1418 2685 1447 2702 ac
1458 2678 1596 2703 Clau-itinn
1609 2678 1710 2712 mystis.

1263 2719 1290 2743 4.
1311 2714 1414 2737 lnihum·
1432 2717 1491 2737 em'm
1510 2716 1571 2738 ratio
1589 2713 1711 2746 φαςμὴ]
1736 2711 1814 2739 Haud
1824 2712 1902 2738 aliter
1912 2712 2018 2748 quidem
2031 2712 2061 2738 1’.
2071 2711 2188 2738 Manutii

1227 2747 1310 2773 editio
1324 2767 1331 2779 ‚
1353 2747 1395 2774 sed
1405 2748 1582 2784 antiquissiina
1599 2751 1688 2774 inierur
1701 2768 1708 2781 ‚
1728 2748 1862 2784 quomodo
1873 2749 1900 2774 &
1912 2749 1967 2774 l'al.
1979 2757 2020 2784 pr.
2031 2749 2126 2784 quippe
2136 2747 2187 2775 sec.

1227 2785 1345 2808 inhibetur
1357 2804 1364 2815 ,
1375 2783 1444 2819 quod
1456 2785 1483 2810 f<
1495 2784 1520 2810 in
1534 2783 1694 2810 Erfurdiano
1707 2804 1714 2815 ‚
1735 2786 1762 2810 ὃς
1794 2784 1944 2812 rimi-endum
1962 2784 1989 2810 in
2008 2793 2063 2810 eam
2086 2793 2187 2810 vocem.

1228 2819 1291 2855 iicpe
1301 2820 1370 2845 enini
1383 2820 1522 2847 exturbata
1532 2820 1567 2846 est
1578 2820 1729 2855 ignorantia
1738 2795 1889 2846 lbi-ibarum.
2172 2830 2176 2833 ’

1266 2865 1291 2888 5.
1313 2860 1343 2881 Et
1356 2865 1397 2881 vos
1406 2866 1450 2881 non
1460 2856 1573 2881 dubitaris
1586 2875 1594 2885 ,
1613 2859 1670 2888 quin
1680 2858 1807 2889 vec‘ligasia
1824 2856 1891 2889 dyc]
1914 2855 2022 2882 Fortius
2033 2855 2119 2882 multo
2130 2856 2188 2883 Pal.

1229 2891 1278 2917 stc.
1289 2894 1321 2916 Et
1330 2901 1373 2917 vos
1383 2892 1497 2917 dubitari}
1509 2911 1516 2923 ‚
1527 2895 1568 2925 qni
1577 2893 1662 2923 veelig.
1685 2892 1807 2918 Lambini
1820 2891 1984 2927 transpositio
1996 2901 2087 2918 vocum
2100 2911 2107 2925 ‚
2120 2892 2188 2919 nihil

1229 2926 1304 2953 habet
1316 2926 1390 2953 boum
1400 2928 1501 2962 grati-x.
1523 2928 1653 2953 Puteanus
1666 2925 1777 2953 faciebat
1789 2938 1794 2953 :
1808 2931 1840 2953 Et
1850 2936 1893 2953 vos
1902 2937 1958 2953 num
1968 2928 2043 2953 dubit.

1264 2963 1292 2988 6.
1313 2964 1436 2995 Etrplane
1447 2965 1533 2989 rec'lim
1542 2963 1571 2993 ὼ·
1582 2965 1593 2978 ⁴*
1604 2972 1647 2996 quo
1657 2966 1768 2995 ingencre
1780 2963 1846 2997 &·C]
1869 2963 1951 2989 Malui
1964 2963 2050 2990 locum
2062 2964 2188 3000 insignire

1229 2998 1446 3034 :istei·ilL·o,atqi1e
1456 2999 1605 3035 exprimere
1616 3007 1674 3024 cum
1686 2999 1699 3023 ΧΑ
1709 2998 1807 3024 istorio
1818 2997 1961 3025 leustionem
1973 2999 2039 3026 Pau.
2051 3008 2188 3027 veterum-

1228 3044 1279 3094 que
1289 3034 1349 3060 cdd.
1371 3044 1448 3070 quani
1459 3034 1522 3061 dare
1534 3035 1620 3060 locuni
1632 3033 1792 3060 Laui-edane:
1802 3034 1959 3068 conjeclurae
1972 3055 1980 3067 ,
1991 3036 2104 3063 nimium
2115 3045 2173 3062 rece
2184 3051 2189 3054 -

1231 3070 1326 3132 Leniiba
1339 3070 1488 3096 littei-arum
1500 3079 1629 3101 numero:
1650 3070 1770 3106 quamvis
1789 3079 1846 3097 eam
1864 3069 2018 3100 admiserint
2028 3072 2164 3100 Manutius
2177 3089 2188 3105 ,

1256 3115 1297 3132 ain
1317 3107 1375 3133 inus
1389 3125 1397 3138 ,
1407 3107 1463 3137 alii.

2065 3189 2086 3208 ,ι
2107 3182 2196 3208 εει-νὶ-
