2297 3389
714 115 973 162 Lrn.11L
1023 132 1090 163 tn

160 197 256 232 facere
267 218 275 234 ,
285 196 447 240 prasertim
455 203 525 228 cum
535 192 566 225 id
576 202 641 225 nou
650 191 746 224 modo
764 194 897 222 oratione
908 201 974 222 mea
984 213 992 226 ‚
1006 192 1055 224 scd
1067 201 1109 224 et-

158 243 222 272 iam
232 251 262 271 re
271 240 330 281 ipsa
337 238 498 270 refellatur?
506 245 577 267 cum
587 237 621 266 in
633 236 719 266 tantis
731 233 938 275 incommodis
949 242 1107 268 aratorum,

158 282 335 322 injuriisque
343 281 580 311 decumanorum
592 297 601 311 ‚
613 276 733 307 nullum
743 285 781 305 ex
792 274 848 305 isto
858 274 996 314 praeclaro
1008 274 1108 305 edifto

158 333 224 354 non
234 319 326 353 modo
335 320 459 354 faaum,
465 319 514 350 sed
522 329 561 349 ne
570 317 752 359 postulatum
763 315 888 357 quidem
894 315 1047 355 judicium
1058 317 1108 346 in-

157 366 313 395 veniatur?
334 364 398 393 Erit
415 370 516 392 tamen
533 361 566 390 in
582 368 706 391 aratores
725 359 823 388 lenior
836 377 845 391 ‚
866 357 958 398 quam
977 356 1105 387 videtur.

157 406 294 445 nam,qui
303 406 335 434 in
345 403 532 434 decumanos
540 397 651 444 ossupli'
651 400 797 440 judicium
810 399 839 429 se
850 397 989 428 daturum
999 397 1105 432 edixit,

155 447 238 477 idem
248 446 349 475 habuit
358 447 392 474 in
401 444 501 475 ediEto
511 464 520 478 ‚
540 444 612 474 sein
621 451 766 473 aratorem
777 442 806 470 in
820 439 1012 482 quadruplum
1020 439 1105 470 datu-

153 496 236 518 rum.
265 488 339 527 Qis
355 487 435 516 hunc
453 485 540 516 audet
555 484 653 515 dicere
663 504 672 518 ‚
693 482 856 514 aratoribus
871 480 1016 511 infestum
1027 500 1036 514 ‚
1056 489 1106 511 aut

150 529 315 558 inimicum
325 525 411 557 fuiffe
421 531 431 557 ?
440 536 551 568 quanto
561 526 660 556 lenior
670 524 712 555 est
723 545 731 558 ‚
742 524 834 565 quarn
844 525 877 553 in
886 523 1082 563 publicanum
1093 525 1104 552 ?

151 569 273 603 Edunt,
291 572 300 588 ¹
313 578 345 599 ut
356 589 364 603 ‚
374 571 457 610 quod
467 569 652 599 decumanus
661 565 806 599 edidisset,
818 563 871 594 fibi
882 566 942 594 dari
953 573 1099 604 oportere,

149 610 182 641 id
192 610 228 641 ab
237 619 347 640 aratore
357 610 539 652 magistratus
551 609 668 640 Siculus
678 610 726 638 exi
749 616 821 638 eret.
850 605 931 647 Qid
942 606 1103 646 dereliquit

146 651 269 693 judicii,
290 651 373 692 quod
392 654 426 682 in
435 660 579 683 aratorem
589 651 651 681 dari
669 660 709 690 po
736 655 784 680 et?
807 651 882 678 Non
900 647 1016 677 malum
1038 646 1081 676 est
1091 666 1106 688 ,V

147 695 264 735 inquit,
284 692 340 724 effe
358 693 446 724 istam
463 692 679 724 formidinem:
699 700 732 725 ut
741 711 750 725 ‚
770 699 840 720 cum
855 688 1004 735 exactum·
1014 686 1101 735 116111)Ι

147 744 259 766 aratore
267 754 276 768 ‚
299 743 400 765 tamen
412 745 451 766 ne
460 736 489 766 se
498 741 691 766 commoveat
699 752 708 766 ,
727 732 861 772 reliquus
880 740 978 760 metus
993 729 1102 769 judicii

149 775 192 806 sit.
215 778 245 807 Si
256 776 367 811 iudicio
377 777 393 807 a
404 787 453 808 me
462 778 508 807 vis
519 778 637 817 exigere
648 795 657 808 ,
669 783 793 804 remove
802 772 938 803 Siculum
949 770 1101 812 magistra-

149 826 226 851 tum,
237 816 257 847 fi
266 819 343 848 hanc
351 820 416 848 vim
427 818 560 850 adhibes,
573 816 646 858 quid
657 825 731 856 opus
741 814 783 845 est
789 814 928 855 judicio?
947 815 1023 854 Qis
1030 822 1101 853 por-

148 858 184 889 ro
195 861 267 893 erit,
289 862 416 900 quinon
425 860 509 889 malit
518 858 692 889 decumanis
708 858 767 887 tuis
784 856 851 887 dare
860 876 868 890 ‚
888 858 903 874 ²
912 856 994 895 quod
1003 864 1101 894 popo-

88 908 99 932 ι
111 908 132 940 4
150 901 250 935 fcerit,
269 902 359 942 quam
378 902 414 931 ab
431 900 542 931 affeclis
560 901 619 930 tuis
631 898 798 940 quadruplo
808 896 1024 927 condemnari?
1045 897 1102 926 Illa

148 941 220 972 vero
230 943 364 982 praeclara
374 941 415 972 est
424 941 551 972 clausula
560 940 650 971 edisti
659 961 668 975 ‚
678 939 760 982 quod
771 941 914 970 omnium
925 945 1101 968 controver-

146 982 251 1013 fiarum
261 1003 269 1016 ,
279 993 344 1023 quae
352 982 444 1013 essent
453 985 530 1013 inter
538 992 682 1013 aratorem
693 1002 701 1016 ‚
714 982 747 1012 ὃς
757 981 958 1011 decumanum
972 999 980 1012 ‚
999 978 1027 1020 fi
1038 988 1100 1008 uter

145 1024 227 1064 uelit,
242 1024 341 1058 edicit,
349 1025 379 1064 fi
391 1032 587 1066 recuperatores
597 1025 745 1054 daturum.
767 1024 916 1054 Primum,
927 1031 993 1062 quae
1002 1020 1100 1061 potest

145 1064 205 1097 effe
214 1064 410 1096 controversia
421 1086 429 1100 ‚
440 1076 509 1096 cum
521 1068 546 1096 is
555 1085 563 1100 ,
575 1068 626 1107 qui
636 1074 734 1105 petere
743 1064 847 1097 debet,
860 1062 970 1093 aufert?
982 1062 1015 1092 &
1024 1072 1095 1092 cum

148 1109 174 1138 is
186 1116 248 1137 non
257 1127 265 1140 ,
285 1116 431 1148 quantum
442 1107 566 1138 debetur
576 1127 585 1141 ‚
603 1107 652 1137 scd
665 1115 812 1147 quantum
824 1104 1024 1135 commodum
1035 1103 1077 1134 est
1087 1124 1095 1137 ‚

144 1147 258 1179 aufert?
272 1149 326 1178 ille
334 1158 434 1179 autem
447 1169 455 1182 ‚
477 1149 558 1179 unde
567 1149 698 1179 ablatum
708 1147 751 1178 est
761 1169 769 1180 ,
786 1147 904 1187 judicio
915 1147 1001 1176 suum
1012 1155 1097 1176 recu-

144 1199 242 1231 perare
256 1190 344 1220 nullo
360 1191 455 1220 modo
469 1189 586 1230 potest?
607 1189 716 1221 deinde
727 1192 760 1219 in
768 1190 826 1219 hoc
847 1192 859 1216 3
871 1189 966 1217 homo
976 1188 1073 1217 luteus
1084 1207 1092 1220 ‚

145 1233 234 1262 etiam
245 1231 367 1262 callidus
379 1252 387 1266 ‚
402 1241 435 1262 ac
443 1241 588 1262 veterator
598 1231 656 1261 ess'e
666 1231 730 1261 vult
740 1251 749 1264 ‚
770 1230 852 1271 quod
862 1232 902 1259 ira
911 1229 1011 1259 scribit
1022 1248 1030 1262 ‚
1054 1229 1074 1257 S
1083 1231 1101 1257 I

144 1274 272 1302 vTER
295 1274 463 1307 VOLET,
481 1271 917 1303 REchERATORES
940 1272 1094 1299 DtABO.

144 1313 244 1354 Qam
254 1314 351 1354 lepide
363 1315 391 1345 se
400 1313 489 1345 furari
499 1319 601 1354 putat?
620 1317 746 1354 Utrique
755 1313 824 1343 facit
832 1311 1006 1352 potestatem
1017 1331 1025 1344 ‚
1047 1311 1096 1341 sed

142 1365 245 1386 utrum
256 1357 294 1386 ita
302 1355 445 1395 scripserit
455 1375 464 1389 ‚
482 1357 515 1386 Si
529 1364 591 1385 uter
603 1356 678 1385 volet
688 1375 696 1388 ,
712 1365 748 1385 an
759 1374 768 1388 ‚
783 1355 816 1384 Si
829 1354 995 1383 decumanus
1009 1352 1095 1386 volet,

142 1397 221 1428 nihil
236 1396 366 1427 interest.
388 1406 482 1427 arator
490 1399 574 1427 enim
584 1405 651 1427 tuos
661 1396 733 1427 istos
750 1404 967 1436 recuperatores
976 1399 993 1422 4
1003 1404 1095 1424 num-

143 1448 234 1480 quam
246 1438 337 1469 volet.
360 1439 462 1480 Qid?
478 1439 530 1469 illa
537 1439 585 1479 cuj
589 1438 708 1469 usmodi
718 1439 787 1469 sunt
796 1457 804 1471 ,
816 1447 882 1478 quae
891 1447 929 1467 ex
939 1445 1074 1476 tempore
1084 1455 1094 1470 ,

144 1481 180 1511 ab
189 1482 327 1520 Apronio
336 1479 510 1511 admonitus
519 1500 527 1513 ‚
540 1480 655 1511 edixit?
706 1502 711 1507 .
722 1482 849 1520 Septitio
859 1499 868 1513 ‚
888 1476 1096 1509 honestlffimo

144 1523 272 1553 homine
281 1542 290 1555 ‚
302 1523 461 1563 equiteque
470 1524 613 1553 Romano
623 1542 631 1556 ,
650 1520 715 1552 resis
731 1530 798 1551 ente
806 1522 942 1561 Apronio
952 1540 961 1554 ‚
975 1520 1008 1550 &
1017 1517 1097 1549 affir-

145 1571 245 1594 mante
254 1583 262 1597 ,
281 1563 311 1594 se
328 1564 394 1603 plus
412 1564 540 1595 decuma
556 1574 621 1594 non
631 1564 770 1594 daturum
781 1583 789 1597 ‚
809 1563 944 1592 exoritur
952 1562 1099 1601 peculiare

145 1603 277 1634 ediRum
299 1607 491 1644 repentinum
502 1625 511 1640 ,
536 1616 568 1634 ne
589 1607 650 1646 quis
663 1604 841 1642 frumentum
852 1604 884 1634 de
894 1613 960 1632 area
974 1604 1078 1632 tolleret
1090 1622 1098 1636 ,

144 1645 210 1675 ante'
220 1641 308 1687 quhm
321 1656 384 1683 cum
392 1646 541 1676 decumano
551 1646 652 1688 pastm
664 1645 737 1684 ‘'ffl's·
764 1646 886 1676 Ferebat
894 1646 970 1675 hanc
979 1653 1099 1685 quoque

141 1689 334 1728 ’iniquitatem
348 1690 488 1728 Septitius
497 1708 507 1722 ‚
528 1689 561 1719 &
573 1688 666 1718 imbri
686 1688 877 1718 frumentum
896 1688 1048 1726 corrumpi
1065 1687 1098 1715 in

143 1738 206 1758 area
213 1729 388 1768 patiebatur:
402 1740 472 1760 cum
484 1730 560 1760 illud
571 1728 705 1760 edis->cum
716 1729 837 1769 repente
848 1728 1036 1758 uberrimum
1046 1747 1054 1760 ,
1066 1727 1099 1757 &

143 1768 422 1810 quaestuofiffimum
433 1771 569 1805 nascitur,
584 1779 619 1800 ut
629 1778 694 1800 ante
702 1770 850 1813 Kalendas
860 1770 942 1800 Sext.
953 1779 1042 1799 omnes
1053 1770 1098 1798 de-

100 1823 106 1826 ·
142 1821 237 1841 cumas
249 1811 287 1840 ad
294 1822 402 1853 aquam
413 1812 569 1853 deportatas
583 1811 723 1843 haberent.
741 1815 809 1842 Hoc
819 1811 920 1842 66116ὶο
930 1821 995 1841 non
1005 1811 1099 1841 Siculi

143 1852 226 1892 (narn
237 1863 288 1883 eos
298 1854 421 1894 quidem
429 1855 492 1893 jam
508 1854 708 1894 superioribus
719 1854 824 1885 ediffis
834 1854 900 1883 satis
909 1853 1076 1893 perdiderat
1087 1872 1096 1886 ,

141 1903 227 1935 atque
238 1894 402 1931 afflixerat)
421 1895 471 1925 sed
480 1895 529 1925 isti
539 1894 592 1935 ipsi
602 1898 716 1937 equites
726 1899 819 1927 Rom.
834 1897 887 1936 qui
898 1896 915 1925 s
913 1904 984 1924 uum
992 1896 1041 1933 jus
1051 1904 1097 1923 re-

140 1938 237 1966 tinere
253 1936 283 1966 se
297 1945 400 1966 contra
409 1939 579 1976 Apronium
588 1935 670 1976 poffe
688 1946 770 1967 erant
778 1937 906 1967 arbitrati
917 1956 926 1969 ‚
950 1935 1097 1975 splendidi

141 1978 297 2011 homines,
310 1977 343 2007 δε
352 1977 418 2007 aliis
427 1978 601 2018 praetoribus
610 1977 838 2019 gratiosnvinffi
848 1979 986 2016 Apronio
997 1976 1096 2006 traditi

141 2018 216 2049 sunt.
242 2018 396 2048 Attendite
405 2021 506 2052 enim,
524 2019 693 2057 cujusmodi
705 2019 799 2049 edicta
808 2018 874 2048 sint.
896 2020 928 2046 N
938 2020 963 2047 E
986 2018 1041 2046 TO
1050 2019 1094 2046 L-

141 2059 267 2092 L-AT‚
296 2061 411 2100 inquit,
438 2062 506 2090 EX
527 2062 701 2094 miltzi-A,
725 2060 834 2090 NISI
862 2060 984 2089 ERIT
1008 2060 1091 2088 ΡΛ-

142 2102 228 2129 ch
237 2101 267 2130 S.
297 2104 372 2131 Satis
387 2103 449 2131 haec
466 2111 573 2142 magna
587 2103 634 2131 vis
649 2101 692 2132 est
708 2102 742 2132 ad
758 2100 862 2142 inique
872 2100 1092 2140 paciscendum.

139 2142 221 2172 malo
239 2143 322 2172 enim
341 2142 407 2182 plus
418 2142 485 2172 dare
493 2162 502 2177 ‚
521 2153 611 2183 quain
627 2153 692 2173 non
709 2146 823 2173 mature
842 2152 881 2172 ex
897 2152 960 2172 area
978 2142 1092 2172 tollere.

139 2187 155 2212 5
164 2186 204 2214 At
219 2182 272 2213 ista
291 2185 322 2213 vi
332 2185 490 2224 Septitium
501 2204 510 2218 ,
535 2184 742 2214 &nonnullos
751 2185 868 2224 Septitii
887 2183 1009 2213 simileis
1027 2193 1092 2213 non

141 2225 256 2256 coErcet
269 2226 334 2266 :qui
344 2227 385 2256 ita
392 2225 495 2256 dicunt
508 2249 513 2254 .
526 2228 601 2256 Non
611 2226 716 2256 tollam
726 2228 826 2266 potius
837 2245 845 2259 ‚
857 2226 947 2267 quam
956 2226 1090 2265 paciscar.

140 2264 157 2286 ⁶
166 2269 220 2297 His
229 2267 288 2297 hoc
295 2268 464 2306 apponitur,
475 2269 672 2307 Deportatum
684 2268 789 2297 habeas
799 2276 865 2297 ante
876 2267 1000 2297 Kalend.
1011 2270 1090 2297 Sext.

141 2308 312 2348 Deportabo
321 2310 419 2349 igitur.
442 2307 509 2339 Nisi
517 2308 620 2348 pastus
631 2310 707 2343 eris,
728 2319 792 2339 non
801 2308 1022 2339 commovebis,
1044 2310 1092 2338 Sic

0 2340 15 2361 '⁵¹
29 2358 42 2382 Ω
141 2349 314 2389 deportandi
323 2352 386 2380 dies
417 2350 552 2381 raestituta
560 2351 665 2380 tollere
674 2351 797 2392 cogebat
805 2360 844 2380 ex
853 2360 926 2381 area.
951 2349 1091 2380 Prohibi-

0 2382 17 2402 ε’
29 2400 32 2418 1
44 2414 45 2417 ,
141 2392 184 2420 tio
193 2391 337 2425 tollendi,
349 2393 381 2422 ui
395 2402 404 2420 1
413 2391 513 2432 pactus
524 2390 595 2422 effet
603 2411 611 2426 ‚
622 2394 686 2422 vim
697 2392 852 2423 adhibebat
862 2391 994 2432 pactioni
1003 2411 1011 2425 ,
1025 2401 1090 2421 non

0 2423 16 2473 “³
35 2443 38 2448 ’
83 2440 124 2473 15
141 2432 335 2468 voluntatem.
355 2434 425 2474 jam
441 2431 598 2464 verbillud
608 2443 673 2463 non
685 2434 783 2464 solum
795 2443 896 2464 contra
906 2434 1002 2474 Iegem
1016 2435 1091 2462 Hie-

0 2466 17 2504 Ῠ
140 2475 342 2507 ἰὀῐι163111,11ε·6
352 2475 450 2504 solum
459 2483 560 2505 contra
569 2475 820 2506 consuetudinem
832 2475 1026 2515 superiorum,
1041 2474 1090 2505 sed

0 2513 18 2569 [9
29 2529 43 2543 ·⁴
139 2517 228 2546 etiam
235 2525 338 2546 contra
344 2518 449 2546 omnia
452 2517 519 2556 jura
528 2518 698 2547 Siculorum
710 2538 719 2551 ,
739 2528 804 2559 quae
821 2517 955 2547 habenta
970 2518 1070 2547 senatu
1081 2537 1090 2550 ‚

138 2558 308 2598 populoque
318 2560 463 2588 Romano
471 2578 479 2592 ‚
491 2569 523 2587 ne
535 2565 615 2587 extra
622 2559 709 2598 suum
715 2559 813 2598 forum
823 2559 1018 2588 vadimonium
1028 2567 1091 2599 pro—

139 2599 249 2628 mittere
260 2607 382 2640 cogatur.
405 2602 511 2630 Statuit
520 2599 573 2630 iste
582 2620 590 2633 ‚
603 2609 635 2630 ut
644 2609 737 2631 arator
744 2600 912 2631 decumano
923 2621 932 2633 ,
953 2600 1014 2641 quo
1027 2602 1091 2631 vel-

137 2639 179 2672 let
186 2640 366 2672 decumanus
376 2661 385 2676 ,
404 2641 617 2672 vadimonium
633 2644 832 2683 promitteret.
861 2651 893 2672 ut
903 2643 954 2672 hic
965 2652 1084 2683 quoque

1136 117 1526 164 C.VERREM.
2025 130 2117 180 271

1160 197 1296 235 Apronio
1305 218 1313 231 ‚
1326 208 1396 229 cum
1408 198 1423 229 {i
1433 197 1593 229 Leontinis
1605 197 1696 239 usque
1707 193 1876 238 Lilybaeum
1887 197 2019 240 aliquem
2031 200 2121 232 vada-2

1157 246 1246 270 retur,
1260 248 1297 268 ex
1309 240 1424 270 miseris
1434 240 1595 271 aratoribus
1604 239 1809 270 calumniandi
1819 239 1946 281 quaestus
1957 241 2115 273 accederet.

1157 279 1349 320 Qamquam
1360 281 1412 311 illa
1421 280 1480 311 fuit
1488 281 1522 311 ad
1535 282 1718 312 calumniam
1729 279 1864 323 fingulari
1875 281 2002 312 consilio
2016 293 2114 322 reper-

1154 327 1181 348 ta
1192 322 1265 363 ratio
1275 340 1283 354 ,
1295 322 1377 361 quod
1389 322 1536 356 edixerat,
1547 332 1579 353 ut
1589 332 1712 353 aratores
1720 324 1731 361 j
1736 333 1821 364 ugera
1830 323 1979 353 sationum
1992 325 2108 355 suarum

1153 362 1289 397 profitere
1295 371 1369 392 nturi
1394 366 1468 405 Qae
1479 374 1522 394 res
1533 375 1603 394 cum
1621 365 1656 395 ad
1673 364 1826 404 paffiones
1837 363 2040 406 iniquissimas
2049 375 2117 397 ma-

1151 409 1240 440 gnam
1252 404 1316 432 vim
1327 404 1448 438 habuit,
1462 403 1534 435 sicut
1543 405 1699 436 ostendam
1711 426 1720 440 ‚
1732 416 1830 446 neque
1839 405 1875 436 ad
1885 407 1978 436 ullam
1997 408 2111 438 utilita-

1150 449 1211 486 tem
1221 444 1292 482 reip.
1303 447 1461 483 pertinuit:
1477 455 1541 476 tum
1553 446 1625 477 vero
1641 447 1676 477 ad
1685 447 1850 478 calumnias
1864 467 1872 481 ‚
1884 449 1917 478 in
1930 458 2002 488 quas
2019 458 2110 477 omne:

1146 483 1314 517 maderent,
1335 494 1411 525 quos
1429 487 1520 517 vellet
1531 491 1692 528 Apronius.
1717 491 1760 518 Ut
1773 491 1856 518 enim
1870 490 1994 530 quisque
2003 499 2110 522 contra

1146 524 1336 570 voluntatem
1348 527 1413 565 ejus
1424 528 1539 558 dixerat
1550 550 1558 562 ,
1574 532 1611 559 ita
1622 532 1654 559 in
1663 540 1733 559 eum
1742 530 1891 569 judicium
1902 531 1938 561 de
1948 530 2109 571 professio-

1146 574 1184 595 ne
1192 576 1331 606 Jugerum
1341 567 1551 606 postulabatur.
1562 572 1608 609 cuj
1614 571 1762 611 usjudicii
1772 581 1855 602 metu
1865 582 1990 614 magnus
2004 572 2020 603 Ξι
2030 574 2113 603 mul-

1144 608 1180 636 tis
1190 605 1337 637 frumenti
1348 619 1492 640 numerus
1500 610 1611 641 ablatus
1623 631 1631 644 ‚
1651 622 1824 653 magnaeque
1842 616 1978 653 pecuniae
1994 614 2106 645 cantae

1142 647 1210 694 sunt
1221 659 1226 677 ¹.
1239 658 1303 678 non
1312 651 1520 692 quojugerum
1532 663 1705 687 numerum,
1717 664 1784 684 vere
1795 654 1927 694 profiteri
1937 654 2007 686 esset
2016 655 2101 686 diffi-

1144 689 1201 734 cile
1212 710 1220 722 ‚
1242 699 1292 720 aut
1300 692 1430 731 amplius
1439 695 1528 723 etiam
1539 693 1671 733 profiteri
1689 695 1772 735 (quid
1789 698 1872 726 enim
1884 698 1916 727 in
1928 707 1964 727 eo
1973 698 2101 737 periculi

1145 729 1202 760 esse
1210 730 1328 772 poffec‘)
1338 733 1386 763 sed
1397 735 1480 764 causa
1490 735 1661 774 eratjudicii
1671 736 1937 778 postuland·i‚quod
1949 749 1987 768 ex
1998 738 2105 769 edicto

1145 771 1291 812 professus
1300 784 1364 805 non
1374 773 1452 806 effet.
1472 776 1629 817 Judicium
1639 787 1737 807 autem
1748 779 1828 818 quod
1839 779 1927 809 fuerit
1940 800 1948 813 ‚
1959 779 2015 810 isto
2026 790 2102 820 prae-

1145 821 1209 844 tore
1220 835 1228 848 ,
1241 813 1261 844 fi
1271 835 1279 849 ,
1291 825 1355 856 quae
1368 817 1475 847 cohors
1486 838 1494 851 ‚
1509 818 1541 847 &
1550 820 1601 859 qui
1612 820 1771 849 comitatus
1780 818 1888 853 fuerit,
1909 821 2105 856 meministis,

1144 855 1215 885 scire
1227 856 1352 887 debetis.
1376 859 1457 899 Qd
1468 861 1557 901 igitur
1566 859 1618 893 est,
1629 859 1712 900 quod
1723 870 1761 890 ex
1771 862 1824 890 hac
1834 863 1990 902 iniquitate
2001 873 2103 893 novo-

1142 906 1210 927 rum
1220 898 1390 929 edi&orum
1403 901 1530 942 intelligi
1540 901 1763 941 velim,judices
1774 903 1979 941 ?Injuriamne
1989 903 2100 935 saritam

1143 938 1253 969 sociis?
1270 949 1297 971 at
1307 941 1426 972 videtis.
1459 942 1678 973 Auctoritatem
1693 943 1879 983 superiorum
1892 945 2073 983 repudiatam
2088 949 2101 975 ?

1140 989 1206 1010 non
1225 981 1346 1013 audebit
1364 993 1481 1025 negare.
1504 987 1637 1014 Tantum
1653 988 1824 1025 Apronium
1843 985 1900 1015 isto
1910 996 2033 1026 praetore
2044 997 2101 1026 po-

1140 1020 1434 1055 tuiffe?confiteatui·
1444 1046 1452 1058 ,
1474 1024 1586 1056 necess‘e
1596 1026 1647 1056 est.
1670 1026 1726 1056 Sed
1736 1037 1791 1057 vos
1800 1026 1933 1062 fortasse,
1948 1028 2029 1068 quod
2045 1039 2101 1059 vos
2127 1031 2169 1063 16

1140 1063 1190 1093 lex
1199 1074 1394 1100 commonet,
1407 1067 1438 1096 id
1449 1070 1481 1097 in
1491 1068 1626 1098 hocloco
1635 1071 1771 1109 quaeretis
1780 1089 1788 1102 ‚
1799 1077 1874 1099 num
1885 1079 1956 1110 quas
1966 1079 2003 1099 ex
2014 1070 2094 1100 hisce

1139 1105 1226 1135 rebus
1235 1109 1368 1147 pecunias
1377 1110 1484 1147 ceperit.
1506 1110 1634 1139 Docebo
1646 1130 1654 1143 ,
1666 1108 1773 1150 cepisse
1783 1112 1932 1141 maximas
1943 1130 1951 1144 ‚
1964 1112 2102 1141 omneis-

1140 1156 1198 1186 que
1208 1157 1255 1177 eas
1268 1150 1439 1189 iniquitates
1451 1171 1459 1183 ‚
1472 1150 1508 1180 de
1517 1151 1626 1191 quibus
1637 1160 1719 1182 antea
1728 1151 1813 1185 dixi,
1826 1153 1869 1182 sui
1879 1151 2006 1192 quaestus
2016 1153 2101 1184 causa

1140 1193 1154 1215 7
1164 1189 1348 1220 constituifl'e
1367 1194 1546 1222 convincam
1559 1212 1567 1226 ,
1593 1191 1613 1221 si
1630 1195 1710 1232 prius
1729 1193 1804 1223 illud
1825 1194 2096 1235 propugnaculum,

1143 1239 1203 1269 quo
1213 1240 1316 1262 contra
1327 1235 1447 1263 omneis
1463 1243 1547 1263 meos
1559 1236 1688 1274 impetus
1703 1235 1824 1264 usurum
1839 1235 1866 1264 se
1879 1244 1979 1274 putat,
1999 1246 2037 1265 ex
2048 1236 2104 1266 de·-

1142 1270 1277 1302 fenfione
1289 1273 1353 1312 ejus
1372 1274 1515 1313 dejecero.
1541 1278 1653 1317 Magno
1664 1296 1673 1309 ‚
1686 1277 1801 1316 inquit,
1819 1276 1959 1307 decumas
1970 1277 2105 1307 vendidi.

1176 1313 1225 1343 uid
1236 1316 1278 1343 ais
1290 1319 1300 1344 ?
1313 1325 1349 1345 an
1362 1325 1392 1345 tu
1403 1316 1543 1347 decumas
1554 1337 1562 1350 ,
1576 1318 1672 1347 homo
1683 1316 1869 1347 audacissime
1879 1337 1887 1350 2
1905 1327 1990 1359 atque
1999 1329 2104 1348 amen-

1143 1353 1251 1385 tiffime
1261 1375 1269 1389 ‚
1283 1357 1445 1387 vendidisti
1457 1360 1467 1386 ?
1478 1367 1508 1388 tu
1518 1361 1624 1398 parteis
1634 1369 1679 1389 eas
1690 1379 1698 1392 ‚
1712 1368 1783 1399 quas
1795 1367 1822 1389 te
1835 1362 1983 1399 S-P-QR.
1992 1360 2105 1394 voluit,

1143 1406 1179 1426 an
1190 1395 1305 1428 fruetus
1315 1400 1459 1439 integros,
1471 1409 1555 1440 atque
1565 1399 1639 1430 ade‘o
1650 1401 1738 1434 bona,
1749 1399 1942 1441 fortunasque
1954 1409 2104 1431 aratorum

1142 1440 1263 1468 omneis
1273 1440 1433 1470 vendidisti
1446 1444 1458 1469 ἓ
1479 1445 1509 1471 Sl
1519 1442 1616 1481 palam
1627 1451 1723 1481 praeco
1737 1440 1817 1482 jufl'u
1841 1451 1894 1472 tuo
1913 1441 2105 1481 praedicaffet,

1143 1489 1207 1509 non
1218 1479 1359 1512 decumas
1369 1481 1533 1517 frumenti,
1560 1484 1608 1513 sed
1620 1484 1760 1514 dimidias
1771 1486 1872 1514 venire
1881 1486 1986 1523 parteis
1999 1504 2007 1518 ‚
2022 1484 2107 1515 &ita

1142 1531 1272 1552 emtores
1282 1521 1468 1556 acceffiss'ent‚
1481 1533 1513 1554 ut
1522 1524 1556 1554 ad
1567 1525 1709 1555 dimidias
1719 1527 1825 1565 parteis
1837 1525 1990 1556 emendas.
2006 1524 2026 1554 si
2036 1526 2106 1566 plu-—

1140 1564 1180 1592 ris
1190 1562 1373 1596 vendidifl'es
1384 1574 1414 1595 tu
1425 1565 1566 1596 dimidias
1576 1586 1585 1600 ,
1622 1566 1692 1597 uam
1706 1568 1795 1596 ceteri
1807 1566 1947 1597 decumas
1958 1587 1966 1601 ‚
1983 1569 2104 1597 cuinam

1143 1606 1257 1635 mirum
1274 1606 1443 1637 videretur?
1465 1607 1546 1646 Quid
1558 1618 1606 1638 vei·
1640 1628 1648 1641 ‚
1670 1607 1690 1637 sl
1701 1617 1799 1648 praeco
1813 1608 1954 1638 decumas
1967 1619 2105 1648 pronun-

1140 1648 1239 1677 tiavit:
1253 1658 1281 1676 re
1291 1657 1357 1677 vera
1367 1668 1375 1682 ‚
1389 1649 1447 1679 hoc
1458 1649 1511 1682 est,
1527 1649 1600 1690 lege,
1611 1648 1722 1683 effluo,
1733 1649 1909 1680 conditione
1920 1650 1985 1690 plus
1996 1652 2101 1684 etiam,

1142 1688 1231 1728 quam
1244 1688 1379 1720 dimidiae
1388 1692 1549 1721 venierunt
1560 1692 1569 1717 ?
1583 1700 1686 1721 tamen
1697 1692 1754 1721 hoc
1764 1691 1820 1721 tibi
1833 1692 2006 1731 praeclarum
2016 1701 2103 1732 puta-

1144 1730 1189 1759 bis
1207 1749 1215 1764 ,
1227 1739 1255 1760 te
1265 1731 1358 1770 pluris
1368 1752 1376 1765 ‚
1388 1731 1469 1771 quod
1481 1742 1543 1762 non
1554 1732 1659 1762 licebat
1667 1752 1675 1766 ,
1694 1732 1785 1773 quam
1795 1742 1908 1763 ceteros
1919 1734 1999 1774 quod
2010 1743 2104 1773 opor-

1144 1772 1236 1805 tebat,
1255 1772 1421 1803 vendidifl'e
1434 1776 1445 1802 ?
1467 1774 1561 1803 Pluris
1572 1774 1696 1804 vendidi
1716 1774 1855 1804 decumas
1867 1794 1876 1809 ,
1897 1776 1988 1815 quam
1999 1777 2102 1805 ceteri.

1144 1814 1262 1854 Qibus
1280 1814 1368 1844 rebus
1388 1814 1418 1844 id
1437 1814 1579 1845 ass'ectitus
1597 1826 1628 1846 es
1638 1819 1648 1845 ἓ
1671 1816 1846 1845 innocentia?
1867 1817 1992 1857 Adspice
2003 1816 2102 1847 aedem

1143 1854 1269 1885 Castoris
1281 1856 1405 1886 :deinde
1416 1876 1424 1889 ‚
1436 1855 1455 1885 si
1465 1857 1565 1890 audes,
1577 1856 1620 1888 fac
1630 1859 1821 1887 mentionem
1835 1858 2026 1888 innocentiae.
2042 1860 2102 1888 Di-

1142 1896 1262 1936 ligentia
1274 1900 1284 1926 ?
1294 1897 1406 1927 codicis
1418 1899 1518 1928 lituras
1528 1908 1559 1928 tu
1570 1899 1773 1938 contemplare
1784 1900 1814 1927 in
1826 1900 1942 1929 Sthe-nii
1954 1901 2102 1930 Thermi-

1138 1939 1200 1967 tani
1216 1940 1346 1968 nominc
1356 1958 1364 1972 ‚
1381 1939 1491 1969 deinde
1505 1939 1580 1969 aude
1600 1949 1627 1969 te
1641 1939 1737 1969 dicere
1748 1939 1935 1980 diligentem.
1960 1942 2103 1981 Ingenio?

1141 1980 1192 2018 qui
1204 1978 1301 2009 testeis
1315 1981 1489 2021 interrogari
1500 1983 1597 2020 priore
1607 1980 1725 2011 afflone
1737 1981 1872 2010 nolucris
1882 2001 1890 2014 ‚
1914 1977 1928 2000 8
1939 1981 2019 2012 &iis
2030 1984 2102 2013 taci-

1141 2028 1206 2049 tum
1217 2030 1250 2049 os
1262 2029 1347 2050 tuum
1358 2021 1486 2060 praebere
1497 2023 1638 2051 malueris
1647 2042 1654 2055 ‚
1671 2025 1867 2062 quantumvis
1875 2042 1884 2056 ‚
1901 2023 1932 2053 85
1944 2031 1970 2053 te
1981 2043 1990 2056 ‚
2009 2023 2041 2054 &
2049 2033 2102 2063 pa-

1136 2069 1240 2091 tronos
1250 2070 1316 2092 tuos
1327 2082 1336 2095 ,
1347 2063 1520 2103 ingeniosos
1538 2062 1595 2093 ess'e
1608 2063 1708 2093 dicito.
1733 2066 1800 2103 Qua
1814 2074 1843 2093 re
1854 2065 1944 2106 igitur
1955 2064 1985 2094 id
1995 2084 2003 2098 ,
2017 2064 2104 2105 quod

1138 2105 1179 2133 ais
1188 2123 1196 2137 ‚
1216 2102 1361 2133 assecutus
1381 2113 1411 2134 es
1429 2106 1439 2133 ?
1462 2106 1592 2133 MAGNA
1609 2115 1665 2134 iesr
1687 2107 1770 2135 enim
1789 2106 1850 2135 laus
1863 2126 1871 2138 ,
1893 2104 1914 2135 si
1935 2106 2101 2145 superiores

1133 2143 1258 2175 consilio
1270 2144 1365 2175 vicisti
1373 2144 1596 2186 ‚posterioribus
1606 2147 1782 2186 exemplum
1796 2156 1881 2188 atque
1890 2146 2101 2178 aufi'toritatem

1135 2186 1291 2227 reliquisti.
1314 2188 1386 2217 Tibi
1397 2185 1516 2217 fortasse
1527 2188 1654 2218 idoneus
1666 2188 1721 2218 fuit
1732 2198 1826 2218 nemo
1837 2208 1845 2222 ,
1860 2198 1952 2229 quem
1964 2190 2101 2220 imitare-

1136 2238 1175 2257 re.
1211 2231 1250 2258 At
1270 2237 1299 2258 te
1316 2228 1455 2258 videlicet
1465 2248 1473 2262 ‚
1496 2230 1690 2259 inventorem
1708 2240 1808 2259 rerum
1828 2232 2012 2269 optimarum
2032 2250 2041 2264 ,
2067 2240 2102 2261 ac

1115 2291 1117 2303 .
1133 2272 1301 2309 principem
1312 2290 1320 2302 ,
1348 2270 1546 2300 imitabuntur
1565 2281 1683 2300 omnes.
1706 2273 1781 2312 Qis
1799 2281 1948 2302 aratorum
1959 2291 1967 2305 ,
1983 2281 2011 2302 te
2021 2281 2100 2312 prae-

1136 2320 1198 2341 tore
1210 2311 1369 2341 decumam
1382 2311 1464 2342 dedit
1475 2315 1483 2340 ἓ
1494 2312 1561 2352 q'uis
1572 2312 1643 2342 duas
1652 2313 1662 2338 ?
1672 2315 1740 2352 quis
1751 2322 1814 2342 non
1830 2315 1970 2343 maximo
1981 2313 2009 2343 se
2022 2311 2096 2344 affe-

1134 2352 1220 2382 &um
1235 2351 1384 2383 beneficio
1393 2356 1525 2393 putavit,
1545 2353 1617 2384 cuni
1628 2355 1721 2383 tribus
1735 2353 1870 2384 decumis
1880 2359 1957 2394 9pro
1971 2363 2029 2384 una
2038 2354 2094 2384 de-

1131 2394 1304 2435 fungeretur
1317 2414 1326 2428 ,
1344 2404 1449 2435 praeter
1456 2404 1564 2434 paucos
1576 2415 1583 2429 ,
1598 2397 1647 2436 qui
1661 2403 1769 2437 propter
1777 2396 2097 2435 fhcietaremfurrorum

1134 2445 1256 2466 tuorum
1268 2437 1345 2466 nihil
1355 2438 1485 2466 omnino
1493 2436 1638 2466 dederunt
1650 2441 1659 2466 ?
1681 2437 1758 2467 Vide
1770 2456 1778 2470 ,
1789 2440 1866 2467 iuter
1874 2439 2097 2477 importunita-

1136 2487 1197 2508 tem
1212 2487 1292 2508 tuam
1305 2497 1313 2512 ,
1334 2478 1505 2518 senatusque
1518 2479 1685 2508 bonitatem
1696 2499 1704 2513 ,
1720 2478 1792 2519 quid
1804 2477 1924 2508 incenit.
1957 2481 2096 2514 Senatus,

1135 2519 1206 2550 cum
1226 2519 1412 2559 temporibus
1432 2529 1504 2559 reip.
1515 2522 1650 2560 cogitur,
1667 2529 1699 2550 ut
1712 2520 1868 2553 decernat,
1884 2528 1916 2549 ut
1928 2520 2026 2551 alterae
2041 2520 2097 2551 de-

1134 2572 1230 2591 cumae
1244 2569 1415 2602 cingantur,
1429 2562 1469 2590 ita
1479 2561 1611 2591 decernit
1624 2582 1632 2593 ‚
1652 2570 1683 2591 ut
1697 2563 1820 2601 pecunia
1830 2571 1883 2600 pro
1898 2562 1944 2591 his
1956 2561 2096 2593 decumis

1135 2604 1264 2633 solvatur
1293 2602 1455 2633 aratoribus
1473 2613 1477 2630 1
1497 2612 1547 2635 ut,
1562 2602 1642 2642 quod
1653 2604 1719 2642 plus
1732 2603 1877 2636 sumitur,
1902 2602 1994 2643 quam
2005 2603 2098 2633 debe-

1135 2654 1182 2676 tur
1194 2666 1202 2679 ‚
1224 2645 1254 2675 id
1264 2647 1325 2675 emi
1338 2664 1346 2678 ,
1368 2654 1429 2674 non
1443 2642 1550 2674 auferri
1569 2652 1695 2684 putetur.
1720 2647 1790 2678 Tu,
1811 2653 1881 2674 cum
1893 2652 1937 2675 tot
1954 2644 2098 2675 decumas

2026 2696 2091 2719 non

1107 2674 1111 2690 l

172 2772 197 2790 1.
216 2767 245 2791 Ut
256 2784 263 2797 ‚
273 2766 333 2800 quod
341 2767 482 2792 decimanus
490 2766 615 2802 edidissct.]
635 2766 814 2793 Lambinianae
833 2766 935 2803 aliquot
954 2765 1083 2793 editiones

0 2808 19 2822 h·
30 2806 49 2822 h«
136 2799 204 2826 {nali}
213 2802 354 2837 praeferunt
363 2803 507 2828 decumanos.

171 2844 199 2861 2.
216 2838 283 2871 Qoel
294 2840 418 2872 poposcerit
428 2857 436 2869 ,
455 2837 527 2873 qutim
537 2839 567 2864 ab
580 2841 623 2874 ass.
640 2839 687 2864 tuis
705 2839 834 2873 quadruplo
852 2838 1024 2872 condemnari]
1045 2838 1088 2863 sic

0 2876 20 2894 ω’
30 2876 52 2901 W
137 2879 240 2908 quoque
249 2875 316 2900 Met.
329 2875 356 2899 &
369 2874 446 2901 Fabr.
456 2875 552 2911 quippe
563 2875 668 2910 vulgata
675 2876 799 2908 pascerent,
810 2876 851 2907 δε,
861 2875 998 2908 quadrupli.
1017 2873 1087 2909 quod

12 2914 19 2922 *
30 2913 46 2937 51
136 2906 259 2935 ultimum
268 2909 393 2936 damnant
402 2911 481 2936 etiam
492 2912 517 2936 N
524 2911 593 2937 :iunii
605 2920 680 2937 exem
703 2910 767 2937 laria
776 2911 877 2937 calamo
886 2917 1003 2936 exarata.

137 2986 243 3015 quaeque
261 2983 363 3015 {ynceusn
383 2981 454 3018 quod
465 2983 576 3009 retinuit
586 2982 720 3009 Victorius
731 2992 759 3009 ac
770 2983 932 3009 Lambinus:
954 2983 1038 3019 reperi
1059 2983 1086 3009 ’111

135 3013 192 3041 Pal.
202 3014 250 3042 sec.
260 3020 341 3042 lautus
351 3029 360 3050 ,-
372 3018 443 3053 quod
453 3028 502 3045 nou
514 3018 656 3045 admodum
666 3018 796 3055 displicet.

169 3057 196 3083 4.
216 3055 348 3086 Numquam
357 3055 443 3089 voltu]
457 3055 499 3081 Est
509 3056 524 3082 a
535 3056 625 3082 Naum.
636 3056 662 3081 8<
675 3055 781 3081 Meu-ll.
800 3063 859 3081 nani
871 3053 1018 3090 publicatur
1029 3053 1085 3089 pas-

133 3084 181 3112 fim
193 3105 200 3117 ,
211 3089 324 3121 numquid
331 3091 391 3114 volet
402 3093 412 3116 ,²

171 3131 197 3157 5-
216 3127 262 3150 tat
270 3125 313 3158 tsta
321 3124 360 3150 vis
367 3127 514 3162 Sestinum]
533 3127 594 3154 Hoc
605 3135 710 3163 quoque
719 3126 744 3155 sc
753 3127 842 3156 firmat
852 3125 1013 3157 austeritate
1025 3126 1084 3154 Me-

171 2951 198 2978 3.
215 2948 281 2971 Homo
290 2946 391 2980 luteum]
404 2946 445 2972 sic
457 2946 513 2973 Pal.
522 2947 601 2982 prim.
613 2948 684 2973 Mete
699 2946 717 2972 l.
730 2948 757 2973 &-
768 2946 881 2973 Aldiuae.
900 2954 926 2972 at
939 2946 1087 2973 reteri-'imm
1107 2951 1109 2955 '

1127 2766 1186 2794 tell.
1198 2768 1224 2792 3<
1237 2767 1326 2793 Nan-1.
1340 2767 1445 2802 vulgita
1456 2786 1463 2799 ‚
1475 2776 1573 2800 nam-jue
1583 2769 1622 2792 wi.

1164 2803 1191 2828 6.
1211 2804 1252 2828 His
1263 2805 1299 2828 hor
1309 2803 1454 2837 efformata]
1469 2803 1547 2830 haud
1557 2802 1635 2829 aliter
1648 2801 1724 2828 Fabr.
1735 2802 1763 2828 &
1774 2801 1882 2828 Metell.
1892 2811 1944 2829 non
1956 2804 2094 2836 apponitur,

1107 2845 1109 2862 ¹
1129 2846 1158 2865 ut
1172 2839 1198 2865 in
1212 2839 1337 2869 vulcenis.

1166 2883 1192 2909 7.
1214 2868 1352 2908 Constituis&
1364 2874 1524 2908 convincam]
1545 2874 1587 2900 Sic
1598 2872 1664 2900 Pau.
1676 2874 1768 2900 Naun.
1780 2873 1893 2909 cdd.que
1904 2874 2026 2900 exoletae.
2046 2883 2095 2900 ne-

1107 2938 1108 2943 *
1130 2920 1180 2946 que
1191 2910 1245 2937 „ibit
1258 2907 1334 2937 Fubr.
1347 2920 1391 2937 aut
1403 2910 1507 2937 Mete-ll.
1528 2910 1574 2937 11111
1585 2910 1656 2946 quod
1667 2911 1684 2936 ii
1695 2913 1803 2936 vincam.
1822 2910 2098 2945 Victoriana,is-rupisse

1131 2956 1276 2972 conwxlcam.

1167 2983 1193 3008 8.
1217 2984 1249 3008 lis
1270 2984 1371 3008 ratitum
1381 2992 1404 3008 os
1415 2989 1481 3007 mum
1497 2982 1621 3017 pathera]
1641 2981 1739 3008 Melius
1751 2981 1821 3008 forte
1833 2982 1936 3008 Metelli
1949 2984 2047 3008 tacitus.
2067 2990 2098 3009 οε

1130 3018 1229 3055 pra-bet
1242 3019 1286 3053 qui
1304 3019 1433 3044 icrbcruri
1445 3018 1466 3044 sc
1478 3027 1524 3044 aiut
1534 3018 1694 3045 contumelia
1703 3017 1770 3043 affici
1782 3019 1888 3054 impunc
1899 3019 2008 3054 patitur.

1167 3064 1193 3087 9.
1213 3057 1260 3078 'Pru
1270 3063 1322 3079 nna
1333 3055 1521 3088 defungeretur]
1543 3056 1583 3081 Ita
1594 3063 1684 3081 omncs
1697 3053 1753 3080 mffi
1765 3054 1844 3080 nostri
1856 3055 1883 3080 δε
1893 3053 1953 3080 edd.
1974 3053 2052 3088 usque
2063 3050 2097 3078 ad

1131 3090 1311 3130 lr'ic'toriiiiaui
1327 3099 1335 3123 5
1357 3100 1414 3127 quit
1425 3110 1434 3125 ,
1452 3092 1609 3126 &fingeretur
1620 3110 1629 3127 ‚
1647 3091 1696 3120 hoc
1707 3090 1742 3119 est
1754 3109 1763 3125 ‚
1773 3097 1909 3127 carperetur
1919 3109 1928 3126 ,
1939 3090 2027 3125 inquit
2039 3091 2095 3115 Ca-

1132 3134 1270 3154 nicrdl'lus.

1979 3168 2005 3198 J.
2014 3162 2100 3195 Stra&
