2295 3400
726 116 1086 164 TULLir

195 121 289 184 366
586 121 653 165 M.

134 202 180 242 46
197 205 566 245 habticrintcomperttim‚
587 202 623 232 de
640 202 742 231 ceteris
760 196 944 239 comperisse.
969 200 1049 227 Nam
1064 196 1139 226 illud

195 247 317 287 quidem
335 246 463 276 minime
474 243 662 285 probandum
673 241 715 272 cst
726 262 733 275 ‚
745 241 779 271 ad
795 243 973 272 notationes,
985 239 1143 269 auctorita-

196 297 317 328 temque
328 288 490 318 censoriam
503 306 512 318 ,
530 285 704 324 exemplum
725 283 794 312 illos
813 281 1050 312 aconsuetudine
1061 280 1146 309 mili-

196 337 246 358 tari
259 327 442 358 transtulisse.
468 331 637 358 statuerunt
653 328 734 354 enim
755 326 795 354 ita
816 324 943 359 majores
959 321 1073 355 nostri,
1094 329 1145 354 ut,

195 379 231 399 si
259 379 278 398 A
303 380 327 399 M
341 380 363 399 u
376 379 422 398 [cr
434 379 444 398 t
458 379 470 398 s
492 366 564 398 ess’ct
580 366 728 408 flagitium
743 367 783 395 rei
805 365 943 395 militaris
961 361 1122 393 admissum
1134 382 1142 396 ‚

195 411 350 440 sortitione
363 412 394 440 in
403 409 547 451 quosdam
560 408 841 439 animadverteretur
854 417 858 434 :
881 415 911 435 ut
926 414 1023 435 metus
1036 404 1147 434 videli-

196 461 242 482 cet
253 453 285 481 ad
299 462 435 484 omneis,
451 460 530 490 poena
548 451 587 479 ad
596 458 698 491 pausos
712 457 888 488 perveniret.
911 446 1000 486 Qod
1011 445 1093 476 idem
1103 444 1147 475 fa-

197 502 262 522 cere
275 494 410 522 censores
426 495 457 522 in
466 491 585 522 delc&u
595 492 757 532 dignitatis,
771 489 802 518 δε
813 488 969 528 injudicio
977 490 1102 520 civium,
1115 487 1147 516 &

197 536 229 563 iii
241 533 495 564 animadversione
505 534 662 564 vitiorum,
673 533 723 572 qui
735 533 877 560 convenit
887 550 895 564 ‚
907 539 976 559 nam
998 539 1024 558 M
1036 539 1047 558 1
1060 539 1079 558 L
1092 538 1111 557 ε
1123 539 1146 562 s,

197 583 252 615 Q
268 586 277 604 1
302 576 403 605 locum
414 585 477 604 non
487 576 600 607 tenuit,
621 577 673 614 qui
691 572 823 602 hostium
838 574 985 611 impetum
1000 590 1008 604 ‚
1022 572 1147 610 vimque

197 618 373 656 pertimuit,
394 615 491 657 potest
502 616 582 646 idem
600 614 700 655 postea
710 615 742 644 &
753 614 839 643 miles
849 613 904 643 effe
918 614 1044 645 melior,
1060 612 1092 641 δε
1102 613 1149 640 vir

200 658 310 691 bonus,
325 658 358 688 &
371 660 444 687 civis
457 658 548 687 utilis.
571 659 679 699 Qare,
693 666 729 685 ne
740 658 772 684 iii
783 655 874 688 bello,
888 663 1005 693 propter
1015 652 1148 682 hostium

201 708 318 729 metum
331 720 338 732 ,
349 699 553 739 delinqueret,
569 698 698 737 amplior
711 700 738 726 ei
754 698 870 727 mortis,
886 695 1064 735 &supplicii
1086 704 1151 723 me-

199 749 247 770 tus
259 740 300 770 est
319 742 334 770 a
352 741 516 780 majoribus
525 739 713 770 constitutus.
737 748 772 768 ne
789 747 887 767 autem
908 745 1040 766 nimium
1059 736 1148 765 multi

201 791 323 822 poeniim
335 784 437 821 capitis
450 782 590 814 subirent,
605 780 719 810 idcirco
732 780 781 809 illa
791 780 907 809 soititio
920 786 1087 817 comparata
1099 776 1146 806 est.

202 825 272 854 Hoc
289 833 321 853 tu
340 823 420 853 idem
431 822 521 852 facies
533 843 540 856 ‚
560 823 682 854 censor,
701 824 731 850 in
749 821 848 851 senatu
863 819 988 860 legendo
1002 822 1012 847 ?
1032 817 1053 847 fi
1066 826 1151 847 erun:

201 866 303 904 plures
314 885 321 897 ‚
339 867 410 905 qui,
430 864 470 894 ob
481 866 672 895 innocentem
686 862 951 892 condemnandum
963 880 970 893 ‚
994 861 1151 899 pecuniam

200 908 385 945 acceperint,
407 915 439 936 ut
452 916 514 936 non
525 904 739 935 animadvertas
758 905 790 932 in
812 905 948 934 omneis.
970 901 1018 931 sed
1039 910 1152 939 carpas,

204 957 239 977 ut
255 948 348 980 velis,
366 947 398 977 δε
413 956 555 988 paucosex
565 946 660 975 mustis
669 945 703 975 ad
714 946 915 986 ignominiam
936 943 1076 972 sortiare?
1094 944 1154 971 Ha-

203 988 287 1018 bebit
306 991 405 1029 igitur,
418 999 444 1018 te
454 989 572 1021 sciente,
585 988 617 1017 &
627 987 757 1019 vidente,
768 987 848 1016 curia
860 985 1023 1014 senatorem
1035 1002 1042 1016 ‚
1059 992 1155 1023 popu-

202 1029 250 1060 lus
274 1032 368 1060 Rom.
389 1029 543 1070 judicem,
567 1029 638 1068 resp.
662 1030 760 1058 civem
778 1025 836 1056 sine
858 1027 1027 1066 ignominia
1049 1034 1155 1064 quem-

203 1081 307 1112 quam,
318 1073 370 1112 qui
380 1072 414 1101 ad
427 1073 591 1110 perniciem
602 1071 774 1099 innocentis
784 1088 792 1101 ‚
815 1067 905 1097 fidern
919 1067 998 1096 suam
1011 1087 1019 1099 ,
1041 1066 1074 1095 δε
1085 1066 1154 1094 reli-

203 1122 327 1153 gionem
341 1114 466 1152 pecunia
474 1111 684 1141 commutarit?
704 1110 736 1140 &
750 1130 758 1142 .
776 1111 827 1150 qui
837 1110 932 1149 pretio
942 1106 1086 1137 addufiims
1097 1108 1155 1135 eri-

203 1156 301 1194 puerit
318 1156 452 1193 patriam,
464 1153 610 1183 fortunas.
623 1151 731 1181 liberos
747 1153 807 1180 civi
819 1151 973 1180 innocenti
986 1169 994 1181 ,
1010 1151 1034 1178 is
1050 1148 1154 1179 censo-

203 1197 254 1224 ria’.
276 1195 432 1224 severitatis
454 1202 519 1222 nota
535 1204 586 1222 non
603 1196 750 1222 inuretur?
774 1195 825 1221 Tu
843 1201 872 1221 es
891 1189 1045 1230 praefefflms
1062 1190 1157 1219 mori—

203 1236 271 1268 bus,
288 1235 423 1276 magister
432 1237 538 1265 veteris
549 1234 722 1274 disciplinae,
734 1234 766 1264 &
775 1233 945 1265 severitatis,
957 1230 976 1260 si
987 1239 1035 1260 aut
1045 1233 1153 1260 retines

203 1287 385 1317 quemquam
398 1277 490 1307 sciens
506 1278 539 1306 in
552 1276 650 1306 senatu
661 1295 669 1308 ‚
687 1275 794 1305 scelere
807 1283 888 1304 tanto
898 1273 1153 1302 contaminatum:

203 1327 254 1348 aut
273 1317 371 1348 statuis
383 1339 390 1351 ‚
404 1320 455 1358 qui
473 1320 507 1348 in
517 1317 620 1348 cadem
632 1317 717 1356 culpa
729 1315 772 1349 sit,
787 1325 850 1345 non
861 1314 963 1344 eadem
981 1323 1069 1353 poena
1078 1312 1157 1343 affici

203 1362 386 1390 convenite?
409 1361 442 1390 &
450 1369 540 1400 quam
548 1357 759 1388 conditionem
770 1357 905 1396 supplicii
916 1357 1042 1395 majores
1052 1357 1084 1384 in
1094 1355 1159 1385 bel-

205 1401 238 1431 lo
256 1401 408 1431 timiditati
421 1402 526 1430 militis
534 1398 712 1440 propositam
728 1397 785 1428 ess'e
795 1399 956 1427 voluerunt
967 1417 975 1430 ‚
989 1396 1114 1426 eandem
1126 1406 1157 1427 tu

206 1445 240 1472 in
256 1452 326 1482 pace
342 1442 504 1473 constitues
524 1441 708 1482 improbitati
727 1440 868 1470 senatoris
885 1437 996 1478 ?Qubd
1014 1437 1035 1468 fi
1053 1448 1158 1468 exem-

205 1484 291 1524 plum
302 1493 340 1513 ex
354 1494 383 1513 re
401 1484 523 1513 militari
534 1483 568 1513 ad
578 1480 864 1513 animadversionem
883 1481 1046 1510 censoriam
1066 1489 1159 1510 trans-

207 1524 366 1556 ferendum
393 1525 449 1554 suit
468 1536 473 1553 :
500 1525 656 1554 sortitione
680 1523 711 1553 id
735 1523 833 1563 ipsum
854 1521 966 1553 fatuum
990 1521 1047 1551 esie
1069 1531 1158 1561 opor-

205 1568 274 1597 tuit.
295 1569 348 1597 Sin
365 1576 464 1596 autem
475 1566 574 1606 sbrtiri
592 1565 627 1596 ad
645 1574 766 1605 poenam
778 1584 786 1597 ‚
806 1573 891 1604 atque
906 1565 1069 1593 hominum
1083 1563 1160 1592 deli-

207 1607 292 1638 &um
302 1607 552 1647 foi-tunaejudicio
562 1609 762 1640 committere,
773 1606 904 1635 minime
913 1603 1154 1645 censoriumhest:

206 1649 284 1680 certe
299 1651 332 1679 in
351 1650 520 1680 multorum
538 1657 656 1688 peccato
675 1649 752 1687 carpi
773 1657 880 1687 paucos
892 1646 927 1677 ad
941 1648 1155 1686 ignominiam,

138 1685 190 1732 '47
210 1691 242 1721 Sc
253 1691 481 1730 turpitudinem,
491 1700 555 1720 non
566 1697 690 1730 oportet⁴
703 1689 818 1718 Verum
829 1698 936 1719 omnes
948 1688 1158 1728 intelligimus,

208 1734 243 1763 in
254 1732 318 1762 istis
329 1731 593 1771 subscriptionibus
603 1740 727 1761 ventum
742 1730 891 1771 quendam
911 1730 1086 1769 popularem
1103 1727 1160 1758 esse

206 1772 371 1814 quaesitum.
392 1773 504 1814 JaEcata
518 1782 562 1802 res
579 1781 637 1802 erat
656 1774 686 1802 in
699 1774 845 1801 concione
862 1771 878 1801 a
898 1771 1019 1801 tribuno
1039 1769 1161 1800 seditio-

207 1817 258 1846 so:
277 1818 428 1856 incognita
447 1815 529 1844 causa
547 1813 704 1853 probatum
722 1813 797 1843 illud
818 1822 884 1843 erat.
916 1815 925 1831 ¹
938 1814 1159 1842 Munitum-

208 1866 283 1886 Nesi
309 1866 493 1885 intacti-um
516 1865 571 1885 sssr
596 1864 731 1884 CONTRA
753 1864 893 1884 D10ER1-:t
918 1863 1010 1883 nemo
1021 1853 1160 1893 denique,

207 1907 242 1928 ut
260 1897 431 1927 defenderet
440 1899 618 1927 contrariam
628 1905 739 1936 partem
751 1916 759 1930 ‚
780 1896 937 1926 laborabat.
966 1897 1001 1924 In
1012 1895 1160 1924 invidiam

206 1938 296 1979 porro
312 1948 448 1980 magnam
459 1937 628 1978 illajudiCia
643 1945 796 1967 venerant.
822 1939 934 1967 etenim
947 1938 1047 1976 paucis
1062 1935 1162 1975 postea

211 1979 362 2010 menfibus
373 1981 429 2010 alia
439 1981 602 2009 vehemens
609 1987 672 2009 erat
682 1981 715 2008 in
723 1978 845 2019 judiciis
861 1988 900 2008 ex
910 1979 1066 2008 notatione
1075 1977 1160 2007 tabu-

207 2022 306 2051 larum
317 2022 431 2051 invidia
440 2022 558 2051 versata.
580 2022 768 2050 Ptaetermitti
778 2020 793 2050 a
803 2019 976 2050 censoribus
985 2039 992 2051 ‚
1006 2019 1039 2048 &
1049 2019 1159 2060 negligi

209 2063 326 2093 macula
342 2063 527 2102 judiciorum
538 2060 618 2102 poste
632 2072 697 2092 non
711 2061 876 2091 videbatur.
901 2062 1043 2090 homines
1055 2081 1062 2093 ,
1086 2070 1163 2100 quos

208 2106 314 2134 ceteris
327 2106 420 2137 vitiis,
432 2113 519 2144 atque
529 2105 617 2133 omni
636 2102 779 2133 dedecore
791 2102 932 2132 infameis
948 2101 1099 2134 videbant,
1112 2111 1163 2131 eos

209 2146 263 2175 hac
280 2155 399 2186 quoque
409 2145 621 2184 subscriptione
632 2153 733 2174 notai-e
753 2144 933 2175 voluerunt,
953 2143 985 2173 &
1001 2153 1038 2173 eo
1049 2146 1161 2184 magis,

208 2185 292 2228 quod
304 2187 358 2216 illo
376 2187 438 2225 ipso
452 2195 586 2226 ternpore
597 2205 605 2219 ,
620 2185 681 2215 illis
699 2185 871 2215 censoribus
883 2184 1162 2224 crantjudiciacum

210 2227 338 2268 equestri
360 2227 466 2257 ordine
488 2228 724 2257 communicata:
749 2235 781 2255 ut
800 2225 972 2255 viderentur
991 2235 1042 2265 per
1060 2227 1163 2254 homi-

211 2279 288 2299 num
304 2269 486 2298 idoneorum
505 2269 706 2310 ignominiam
725 2267 779 2306 fita
791 2266 961 2295 austorirare
985 2267 1036 2296 illa
1050 2266 1164 2305 judicia

209 2320 281 2341 cum
292 2309 417 2351 equestri
428 2309 532 2340 ordine
543 2307 769 2349 reprehendisse.
793 2307 883 2348 de
900 2306 1004 2337 sihanc
1021 2307 1098 2346 apud
1113 2316 1163 2336 eos

211 2352 290 2392 ipsos
308 2352 443 2381 censores
462 2352 539 2380 milii
552 2370 559 2383 ,
579 2358 628 2380 aut
641 2350 692 2380 alii
710 2349 824 2379 causam
842 2358 923 2389 agere
942 2346 1084 2377 licuisset:
1106 2349 1164 2377 ho-

213 2391 351 2423 minibus
367 2393 417 2422 tali
427 2391 581 2431 prudentia
591 2391 669 2421 certe
681 2389 879 2431 probavissem
892 2401 896 2418 :
918 2389 928 2427 ζ
939 2399 982 2419 res
993 2391 1075 2418 enim
1086 2388 1166 2418 indi-

212 2435 277 2472 cat)
297 2434 375 2463 nihil
389 2435 469 2472 ipsos
481 2431 610 2462 habuiss'e
620 2434 731 2473 cogniti
746 2452 753 2465 ‚
774 2431 852 2461 nihil
866 2432 1027 2470 comperti:
1048 2440 1085 2459 cx
1105 2438 1166 2459 tota

212 2476 272 2515 ipsa
291 2475 505 2514 subscriptione
524 2483 677 2504 rumorem
688 2473 838 2514 quendam
850 2492 858 2506 ,
881 2472 913 2502 &
925 2471 1059 2511 plausum
1070 2481 1167 2511 popu—

210 2518 304 2546 larem
320 2515 376 2546 ess'e
391 2515 554 2557 quaesitum.
579 2518 660 2545 Nam
674 2517 705 2544 in
714 2517 749 2544 L.
761 2515 936 2554 Popillium,
955 2515 1006 2553 qui
1024 2515 1167 2552 Oppiani-

211 2567 282 2588 cum
295 2557 526 2590 condemn'arat‚
544 2555 706 2596 subscripsit
727 2558 761 2586 L.
781 2556 897 2585 Gellius
911 2575 919 2587 ‚
940 2553 1021 2595 qubd
1036 2558 1061 2584 is
1079 2562 1167 2593 pecu-

213 2600 297 2628 niam
317 2597 486 2638 accepisti-t,
505 2608 566 2639 quo
585 2600 782 2628 innocentem
797 2596 1020 2627 condemnaret.
1050 2596 1117 2637 Jam
1136 2595 1166 2625 id

213 2640 311 2680 ipsum
322 2649 437 2679 quanta:
447 2639 645 2669 divinationis
656 2639 709 2672 est,
723 2639 805 2672 scire,
817 2637 1072 2676 innocentemsmffe
1081 2647 1167 2670 reum,

212 2691 296 2722 quem
310 2680 423 2719 fortaſje
440 2691 595 2721 numquam
611 2681 732 2713 viderat,
757 2679 828 2710 cum
841 2680 980 2709 homines
995 2676 1166 2718 sapientissi-

214 2724 269 2754 mi,
278 2722 403 2760 judices,
417 2730 449 2750 ut
459 2723 536 2751 nihil
546 2723 643 2752 dicam
653 2722 690 2751 de
703 2724 750 2755 iis,
761 2724 812 2762 qui
824 2720 1076 2753 condemnarunt,
1085 2720 1167 2749 causa
1187 2730 1188 2735 ¹

211 2765 346 2803 cognita,
366 2761 416 2792 sibi
427 2763 560 2793 dixerint
582 2773 649 2793 NON
672 2765 844 2801 LiQiERE?
868 2761 982 2791 Verum
995 2760 1066 2791 esto.
1090 2771 1164 2790 con—

212 2806 333 2834 demnat
344 2804 506 2843 Popillium
516 2804 631 2834 Gellius
643 2805 777 2843 :judicat,
790 2801 929 2844 accepisse
939 2802 955 2832 *a
963 2803 1103 2833 Cluentio
1114 2812 1167 2842 pe-

212 2847 346 2877 cuniam.
370 2847 533 2886 Negathoc
542 2847 700 2876 Lentulus.
723 2856 794 2877 nam
807 2845 970 2886 Popillium
982 2864 990 2878 ‚
1011 2842 1094 2885 qubd
1108 2853 1166 2874 erat

254 2979 276 2996 ι,
296 2971 491 2997 &hebitudinem
499 2973 604 2996 inimum
615 2973 649 2995 25?
657 2978 736 2997 contra
746 2972 845 3005 dicem]
858 2971 921 2997 Non
929 2969 1068 2997 divertunt
1078 2969 1164 2996 abbae

213 3004 341 3041 scriptur-1
353 3006 476 3032 vetustius
488 3006 549 3032 culi.
570 3005 712 3033 Lambinus
724 3007 835 3033 obtrusit
846 3007 919 3033 nobis
932 3016 939 3037 3
953 3008 1039 3031 multit.
1049 3007 1113 3031 illam
1122 3015 1166 3031 non

212 3041 317 3066 iunicum
327 3043 361 3066 cf!
369 3042 534 3067 contradit-cre.
553 3041 713 3068 Gulielmius
730 3042 880 3070 divinabat:
899 3044 1024 3075 probatum
1042 3042 1100 3067 illud
1115 3048 1168 3067 erat

215 3077 364 3102 multitudine
373 3089 381 3107 5
391 3079 448 3102 nulli
456 3078 546 3102 licitum
555 3076 606 3106 dvc.

249 3120 278 3139 ι.
297 3112 396 3146 lpsefim
405 3111 568 3149 conscientia]
581 3113 610 3141 Ρ.
623 3112 757 3142 Vissorius
761 3114 866 3150 scicntia
877 3133 886 3148 ,
898 3113 970 3151 quod
979 3112 1073 3143 melius
1085 3112 1170 3142 visum

1168 115 1710 161 CICERONIS

1190 199 1322 229 libertini
1335 197 1426 233 filius,
1438 200 1469 229 in
1480 199 1613 230 senatum
1625 208 1688 229 non
1697 197 1787 239 legit:
1808 197 1912 229 locum
1921 199 2044 240 quidem
2055 198 2140 232 sen&

1190 243 1301 270 toritim
1313 240 1406 275 ludis,
1428 241 1460 271 &
1478 250 1571 270 cetera
1589 250 1763 271 ornamenta
1771 240 1891 281 reliquit
1902 261 1910 275 ‚
1927 242 1960 272 &
1970 250 2041 271 eum
2052 243 2142 272 omni

1190 283 1360 324 ignominia
1371 283 1482 312 liberat.
1505 282 1587 322 quod
1602 281 1674 312 curn
1683 281 1752 312 facit
1761 302 1769 315 ,
1778 282 1891 321 judicat
1904 302 1913 316 ‚
1926 284 1988 323 ejus
1999 283 2143 313 sententia

1188 326 1274 364 gratis
1283 323 1538 364 ess'eOppianicum
1549 323 1781 354 condemnatum
1789 323 1833 354 .&
1843 324 1972 354 eundem
1980 324 2144 363 Popillium.

1190 364 1289 405 postea
1299 366 1445 395 Lentulus
1457 366 1489 394 in
1499 364 1628 394 ambitus
1640 365 1753 401 judicio
1766 375 1820 404 pro
1830 364 2005 395 testimonio
2015 365 2145 405 diligen-

1191 405 1298 436 tissimi:
1310 407 1416 436 laudat.
1434 409 1540 446 Qare,
1556 404 1683 446 sineque
1697 408 1732 436 L.
1743 407 1837 436 Gellii
1849 406 1965 446 judicio
1977 405 2055 436 stetit
2064 407 2146 436 Len-

1196 449 1285 481 tulus,
1298 458 1393 488 neque
1401 448 1523 477 Lentuli
1532 446 1756 477 existimatione
1772 456 1932 478 contentus
1942 447 2001 477 fuit
2011 447 2146 477 Gellius:

1195 490 1227 519 &
1237 509 1245 522 ‚
1267 488 1287 518 si
1298 498 1360 518 uter
1383 499 1419 518 ue
1431 489 1535 518 censor
1544 489 1676 518 censoris
1686 491 1831 528 opinione
1841 488 1978 518 standum
1988 498 2051 518 non
2062 496 2146 527 puta-

1192 532 1235 560 vit
1245 541 1250 559 :
1262 530 1334 570 quid
1344 499 1595 570 esl‚quamobi'em
1604 530 1760 570 quisquam
1772 528 1907 560 nostrum
1916 530 2064 560 censorias
2074 528 2144 559 sub·

1194 573 1367 611 scriptiones
1377 573 1497 601 omneis
1510 570 1600 609 fixas,
1617 571 1650 600 &
1664 573 1697 600 in
1704 581 1882 611 perpetuum
1899 580 1970 602 ratas
1987 579 2070 610 putet
2086 567 2145 600 effe

1192 615 1348 652 oportere?
1370 617 1408 643 At
1423 614 1455 642 in
1475 613 1570 651 ipsum
1581 614 1707 642 Avitum
1720 613 2001 642 animadverterunt.
2023 611 2140 642 nullam
2165 611 2209 652 48

1192 655 1316 695 quidem
1327 654 1366 684 ob
1376 654 1603 693 turpitudinem,
1611 654 1730 683 nullum
1740 654 1780 683 ob
1789 656 1880 684 totius
1891 657 1960 684 vita:
1970 663 2034 683 non
2042 653 2140 683 dicam

1193 698 1313 729 vitium,
1326 695 1374 726 sed
1384 704 1523 726 eri-atum.
1537 705 1632 735 neque
1643 698 1726 724 enim
1737 696 1793 725 hoc
1803 696 1928 725 homine
1937 694 2074 728 sanERior,
2091 703 2146 724 ne-

1194 748 1250 778 que
1262 737 1384 777 probior
1395 757 1404 771 ,
1423 739 1562 777 nequem
1572 737 1715 766 omnibus
1723 735 1833 767 officiis
1842 736 2007 767 retinendis
2016 736 2145 777 diligen-

1196 782 1255 808 tior
1264 776 1322 808 esse
1330 779 1485 818 quisquam
1495 777 1607 818 potest:
1620 788 1714 818 neque
1727 779 1772 807 illi
1785 779 1868 808 aliter
1877 778 1999 808 dicunt:
2013 778 2062 808 sed
2073 787 2145 808 ean-

1196 820 1264 849 dem
1285 820 1367 849 illam
1380 820 1494 859 famam
1508 819 1614 858 judicii
1631 821 1760 858 corrupti
1776 821 1866 849 secuti
1879 819 1961 850 sunt:
1980 828 2076 859 neque
2092 816 2146 857 ipsa

1196 862 1277 891 secus
1286 860 1459 890 existimant
1470 881 1478 894 ‚
1489 870 1579 901 quam
1590 870 1644 890 nos
1657 861 1821 890 existimari
1838 861 1981 891 volumus
1993 879 2002 893 ,
2011 860 2047 890 de
2057 860 2145 899 hujus

1195 902 1308 942 pudore
1317 922 1325 935 ,
1344 904 1508 943 integritate
1519 922 1527 935 ‚
1546 903 1654 932 virtute
1668 912 1673 931 :
1693 902 1741 932 sed
1759 911 1899 942 putarunt
1921 910 2148 932 PRAETERMIT·

1197 954 1232 973 τι
1255 943 1450 974 accusatorem
1474 953 1539 973 non
1561 942 1687 983 potuisse
1697 963 1706 978 ‚
1723 942 1795 973 cum
1814 943 2054 974 animadversum
2077 940 2150 972 ess'ct

1197 985 1360 1024 injudices.
1383 987 1448 1026 Qa
1465 985 1501 1014 de
1519 995 1549 1014 re
1567 994 1627 1014 tota
1640 983 1660 1014 fi
1678 995 1775 1014 unum
1793 984 1906 1015 fabium
1922 994 1960 1014 ex
1973 985 2061 1013 omni
2071 985 2149 1013 anti-

1197 1029 1306 1066 quitate
1315 1026 1562 1066 pi‘otulei·o,plura
1572 1036 1635 1055 non
1646 1026 1752 1056 dicam.
1777 1029 1850 1056 Non
1860 1029 1944 1061 enim
1955 1026 2031 1055 mihi
2041 1034 2146 1054 exem-

1197 1068 1282 1106 plum
1294 1068 1407 1097 sur'nmi
1418 1066 1608 1097 &clarissimi
1619 1069 1675 1097 viri
1689 1087 1697 1101 ,
1709 1071 1740 1098 P.
1751 1067 1896 1101 Africani,
1908 1066 2147 1107 praetereundum

1197 1108 1330 1138 videtur:
1349 1111 1399 1148 qui
1411 1107 1480 1138 cum
1491 1107 1560 1138 esset
1571 1109 1674 1138 censor
1683 1129 1692 1142 ‚
1712 1109 1788 1139 &in
1800 1111 1934 1150 equitum
1949 1108 2039 1138 censu
2049 1110 2081 1137 C.
2093 1109 2147 1137 Li-

1197 1151 1296 1180 cinius
1305 1150 1442 1180 Sacerdos
1452 1148 1620 1188 prodiiss'et:
1641 1151 1716 1180 clam
1726 1161 1808 1184 voce,
1821 1159 1852 1180 ut
1864 1152 1966 1180 omnis
1975 1151 2083 1179 concio
2096 1158 2150 1177 au-

1197 1192 1258 1221 dire
1267 1189 1372 1230 posset,
1383 1190 1460 1219 dixit
1464 1191 1494 1229 se
1499 1191 1580 1229 scire,
1591 1192 1671 1219 illum
1681 1190 1765 1220 verbu
1775 1194 1903 1232 conceptis
1911 1189 2045 1231 pejeraffi’.
2063 1189 2149 1229 fiquis

1198 1229 1292 1262 contr&
1307 1232 1394 1261 dicere
1407 1232 1507 1260 vellet:
1525 1231 1641 1270 usurum
1655 1231 1702 1269 effi.>
1718 1243 1780 1260 eum
1791 1234 1841 1272 fito
1858 1232 2019 1268 testimomo-
2041 1231 2150 1260 deinde

1200 1273 1271 1304 cum
1291 1273 1392 1303 contra
1412 1282 1505 1302 nemo
1518 1272 1644 1302 diceret:
1660 1272 1740 1313 juffit
1749 1284 1860 1314 equum
1871 1273 2026 1304 traducere.
2049 1275 2150 1312 Itaque

1198 1317 1222 1345 is
1234 1335 1242 1349 ‚
1261 1316 1346 1355 cujus
1354 1314 1474 1344 arbitrio
1488 1314 1656 1354 &populus
1667 1317 1758 1345 Rom.
1773 1316 1806 1345 δε
1816 1325 1923 1346 exterae
1935 1324 2036 1356 gentes
2045 1333 2055 1348 ,
2075 1323 2151 1343 con-

1200 1365 1286 1387 tentae
1297 1355 1355 1386 ess'e
1364 1356 1584 1386 consueverunt
1593 1376 1602 1388 ‚
1623 1359 1637 1374 ²
1647 1357 1708 1396 ipse
1718 1357 1767 1387 sua
1776 1358 1957 1387 conscientia
1966 1355 2000 1386 ad
2016 1355 2151 1396 ignoui-

1200 1401 1282 1428 niam
1293 1399 1410 1428 alterius
1418 1405 1577 1427 contentus
1586 1407 1650 1427 non
1660 1397 1727 1428 suit.
1750 1398 1839 1438 Qod
1851 1397 1872 1428 si
1882 1399 1940 1428 hoc
1950 1399 2041 1427 Avito
2056 1396 2151 1429 facere

1201 1439 1345 1473 licuisset,
1356 1438 1441 1468 facile
1455 1457 1464 1472 ,
1476 1439 1537 1467 illis
1547 1436 1781 1478 ipfisjudicibus‚
1795 1439 1913 1470 &fals-az
1923 1439 2103 1478 suspicioni,
2116 1437 2150 1467 &

1200 1482 1322 1512 invidiae
1341 1480 1522 1520 populariter
1538 1482 1670 1510 excitatae
1687 1479 1842 1511 restitisset.
1874 1484 1980 1511 Unum
1995 1481 2085 1510 etiam
2097 1478 2150 1512 est,

1201 1523 1282 1565 quod
1292 1533 1340 1552 me
1351 1521 1486 1551 maxime
1496 1522 1653 1552 conturbat
1662 1541 1670 1555 ,
1688 1525 1736 1552 cui
1746 1523 1812 1552 loco
1822 1522 1997 1562 respondere
2007 1519 2088 1561 posse
2098 1522 2153 1550 vix

1200 1564 1305 1595 videor
1316 1584 1324 1598 ,
1348 1562 1452 1604 3quod
1469 1563 1589 1603 elogium
1601 1562 1724 1593 recitasti
1744 1563 1780 1593 de
1796 1563 1974 1593 testamento
1989 1565 2043 1593 Cn.
2056 1564 2079 1592 E
2100 1571 2154 1592 na-

1201 1608 1247 1640 tii‚
1259 1607 1356 1645 patris,
1368 1606 1502 1634 hominis
1514 1602 1721 1638 honestissimi‚
1733 1605 1883 1638 videlicet,
1896 1605 1928 1635 &
1938 1605 2060 1644 sapienti
2098 1604 2153 1636 mi,

1202 1648 1312 1678 idcirco
1330 1647 1358 1677 se
1376 1644 1541 1682 exheredaffiz
1548 1645 1648 1683 filium
1657 1666 1666 1680 ,
1686 1646 1768 1686 quod
1779 1648 1804 1675 is
1813 1646 1854 1676 ob
1863 1646 2021 1686 Oppianici
2030 1644 2154 1675 damna-

1202 1691 1318 1720 tionem
1329 1689 1485 1728 pecuniam
1495 1685 1656 1726 accepiffet.
1679 1690 1727 1717 De
1738 1689 1825 1726 cujus
1835 1689 1971 1717 hominis
1981 1687 2109 1719 levitate,
2120 1685 2155 1716 &

1203 1729 1401 1761 inconstantia
1411 1748 1420 1762 ‚
1440 1728 1523 1768 plura
1536 1737 1601 1757 non
1612 1728 1719 1758 dicam.
1743 1731 1812 1758 Hoc
1821 1725 2152 1767 testamentum'ipsum‚

1204 1771 1285 1813 quod
1298 1773 1411 1804 recitas,
1421 1769 1570 1810 ejusmodi
1581 1768 1623 1798 est
1633 1789 1641 1803 ‚
1658 1779 1689 1800 ut
1700 1770 1751 1799 ille
1762 1789 1770 1803 ,
1788 1769 1859 1800 curn
1869 1780 1938 1800 eum
1954 1768 2052 1799 filiurn
2062 1769 2155 1798 exhe-

1203 1813 1314 1843 redaret
1326 1832 1334 1846 ,
1349 1821 1439 1852 quem
1450 1811 1567 1843 oderat,
1588 1812 1615 1840 ei
1627 1809 1692 1841 filio
1700 1811 1859 1841 coheredes
1870 1812 2011 1841 homines
2021 1808 2157 1848 aliem'ffi-

1204 1866 1261 1884 mos
1269 1856 1463 1894 conjungeret
1471 1872 1479 1885 ,
1497 1856 1588 1892 quem
1599 1852 1747 1893 diligebat.
1770 1852 1827 1883 Sed
1838 1861 1882 1885 tu,
1894 1854 1967 1886 Atti,
1978 1849 2156 1884 consideres,

1203 1896 1309 1927 censeo
1319 1916 1327 1929 ,
1347 1895 1505 1936 diligenter
1514 1913 1522 1926 ‚
1543 1893 1644 1923 utrum
1654 1894 1812 1924 censorum
1818 1894 1829 1934 j
1835 1894 1970 1924 udicium
1980 1903 2066 1935 grave
2079 1891 2157 1923 velis

1205 1937 1263 1968 esse
1274 1957 1282 1970 ‚
1293 1947 1330 1966 an
1342 1938 1468 1976 Egnatii.
1490 1936 1521 1965 Si
1532 1936 1649 1976 Egnatii
1660 1946 1666 1964 z
1681 1936 1745 1965 leve
1755 1935 1798 1965 est
1808 1955 1816 1969 ‚
1828 1935 1910 1976 quod
1919 1936 2055 1965 censores
2063 1934 2099 1964 de
2107 1943 2158 1964 ce—

1205 1981 1273 2009 teris
1290 1976 1527 2017 subscripserunt.
1552 1976 1650 2015 ipsum
1661 1979 1744 2006 enirn
1757 1979 1812 2007 Cn.
1825 1979 1985 2017 Egnatium
1997 1996 2007 2010 ‚
2024 1985 2116 2017 quem
2125 1983 2158 2005 tu

1204 2030 1323 2060 gravem
1335 2017 1390 2049 ess'e
1402 2020 1446 2048 vis
1456 2038 1464 2052 ‚
1474 2028 1511 2047 ex
1521 2018 1622 2048 senatu
1633 2019 1791 2058 ejecerunt.
1814 2017 1857 2048 fin
1870 2028 1968 2048 autem
1977 2018 2136 2048 censorum
2149 2025 2158 2045 :

1205 2063 1285 2091 hunc
1295 2062 1453 2102 Egnatium
1465 2079 1473 2093 ,
1492 2069 1583 2100 quem
1602 2068 1682 2099 pater
1697 2061 1829 2090 censoria
1841 2059 2054 2099 subscriptione
2064 2058 2158 2088 exhe-

1203 2103 1326 2135 redavit,
1336 2102 1472 2132 censores
1483 2102 1516 2130 in
1526 2101 1636 2134 senatu,
1648 2100 1718 2131 cum
1728 2110 1840 2140 patrem
1851 2102 2012 2140 ejicerent,
2025 2100 2157 2129 retinue-

1205 2184 1263 2215 ess‘e
1273 2185 1432 2224 judicium.
1455 2183 1619 2224 Qomodo
1631 2185 1642 2212 ?
1653 2184 1911 2223 suscepitcausam.
1927 2185 1975 2212 An
1984 2191 2082 2222 potuit
2091 2191 2156 2212 rem

1205 2227 1330 2256 delatam
1348 2225 1497 2264 ejusmodi
1515 2224 1689 2263 repudiare?
1715 2234 1786 2254 cum
1801 2223 1936 2254 tribunus
1953 2223 2032 2271 pleb.
2047 2267 2050 2270 Δ
2057 2223 2156 2265 populo

1207 2318 1284 2341 mus,
1300 2309 1333 2338 δε
1344 2308 1439 2337 homo
1450 2304 1722 2339 innocentiffitnuS,
1733 2308 1860 2346 pecunia
1869 2308 2091 2336 circumventus
2102 2304 2161 2335 este

1207 2349 1367 2378 diceretur:
1394 2346 1466 2377 cum
1483 2346 1598 2376 invidia
1615 2345 1744 2387 flagraret
1762 2348 1835 2377 oi‘do
1857 2349 2038 2378 senatorius:
2061 2348 2160 2387 potuit

1208 2390 1285 2419 nihil
1299 2389 1416 2419 decerni
1427 2391 1438 2417 ?
1448 2390 1547 2428 potuit
1556 2388 1607 2417 illa
1617 2391 1778 2418 concitatio
1790 2389 1994 2419 multitudinis
2007 2387 2067 2418 sine
2077 2389 2161 2418 sum-

1209 2441 1261 2460 mo
1271 2431 1403 2470 periculo
1413 2431 1486 2469 reip.
1499 2429 1644 2469 repudiari
1656 2432 1666 2458 ?
1688 2433 1727 2460 At
1739 2430 1811 2470 quid
1822 2430 1865 2460 est
1875 2430 2050 2460 decretum?
2067 2439 2160 2470 quam

1206 2471 1303 2512 juste?
1322 2481 1412 2512 quam
1431 2472 1592 2510 sapienter?
1615 2480 1704 2510 quam
1725 2471 1905 2513 diligenter?
1928 2475 1961 2502 Si
1981 2480 2042 2511 QU
2064 2481 2160 2504 SUNT,

1212 2523 1357 2552 Qipiwm
1372 2522 1478 2542 OPERA
1494 2521 1634 2542 FACTUM
1650 2522 1718 2545 sm,
1739 2523 1782 2543 υτ
1793 2523 1966 2552 JunicttiM
1981 2521 2159 2543 eunucu-M

1215 2564 1325 2584 coniti]
1331 2564 1420 2583 MPER
1428 2564 1524 2583 erun.
1548 2552 1660 2583 Utrum
1673 2554 1789 2584 videtur
1798 2555 1911 2585 serimus
1920 2555 1951 2584 id
1959 2554 2074 2584 salitum
2085 2554 2164 2591 judi-

1212 2606 1292 2626 care:
1312 2606 1349 2625 an
1359 2616 1367 2629 ,
1380 2594 1399 2624 si
1408 2594 1523 2625 irritum
1534 2593 1568 2624 fit
1577 2615 1585 2629 ,
1597 2594 1725 2626 moleste
1737 2615 1746 2629 ,
1765 2597 1950 2636 graviterque
1957 2595 2054 2626 ferre?
2072 2593 2163 2635 siipse

1213 2641 1247 2667 A.
1260 2638 1416 2667 Cluentius
1435 2638 1612 2666 sententiam
1628 2636 1665 2666 de
1679 2636 1804 2676 judiciis
1814 2647 1979 2679 rogaretur,
1999 2638 2088 2667 aliam
2099 2645 2163 2667 non

1187 2685 1189 2708 l
1210 2679 1320 2709 diceret
1333 2698 1341 2711 ,
1363 2680 1480 2719 atqueii
1493 2678 1653 2712 dixerunt,
1671 2688 1801 2719 quorum
1820 2679 1975 2709 sententiis
1987 2679 2164 2709 Cluentium

1209 2720 1446 2750 condemnatum
1457 2718 1513 2749 effe
1525 2719 1636 2749 dicitis.
1660 2719 1715 2750 Sed
1726 2730 1826 2760 quaero
1837 2720 1851 2750 a
1862 2721 1949 2750 vobis
1960 2740 1968 2754 ,
1990 2729 2065 2750 num
2078 2719 2163 2749 istam

1209 2763 1305 2802 legem
1322 2770 1359 2790 ex
1378 2761 1434 2791 isto
1448 2764 1475 2790 S.
1487 2763 1518 2791 C.
1539 2763 1573 2790 L.
1585 2762 1730 2791 Lucullus
1740 2762 1862 2795 consul,
1885 2763 1982 2791 homo
1993 2758 2164 2801 sapientiffi-

1212 2812 1279 2832 mus
1290 2822 1298 2836 ,
1323 2803 1439 2832 tulerit:
1452 2812 1528 2832 num
1542 2811 1622 2836 anno
1654 2802 1698 2832 0st
1711 2805 1754 2832 M.
1767 2803 1913 2832 Lucullus
1923 2822 1932 2836 ‚
1957 2802 1990 2831 &
2000 2805 2032 2832 C.
2043 2800 2164 2835 Caffius,

1210 2846 1243 2874 in
1260 2854 1334 2885 quos
1353 2853 1416 2874 tum
1431 2843 1567 2874 consules
1585 2843 1621 2873 de
1635 2853 1748 2884 ignatos
1764 2843 1931 2874 idemillud
1942 2843 2056 2874 senatus
2064 2839 2165 2872 decre-

2061 2893 2159 2918 verit,

1210 2969 1366 2996 Camerario
1379 2979 1384 2995 ;
1400 2970 1414 2995 ii
1426 2978 1479 3004 quo
1489 2967 1622 2994 dissentio.

1245 3014 1271 3045 3.
1291 3005 1357 3038 Qud
1373 3006 1465 3037 equium
1483 3004 1609 3038 recitasti]
1634 3003 1713 3030 Haud
1723 3003 1800 3030 aliter
1811 3003 1924 3031 Palatini
1946 3003 2023 3030 nostri
2043 3002 2162 3044 septem,

1208 3041 1302 3076 quibus
1313 3040 1444 3066 adli-were
1456 3040 1535 3071 malo,
1550 3048 1626 3075 quam
1640 3040 1761 3068 Lambini
1773 3040 1886 3070 licentia:
1897 3049 1905 3073 3
1917 3040 2008 3068 invitis
2020 3039 2093 3068 libris
2103 3047 2162 3066 om-

1212 3076 1286 3105 nibus
1300 3095 1308 3111 ,
1320 3076 1407 3105 nescio
1417 3085 1475 3113 quae
1484 3074 1648 3104 obtruderiti.

2061 3153 2084 3176 ι.
2096 3144 2166 3174 me-

1204 2153 1282 2174 runt.
1305 2144 1437 2173 Atenim
1449 2142 1562 2172 senatus
1573 2142 1897 2181 universusjudicavit‚
1909 2140 1986 2171 illud
1996 2148 2156 2181 corruptum
2177 2136 2226 2182 49'

1207 2268 1361 2299 concitam,
1383 2275 1448 2296 rem
1467 2268 1553 2304 paene
1571 2265 1606 2294 ad
1625 2274 1732 2294 manus
1745 2264 1921 2295 revocasset:
1941 2275 2012 2295 curn
2023 2274 2070 2294 vir
2079 2266 2160 2310 oprij
2202 2270 2208 2273 ’

2256 2217 2268 2234 'e
