2379 3400
183 314 221 337 12

185 1257 223 1290 ¹3

193 2416 236 2439 [Δ

248 144 365 192 1168
645 134 714 180 M.
783 131 1144 178 TULth

242 214 572 255 mn11::.rr'.ili‘i,fiffique
584 212 639 243 esi}
651 211 778 252 possunt.
802 211 1004 250 Argumentis,
1017 208 1050 238 &
1060 207 1186 237 rationi-

243 265 294 294 bus
316 269 448 300 oportet,
469 266 555 297 quare
574 251 813 295 quidqueitasit,
834 253 960 284 docere,
987 259 1050 279 non
1061 249 1188 281 eventis,

243 307 277 334 iis
295 302 450 341 pntsertim
467 318 474 330 ‚
494 297 605 337 quibus
626 295 798 324 mihil'iccat
815 302 878 322 non
889 291 1016 322 credere.
1040 289 1190 321 Utordiar

240 345 275 374 ab
287 343 467 381 haruspicina
481 360 488 370 ,
510 348 599 378 quam
611 346 664 376 ego
676 338 744 374 reip.
762 335 860 367 causi,
875 331 1109 372 communisque
1119 331 1190 361 reli-

239 394 357 426 gaonis,
388 380 543 411 colendam
561 379 667 408 censeo
689 388 693 405 :
717 376 764 406 scd
784 375 838 405 soli
864 375 981 404 sumus:
1004 374 1072 403 licet
1084 382 1190 403 verum

1213 125 1760 175 thERori1s

1234 207 1350 238 aridum
1369 204 1810 246 florescereipsobmmalidie,
1831 207 1988 240 &inflatas
1997 208 2185 249 rumpivefi-

1234 250 1327 282 cuias,
1342 249 1374 278 &
1385 249 1499 279 semina
1508 248 1658 278 malorum
1671 266 1681 281 ‚
1701 258 1767 288 quae
1778 250 1810 278 in
1822 250 1860 279 iis
1874 251 2105 281 mediisinclusa
2115 250 2184 286 sint,

1236 294 1267 321 in
1285 292 1444 321 contrarias
1463 290 1571 330 parteis
1583 290 1610 320 se
1619 298 1747 319 vertere:
1764 289 1826 329 jam
1838 300 1946 324 nervos
1958 295 1989 322 in
2001 292 2109 323 fidibus
2118 294 2187 323 aliis

1233 331 1320 372 pulsis
1340 332 1475 362 resonare
1491 331 1582 361 alios:
1602 330 1763 371 ostreisque
1775 349 1783 364 2
1811 330 1844 361 &
1859 335 2026 374 conchyliis
2037 334 2186 365 omnibus

1233 376 1426 414 contingere,
1446 382 1478 403 ut
1497 382 1568 403 cum
1592 373 1662 402 luna
1682 372 1942 412 paritercrescant,
1959 378 2122 417 pariterque
2133 376 2187 406 de-

242 427 393 465 quuinwe
413 421 471 451 sine
490 421 601 450 invidia
614 439 622 451 ‚
643 420 718 448 mihi
731 418 889 457 pracsertim
900 417 934 446 de
946 416 1092 456 plerisque
1104 414 1192 444 dubi·
1236 417 1363 446 crescant
1376 415 1569 455 :arboresque
1581 424 1612 444 ut
1626 414 1757 453 hyemali
1769 423 1902 454 tempore
1914 435 1923 448 ,
1934 425 2002 447 cum
2014 417 2084 447 luna
2097 416 2187 447 fimul

242 476 323 497 tanti.
338 460 562 503 inspiciamuS,si
575 462 676 500 placet,
689 469 756 488 exta
767 458 913 498 primum.
926 458 1094 488 Persuaderi
1106 458 1194 497 igitur

241 517 377 547 cuiquam
391 504 496 544 potest,
509 513 541 533 ea
553 523 560 535 ‚
573 513 636 543 quae
650 499 953 542 significandicuntur
963 501 1040 529 extis
1053 518 1061 532 ‚
1074 500 1193 539 cognita

245 548 301 579 ell'e
313 549 347 577 ab
362 545 561 585 haruspicibus
573 544 778 573 observatione
790 541 942 571 diuturna?
952 550 1043 581 quam
1054 540 1194 570 diuturna

246 590 298 620 illa
309 589 385 619 fuit?
403 597 451 618 aut
473 588 560 626 quim
584 586 752 624 longinquo
775 592 911 623 tempore
920 582 1067 613 observari
1079 582 1194 622 potuit:

243 641 292 662 aut
302 631 467 672 quomodo
478 627 519 657 est
529 627 632 657 collata
644 636 720 655 inter
731 626 808 665 ipsos
820 645 827 658 ‚
839 634 904 665 quae
915 634 980 664 pars
991 624 1102 653 inimici
1114 644 1122 656 ,
1134 632 1199 664 quae

245 683 308 714 pars
324 672 477 711 fammaris
488 667 557 698 esset
573 666 772 708 :quodfifficm
784 687 792 700 ‚
814 668 980 707 periculum
997 665 1095 706 :quod
1109 674 1196 694 com-

245 715 371 746 modum
393 710 511 752 aliquod
532 709 721 740 ostenderet?
740 719 778 739 an
799 710 862 738 haec
885 711 963 738 inter
980 707 1010 737 se
1029 707 1196 746 haruspices

245 757 376 788 Etrusci,
389 755 448 784 Εἰιι
464 773 472 785 ,
486 753 629 792 AEgypui,
643 752 721 781 Paeni
731 751 950 781 contulerunt?
975 752 1013 779 At
1022 749 1065 782 id,
1077 753 1194 788 praeter-

246 807 333 839 quam
345 795 424 836 quod
442 793 502 824 ficri
517 803 578 823 non
590 795 705 833 potuit,
727 802 764 822 nc
775 791 847 833 fingi
858 791 980 832 quidem
991 790 1095 830 potest.
1119 791 1195 819 alios

243 849 326 870 enim
348 839 406 867 :ilio
422 845 504 865 more
515 835 655 865 videmus
664 843 732 864 exta
745 835 950 874 interpretari,
971 842 1027 862 nec
1036 831 1092 862 esse
1103 841 1194 861 unam

244 882 385 911 omnium
408 878 607 917 disciplinam.
631 879 669 906 Et
687 876 765 906 certe
777 895 786 909 ,
803 874 824 904 si
847 874 889 905 est
904 876 935 904 in
945 876 1022 904 extis
1031 875 1129 914 aliqua
1138 875 1197 905 vis,

242 932 306 963 qua:
318 921 444 951 declaret
453 919 550 949 sutura
561 939 569 951 ‚
586 916 701 948 necesse
710 916 764 950 est,
775 927 839 947 eam
850 925 899 946 aut
910 926 978 946 cum
990 926 1081 944 rerum
1091 922 1196 944 natura

244 962 300 994 cil'e
318 960 534 1001 cumunilam,
557 969 606 990 aut
622 959 789 998 conformari
807 958 938 998 quodam
958 958 1055 988 modo
1073 958 1194 988 numini

244 1006 380 1035 deorum.
404 1005 496 1043 Atqui
520 1001 622 1031 divina
640 1011 710 1031 cum
730 1010 831 1030 rerum
842 1009 942 1030 natura
954 1009 1051 1033 tanta,
1072 1008 1194 1039 tamque

243 1046 377 1086 pxaeclara
401 1047 432 1074 iri
453 1045 573 1074 omneis
592 1044 715 1082 parteis,
738 1042 897 1082 motusque
915 1040 1040 1074 diffusa,
1057 1040 1131 1082 quid
1143 1042 1192 1069 ha-

245 1089 312 1118 bere
327 1085 422 1126 potest
431 1095 596 1116 commune
611 1087 621 1113 ?
642 1094 705 1114 nori
716 1084 813 1114 dicam
822 1084 1021 1125 gallinaceum
1031 1082 1072 1112 fel
1082 1102 1091 1116 ‚
1103 1082 1113 1120 (
1125 1082 1195 1111 sunt

246 1131 349 1162 enirn,
373 1130 423 1169 qui
435 1127 482 1157 vel
492 1124 675 1167 argutissima
693 1127 755 1155 haec
766 1134 834 1156 exta
853 1123 910 1155 effe
921 1125 1040 1164 dicant)
1061 1124 1109 1154 sed
1120 1123 1194 1153 tauri

245 1172 340 1210 opimi
362 1170 459 1207 jecur,
480 1178 530 1199 aut
545 1177 616 1201 cor,
635 1175 685 1197 aut
706 1168 813 1207 pulmo
826 1187 835 1200 ,
854 1167 927 1207 quid
947 1167 1034 1196 habet
1043 1164 1193 1196 naturale,

246 1212 327 1253 quod
336 1211 482 1241 declarare
492 1208 577 1250 poffit
590 1230 599 1242 ‚
619 1209 691 1250 quid
710 1209 848 1238 futurum
869 1207 925 1238 sit?
945 1208 1141 1237 Democritus
1152 1215 1194 1235 ta-

251 1264 322 1284 men
333 1263 394 1283 non
405 1253 510 1283 inscite
531 1261 655 1292 nugatur
666 1261 696 1281 ut
713 1249 864 1291 physicus:
885 1260 946 1290 quo
956 1259 1062 1291 genere
1071 1248 1198 1277 nihit'ar-

251 1303 406 1337 rogavistis&

338 1337 427 1378 Qod
433 1335 634 1378 eft'anrepcdes
643 1355 650 1369 ,
669 1344 744 1365 nemo
750 1333 877 1374 specht.-
890 1332 1122 1374 coeliscrurantur
1129 1332 1195 1374 pla-

484 1389 547 1419 gas.

244 1420 358 1452 Verum
381 1423 404 1452 is
417 1431 518 1452 tamen
527 1419 630 1450 habitu
641 1428 782 1450 extorum
795 1439 804 1454 ‚
825 1419 858 1449 δε
867 1419 967 1449 colore
979 1418 1116 1448 declarari
1125 1426 1197 1447 cen·

245 1465 286 1495 set
296 1484 304 1498 ‚
331 1465 388 1493 hoc
399 1463 541 1493 duntaxat
552 1482 560 1496 ‚
582 1462 683 1502 pabuli
693 1472 786 1502 genus
798 1482 807 1496 ,
828 1461 861 1491 δε
871 1471 972 1491 earum
984 1470 1084 1490 rerum
1097 1479 1105 1492 ,
1126 1468 1198 1499 quas

245 1514 318 1536 terra
328 1514 459 1544 procreet
470 1524 478 1538 ‚
492 1504 540 1533 vel
550 1503 725 1537 ubertatem,
736 1504 784 1533 vel
794 1505 968 1533 tenuitatem
981 1513 986 1531 :
999 1501 1196 1532 salubritatem

244 1549 336 1576 etiam
349 1566 357 1578 ‚
377 1555 426 1576 aut
443 1544 667 1584 pestilentiam-¹
679 1547 756 1574 extis
767 1543 921 1585 significari
932 1552 1021 1583 putat.
1046 1545 1072 1572 O
1085 1551 1197 1571 morta-

246 1587 309 1618 lem
335 1586 456 1617 beatum
477 1588 482 1614 l
513 1587 562 1615 cui
581 1585 661 1616 certo
680 1586 738 1616 scio
759 1585 856 1614 ludum
873 1594 1040 1625 numquam
1061 1581 1196 1613 defuisse.

248 1630 407 1659 Hunccine
427 1628 587 1657 hominem
597 1628 685 1656 tantis
694 1626 872 1657 deleCmtum
886 1624 942 1656 efl'e
954 1628 1041 1666 nugis
1052 1645 1061 1658 ,
1089 1634 1121 1654 ut
1132 1634 1197 1654 non

248 1670 362 1701 videret
372 1689 384 1702 0
397 1677 462 1698 turn
476 1668 611 1699 futurum
622 1668 652 1698 id
666 1668 827 1698 verisimile
837 1688 845 1701 ,
859 1666 878 1697 si
893 1670 1036 1697 omnium
1046 1665 1195 1706 pecudum

248 1721 318 1743 exta
334 1710 440 1741 eodem
462 1719 596 1749 tempore
607 1713 639 1739 in
649 1709 780 1740 eundem
792 1709 926 1739 habitum
939 1710 965 1739 sc
976 1729 984 1743 ,
1003 1710 1197 1747 coloremque

245 1754 467 1784 converterent?
476 1751 523 1781 sed
531 1751 555 1780 »sl
567 1750 668 1781 eadem
677 1753 751 1781 hora
759 1751 823 1781 aliae
833 1751 954 1790 pecudis
963 1751 1044 1788 jecur
1053 1749 1198 1781 nitidum,

247 1803 332 1835 atque
343 1793 467 1834 plenum
482 1792 523 1822 est
533 1812 541 1825 ,
562 1792 791 1823 aliaeliorridum
804 1811 813 1825 ‚
834 1793 867 1821 δε
876 1793 956 1821 exile
967 1802 973 1821 :
983 1791 1055 1831 quid
1065 1789 1107 1820 est
1117 1789 1197 1829 quod

249 1836 387 1867 declarari
399 1832 482 1874 poffit
491 1833 591 1863 habitu
601 1843 738 1864 extorum
751 1853 760 1867 ‚
781 1834 814 1863 &
823 1833 907 1862 coi'ore
919 1837 930 1862 ἒ
948 1842 985 1862 an
996 1834 1055 1862 hoc
1063 1831 1197 1869 ejusdem

245 1878 334 1908 modi
360 1876 402 1907 cst
412 1896 421 1910 ‚
440 1876 527 1916 quale
538 1874 758 1914 Pherecydeum
776 1874 850 1904 illud
863 1874 943 1914 quod
953 1874 996 1903 est
1005 1876 1020 1904 τὶ
1030 1883 1058 1903 te
1067 1872 1200 1902 dietum?

271 1922 299 1949 ui
311 1918 381 1949 cnm
391 1927 496 1958 aquarn
507 1916 626 1948 vidisset
636 1926 674 1946 ex
697 1925 788 1956 puteo
808 1916 940 1946 haustam
954 1935 962 1949 ,
987 1925 1069 1945 terrae
1080 1923 1199 1944 motum

248 1930 328 1991 dixit
346 1959 493 1990 futurum.
517 1962 641 1990 Parum,
661 1958 771 1992 credo,
791 1957 983 1998 impudenter
995 1977 1004 1991 ‚
1029 1956 1113 1997 quod
1125 1954 1198 1986 cum

248 2001 343 2032 faCtus
361 2000 431 2031 esset
448 2010 550 2030 motus
566 2021 574 2033 ,
601 1999 698 2030 dicere
719 2000 849 2033 audent,
869 2009 935 2040 quae
954 2001 998 2030 vis
1017 1999 1047 2028 id
1058 1996 1197 2028 effecerit.

248 2046 377 2074 etiamne
403 2043 538 2073 futurum
557 2041 615 2072 esse
635 2063 644 2075 ‚
675 2052 756 2083 aquae
777 2044 851 2082 jugis
873 2042 974 2072 colore
992 2040 1200 2081 praesentiunt?

249 2085 344 2116 multa
355 2084 523 2115 istiusmodi
534 2084 675 2114 dicuntur
685 2083 817 2123 insi-bolis
829 2096 839 2111 :
848 2084 896 2114 sed
907 2083 1007 2112 credere
1017 2092 1122 2112 omnia
1132 2081 1201 2112 vide

248 2137 287 2157 ne
308 2136 370 2156 non
391 2124 555 2157 sitnecesse.
579 2126 693 2156 Verum
705 2124 761 2155 sint
774 2125 904 2156 saneista
914 2126 1108 2156 Democritea
1120 2133 1200 2154 vera.

248 2169 369 2209 qnando
385 2178 418 2198 ea
428 2178 483 2198 nos
493 2170 568 2198 exris
579 2170 788 2208 exquirimus?
807 2176 856 2198 aut
868 2167 990 2208 quando
999 2165 1113 2207 aliquid
1123 2165 1200 2205 ejus—

249 2210 335 2240 modi
351 2210 387 2240 ab
399 2210 562 2249 haruspice,
580 2209 722 2249 inspeetis
732 2211 810 2239 exiis
823 2229 832 2243 ,
856 2209 1047 2239 audivimus?
1067 2207 1103 2238 ab
1115 2217 1197 2248 aqua,

250 2261 299 2281 aut
307 2252 343 2281 ab
354 2254 545 2293 ignipericuta
557 2260 683 2281 monent
696 2261 702 2280 :
716 2260 779 2281 tum
793 2251 987 2284 hereditates,
1008 2259 1073 2280 tum
1093 2250 1202 2280 damna

250 2293 445 2323 denuntiarit:
471 2291 567 2323 fissum
578 2292 724 2322 familiare
736 2313 744 2326 ‚
763 2293 795 2323 δε
808 2293 898 2323 vitale
909 2291 1048 2322 traetant:
1061 2292 1200 2332 caputje-

251 2337 326 2365 coris
351 2345 389 2364 ex
413 2337 498 2365 omni
509 2344 588 2374 parte
597 2333 821 2375 diligentissime
830 2332 1015 2364 considerant
1029 2344 1034 2362 :
1058 2332 1160 2363 sivero
1172 2332 1201 2362 id

254 2386 316 2406 nori
335 2375 376 2406 est
398 2379 556 2407 inventum
569 2396 576 2409 ‚
596 2375 927 2416 nihilputantaccidere
937 2373 1066 2415 potuisse
1075 2373 1197 2408 tristius,

228 2444 231 2448 .
256 2420 326 2448 Haec
345 2419 578 2448 observ-aficere&
591 2427 654 2447 non
665 2427 846 2458 potuerunt,
871 2417 1001 2456 utsupra
1011 2416 1114 2447 docui.
1133 2416 1202 2446 sunt

253 2461 341 2499 igitur
352 2469 429 2489 artis
448 2462 568 2490 inventa
583 2479 591 2493 ‚
610 2469 674 2490 non
690 2457 834 2495 vetustam
846 2479 854 2493 ‚
876 2457 896 2488 si
916 2457 957 2488 est
969 2468 1013 2488 ars
1024 2458 1086 2488 ulla
1098 2463 1198 2488 rerum

253 2503 484 2542 incognitarum.
506 2504 586 2531 Cum
598 2511 696 2531 rerum
710 2510 809 2531 autem
826 2509 928 2531 natura
938 2509 1027 2541 quam
1040 2503 1200 2541 cognatio-

253 2553 323 2572 nem
336 2543 441 2573 habent
451 2547 461 2563 ²
471 2553 537 2583 quae
547 2552 578 2573 ut
591 2553 652 2572 uno
661 2541 917 2582 conl‘enrsujunEla
927 2540 970 2575 sit,
982 2542 1015 2572 &
1024 2543 1198 2574 continens,

252 2584 331 2624 quod
341 2585 429 2614 video
438 2582 575 2624 placuisse
584 2583 711 2625 Physicis
722 2604 731 2617 ‚
745 2585 845 2625 eisque
861 2584 994 2614 maxime
1002 2604 1015 2617 ,
1027 2585 1079 2624 qui
1092 2593 1199 2617 omne,

253 2625 333 2664 quod
346 2625 433 2658 esset,
459 2636 553 2656 unum
563 2625 620 2656 esse
630 2628 773 2657 dixerunt
786 2626 873 2666 :quid
885 2626 990 2656 habere
1000 2625 1132 2655 mundus
1144 2635 1198 2665 po·

255 2665 308 2696 test
324 2668 530 2697 cumthesaui·i
544 2669 721 2698 inventione
737 2666 937 2708 conjunGtum
951 2672 961 2698 ?
980 2666 1001 2696 si
1019 2668 1102 2697 enim
1114 2669 1202 2701 exus,

254 2710 386 2753 pecunia:
405 2710 480 2738 mihi
499 2708 692 2749 amplificatio
711 2709 877 2740 ostenditur
900 2730 908 2742 ‚
927 2710 1016 2750 idque
1035 2708 1068 2738 fit
1087 2718 1199 2739 natura:

257 2756 388 2786 primurn
409 2759 476 2779 exta
491 2750 556 2780 sunt
568 2750 731 2790 conjunffl
747 2751 885 2783 mundo:
906 2751 1015 2781 deinde
1027 2760 1132 2781 meum
1153 2751 1201 2780 lu-

258 2798 283 2818 ci
293 2799 340 2818 um
351 2799 450 2820 natura
459 2801 555 2822 rerum
564 2795 744 2823 continetur.
768 2796 882 2823 Nonne
890 2793 981 2833 pudet
991 2791 1125 2833 physicos
1137 2793 1200 2823 haec

260 2828 374 2858 dcere?
398 2833 438 2875 {It
459 2835 539 2862 enim
557 2835 618 2872 jam
632 2833 664 2864 sit
674 2836 772 2875 aliqua
782 2838 796 2856 ²
808 2837 840 2865 in
851 2843 955 2865 natura
965 2845 1056 2864 rerum
1066 2842 1202 2876 cognatm,

259 2879 348 2909 quam
369 2871 425 2901 elle
441 2874 572 2917 concedo
588 2876 699 2906 :multa
717 2878 800 2906 enim
810 2878 902 2907 Stoici
913 2877 1059 2916 colligunt
1071 2888 1076 2905 z
1088 2887 1158 2907 iiam
1171 2877 1203 2906 &

260 2912 462 2942 musculorum
473 2916 619 2952 jecuscula
628 2917 732 2948 bruma
741 2918 880 2949 dicuntur
889 2921 1008 2960 augeri,
1020 2919 1053 2948 ὃς
1065 2919 1203 2959 pulejum

300 3022 323 3053 .¹t
344 3015 551 3055 15.e(isfign1ficai·i
567 3020 661 3052 puran]
680 3020 852 3048 Pall.omnes
871 3024 899 3049 &
911 3024 937 3049 S.
950 3022 1067 3049 Vi&oris
1082 3031 1156 3056 pum5
1177 3031 1206 3050 ut

260 3047 370 3085 suspicer
381 3057 424 3075 liis
436 3057 487 3075 tres
501 3060 574 3077 voces
586 3054 693 3080 manasse
703 3056 733 3081 ab
745 3057 869 3089 librar-iis,
880 3060 907 3084 &
918 3058 1054 3085 delendas.

277 3094 336 3127 ‚²²2
345 3087 371 3110 1¹¹
381 3093 472 3124 ”asum
483 3095 561 3127 ῥῖν’-’Μ
571 3090 694 3122 Uenulum]
717 3092 816 3118 Omnes
830 3094 896 3120 l’all.
918 3095 945 3120 &
957 3096 983 3120 S.
996 3094 1112 3121 Vifioris
1125 3102 1204 3120 toma-

253 3130 301 3162 550-
320 3120 362 3146 led
375 3120 457 3160 sacius
468 3124 501 3160 cit
514 3121 609 3161 littera:
621 3124 696 3150 unius
707 3126 878 3163 transpositio.
892 3130 982 3166 itaque
993 3130 1137 3159 Lambinus
1148 3131 1206 3158 heic

261 3155 360 3184 mustus
374 3164 473 3184 excitat
483 3166 508 3183 ιιι
521 3157 649 3194 lynipulo.

1239 457 1420 488 senescentes
1430 476 1439 490 ,
1452 458 1523 497 quia
1532 465 1597 486 tum
1610 454 1757 486 exsiccatae
1766 454 1830 489 sint,
1843 455 2000 496 tempestive·
2009 458 2190 499 caediputen-

1239 509 1293 529 tur.
1315 498 1389 539 quid
1406 498 1442 528 de
1462 497 1563 531 fretis,
1585 507 1634 527 aut
1651 497 1688 527 de
1708 498 1831 527 marinis
1851 498 1970 528 aestibus
1979 499 2191 538 pluradicam?

1240 550 1368 581 quorum
1379 539 1506 570 accessus
1518 559 1526 572 ‚
1548 539 1580 569 &
1590 537 1716 569 recessus
1727 539 1794 568 lune
1803 547 1882 568 motu
1889 539 2097 580 gubernantur.
2115 545 2189 572 Sex-

1239 592 1322 613 centa
1333 582 1402 612 licet
1411 581 1562 621 ejusmodi
1573 581 1746 621 profertum
1755 579 1931 611 distantium
1942 591 2039 612 rerum
2050 585 2188 623 cognatio

1238 624 1379 654 naturalis
1397 631 1537 664 appareat.
1566 625 1683 653 Demus
1702 624 1767 652 hoc.
1792 623 1869 652 nihil
1887 626 1969 653 enim
1981 623 2191 664 huicdisputa-

1239 668 1315 696 tioni
1324 665 1499 696 adversatur.
1522 674 1597 695 num
1607 667 1697 694 etiam
1709 684 1717 697 ‚
1730 662 1749 693 si
1761 662 1859 694 fiss‘um
1872 665 2114 704 cujusdammodi
2125 665 2193 696 fue-

1239 710 1277 738 rit
1294 710 1325 737 in
1343 708 1460 746 jecore,
1483 707 1598 737 lucrum
1613 705 1780 736 ostenditur
1795 708 1806 735 ἲ
1834 710 1847 733 ³
1858 716 1914 747 qua
1923 717 1962 736 ex
1970 706 2191 747 conjunffione

1237 759 1347 779 natura:
1359 767 1367 782 ‚
1390 749 1423 780 &
1439 752 1457 776 4
1474 747 1551 790 quasi
1565 757 1714 779 concentu
1725 768 1734 781 ,
1755 757 1843 788 atque
1853 748 2008 782 consensu,
2021 759 2110 789 quam
2121 761 2190 780 συμ-

1237 793 1329 818 mmm
1339 793 1436 822 Graeci
1445 790 1590 831 appellant
1601 811 1610 824 ‚
1620 791 1782 820 convenire
1794 789 1891 829 potest
1899 809 1907 823 ‚
1917 799 1965 820 aut
1974 788 2073 821 fiss'um
2081 792 2192 831 jecoris

1239 842 1309 863 cum
1328 833 1541 866 lucellomeo,
1561 830 2081 872 autmeusquaesticuluscumcoelo,
2103 841 2188 867 terra,

1237 884 1398 915 rerumque
1417 883 1519 905 natura
1530 873 1724 904 &concedam
1746 874 1804 903 hoc
1815 874 1909 913 ipsum
1921 893 1929 907 ,
1949 872 2044 908 sivis3
2063 872 2113 904 etsi
2125 883 2192 904 ma·

1238 926 1328 957 gnam
1348 916 1489 953 raEluiatn
1500 917 1591 946 caul'a',
1611 915 1710 946 fecero
1721 935 1729 949 ‚
1743 913 1761 943 si
1774 915 1865 944 ullam
1875 914 1933 945 effe
1942 917 2187 946 convenientiam

1237 967 1345 989 natura:
1356 969 1428 989 cum
1439 960 1514 988 extis
1524 956 1711 988 concessero:
1733 956 1781 986 sed
1796 965 1896 987 tamen
1906 967 1943 987 eo
1954 956 2093 988 concesso
2101 977 2111 991 ‚
2134 956 2189 998 qui

1237 1003 1359 1034 evenit,
1373 1010 1404 1030 ut
1414 1002 1439 1030 is
1449 1003 1500 1041 qui
1510 1000 1651 1040 impetrire
1659 999 1742 1031 velit,
1756 1002 1993 1029 convenientem
2003 999 2131 1029 hostiam
2143 1008 2192 1028 re-

1240 1041 1296 1071 bus
1315 1042 1373 1071 suis
1393 1043 1555 1071 immolet?
1575 1042 1633 1071 hoc
1649 1049 1727 1073 erat,
1751 1040 1833 1080 quod
1853 1050 1907 1081 ego
1931 1050 1994 1070 nori
2013 1041 2097 1071 rebar
2106 1038 2189 1081 posse

1238 1081 1370 1113 dissolvi.
1393 1086 1432 1113 At
1452 1083 1542 1123 quarn
1562 1081 1669 1112 festivi}
1687 1079 1866 1110 dissolvitur.
1890 1082 1982 1112 Pudet
2003 1092 2052 1113 me
2071 1092 2134 1112 non
2145 1084 2190 1113 tui

1237 1124 1362 1164 quidem
1371 1144 1380 1158 ,
1403 1126 1487 1162 cujus
1501 1126 1591 1154 etiam
1603 1124 1782 1153 memoriam
1793 1121 1942 1156 admiror,
1965 1123 2012 1154 sed
2024 1122 2190 1164 Chrysippi,

1240 1168 1407 1206 Antipatri,
1428 1165 1596 1198 Posidonii,
1611 1166 1663 1205 qui
1673 1164 1754 1195 idem
1766 1162 1840 1194 istuc
1848 1165 1971 1205 quidem
1981 1165 2095 1199 dicunt,
2107 1166 2190 1206 quod

1238 1207 1280 1238 cst
1289 1207 1405 1238 dietum
1420 1207 1435 1238 a
1447 1217 1474 1238 te
1486 1230 1494 1241 .
1517 1210 1565 1238 At>
1575 1215 1730 1237 aosrrAM
1739 1205 1926 1246 deligendam
1936 1207 2043 1237 ducem
2056 1205 2112 1237 effe
2124 1208 2189 1238 vim

1237 1249 1387 1290 quandam
1405 1250 1582 1280 sentientem
1595 1269 1604 1282 ‚
1625 1257 1712 1288 atque
1728 1247 1864 1278 divinam
1877 1268 1885 1282 ‚
1907 1258 1973 1289 quae
1994 1257 2058 1279 toto
2069 1247 2192 1280 confusa

1239 1292 1358 1323 mundo
1378 1290 1421 1322 sit.
1445 1291 1525 1322 Illud
1546 1289 1618 1321 vero
1640 1291 1739 1320 multo
1755 1292 1844 1320 etiam
1855 1291 1984 1324 melius,
2002 1290 2150 1332 quod&a
2162 1298 2191 1320 te

1239 1335 1412 1375 usurpatum
1425 1333 1477 1367 est,
1490 1334 1523 1363 ὃς
1533 1332 1642 1363 dicitur
1650 1331 1686 1362 ab
1699 1332 1760 1361 illis
1772 1342 1777 1361 2
1788 1331 1860 1362 cum
1871 1333 2030 1363 immolare
2042 1332 2191 1373 quispiam

1240 1377 1316 1406 velit
1328 1397 1336 1410 ‚
1349 1386 1413 1406 tum
1425 1374 1489 1406 fieri
1500 1384 1640 1405 eXtorum
1654 1376 1855 1404 mutationem
1868 1394 1877 1407 ‚
1891 1383 1924 1404 ut
1936 1383 1986 1405 aut
1997 1373 2192 1414 absit-aliquid

1240 1427 1290 1448 aut
1305 1418 1438 1459 supersit:
1458 1417 1586 1448 deorum
1605 1417 1689 1446 enim
1710 1417 1832 1446 numini
1849 1415 1948 1456 parere
1964 1418 2081 1446 omnia.
2104 1417 2189 1449 Haec,

1242 1462 1320 1489 mihi
1331 1461 1389 1497 jam
1401 1459 1485 1490 crede
1496 1479 1505 1492 ,
1523 1469 1556 1488 ne
1572 1457 1686 1487 anicula
1694 1457 1807 1498 quidem
1823 1457 1994 1493 existimant.
2017 1461 2066 1488 An
2075 1457 2191 1490 censes,

1239 1503 1370 1532 eundem
1383 1502 1524 1532 vitulum¹
1535 1500 1553 1529 si
1565 1500 1638 1530 alius
1648 1499 1801 1540 delegerit,
1813 1497 1873 1529 fine
1887 1499 2070 1539 capitejecur
2079 1500 2190 1528 inven-

1240 1553 1340 1574 turum
1355 1541 1391 1572 :fi
1406 1543 1481 1572 alius
1492 1562 1500 1575 ,
1517 1551 1588 1571 cum
1598 1542 1714 1580 capite?
1737 1541 1800 1571 haec
1809 1538 1937 1570 deceffio
1947 1543 2049 1580 capitis
2060 1560 2069 1574 ,
2080 1549 2130 1570 aut
2139 1550 2190 1570 ac-

1240 1583 1330 1614 cefl'io
1349 1584 1489 1614 subitone
1500 1581 1562 1612 fieri
1574 1581 1668 1622 potest
1680 1601 1689 1615 ‚
1709 1590 1741 1612 ut
1753 1582 1780 1612 se
1788 1590 1856 1612 exta
1866 1581 1900 1611 ad
1912 1583 2113 1613 immolatoris
2121 1580 2188 1612 for-

1240 1635 1341 1656 tunam
1353 1624 1605 1656 accommodent?
1625 1633 1687 1653 non
1698 1624 1862 1663 perspicitis
1873 1642 1881 1656 ‚
1892 1623 1982 1652 aleam
1990 1622 2133 1664 quandam
2141 1625 2191 1653 in-

1241 1665 1299 1697 esse
1310 1667 1413 1697 hostiis
1424 1666 1602 1708 deligendis,
1611 1666 1773 1704 praesertim
1783 1665 1854 1694 curn
1866 1675 1910 1694 res
1918 1666 1977 1705 ipsa
1985 1667 2103 1695 doceat?
2115 1664 2189 1695 cum

1241 1711 1324 1738 enim
1345 1706 1505 1738 tristiffima
1524 1716 1590 1737 exta
1602 1706 1660 1735 sine
1671 1705 1897 1746 capitefuerunt
1910 1725 1919 1739 ,
1935 1707 2042 1746 quibus
2055 1707 2133 1736 nihil
2143 1707 2192 1736 vi-

1240 1750 1325 1779 detur
1333 1748 1392 1778 esse
1407 1749 1500 1778 dirius
1512 1757 1666 1787 :proxima
1676 1747 1771 1777 hostia
1778 1746 1884 1777 litatur
1895 1747 1968 1788 saepe
1978 1747 2190 1788 pulcherrime.

1244 1793 1306 1821 Ubi
1327 1791 1386 1820 iliae
1407 1800 1498 1820 mina:
1510 1790 1695 1829 superiorum
1707 1795 1867 1821 extorum?
1890 1799 2014 1831 autquae
2024 1799 2083 1820 tam
2095 1787 2194 1820 subito

1241 1832 1319 1863 faeta
1328 1831 1370 1862 csl
1378 1832 1506 1862 deorum
1517 1840 1595 1862 tanta
1603 1831 1749 1871 placatio?
1773 1831 1829 1862 Sed
1840 1829 1924 1861 affers
1935 1851 1944 1866 ‚
1968 1834 2000 1862 in
2011 1834 2085 1862 tauri
2093 1831 2192 1872 opimi

1242 1876 1319 1905 extis
1330 1893 1339 1907 ‚
1354 1874 1532 1904 immolante
1543 1874 1655 1903 Caesare
1664 1893 1673 1906 ,
1687 1883 1739 1903 cor
1749 1883 1811 1903 non
1821 1871 1909 1903 fuiffe
1920 1883 1926 1902 :
1938 1873 1968 1904 id
1982 1876 2051 1915 quia
2064 1883 2126 1904 non
2136 1883 2194 1914 po·

1242 1919 1330 1947 tuerit
1341 1916 1471 1946 accidere
1481 1936 1490 1949 ,
1510 1923 1542 1945 ut
1552 1913 1611 1944 sine
1622 1914 1710 1945 corde
1721 1914 1847 1945 vistima
1857 1915 1907 1943 illa
1913 1917 2042 1950 viveret,
2053 1915 2194 1955 judican-

1240 1958 1314 1988 dum
1332 1956 1389 1988 esse
1409 1955 1691 1991 tuminteriffec0r‚
1712 1956 1782 1987 cum
1794 1956 2012 1988 immolaretur.
2029 1955 2090 1999 Qii
2102 1955 2145 1991 fit,
2161 1965 2195 1988 ut

1239 2001 1365 2030 alterum
1385 2000 1533 2041 intelligas
1544 2018 1553 2032 ‚
1577 1997 1637 2028 fine
1645 1998 1733 2028 corde
1745 1997 1944 2039 non'potuiffe
1955 1999 2068 2029 bovem
2079 2001 2191 2029 vivere:

1239 2043 1366 2073 alterum
1385 2051 1449 2072 non
1469 2041 1586 2074 videas,
1608 2050 1661 2070 cor
1682 2040 1780 2071 subito
1799 2050 1864 2070 non
1884 2039 2010 2080 potuisse
2019 2041 2120 2071 nescio
2130 2038 2193 2082 quo

1238 2083 1373 2114 avolare?
1391 2094 1445 2125 ego
1463 2085 1547 2114 enim
1569 2080 1687 2123 possum
1700 2083 1747 2113 vel
1758 2083 1886 2116 nescire,
1906 2093 1971 2124 quae
1981 2083 2026 2113 vis
2044 2081 2078 2113 fit
2095 2082 2196 2113 cordis

1239 2126 1275 2156 ad
1285 2125 1452 2156 vivendum
1464 2145 1472 2159 ‚
1483 2127 1533 2155 vel
1541 2125 1676 2165 suspicari
1691 2145 1700 2159 ‚
1710 2123 1883 2155 contafifflm
1892 2127 1994 2166 aliquo
2005 2125 2126 2157 inorbo,
2138 2124 2197 2154 bo-

1242 2170 1287 2198 vis
1299 2188 1307 2201 ,
1321 2169 1401 2198 exile
1413 2187 1422 2201 ‚
1433 2167 1466 2197 &
1480 2170 1639 2207 exiguum,
1653 2166 1686 2196 ὃς
1698 2170 1812 2198 vietum
1825 2177 1887 2201 cor,
1898 2165 2082 2197 &difl'iinile
2094 2165 2196 2197 cordis

1241 2209 1339 2240 fuisse.
1358 2213 1408 2240 Tu
1419 2208 1491 2239 vero
1501 2208 1574 2250 quid
1586 2209 1675 2239 habes
1685 2229 1694 2242 ,
1711 2219 1798 2250 quare
1808 2218 1893 2249 putes
1903 2230 1912 2243 ,
1924 2208 1943 2239 si
1954 2208 2056 2249 paullo
2065 2217 2133 2245 ante
2143 2216 2196 2238 cor

1241 2252 1332 2282 fuerit
1354 2253 1388 2282 in
1410 2260 1493 2281 tauro
1510 2252 1618 2291 opimo
1634 2270 1642 2284 ,
1662 2250 2196 2292 subitoidinipsaimrnolationein-

1242 2291 1338 2324 teriss'e
1356 2298 1367 2324 ?
1393 2302 1450 2327 an,
1474 2292 1557 2334 quod
1581 2292 1715 2333 adspexit
1742 2292 1849 2323 vestitu
1866 2302 2016 2333 purpureo
2031 2291 2195 2331 excordem

1244 2336 1389 2366 Caesarem
1410 2354 1419 2368 ‚
1441 2335 1503 2375 ipse
1522 2334 1611 2365 corde
1632 2336 1762 2375 privatus
1777 2333 1821 2364 est
1839 2338 1851 2364 ‚²
1872 2333 1967 2364 urbem
1983 2333 2193 2373 philosophiae,

1244 2376 1415 2406 mihicrede
1426 2397 1434 2410 ,
1443 2376 1573 2417 proditis,
1589 2375 1663 2406 dum
1676 2375 1791 2406 castella
1799 2375 1971 2406 defenditis.
1995 2376 2076 2404 Nam
2088 2394 2097 2408 ,
2117 2374 2195 2404 dum

1244 2418 1463 2458 haruspicinam
1484 2427 1583 2448 veram
1597 2415 1654 2447 effe
1662 2417 1755 2447 vultis
1766 2437 1774 2450 ‚
1797 2416 2014 2458 physiologiam
2026 2425 2118 2447 totam
2129 2425 2197 2456 per-

1243 2462 1371 2490 vertitis.
1397 2462 1491 2499 Caput
1514 2459 1557 2489 est
1574 2460 1605 2488 in
1620 2459 1739 2498 jecore,
1761 2461 1854 2489 coi-in
1864 2461 1941 2489 extis
1957 2459 2034 2498 :jam
2047 2457 2196 2492 abscedet,

1244 2501 1333 2532 simul
1355 2511 1388 2532 ac
1407 2501 1541 2534 molam,
1562 2499 1596 2530 &
1617 2503 1724 2530 vinum
1744 2501 1922 2540 insperseris.
1946 2500 2017 2530 deus
2037 2500 2066 2530 id
2080 2500 2195 2540 eripiet,

1243 2545 1289 2573 vis
1301 2544 1400 2584 aliqua
1408 2542 1548 2573 conficiet
1560 2563 1568 2576 ‚
1589 2551 1639 2572 aut
1648 2542 1765 2572 exedet.
1785 2545 1858 2573 Non
1869 2552 1939 2584 ergo
1951 2544 2092 2572 omnium
2103 2543 2199 2572 inter-

1243 2586 1303 2616 itus
1313 2604 1321 2618 ,
1341 2594 1428 2626 atque
1442 2584 1543 2615 obitus
1561 2592 1664 2614 natura
1677 2582 1817 2615 conficiet
1831 2593 1837 2613 ι
1859 2584 1891 2614 &
1901 2587 1957 2614 erit
1966 2583 2079 2624 aliquid
2089 2603 2098 2617 ‚
2115 2580 2198 2624 quod

1244 2636 1293 2657 aut
1307 2637 1346 2657 ex
1357 2627 1456 2657 nihilo
1465 2628 1595 2659 oriatur,
1616 2628 1707 2656 autin
1719 2626 1854 2656 nihilum
1866 2625 1966 2656 subito
1976 2625 2100 2656 occidat.
2119 2624 2199 2664 Qis

1247 2671 1303 2699 hoc
1316 2668 1442 2709 Phyficus
1451 2668 1530 2698 dixit
1540 2668 1707 2709 umquam?
1723 2668 1889 2708 haruspices
1899 2667 2011 2697 dicunt.
2031 2669 2088 2697 His
2096 2667 2197 2706 igitur,

1245 2710 1335 2751 quam
1354 2709 1480 2750 physicis
1492 2730 1500 2743 ,
1522 2710 1625 2750 potius
1642 2709 1826 2740 credendum
1836 2708 1990 2740 existimas
2000 2707 2113 2748 .>·Qid
2121 2705 2194 2737 cum

1244 2752 1380 2792 pluribus
1389 2752 1446 2782 diis
1458 2753 1646 2784 immolatur,
1659 2750 1710 2793 qui
1721 2750 1842 2781 tandem
1852 2753 1965 2784 evenit,
1975 2758 2007 2780 ut
2016 2749 2114 2779 litetur
2121 2747 2199 2782 aliis,

1247 2794 1313 2824 aliis
1323 2803 1387 2824 non
1398 2794 1499 2824 litetur
1513 2794 1523 2820 ?
1543 2804 1609 2835 quae
1624 2802 1723 2823 autem
1736 2792 2067 2824 inconstantiadeorum
2078 2788 2120 2820 est
2135 2809 2143 2823 ,
2166 2798 2202 2820 ut

1250 2837 1354 2876 primis
1375 2838 1533 2867 minentur
1554 2837 1630 2866 extis
1643 2855 1652 2868 2
1676 2836 1753 2865 bene
1772 2835 1949 2875 promittant
1966 2832 2125 2862 secundis?
2146 2840 2198 2861 aut

1248 2887 1326 2907 tanta
1343 2879 1422 2907 inter
1439 2887 1491 2907 eos
1507 2875 1645 2907 diss'enfio
1656 2896 1665 2910 ‚
1681 2876 1755 2916 saepe
1770 2878 1860 2906 etiam
1880 2877 1958 2903 inter
1966 2875 2125 2913 proximos
2138 2892 2147 2907 ,
2168 2881 2202 2903 ut

1252 2919 1403 2960 Apollinis
1421 2928 1488 2951 exta
1505 2919 1585 2949 bona
1594 2917 1650 2948 sint
1661 2937 1670 2952 ‚
1689 2920 1796 2948 Dianae
1806 2924 1870 2946 non
1881 2915 1959 2945 bona
1975 2917 1985 2944 ?
2002 2914 2074 2956 quid
2085 2913 2199 2986 esttia-rn

2049 2992 2050 2999 ἵ
2091 2966 2141 2997 per
2155 2965 2204 2996 pi·-

1286 3032 1311 3057 3.
1332 3025 1386 3057 QJ
1396 3034 1424 3049 ex
1434 3024 1587 3055 conjunemne
1595 3019 1714 3052 natum]
1735 3016 1777 3044 Sic
1786 3019 1851 3044 editi
1863 3021 1877 3044 a
1890 3019 2010 3045 Visiorio
2028 3020 2055 3044 &
2067 3018 2135 3045 Pau.
2145 3018 2201 3045 duo

1248 3060 1384 3089 meliores,
1395 3067 1454 3085 iiam
1467 3064 1528 3083 tert.
1540 3057 1568 3081 &
1578 3062 1664 3090 quart.
1676 3057 1816 3087 cognatione,
1826 3062 1855 3081 ut
1868 3055 1959 3090 vulgg.

1282 3102 1310 3127 4.
1329 3096 1403 3127 Qafi
1410 3098 1518 3118 concentu
1530 3091 1544 3124 ]
1566 3090 1622 3116 Pal.
1633 3090 1711 3126 prim.
1723 3098 1831 3118 accentu.
1852 3098 1880 3118 ut
1891 3090 1977 3120 forsan
1988 3090 2105 3118 voluerit
2114 3089 2200 3118 vitare

1249 3131 1420 3168 repetitiones
1429 3127 1521 3155 similis
1531 3125 1638 3162 syllaba:
1650 3126 1754 3154 auster.

2099 3207 2112 3226 ι
2117 3217 2124 3226 .
2133 3198 2199 3226 Τακ-

2211 593 2251 625 15

2214 1833 2258 1869 16

2222 2714 2263 2747 17
