2316 3395
222 170 280 218 50
623 152 711 199 Μ.
762 148 1136 198 Tun-1111-

239 236 311 262 uem'
322 229 417 261 oratio
427 227 462 260 ad
473 235 568 258 mutas
578 247 586 261 ‚
600 228 634 259 &
643 235 788 268 experteis
799 226 896 255 animi
905 234 950 255 res
960 223 1103 255 refertur:
1121 230 1156 254 ut
1165 244 1174 258 ‚

231 284 241 304 i
250 274 286 304 ad
298 282 421 314 equum,
434 271 564 301 domum
576 291 585 304 ‚
596 270 721 302 vestem,
734 269 908 298 sermonem
915 267 1044 307 alicujus
1055 275 1176 298 accom-

222 316 328 346 modes
339 335 347 348 ‚
368 314 478 355 quibus
488 315 608 344 animus
624 320 730 341 eorum
741 329 749 344 ,
770 310 823 350 qui
833 308 978 342 audiunt,
999 309 1033 339 δε
1045 309 1175 350 aliquem

219 357 402 390 dilexerunt,
413 357 607 385 vehementer
615 360 838 383 commovetur.
862 353 1176 392 Decimus‚pe1·quem

219 401 323 440 inopia
334 419 341 432 ,
363 397 522 428 infirmitas
534 417 541 430 ,
564 394 694 426 solitudo
706 392 936 423 demonstratur.
969 393 1157 424 Undecimus
1169 413 1177 426 ‚

221 451 273 482 per
283 451 375 482 quem
384 450 435 470 aut
444 440 609 469 liberorum
619 457 628 471 ,
651 445 702 466 aut
715 443 872 476 parentum
883 455 891 469 ‚
913 444 963 466 aut
981 436 1026 465 sui
1044 437 1179 476 corporis

216 483 374 525 sepeliendi,
386 490 435 512 aut
445 481 570 519 alicujus
582 479 651 517 ejus
647 478 734 508 modi
744 479 785 507 rei
794 477 1022 508 commendatio
1032 475 1075 508 fit.
1090 480 1181 508 Duo-

222 525 358 555 decimus
371 545 378 557 ,
400 533 452 563 pei·
469 532 559 563 quem
579 518 722 560 ‹iujunffio
734 519 905 559 deploratur
917 519 954 550 ab
963 520 1066 561 aliquo
1078 540 1086 553 ,
1108 518 1180 549 cum

222 566 370 596 diducaris
380 566 416 595 ab
427 575 463 594 eo
474 585 482 598 ,
494 566 618 605 quicum
632 560 824 593 libentiffime
836 563 968 596 vixeris,
980 571 1013 597 ut
1023 562 1040 592 ὲ,
1049 570 1180 602 parente,

224 607 300 641 filio,
311 607 408 640 fratre,
419 605 569 636 familiari.
601 603 859 636 Tertiusdecinius
869 623 880 638 ,
889 613 941 644 per
949 614 1040 645 quem
1051 614 1124 634 cuin
1134 605 1183 632 in-

223 649 397 691 dignatione
415 650 633 689 conquerimur
641 667 649 681 ,
671 645 753 688 quod
771 646 807 676 ab
825 647 862 675 iis
873 666 883 679 ,
904 645 920 676 31
930 646 1039 686 quibus
1050 644 1182 675 minime

225 692 371 720 conveniat
382 711 390 724 ‚
414 690 492 720 male
504 690 685 722 tractemur,
705 689 882 728 propinquis
894 708 901 721 ‚
926 690 1030 718 amicis
1043 708 1050 720 ‚
1073 687 1183 727 quibus

222 732 472 766 benefecerimus,
483 742 560 773 quos
571 732 720 769 adjutores
730 728 794 759 fore
805 732 1020 769 putaverimus,
1032 738 1082 758 aut
1092 729 1108 759 a
1118 730 1185 768 qui—-

223 774 279 804 bus
291 774 452 816 indignum
463 775 524 808 est,
536 782 570 805 ut
579 771 808 806 servis,libertis‚
817 771 1184 810 clientibus,supplicibus.

158 827 178 859 5
186 818 206 852 6
225 817 560 859 Qai·tusdecimus,qui
568 826 620 858 per
627 814 839 856 obsecrationem
846 813 1019 844 sumiturzin
1026 823 1088 853 quo
1099 822 1186 843 oran-

545 931 647 996 M.
734 927 796 992 T
832 943 885 989 U
920 945 959 988 L
994 944 1146 1005 Lssri

1220 232 1270 255 tur
1279 223 1450 257 modoini,
1462 225 1516 265 qui
1525 223 1662 258 audiunt,
1674 223 1829 256 humili&
1842 223 1968 266 supplici
1979 227 2114 256 oratione
2125 245 2133 261 ,
2146 233 2188 258 ut<

1220 266 1426 297 misereantur.
1448 267 1718 308 Qintusdecimus
1729 287 1739 300 ‚
1751 277 1804 306 per
1812 277 1903 308 quem
1914 277 1978 298 non
1989 267 2101 298 nostras
2112 288 2118 301 2
2131 266 2186 299 sed

1221 317 1326 339 eorum
1338 328 1346 342 ,
1366 310 1420 350 qui
1435 319 1493 337 cari
1503 307 1592 338 nobis
1604 309 1715 339 debent
1725 307 1781 339 effe
1793 329 1801 343 ,
1823 312 1957 340 fortunis
1968 312 2112 351 conqueri
2122 320 2187 341 nos:

1222 349 1474 382 demonstramus.
1493 351 1734 381 Sextusdecimus
1746 351 1797 385 est,
1810 361 1861 391 per
1870 362 1963 392 quem
1973 355 2111 382 animum
2122 362 2180 382 no-

1223 392 1317 423 strum
1329 393 1357 421 in
1367 392 1437 422 alios
1445 392 1672 423 misericordem
1683 391 1741 423 effe
1752 393 1951 427 ostendimus,
1963 395 1995 424 &
2005 403 2105 424 tamen
2115 403 2182 424 ain-

1221 436 1319 475 plum,
1333 435 1366 464 &
1376 435 1527 465 excelsum
1540 454 1548 468 ,
1565 434 1598 464 &
1608 437 1771 474 patientem
1784 436 2055 466 incommodorum
2065 435 2134 469 esse,
2148 436 2182 467 &

1223 476 1372 509 futurum,
1385 475 1478 516 siquid
1488 476 1626 506 acciderit
1637 496 1645 509 ,
1657 476 1907 507 demonstramus.
1930 488 2000 507 nam
2014 479 2085 518 saepe
2097 481 2181 507 Vm-

1225 529 1297 551 Tus,
1308 518 1341 548 &
1351 516 1583 558 magnificentia,
1595 519 1627 547 in
1637 528 1694 558 qua
1704 521 1838 559 gravitas,
1849 519 1881 548 &
1891 518 2049 549 ati&0ritas
2059 519 2182 559 est‚plus

1222 558 1342 600 proficit
1350 558 1385 589 ad
1396 558 1632 589 misericordiam
1640 560 2005 601 commovendarmquiim
2015 561 2184 594 humilitas,

1225 602 1258 631 &
1267 601 1441 631 obsecratio.
1461 603 1634 631 Commotis
1643 610 1746 631 autem
1757 601 1995 635 animis‚diutius
2005 605 2037 632 in
2047 613 2182 643 conque-

1225 643 1322 673 stione
1340 645 1451 673 morari
1468 653 1535 673 non
1545 643 1704 683 oportebit.
1728 643 1998 685 Qemadmodurn
2008 646 2091 674 enim
2104 645 2185 675 dixit

1224 686 1325 715 rhetor
1333 685 1527 726 Apollonius,
1538 687 1706 715 Lamum
1717 695 1820 715 Num„
1834 695 1949 716 CITIUS
1961 695 2115 716 ARESCIT.
2127 686 2184 716 Sed

1225 729 1371 768 quoniam
1385 727 1417 757 &
1427 728 1505 760 satis,
1518 736 1551 756 ut
1560 727 1717 760 videmur,
1729 727 1765 757 de
1775 728 1919 757 omnibus
1931 728 2062 768 partibus
2072 730 2186 758 oratio-

1226 771 1273 798 nis
1290 768 1426 798 diximus
1437 780 1446 803 ;
1467 770 1499 798 &
1508 770 1599 806 hujus
1614 770 1784 799 voluminis
1795 771 1972 810 magnitudo
1982 768 2103 812 longius
2113 779 2186 809 pro-

1224 809 1321 845 ceffit3
1332 821 1398 852 quae
1409 811 1575 852 sequuntur
1584 811 1734 852 deinceps,
1747 814 1781 842 in
1790 811 1920 842 secundo
1929 813 2008 844 libro
2019 812 2164 843 dicemus.

1228 924 1869 998 CicERoN18‚

224 1061 2180 1205 RHETORIQORUM‚

961 1232 1203 1290 SEU
1313 1235 1465 1290 DE
2135 1258 2138 1260 v

290 1337 1191 1450 INVENTiONE

1275 1358 1552 1469 RHE
1573 1316 2125 1454 romeis,

735 1497 1045 1563 LIBER
1133 1513 1731 1571 SECUNDUS.

495 1656 523 1684 R
534 1663 553 1683 o
564 1664 584 1682 τ
594 1662 613 1682 o
624 1660 646 1680 N
659 1660 670 1679 1
684 1659 705 1679 A
716 1659 735 1679 τ
749 1657 779 1678 AE
789 1645 955 1688 quondam,
966 1643 1039 1676 cum
1050 1644 1192 1676 florerent

352 1700 374 1731 j,
402 1718 404 1720 ,
439 1698 468 1741 [5
496 1694 640 1725 omnibus
650 1694 745 1732 copiis
757 1711 766 1723 ,
779 1691 855 1720 &in
865 1688 948 1719 Italia
957 1685 1029 1718 cum
1040 1689 1072 1718 in
1084 1690 1190 1728 primis

307 1760 312 1769 i
338 1735 379 1767 -f‘ss
411 1726 464 1773 ’βο
497 1737 572 1766 beari
592 1741 820 1765 numerarentur
838 1751 851 1765 2,
871 1732 1021 1770 tempium
1038 1731 1189 1771 Junonis‚

332 1771 350 1803 ὐ
432 1771 467 1820 5)
495 1778 575 1819 quod
594 1773 807 1816 religiosiffime
825 1772 981 1806 colebant,
1003 1774 1127 1812 egregiis
1146 1774 1193 1812 pi-

299 1894 303 1896 s
366 1862 368 1864 ’
402 1855 475 1920 Q
496 1864 625 1892 cleotem
636 1862 767 1892 Zeuxin,
785 1859 837 1899 qui
847 1866 913 1887 tum
924 1856 1013 1896 longe
1026 1858 1129 1886 ceteris
1140 1865 1193 1885 ex-

323 1894 415 1921 W‘*
496 1905 601 1934 cellere
618 1901 785 1944 pictoribus
805 1898 1032 1930 existimabatur
1049 1918 1058 1932 ,
1082 1907 1192 1939 niagno

234 1952 331 1990 pretio
349 1946 535 1980 conductum
554 1945 762 1976 adhibuerunt.
798 1945 826 1972 Is
840 1942 990 1971 &ceteras
1009 1941 1191 1980 complureis

232 1992 345 2021 tabulas
354 1992 592 2031 pinxit‚qiiai·um
602 1986 750 2017 nonnulla
760 1994 825 2025 pars
836 1985 926 2028 usque
937 1981 973 2012 ad
982 1981 1114 2012 nostram
1126 1991 1191 2011 me—

234 2035 363 2063 moriam
375 2041 494 2072 propter
503 2029 565 2060 fani
575 2029 737 2069 religionem
745 2028 905 2061 ,remanlit
917 2035 922 2053 :
943 2024 986 2057 &‚
998 2034 1031 2055 Ut
1040 2024 1192 2054 excellen-

232 2083 296 2105 tem
317 2074 473 2105 muiiebris
492 2071 598 2102 formae
609 2069 845 2111 pulcritudinem
861 2075 944 2097 muta
963 2069 996 2096 in
1014 2067 1073 2097 sese
1092 2068 1192 2106 imago

232 2119 403 2146 contineret
422 2136 430 2149 ‚
459 2114 583 2144 Helenae
604 2114 633 2143 se
651 2114 772 2151 pingere
792 2108 984 2139 simulacrum
1003 2108 1081 2138 velle
1100 2107 1187 2138 dixit.

234 2158 325 2198 Qod
337 2160 517 2187 Crotoniatae
529 2176 537 2189 ‚
551 2157 602 2196 qui
612 2164 683 2184 eum
695 2151 837 2192 muliebri
856 2152 888 2179 in
903 2159 1026 2189 corpore
1037 2148 1191 2193 pingendo

235 2198 406 2241 plurimum
415 2200 480 2229 aliis
490 2198 624 2239 praestare
634 2196 709 2235 saepe
725 2190 901 2232 accepissent
910 2211 918 2224 ‚
943 2191 1072 2221 libenter
1090 2190 1192 2220 audie—

235 2251 313 2272 runt.
340 2245 350 2260 ¹
361 2248 537 2280 putaverunt
548 2241 630 2269 enim
642 2258 650 2271 ,
663 2237 682 2267 fi
694 2257 702 2271 ‚
713 2246 775 2277 quo
784 2237 819 2264 in
827 2243 934 2275 genere
944 2230 1114 2272 plurimum
1124 2231 1193 2271 pos-

236 2283 289 2316 set,
302 2286 333 2312 in
343 2293 380 2312 eo
392 2291 571 2323 magnopere
581 2278 753 2311 elaboraflet
763 2298 770 2311 ,
782 2278 934 2317 egregium
945 2274 996 2304 sibi
1009 2283 1083 2314 opus
1094 2274 1149 2303 illo
1159 2276 1193 2302 in

235 2324 307 2355 fano
317 2324 502 2354 relicturum.
528 2333 623 2363 neque
643 2330 711 2351 tum
721 2330 772 2350 eos
784 2320 835 2348 illa
843 2319 951 2357 opinio
959 2315 1077 2346 fefellit.
1111 2317 1191 2344 Nam

237 2368 352 2397 Zeuxis
364 2365 448 2395 illico
465 2362 600 2405 quaesivit
609 2363 645 2393 ab
655 2373 697 2392 eis
708 2383 717 2396 ‚
738 2361 880 2401 quasnam
898 2360 1029 2400 virgines
1046 2357 1192 2388 formosas

236 2409 389 2438 haberent.
421 2407 579 2437 Illiautem
591 2404 691 2435 statim
710 2405 872 2433 hominem
891 2400 1045 2431 duxerunt
1062 2401 1096 2429 in
1104 2399 1205 2438 palat-3

238 2449 326 2480 stram
338 2470 346 2483 ,
359 2459 444 2489 atque
455 2450 483 2479 ei
493 2457 601 2487 pueros
612 2446 807 2477 ostenderunt
817 2444 931 2474 multos
941 2463 949 2476 ‚
972 2451 1078 2483 magna
1086 2439 1193 2481 praedi—

238 2501 285 2521 tos
297 2491 449 2532 dignitate.
483 2492 493 2529 (
506 2492 627 2520 Etenim
639 2488 769 2529 quodam
779 2496 914 2525 ternpore
924 2485 1101 2515 Crotoniatae
1113 2482 1204 2515 mul-f

239 2535 307 2563 tum
318 2533 474 2565 omnibus,
492 2541 653 2572 corporum
667 2530 778 2560 viribus
790 2529 822 2558 δε
833 2526 1027 2570 dignitatibus
1038 2524 1195 2557 antestete-

239 2584 326 2607 runt,
348 2583 433 2614 atque
444 2572 659 2603 honestiffimas
671 2582 708 2602 ex
718 2572 861 2613 gymnico
874 2570 1037 2600 certamine
1055 2566 1195 2596 victorias

240 2616 370 2646 domurn
381 2625 451 2645 cuin
472 2617 604 2644 maxima
615 2614 699 2644 laude
710 2613 894 2652 retulerunt.)
913 2614 928 2630 ²
939 2609 1017 2641 Cum
1032 2618 1194 2649 puerorum

240 2661 332 2700 igitur
341 2658 454 2687 iormas
466 2677 473 2689 ‚
487 2657 518 2686 ὃ(
529 2666 650 2696 corpora
662 2666 771 2696 magno
781 2656 829 2684 hic
840 2663 927 2693 opere
938 2654 1110 2681 miraretur:
1130 2652 1196 2679 Ho-

242 2709 307 2729 rum
320 2720 327 2732 ‚
350 2700 508 2739 inquiunt,
530 2699 640 2728 sorores
657 2699 723 2728 sunt
742 2696 818 2737 apud
831 2696 905 2728 n‘os,
924 2696 1065 2734 virgines.
1088 2702 1176 2733 quare
1188 2712 1196 2725 ,

240 2751 297 2782 qua
311 2739 365 2770 fint
375 2741 434 2769 illae
443 2739 584 2780 dignit-ite
595 2760 604 2773 ,
623 2749 707 2779 potes
718 2749 755 2768 ex
767 2740 812 2767 his
824 2737 969 2777 suspicari.
995 2735 1123 2765 Praebete
1140 2735 1197 2775 igi—

241 2792 289 2813 tur
300 2783 375 2812 mihi
389 2802 396 2815 ‚
408 2783 507 2823 quaeso
518 2802 525 2815 ,
538 2783 637 2822 inquit
647 2802 654 2815 ,
667 2791 703 2811 cx
715 2780 774 2810 istis
786 2779 952 2819 virginibus
963 2774 1196 2808 formosissimas,

241 2825 316 2855 dum
326 2826 419 2865 pingo
428 2823 458 2854 id
470 2844 477 2857 ,
491 2823 570 2864 quod
580 2824 732 2863 pollicitus
744 2823 810 2852 sum
821 2821 908 2851 vobis
919 2840 927 2854 ,
944 2829 976 2850 ut
986 2827 1107 2849 mutum
1119 2820 1151 2848 in
1161 2816 1197 2848 fi-

242 2939 252 2957 1
261 2951 267 2956 .

284 2933 349 3015 P
364 2967 388 2992 in
402 2965 525 2992 liaflezius
538 2966 650 3001 vulgatis
665 2986 671 2997 ,
683 2973 719 2992 ita
731 2974 816 2992 tumen
828 2975 856 2991 ut
869 2976 919 2993 non
930 2971 1094 3001 compireret
1105 2965 1129 2991 in
1142 2963 1199 2991 edi-

365 3003 436 3028 tione
446 3003 573 3038 principe,
584 3012 667 3037 neque
679 3002 845 3037 ugardkerent
858 3003 913 3028 l’al.
925 3003 1015 3028 nostri.

279 3047 307 3064 2.
328 3042 385 3064 Cum
400 3047 523 3071 praeratum
540 3042 613 3071 (isitiu-
625 3040 714 3071 jairmtu
725 3039 854 3070 &cestrota
872 3039 977 3073 magno]
991 3038 1033 3065 Est
1044 3036 1130 3064 versus
1142 3037 1200 3064 lon-

242 3083 291 3110 gus
304 3084 311 3103 ;
332 3084 410 3110 quem
421 3073 605 3100 destruendum
618 3074 722 3110 put-„ibat
734 3074 895 3100 Gulielmius
906 3074 957 3100 lide
977 3074 1038 3100 libri
1049 3075 1132 3101 (ἐι-εν.
1151 3084 1202 3100 cor-

239 3119 301 3144 pora
310 3112 338 3142 &
347 3112 445 3141 formas.
467 3110 533 3136 Pali.
544 3110 675 3136 admi-ent
688 3110 810 3145 vulgntoe.

281 3155 308 3181 3.
337 3149 431 3172 Publica
440 3147 465 3171 de
475 3147 585 3181 consilio]
607 3147 650 3172 Sic
660 3146 727 3172 Pall.
738 3155 839 3172 onmes.
861 3147 943 3172 GreV.
956 3154 1043 3175 tamen
1054 3148 1165 3174 communi
1178 3146 1204 3172 da

242 3184 338 3218 confilio.
350 3182 420 3219 quod
430 3182 585 3219 praeferebat
595 3182 756 3212 Gulielmius
769 3192 776 3215 5
789 3182 906 3210 nonduin
917 3192 977 3218 ego·

363 2934 494 2956 Utawcrnnt
503 2931 728 2964 enim‚fiqno‚<'5·c.]
741 2931 813 2956 Delev
827 2931 832 2956 i
844 2939 988 2965 pronomen
999 2927 1132 2963 cmn‚quod
1145 2935 1200 2953 erat

407 1813 471 1864 (Ἀρ
496 1823 587 1850 etin-is
597 1819 776 1858 locupletare
786 1816 956 1846 voluerunt.
981 1816 1084 1855 Itaque
1097 1817 1202 1844 Hera--

1403 1595 1417 1617 *i

1233 1646 1410 1676 mulacrum?
1423 1656 1462 1677 ex
1480 1646 1604 1677 animali
1614 1647 1757 1687 exemplo
1767 1647 1873 1677 veritas
1882 1645 2078 1678 transferatur.
2103 1648 2194 1678 Tune

1234 1690 1413 1718 Crotoniatae
1439 1693 1450 1716 3
1469 1687 1579 1730 publico
1598 1688 1629 1717 de
1648 1689 1755 1730 confiiio
1771 1691 1901 1730 virgines
1920 1699 2017 1718 unum
2037 1691 2070 1718 in
2088 1689 2192 1719 locum

1233 1729 1444 1760 conduxerunt
1454 1750 1463 1764 ,
1476 1732 1508 1760 ὀί
1515 1730 1625 1770 pictori
1637 1751 1645 1764 ,
1668 1740 1738 1771 quas
1747 1732 1839 1760 vellet
1848 1751 1856 1764 ,
1876 1731 2006 1772 eligendi
2015 1729 2192 1770 potestatem

1233 1771 1388 1804 dederunt.
1420 1772 1476 1802 Ille
1495 1782 1594 1802 autem
1613 1774 1745 1813 quinque
1764 1772 1874 1814 delegit
1891 1785 1899 1806 3
1920 1782 2046 1813 quarum
2057 1774 2194 1802 unomina

1235 1814 1325 1843 multi
1333 1815 1429 1854 po'e'tae
1439 1816 1596 1844 memoriae
1606 1814 1798 1848 tradiderunt,
1811 1812 1893 1854 quod
1905 1816 1930 1850 ej
1935 1825 1967 1844 us
1977 1813 2194 1853 ess'entjudicio

1234 1855 1362 1895 probatae
1373 1876 1381 1890 ,
1400 1858 1453 1896 qui
1469 1854 1656 1885 vei-iffimum
1671 1855 1902 1896 pulchritudinis
1917 1857 2022 1886 habere
2043 1855 2191 1894 judicium

1234 1895 1388 1928 debuisset.
1412 1908 1508 1939 neque
1521 1900 1604 1927 enirn
1614 1900 1750 1938 putavit,
1772 1900 1895 1931 omnia,
1915 1908 1980 1939 quae
1996 1906 2138 1939 quaereret
2156 1897 2192 1927 ad

1232 1939 1419 1970 venustatem
1430 1960 1438 1973 ‚
1460 1949 1522 1970 uno
1540 1941 1574 1969 in
1592 1950 1714 1980 corpore
1724 1940 1754 1969 se
1769 1942 1895 1980 reperire
1904 1939 1986 1980 pofl'e
1997 1960 2004 1972 ‚
2024 1938 2094 1969 ideo
2109 1937 2193 1980 quod

1233 1982 1312 2011 iiiliil
1329 1979 1454 2021 simplici
1474 1983 1507 2011 in
1517 1991 1622 2023 genere
1633 1983 1721 2012 omni
1733 1991 1770 2011 ex
1780 1991 1858 2021 parte
1886 1981 2020 2020 erjcd'bum
2028 1990 2130 2011 natura
2138 1990 2193 2011 ex-

1233 2024 1351 2064 polivit.
1376 2025 1474 2064 itaque
1484 2043 1492 2057 ,
1514 2033 1654 2064 tanquam
1664 2025 1766 2054 ceteris
1777 2033 1842 2053 non
1876 2032 1885 2053 t
1899 2024 2035 2054 habitura
2043 2022 2125 2063 quod
2137 2023 2193 2056 lar-

1234 2068 1329 2107 giatur
1339 2085 1347 2099 ,
1357 2064 1379 2096 si
1390 2068 1443 2096 uni
1453 2065 1561 2096 cunEta
1569 2064 1754 2099 concesserit,
1768 2065 1850 2095 aliud
1860 2066 1911 2095 alii
1922 2065 2080 2095 commodi
2088 2065 2192 2105 aliquo

1228 2106 1376 2146 *adjuncto
1387 2107 1588 2137 incommodo
1599 2116 1782 2139 muneratur.
1805 2106 1921 2148 4Qod
1937 2107 2083 2147 quoniam
2101 2107 2191 2136 nobis

1233 2159 1353 2189 quoque
1362 2149 1526 2179 voluntatis
1535 2148 1651 2182 accidit,
1657 2157 1688 2178 ut
1699 2157 1791 2177 artem
1802 2147 1921 2178 dicendi
1931 2148 2189 2188 perscriberemus,

1234 2201 1298 2220 non
1308 2200 1405 2219 unum
1415 2189 1535 2230 aliquod
1545 2190 1757 2230 proposuimus
1766 2190 1945 2230 exemplum
1954 2210 1962 2223 ,
1981 2190 2065 2227 cujus
2083 2200 2192 2220 omnes

1233 2240 1338 2272 partes,
1350 2241 1542 2272 quocumque
1550 2231 1644 2261 ess'ent
1655 2234 1687 2261 in
1697 2241 1812 2272 genere,
1825 2231 2028 2272 expriniendae
2040 2231 2128 2261 nobis
2139 2241 2194 2261 ne-

1234 2271 1355 2303 cess'ario
1366 2272 1539 2303 viderentur
1551 2284 1556 2301 :
1578 2273 1638 2306 sed,
1650 2273 1804 2306 omnibus,
1815 2284 1912 2303 unuin
1924 2275 1957 2303 in
1965 2273 2070 2304 locum
2080 2272 2192 2304 coaffis

1236 2315 1427 2354 scriptoribus
1438 2335 1446 2348 ,
1457 2314 1538 2355 quod
1548 2315 1672 2356 quisque
1682 2313 1928 2345 commodissime
1939 2317 2096 2356 praecipere
2105 2314 2192 2345 vide-

1235 2357 1320 2387 batur
1329 2376 1337 2389 ,
1356 2356 1568 2396 excerpsimus,
1593 2357 1625 2387 ὃς
1637 2367 1674 2386 ex
1692 2359 1780 2387 variis
1799 2359 1929 2398 ingeniis
1948 2355 2196 2387 excellentissima

1237 2398 1543 2439 quaequeltibavimus.
1567 2402 1615 2431 Ex
1625 2400 1670 2429 his
1681 2402 1768 2429 enim
1779 2419 1787 2433 ,
1800 2402 1852 2440 qui
1863 2399 2034 2432 nomine&
2046 2400 2197 2428 memoria

1231 2442 1322 2480 tdigm
1332 2440 1409 2474 sunt,
1421 2451 1477 2471 nec
1482 2441 1564 2472 nihil
1574 2440 1701 2480 optime,
1712 2451 1767 2470 nec
1777 2443 1881 2471 omnia
1888 2438 2104 2481 praeclarissime
2115 2440 2195 2480 quis-

1238 2492 1328 2523 quam
1337 2481 1435 2513 dicere
1447 2482 1536 2516 nobis
1547 2483 1710 2513 videbatur.
1735 2491 1911 2523 quapropter
1922 2482 2053 2513 stultitia
2062 2482 2123 2512 visa
2133 2481 2176 2511 est
2185 2500 2194 2514 ³

1238 2523 1399 2555 aut-{bene
1409 2526 1541 2554 inventis
1552 2525 1676 2561 alicuius
1686 2523 1838 2558 recedere,
1858 2529 1871 2556 5
1882 2524 1964 2565 siquo
1983 2527 2017 2555 in
2032 2525 2109 2554 vitio
2129 2524 2193 2563 ejus

1239 2564 1462 2596 offenderemur
1471 2586 1479 2599 ‚
1492 2575 1541 2596 aut
1551 2568 1586 2597 ad
1596 2568 1668 2596 vitia
1677 2577 1795 2607 quoque
1806 2568 1869 2605 ejus
1880 2566 2016 2596 accedere
2025 2586 2033 2599 ‚
2045 2566 2092 2606 cuj
2097 2576 2130 2595 us
2140 2565 2195 2595 ali-

1239 2618 1299 2649 quo
1315 2607 1392 2638 bene
1411 2617 1558 2648 praeccpto
1571 2609 1757 2638 duceremur.
1778 2607 1868 2648 Qod
1880 2607 1943 2638 siin
1953 2609 2056 2638 ceteris
2076 2617 2195 2648 quoque

1239 2649 1342 2679 studiis
1351 2650 1368 2680 xa
1379 2651 1483 2680 multis
1494 2652 1590 2689 erigere
1599 2651 1740 2680 homines
1749 2648 2030 2680 commodiffimum
2041 2648 2193 2690 quodque,

1238 2696 1329 2732 quam
1341 2692 1398 2722 fiese
1411 2694 1465 2721 uni
1474 2693 1563 2722 alicui
1574 2702 1654 2722 certo
1663 2693 1777 2722 vellent
1786 2691 1921 2722 addicere
1930 2712 1938 2725 ‚
1958 2693 2059 2721 minus
2070 2692 2103 2720 in
2114 2700 2197 2720 arro-

1238 2736 1337 2775 gantia
1354 2731 1541 2764 offenderent
1553 2745 1558 2763 :
1579 2745 1643 2764 non
1654 2743 1806 2774 tantopere
1819 2736 1852 2763 in
1865 2735 1947 2764 vitiis
1959 2733 2177 2773 perseverarent
2189 2742 2196 2760 ·.

1240 2776 1390 2815 aliquanto
1405 2774 1419 2795 ⁶
1431 2777 1527 2806 levius
1539 2786 1576 2807 cx
1587 2777 1744 2806 inscientia
1753 2776 1926 2806 laborarent.
1952 2778 1995 2805 Ac
2005 2772 2025 2804 si
2034 2784 2085 2814 par
2095 2776 2128 2803 in
2137 2784 2196 2804 no·

1240 2817 1286 2847 bis
1297 2819 1386 2858 hujus
1396 2820 1464 2849 artis
1477 2838 1485 2853 ‚
1497 2821 1625 2859 atquem
1636 2818 1690 2848 illo
1702 2817 1824 2858 pictura:
1834 2837 1842 2851 ,
1864 2817 1985 2848 scientia
1993 2814 2095 2847 fuiffet
2104 2836 2112 2849 ‚
2133 2814 2196 2887 fosrs-

2131 2867 2158 2888 ta
2185 2867 2202 2887 e

1274 2934 1302 2960 4.
1323 2927 1390 2960 Qod
1398 2929 1506 2960 quoniam
1516 2927 1577 2951 nobis
1587 2927 1715 2951 voluntatis
1724 2925 1835 2958 accidia]
1848 2925 1932 2950 Grev.
1942 2925 2077 2955 voluntati5
2089 2922 2200 2958 vultque

1241 2963 1402 2990 Gulielmius
1416 2982 1423 2993 ,
1436 2961 1543 2988 voluiil'e
1555 2961 1703 2996 exprimere
1713 2963 1838 2993 voluptati.

1280 3009 1305 3033 5.
1325 3002 1349 3024 Si
1358 3009 1401 3034 aquo
1411 3001 1435 3024 iri
1446 3001 1503 3023 -ritio
1512 3000 1560 3031 ejus
1571 2997 1760 3031 offenderemur]
1782 2995 1942 3021 Gulielmius
1954 2994 2114 3021 Lambinum
2125 2993 2197 3020 secu-

1240 3035 1507 3067 tus,de1eierat1·n,&
1516 3034 1605 3060 aberat
1613 3036 1643 3058 ‘ea
1654 3032 1750 3068 syllaln
1761 3033 1818 3059 Pal.
1828 3039 1892 3058 tert.
1903 3030 1945 3057 sed
1957 3032 2047 3057 eratin
2059 3040 2099 3066 pr.
2111 3031 2136 3056 8<
2150 3029 2198 3055 sec.

1242 3072 1316 3098 libris
1327 3070 1479 3098 melioribus
1493 3090 1500 3101 ,
1520 3070 1553 3096 sic
1563 3071 1589 3095 ὃς
1603 3078 1665 3095 mox
1676 3069 1788 3102 offindvre
1796 3071 1820 3094 in
1830 3070 1978 3101 arrogantia.
1997 3068 2035 3094 ita
2048 3067 2119 3093 enim
2131 3065 2199 3093 Pall.

1243 3109 1324 3136 nosti-i
1337 3128 1344 3139 ‚
1356 3117 1407 3134 non
1419 3109 1580 3140 arrogantiam
1592 3124 1599 3137 ,
1610 3113 1641 3132 ut
1653 3105 1732 3140 vulgo
1743 3104 1843 3131 editum
1855 3104 1901 3130 est.

1280 3145 1308 3170 6.
1327 3146 1418 3170 Levius
1435 3153 1464 3168 ex
1481 3144 1603 3175 instantia
1619 3141 1780 3177 laborarent]
1801 3141 1843 3169 lta
1852 3140 1920 3169 Pan.
1931 3139 2012 3168 etiam
2022 3148 2112 3167 omnes
2125 3157 2134 3171 ,
2146 3147 2199 3165 non

1245 3182 1340 3216 inscitia
1351 3200 1359 3215 ,
1371 3188 1402 3209 ut
1411 3179 1467 3209 alix
1478 3178 1533 3207 fere
1544 3177 1606 3206 edd.
2171 3211 2203 3236 Et

2137 3218 2160 3236 ι,
2181 3219 2186 3225 ,
