2337 3400
149 145 247 208 778
559 128 1069 182 NLTULth

151 235 215 258 non
225 218 340 264 possem
351 218 507 258 praeterire.
531 217 629 257 itaque
641 234 650 249 ,
664 211 684 242 si
698 208 815 241 causam
825 207 933 249 quaeris
945 205 1113 237 absolutio-

162 278 211 307 nis
228 294 236 308 ,
253 270 366 311 (urjam
376 262 453 300 ’νΨξὸς
466 259 500 293 π’
515 261 669 304 '773’0‘7'5291'
681 264 834 303 revertar)
854 260 963 302 egestas
975 259 1112 298 judicum

157 317 215 349 fuit
226 335 233 348 ‚
247 315 279 344 δε
291 308 453 350 turpitudo.
477 307 510 338 Id
520 316 621 338 autem
636 315 667 336 ut
677 305 837 338 accideret,
858 301 1055 334 commissum
1067 300 1110 332 est

158 353 311 390 Hortenfii
329 349 457 383 consilio
473 374 479 379 .
499 349 635 390 quidum
646 350 758 379 veritus
775 346 816 377 est
827 367 835 380 ‚
857 356 894 375 ne
905 344 1007 375 Fufius
1016 345 1044 373 ei
1054 344 1112 385 legi

155 395 369 431 intercederet,
393 403 460 434 quae
469 402 506 422 ex
519 403 542 422 s.
555 401 584 421 c.
599 390 761 422 ferebatur,
784 398 848 418 non
859 387 935 417 vidit
948 386 1024 416 illud
1037 406 1044 419 ‚
1057 389 1114 416 SA-

159 450 239 472 ·rms
250 436 306 469 effe
319 457 327 470 ,
341 436 428 466 illum
441 436 473 464 in
483 433 608 464 infamia
619 432 790 472 relinquiae
801 429 936 461 sordibus
947 449 955 463 ‚
966 429 1057 469 quam
1069 429 1117 457 in-

160 482 251 513 firmo
267 478 384 520 judicio
400 477 566 507 committi.
588 474 637 505 sed
659 474 766 505 ductus
782 472 855 503 odio
874 472 1044 512 properavit
1053 479 1116 499 rem

159 525 304 555 deducere
325 522 357 550 in
374 518 546 559 judicium3
563 516 634 548 cum
654 517 743 546 illum
762 514 908 556 plumbeo
918 513 1114 555 gladiojugu-

159 567 252 597 latum
272 564 310 593 iri
331 571 431 592 tamen
452 560 573 591 diceret.
594 558 809 599 Sedjudicium
822 577 830 590 ‚
852 554 1010 597 siqu-atris,
1033 553 1118 595 quale

159 608 269 639 fuerit?
289 603 460 634 incredibili
484 605 588 635 exitu3
609 599 646 631 [ις
659 621 667 634 ,
689 602 733 630 uti
744 609 825 630 nunc
837 609 873 627 ex
884 605 986 627 eventu
996 596 1031 627 ab
1041 596 1118 629 aliis,

161 650 176 680 ὲ
197 659 247 679 me
267 656 367 679 tamen
377 655 415 675 ex
425 641 757 684 ipsoinitioconsilium
770 638 923 672 Hortensii
935 643 943 659 ¹
958 638 1117 678 reprehen-

161 692 259 722 datur.
279 697 348 718 narn
361 696 392 717 ut
403 686 526 727 rejeftio
536 682 611 716 facita
621 684 665 715 est
677 683 861 715 clamoribus
872 682 1014 712 maximis
1026 691 1034 713 ·,
1046 678 1117 709 cum

161 733 310 764 accusator
321 750 329 763 ‚
343 739 494 769 tamquam
507 728 621 759 Censor
631 727 729 758 bonus
739 747 747 759 ,
769 727 911 755 homines
922 720 1119 763 nequiffimos

162 776 297 816 rejiceret
311 783 315 801 τ
327 781 394 802 reus
405 790 414 805 ‚
435 779 587 811 tamquam
601 769 737 800 clemens
749 765 852 797 lanista
863 787 872 800 ‚
882 762 1111 805 frugaliffimum

160 824 312 859 quemque
322 814 484 844 secerneret
495 825 502 847 3
516 821 546 842 ut
556 814 691 852 primum
701 809 816 849 judices
826 807 1026 838 consederunt
1036 817 1044 840 ς
1057 806 1118 835 val-

161 861 199 890 de
221 856 357 889 diffidere
377 855 450 886 boni
466 862 632 894 coeperunt.
658 862 724 882 non
740 852 826 881 enim
843 858 989 889 umquam
1006 849 1120 888 turpior

162 905 195 932 in
218 899 292 930 ludo
308 898 413 928 talario
431 895 583 928 consess'us
599 894 666 924 fuit.
683 890 826 924 maculosi
844 895 999 922 Senatores
1018 910 1026 924 ‚
1047 889 1122 920 nudi

164 946 306 984 Equites,
329 943 343 960 2
358 939 471 969 tribuni
494 946 632 968 nontam
645 938 743 970 aerati,
766 934 877 975 quam,
897 932 1122 973 utappellantur

161 985 262 1015 araris:
283 984 367 1023 pauci
387 991 488 1012 tamen
506 980 580 1010 boni
592 981 729 1012 inerant,
749 986 824 1017 quos
838 974 1005 1014 rejectione
1019 973 1120 1015 fugate

163 1028 215 1057 illc
228 1036 291 1056 non
302 1032 436 1064 potuerat
448 1035 456 1056 3
475 1023 528 1063 qui
539 1019 640 1051 moesti
652 1022 730 1050 inter
749 1019 792 1049 sui
804 1016 959 1048 dissimiles
971 1037 978 1050 ,
1000 1016 1033 1047 &
1043 1025 1122 1046 moe·

162 1078 262 1099 rentes
280 1065 441 1097 sedebant,
462 1064 494 1094 ὃς
512 1064 692 1104 contagione
711 1060 907 1101 turpitudinis
926 1059 1123 1089 vehementer

162 1107 424 1152 permovebantur.
450 1105 498 1136 hic
511 1125 519 1139 ‚
540 1114 572 1135 ut
590 1114 717 1146 quaeque
733 1113 778 1133 res
795 1102 830 1133 ad
843 1100 1003 1132 confilium
1015 1100 1122 1140 primis

163 1148 419 1192 postulationibus
445 1147 627 1178 referebatur
651 1166 660 1180 ,
689 1145 877 1176 incredibilis
895 1152 954 1173 erat
973 1143 1121 1173 severitas,

165 1193 250 1224 nulla
266 1199 404 1223 varietate
415 1190 629 1221 sententiarum
647 1188 741 1218 :nihil
756 1190 768 1214 3
781 1189 950 1226 impetrarat
961 1192 1025 1213 reus
1039 1194 1044 1211 ⁴.
1056 1183 1123 1222 plus

163 1235 324 1266 accusatori
340 1232 480 1265 dabatur,
501 1231 593 1273 quum
616 1226 1011 1270 postulabatztriumphabat
1031 1223 1123 1265 (quid

163 1279 293 1318 quoeris?
315 1276 324 1316 )
348 1273 527 1304 Hortensius
546 1274 574 1303 se
594 1270 700 1302 vidiffe
715 1280 832 1301 tanturn
849 1278 960 1299 :nemo
970 1276 1047 1299 erat,
1073 1268 1124 1306 qui

162 1320 253 1349 illum
270 1328 356 1348 reum
370 1338 376 1350 ‚
400 1327 433 1347 ac
450 1326 514 1346 non
538 1315 651 1345 millies
668 1312 907 1343 condemnatum
925 1309 1124 1340 arbitraretur.

165 1371 216 1391 me
236 1359 308 1391 verb
327 1359 398 1390 teste
417 1356 565 1398 produEm
577 1377 584 1391 ,
604 1356 694 1386 credo
713 1364 741 1385 te
751 1364 790 1384 ex
798 1353 1012 1384 acclamatione
1023 1350 1124 1382 Clodii

164 1402 380 1434 advocatorum
398 1398 510 1431 audisse
530 1419 539 1432 ‚
571 1408 638 1440 quae
668 1395 874 1428 consurrec'tio
897 1394 1036 1433 judicum
1054 1391 1130 1423 fasta

164 1444 217 1478 sit,
237 1453 269 1474 ut
290 1454 341 1474 me
364 1441 637 1474 circumsteterint,
656 1448 690 1470 ut
706 1438 804 1479 aperte
809 1436 916 1478 jugula
924 1436 981 1477 fica
990 1445 1043 1476 pro
1054 1444 1126 1465 meo

165 1489 259 1526 capite
275 1488 306 1516 P.
328 1485 438 1516 Clodio
456 1483 641 1514 ostentarint.
662 1491 728 1522 quae
739 1481 815 1511 mihi
827 1490 871 1510 res
886 1479 984 1509 multo
996 1478 1125 1507 honori-

166 1526 304 1558 ficentior
322 1527 382 1557 visa
392 1525 451 1560 est,
473 1525 564 1566 quam
580 1524 689 1554 aurilla
700 1544 708 1556 ,
728 1523 903 1561 cumjurare
917 1522 1050 1551 tuicives
1061 1521 1124 1550 Xe-

167 1578 321 1600 nocratem
341 1567 553 1599 testimonium
573 1566 723 1596 dicentem
735 1563 955 1604 prohibuerunt
966 1574 977 1596 ·,
993 1570 1044 1592 aut
1052 1560 1124 1590 cum

167 1611 281 1642 tabulas
302 1610 418 1641 Metelli
431 1608 594 1640 Numidici
609 1627 617 1641 2
639 1606 712 1636 cum
727 1607 783 1639 hae,
795 1614 906 1635 utmos
915 1603 956 1634 est
967 1624 975 1637 ‚
995 1606 1125 1633 circum-

165 1652 333 1686 ferrentur,
353 1650 447 1682 nostri
461 1650 578 1691 judices
599 1649 727 1688 aspicere
737 1648 922 1680 noluerunt·‚
941 1646 1041 1675 multo
1051 1646 1123 1677 haec,

168 1696 293 1736 inquam
309 1714 319 1727 ,
340 1693 439 1723 nostra
449 1702 494 1722 res
505 1693 608 1731 major.
629 1689 876 1731 Itaquejudicum
885 1687 1013 1718 vocibus
1024 1707 1032 1721 ‚
1051 1686 1122 1716 cum

169 1747 224 1778 ego
239 1734 276 1766 sic
289 1736 324 1765 ab
338 1737 374 1765 iis
386 1754 394 1769 ‚
406 1743 438 1764 ut
449 1734 524 1764 salus
535 1735 634 1774 patriae
647 1753 654 1766 ,
667 1731 856 1764 defenderer,
869 1729 978 1760 fractus
986 1738 1052 1759 reus
1063 1749 1072 1761 ,
1092 1729 1124 1758 δε

168 1788 229 1808 nna
249 1778 367 1818 patroni
377 1785 486 1806 omnes
495 1775 702 1805 conciderunt.
727 1773 763 1803 ad
777 1780 937 1803 meantem
948 1770 1051 1800 eadem
1067 1769 1126 1800 fre-

189 1821 289 1850 uentia
305 1818 447 1859 postridie
464 1818 611 1846 convenit
632 1835 642 1850 ,
672 1825 730 1856 qua
747 1814 818 1845 curn
837 1814 940 1844 abiens
963 1812 1126 1842 Consulatu

168 1831 238 1892 εῘιῖιτη
256 1861 386 1891 domum
403 1857 554 1889 reduetus.
586 1858 713 1887 clamare
731 1856 862 1896 praeclari
880 1856 1058 1895 Ariopagitae
1070 1873 1078 1886 ‚
1099 1853 1127 1883 se

167 1914 233 1933 non
252 1901 309 1933 effe
330 1911 472 1932 venturos
491 1920 499 1934 ‚
530 1898 584 1929 nili
604 1897 727 1941 praefidio
746 1896 924 1928 constituto.
952 1900 1076 1926 retertur
1092 1894 1128 1925 ad

168 1944 330 1976 confilium
350 1956 358 1979 3
379 1953 439 1974 una
457 1943 517 1972 sola
537 1942 682 1972 sententia
691 1939 861 1980 praesidium
870 1948 932 1969 non
944 1936 1128 1968 desideravit.

169 1987 299 2021 defertur
317 1996 362 2016 res
375 1985 410 2016 ad
421 1988 565 2015 Senatum
577 1996 585 2018 3
603 1981 773 2025 gravissime
786 2002 794 2015 ‚
816 1979 1061 2020 ornatiffimcque
1075 1978 1127 2009 de-

168 2031 317 2060 cernitur:
330 2025 610 2065 laudantur-judices
624 2036 628 2054 :
640 2025 724 2055 datur
736 2025 892 2065 negotium
902 2021 1131 2063 magistratibus:

170 2070 569 2118 responsurumwhominem
594 2066 899 2097 nemoarbitrabatur.
923 2068 1059 2098 ’ἕρσῃ-επ
1070 2064 1130 2095 pus]

168 2125 225 2156 (491
236 2112 494 2155 ,αἶα-αμοππως
507 2103 543 2147 ὦτ’
556 2110 678 2150 σνξᾶἱπν
689 2108 749 2150 πῦρ
759 2108 891 2152 ’ἑμπῑσὶ
903 2113 983 2144 nosti
994 2112 1133 2146 Calvum,

169 2171 210 2192 ex
231 2161 419 2197 Nanneianis
430 2159 520 2189 illum
533 2178 541 2192 ‚
560 2158 649 2188 illum
661 2157 845 2187 laudatorem
858 2165 961 2186 meum
975 2175 982 2188 ,
1002 2154 1038 2184 de
1047 2155 1132 2194 cujus

170 2205 308 2233 oratione
328 2212 394 2243 erga
418 2211 467 2231 me
486 2198 658 2230 honorifica
676 2198 711 2229 ad
732 2208 758 2229 te
779 2199 960 2238 scripseram.
975 2196 1069 2227 biduo
1079 2206 1131 2236 per

171 2255 267 2275 unum
278 2244 396 2274 servum
409 2263 417 2276 ‚
429 2243 461 2272 &
471 2252 542 2272 eum
556 2252 593 2271 ex
601 2240 778 2282 gladiatorio
792 2240 875 2273 ludo,
888 2238 1020 2269 confecit
1031 2246 1092 2268 totu
1099 2248 1128 2267 m

170 2288 328 2328 negotium
343 2283 507 2315 :accersivit
516 2283 551 2314 ad
562 2284 601 2316 ses
614 2281 760 2322 promisit,
772 2279 942 2314 intercessit,
955 2280 1046 2311 dedit.
1065 2281 1129 2320 jam

170 2328 244 2358 vero
266 2327 308 2366 (ὁ
322 2326 366 2357 dii
385 2327 480 2359 boni,
499 2336 561 2355 rem
581 2324 747 2364 perditam)
766 2325 857 2354 etiam
876 2322 964 2352 nostes
983 2331 1129 2352 certarum

172 2370 350 2403 mulierum,
360 2377 446 2409 atque
456 2366 749 2398 adolescentulorum
762 2365 918 2394 nobilium
929 2363 1131 2393 introductio-

172 2422 226 2443 nes
245 2422 309 2442 non
327 2411 420 2441 nullis
440 2409 589 2445 judicibus
608 2417 661 2448 pro
687 2406 834 2437 mercedis
851 2405 977 2436 cumulo
993 2403 1124 2434 fuerunt.

171 2464 223 2487 ita,
235 2454 356 2484 summo
367 2450 491 2483 discess'u
502 2450 761 2489 bonorum,pleno
771 2447 841 2478 foro
850 2447 1015 2480 servorum,
1027 2449 1043 2473 ἲ·
1052 2456 1131 2476 xxv.

171 2497 179 2537 ᾗ
186 2496 286 2527 udices
296 2497 335 2526 ita
346 2493 439 2526 fortes
451 2503 552 2525 tamen
560 2491 682 2523 fuerunt
693 2511 702 2526 ‚
721 2499 773 2524 ut,
786 2490 908 2521 summo
918 2486 1071 2529 proposlto
1081 2497 1132 2528 pc-

214 2622 235 2638 t.
257 2612 476 2646 Rcsrckmdaaeuvu]
497 2611 578 2647 Vulg.
592 2610 813 2644 reprehendebatur.

213 2657 239 2675 2.
259 2651 357 2675 ‘fs-iham
367 2659 410 2674 non
421 2650 551 2674 tamar-ati
563 2667 570 2680 ‚
589 2656 662 2681 quam
671 2653 698 2672 ut
708 2647 856 2679 appellantur
873 2645 982 2678 marii]
1004 2645 1045 2671 Ita
1064 2643 1142 2671 codd.

1147 130 1699 179 thERoNts

1160 209 1255 240 riculo
1267 229 1276 243 ‚
1295 208 1342 238 vel
1353 209 1446 248 perire
1456 209 1636 246 maluerint,
1656 213 1747 254 quarn
1757 212 1880 253 perdere
1891 213 2006 244 omnia.
2021 220 2117 244 xxxa

1158 250 1280 282 fuerunt
1291 250 1463 291 quosfames
1470 254 1565 292 magis
1576 273 1583 286 ‚
1595 255 1787 295 qulamfama,
1800 257 2013 286 commoverit.
2035 266 2114 296 quo-

1159 303 1225 323 rum
1250 293 1370 323 Catulus
1393 294 1464 323 cum
1484 292 1602 324 vidislet
1619 298 1790 336 quendam,
1812 297 1893 340 Qud
1905 307 1977 331 vos,
2000 299 2113 338 inquit,

1158 334 1351 375 6praesidium
1371 334 1487 364 anobis
1499 334 1690 374 postulabatis
1709 341 1720 368 ?
1745 350 1782 369 an
1794 359 1802 373 ‚
1825 350 1863 369 ne
1881 341 2005 370 nummi
2026 339 2114 370 vobis

1159 385 1361 418 eriperentur,
1381 376 1557 406 timebatis?
1579 379 1697 413 Habes,
1721 389 1753 410 ut
1762 380 1932 412 brevissime
1943 383 2048 422 potui,
2065 390 2117 422 ge-

1161 429 1217 449 nus
1243 419 1350 458 judicii
1371 438 1379 452 ‚
1405 418 1437 448 &
1463 419 1580 449 causam
1599 420 1805 453 absolutionis.
1829 425 1944 465 Qaeris
1962 423 2116 463 deinceps,

1160 467 1174 491 7
1188 463 1238 502 qui
1250 470 1330 491 nunc
1341 459 1374 490 fit
1385 459 1472 490 status
1483 470 1584 491 rerum
1600 482 1608 496 ‚
1619 462 1652 492 &
1663 464 1715 503 qui
1726 473 1823 494 meus·
1846 465 1976 505 Reipub.
2005 464 2113 496 statum

1161 504 1249 533 illum
1264 522 1272 536 ,
1292 512 1384 543 quem
1405 511 1436 532 tu
1457 512 1527 532 meo
1548 504 1697 538 consrfio,
1718 515 1772 546 ego
1784 505 1891 536 divino
1900 505 2115 537 confirmatum

1159 545 1298 586 putabam
1311 565 1318 578 ‚
1336 547 1387 584 qui
1409 544 1562 574 bonorum
1574 548 1716 576 omnium
1728 547 1958 585 conjunffione,
1970 549 2001 578 δε
2012 548 2117 578 3υὸὶο-

1161 589 1246 617 ritate
1266 587 1455 617 Consultatus
1479 590 1540 616 mei
1551 586 1648 621 fixus,
1669 587 1853 619 &fundatus
1865 589 2019 620 videbatur
2032 611 2040 623 ‚
2063 589 2117 620 nisi

1159 632 1226 670 quis
1247 638 1302 659 nos
1322 628 1394 658 deus
1417 628 1597 668 respexerit,
1619 630 1750 670 elapsum
1771 631 1843 661 scito
1865 629 1968 661 ess'ede
1978 632 2120 662 manibus

1162 681 1224 701 uno
1245 670 1446 710 hocjudicio:
1470 669 1641 710 sijudicium
1654 673 1713 706 est,
1734 673 1854 713 triginta
1865 673 2004 703 homines
2014 673 2120 713 populi

1162 711 1490 744 Romanileviffimos.
1511 723 1542 743 ac
1552 712 1765 754 nequiffim05‚
1788 715 1960 744 nummulis
1977 716 2119 755 acceptis,

1158 757 1219 795 jus,
1239 765 1271 785 ac
1286 754 1327 785 fas
1338 764 1432 784 omne
1441 754 1550 789 delere,
1564 755 1607 787 δε,
1618 756 1700 801 quod
1712 766 1820 786 omnes
1831 766 1893 786 non
1907 756 2004 787 modo
2018 757 2122 786 homi—

1163 807 1215 827 nes
1225 817 1233 830 ‚
1247 807 1355 827 verum
1365 799 1454 827 etiam
1465 797 1591 836 pecudes
1601 793 1736 828 graetum
1750 796 1806 828 effe
1818 798 1920 832 sciant,
1931 798 2121 832 id‚Talnam‚

1164 840 1197 869 δε
1213 839 1348 869 Plautum
1363 859 1371 872 .
1392 839 1424 868 δε
1438 842 1598 880 Spongiam
1611 860 1620 874 ,
1634 840 1666 870 &
1679 849 1786 870 ceteras
1800 839 1975 877 hujusmodi
1988 840 2121 882 quisqui-

1164 882 1217 911 lias
1236 880 1360 911 statuere
1371 900 1379 914 ,
1401 891 1569 922 numquam
1583 881 1640 912 effe
1652 881 1778 912 factum.
1798 881 1847 912 sed
1861 888 1962 912 tamen
1975 903 1983 916 ,
2004 891 2036 912 ut
2047 891 2074 912 te
2084 881 2123 912 de

1163 923 1448 962 Repub.consoler‚
1470 926 1601 958 nonita,
1624 924 1912 964 uesperaruntmali,
1926 933 2008 954 tanto
2019 926 2124 964 impo-

1164 964 1217 995 sito
1229 965 1358 1004 Reipub.
1377 965 1502 995 vulnere
1515 986 1522 999 ‚
1534 966 1635 996 alacris
1646 967 1759 996 exultat
1772 965 1937 1008 improbitas
1945 969 1977 996 in
1989 965 2125 996 vistoria,

1165 1017 1235 1037 nam
1255 1007 1343 1047 plane
1363 1009 1403 1037 ita
1422 1016 1618 1046 putaverunt,
1639 1006 1710 1038 cum
1730 1009 1855 1049 religio,
1875 1008 1946 1038 curn
1966 1008 2124 1048 pudicitia,

1166 1048 1237 1079 cum
1246 1048 1433 1087 judiciorum
1445 1047 1518 1078 fides
1531 1069 1538 1083 ‚
1557 1049 1627 1080 cum
1641 1050 1756 1080 senatus
1768 1050 1925 1080 audioritas
1936 1048 2125 1083 concidiss'et,

1174 1089 1250 1124 fore,
1261 1099 1292 1119 ut
1305 1090 1403 1129 aperte
1414 1090 1523 1120 vietrix
1534 1093 1666 1132 nequitia
1679 1112 1687 1124 ,
1696 1092 1833 1122 aclibido
1845 1101 1946 1132 poenas
1956 1092 1992 1123 ab
2003 1094 2125 1132 optimo

1167 1141 1287 1177 quoque
1297 1140 1407 1178 peteret
1418 1132 1459 1161 sui
1469 1131 1583 1162 doloris
1596 1153 1603 1166 ,
1624 1143 1716 1173 quem
1726 1132 1946 1173 improbissimo
1954 1137 2061 1174 cuique
2075 1135 2124 1163 in·

1170 1172 1272 1203 uflerat
1294 1176 1433 1203 leveritas
1456 1174 1635 1204 Consulatus
1655 1184 1726 1204 mei.
1750 1176 1837 1205 Idem
1856 1186 1911 1216 ego
1932 1176 1984 1205 ille
2001 1196 2010 1209 ‚
2036 1175 2124 1214 (non

1166 1218 1251 1246 enim
1271 1216 1348 1245 mihi
1361 1215 1465 1245 videor
1475 1216 1638 1246 insolenter
1647 1217 1768 1257 gloriari
1783 1236 1791 1249 ‚
1813 1216 1886 1247 cnm
1898 1217 1932 1246 de
1946 1227 1995 1246 rne
2006 1217 2082 1256 apud
2094 1227 2124 1247 te

1168 1258 1293 1298 loquor,
1312 1259 1347 1287 in
1365 1267 1398 1287 ea
1417 1258 1580 1296 praesertim
1600 1258 1739 1298 epistola,
1761 1269 1850 1299 quam
1875 1259 1951 1288 nolo
1969 1259 2034 1289 aliis
2051 1259 2123 1299 legi)

1168 1299 1248 1330 idem
1272 1320 1280 1331 ‚
1301 1301 1445 1339 inquam,
1466 1310 1521 1340 ego
1539 1302 1667 1330 recreavi
1682 1300 1810 1330 afflictos
1829 1303 1948 1331 animos
1969 1301 2123 1331 bonorum

1168 1351 1417 1382 unumquemque
1428 1341 1638 1372 9confirmans
1652 1362 1660 1375 ‚
1683 1345 1831 1373 excitans.
1851 1342 2029 1373 inse&andis
2039 1341 2125 1377 verb,

1168 1384 1411 1424 exagitandisque
1433 1386 1613 1415 nummariis
1629 1384 1782 1424 judicibus
1806 1405 1815 1418 ,
1833 1395 1960 1415 omnem
1979 1384 2127 1418 omnibus

1169 1431 1306 1463 studiofis
1318 1453 1327 1467 ‚
1348 1443 1380 1463 ac
1398 1432 1566 1464 fautoribus
1587 1435 1669 1464 illius
1681 1434 1818 1465 viEtoriae
1829 1427 1933 1472 πᾱῤῥη
1940 1427 2011 1460 σίων
2023 1434 2128 1473 eripui:

1167 1475 1315 1520 Pisonem
1342 1476 1506 1505 Consulem
1526 1476 1609 1506 nulla
1621 1478 1653 1506 in
1675 1487 1705 1506 re
1728 1475 1886 1506 consistere
1905 1485 2037 1516 unquam
2056 1476 2128 1506 surn

1163 1515 1278 1557 pastus:
1298 1517 1452 1556 desponsam
1473 1518 1594 1547 homini
1611 1519 1671 1556 jam
1682 1521 1797 1558 Syriam
1807 1518 1908 1548 ademi
1920 1528 1925 1546 :
1938 1521 2079 1547 Senatum
2090 1515 2127 1546 ad

1166 1558 1321 1599 pristinam
1352 1560 1432 1589 suam
1462 1559 1649 1589 severitatem
1675 1561 1840 1592 revocavi,
1866 1569 1952 1599 atque
1973 1558 2125 1597 abjectum

1167 1602 1294 1630 excitavi
1310 1611 1315 1630 ς
1338 1601 1482 1630 Clodium
1503 1601 1679 1641 praesentem
1698 1601 1771 1643 fregi
1791 1603 1824 1631 in
1835 1601 1935 1631 senatu
1949 1620 1958 1633 ‚
1978 1599 2050 1631 cum
2061 1609 2128 1630 ora-

1165 1644 1250 1672 tione
1273 1652 1411 1682 perpetua
1432 1662 1440 1675 ,
1467 1641 1635 1682 pleniffima
1654 1645 1802 1685 gravitatis
1822 1661 1831 1676 ,
1852 1653 1916 1673 tum
1935 1643 2126 1672 altercatione

1165 1684 1333 1730 ejusmodi,
1356 1694 1393 1714 ex
1406 1694 1462 1725 qua
1480 1685 1551 1715 licet
1562 1694 1652 1725 pauca
1669 1684 1814 1728 degustes.
1835 1694 1904 1714 narn
1914 1693 2009 1714 cetera
2020 1686 2127 1713 ¹0non

1167 1725 1287 1766 possunt
1308 1726 1412 1756 habere
1430 1736 1529 1767 neque
1540 1730 1604 1757 vim
1615 1747 1623 1760 ‚
1649 1738 1744 1768 neque
1756 1725 1953 1759 venustatem,
1968 1729 1994 1745 ¹¹
2005 1734 2126 1756 remoto

1167 1779 1222 1809 illo
1235 1777 1333 1808 studio
1345 1779 1530 1811 contentionis,
1544 1788 1634 1818 quern
1648 1770 1766 1810 οἱγῶνοι
1778 1787 1831 1807 vos
1842 1776 2005 1817 appellatis.
2029 1779 2130 1810 Nam,

1171 1830 1202 1850 ut
1212 1820 1293 1850 Idib.
1308 1821 1379 1849 Maii
1393 1822 1425 1849 in
1436 1823 1577 1850 Senatum
1588 1820 1803 1853 convenimus,
1817 1828 1931 1860 rogatus
1941 1828 1997 1860 ego
2007 1818 2127 1849 senten-

1170 1864 1242 1892 tiam
1256 1882 1264 1894 ,
1282 1862 1378 1891 multa
1388 1861 1453 1892 dixi
1469 1865 1496 1881 ¹2
1510 1861 1546 1891 de
1557 1861 1675 1892 summa
1683 1861 1868 1901 Republica,
1887 1860 2033 1901 atqueille
2044 1859 2135 1890 locus

1172 1902 1314 1934 induistus
1334 1904 1348 1933 a
1370 1913 1419 1933 me
1438 1902 1480 1933 est
1500 1903 1666 1937 divinitus3
1686 1913 1746 1936 Ne,
1771 1912 1844 1933 UNA
1870 1911 1984 1932 PLAGA
2001 1910 2132 1942 accepta,

1175 1955 1270 1986 patres
1291 1945 1453 1986 conscripti
1473 1945 1685 1978 conciderent,
1707 1954 1745 1974 ne
1755 1943 1935 1975 deficerent:
1950 1944 2061 1975 vulnus
2071 1941 2131 1974 este

1170 1987 1340 2028 ejusmodi,
1362 1987 1443 2028 quod
1464 1988 1542 2017 mihi
1560 1997 1615 2017 nec
1633 1985 1880 2017 diffimulandum
1893 2007 1902 2020 ,
1923 1996 1961 2016 ne
1971 1985 2131 2025 pertimes-

1170 2029 1302 2060 cendum
1321 2030 1490 2060 videretur:
1517 2033 1545 2056 ¹3
1561 2040 1598 2059 ne
1612 2028 1842 2059 autmetuendo-
1854 2026 2034 2070 ignaviffimi
2047 2047 2055 2062 ,
2081 2035 2135 2058 aut·

1174 2071 1342 2113 ignorando
1379 2069 1542 2101 stultissimi
1567 2071 1779 2112 judicaremur.
1808 2071 1854 2101 bis
1878 2070 2050 2101 absolutum
2070 2066 2128 2099 effi:

1173 2114 1339 2145 Lentulum
1357 2134 1366 2147 ,
1387 2113 1432 2143 bis
1451 2113 1611 2143 Catilinam
1627 2123 1633 2142 ;
1652 2114 1734 2143 hunc
1754 2109 2131 2153 tertiumjameffeajudi-

1172 2155 1258 2186 cibus
1277 2157 1310 2187 in
1329 2158 1439 2195 Remp.
1460 2153 1642 2185 immissum.
1666 2157 1752 2185 Erras
1770 2154 1878 2189 Clodi,
1901 2164 1966 2184 non
1976 2152 2130 2193 rejudices

1171 2197 1238 2227 urbi
1252 2197 1299 2228 sed
1310 2199 1415 2228 carceri
1425 2198 1611 2235 reservarunt
1622 2209 1630 2231 3
1643 2201 1771 2237 ¹4neque
1780 2205 1807 2227 te
1817 2198 1942 2227 retinere
1952 2196 1985 2225 in
1994 2196 2128 2227 civitate,

1174 2239 1222 2269 sed
1241 2239 1336 2270 exilio
1357 2241 1472 2279 privare
1492 2239 1663 2269 voluerunt.
1692 2238 1898 2280 Qamobrern
1914 2257 1923 2271 ,
1941 2245 2036 2277 patres
2053 2245 2131 2266 con«-

1174 2281 1272 2321 scripti
1286 2301 1295 2315 ,
1314 2283 1417 2323 erigite
1429 2283 1550 2311 animos
1561 2300 1570 2314 ,
1585 2283 1710 2310 retinete
1721 2279 1846 2310 vestram
1857 2279 2045 2320 dignitatem.
2065 2287 2133 2307 rna-

1174 2332 1225 2353 net
1248 2323 1300 2353 illa
1318 2325 1351 2352 in
1372 2325 1449 2361 Rep.
1466 2320 1802 2352 bonorumconsensro:
1821 2320 1910 2350 dolor
1919 2317 2032 2350 acceffit
2041 2319 2133 2349 bonis

1175 2365 1247 2394 viris
1262 2376 1270 2398 3
1288 2366 1382 2394 virtus
1401 2373 1465 2393 non
1487 2363 1530 2393 est
1547 2365 1725 2393 imminuta:
1747 2363 1825 2393 nihil
1848 2361 1890 2392 est
1899 2360 2131 2392 damnifadffln]

1179 2407 1271 2435 novi:
1288 2405 1336 2436 sed
1347 2425 1355 2438 ,
1369 2405 1451 2446 quod
1463 2414 1521 2435 erat
1533 2425 1541 2438 ,
1552 2406 1712 2434 inventum
1723 2404 1805 2435 estin
1815 2406 1905 2434 unius
1920 2404 2056 2433 hominis
2065 2411 2134 2443 per-

1181 2446 1235 2476 diti
1256 2446 1383 2487 judicio.
1405 2447 1504 2486 plures
1525 2445 1637 2476 fimiles
1653 2448 1760 2486 reperti
1779 2446 1854 2476 sunt.
1895 2445 1952 2476 Sed
1972 2444 2045 2486 quid
2063 2446 2133 2485 ago?

1179 2498 1263 2529 paene
1276 2491 1447 2520 orationem
1460 2490 1493 2519 in
1503 2488 1662 2530 epistolam
1670 2487 1785 2520 inclufi.
1807 2487 1914 2519 Redeo
1924 2486 1960 2518 ad
1967 2482 2135 2518 altercatio-

2053 2537 2136 2558 nem.

1162 2617 1163 2630 ¹
1180 2609 1312 2645 improbat
1325 2610 1396 2646 vulg.
1410 2609 1555 2636 editionem
1565 2619 1622 2646 quse
1633 2609 1722 2641 habet,
1728 2610 1858 2643 praefidium
1866 2609 1942 2636 vobis.

1215 2658 1242 2684 7.
1263 2653 1315 2687 Q?
1323 2651 1505 2684 mmcsttstatus·
1513 2660 1591 2677 rer-um
1602 2669 1611 2682 ,
1621 2650 1688 2685 ὼε]
1710 2650 1791 2686 Vulg.
1810 2650 1862 2685 quis
1871 2650 2055 2683 nuncfitstatm·
2063 2649 2133 2680 Κείς-κ

182 2686 291 2711 Memin.
311 2684 427 2711 'l‘oi—naes.
450 2684 559 2710 Huralt.
579 2684 617 2709 itu
632 2684 658 2709 &
680 2682 814 2718 antiquior
828 2681 910 2707 codex
924 2680 1050 2708 Victorii.
1070 2681 1143 2716 prins
1180 2688 1268 2720 &qim

183 2728 236 2746 επις
249 2740 256 2752 ,
276 2724 369 2748 irihuni
385 2731 430 2745 mn
441 2718 662 2753 ram-trariiqufim
675 2725 702 2744 ut
725 2720 875 2751 appellamur
892 2720 968 2743 aerati.
994 2717 1140 2743 Lambinus

184 2765 256 2782 nutat
266 2757 390 2793 quostiam
402 2757 491 2792 legere
503 2775 512 2788 ‚
530 2757 622 2781 tribum·
639 2761 743 2781 nontam
761 2757 841 2780 aerarit
859 2761 886 2779 ut
905 2755 1054 2786 appellantur
1070 2752 1142 2787 quein-2

185 2801 259 2819 cnm,

184 2853 187 2857 ,
220 2837 245 2862 3·
267 2830 436 2863 impetraras]
459 2827 702 2863 Vulga'mpetrabat.

216 2875 243 2898 4-
265 2864 386 2896 Εαπεῑῑ
399 2863 488 2906 rust]

179 2944 546 2989 butiore‘in17,1uini':qii.11‘.is5
568 2954 649 2980 quun)
660 2952 738 2971 antea
749 2945 895 2979 legeretur,
976 2978 980 2980 ῃ

253 2985 277 3013 E
288 2995 384 3015 απετε
400 2985 460 3015 νιν]
472 2995 527 3021 mgr
541 2983 650 3025 ,uio-oq
666 2980 823 3027 ὀλύμπιοι
837 2977 968 3023 May-1²
979 2975 1108 3026 ἐ’χῡντες.

181 3028 355 3055 verba-‘ruteni
369 3029 549 3068 illzixibeffcnt.

391 3068 519 3101 O'aems
539 3060 574 3103 ἑνὶ
655 3066 741 3103 Ντον,
760 3070 813 3096 &c.

221 3123 248 3148 5.
270 3114 356 3154 xxv'f]
380 3113 422 3140 Sic
440 3113 480 3139 bis
501 3114 614 3140 restituit
633 3113 692 3140 Bos.
705 3124 739 3141 ex
750 3114 863 3141 Decurt.
883 3122 964 3150 quum
982 3120 1060 3141 antea
1078 3113 1141 3141 ess‘et

181 3158 230 3179 xx.
243 3157 272 3176 nt
282 3150 307 3174 St
326 3148 394 3176 infra
404 3149 483 3175 etiam
495 3148 533 3175 bis
546 3159 629 3175 xxxx.
642 3159 688 3185 pro
701 3159 769 3176 xxx.

216 3186 243 3214 6.
262 3186 394 3221 :Prsfin'mm
404 3185 419 3211 ἂ
434 3186 524 3219 nolin]
546 3186 588 3213 Est
601 3185 667 3214 ssosii
679 3195 713 3212 ex
724 3184 802 3214 ibidis
813 3186 840 3212 St
852 3167 973 3214 Toruizs.
984 3195 1035 3213 nou
1048 3192 1136 3213 tamen

519 2870 559 2894 lta
571 2868 685 2894 restituit
697 2865 801 2893 metor.
821 2873 878 2893 tum
899 2865 1007 2901 vestigia
1023 2866 1142 2901 vei-ozrie-

180 2906 289 2939 Stionis‚
300 2918 375 2944 qnam
390 2909 515 2936 (jer-mani
529 2919 554 2935 in
567 2907 611 2934 suo
623 2908 886 2935 codiceinvenerunt
899 2927 908 2940 ,
919 2915 975 2934 tum
987 2916 1067 2934 etiam
1077 2916 1140 2943 pro⁴

1216 2723 1242 2749 8.
1264 2725 1362 2748 Rubrum
1371 2722 1521 2757 effescianh]
1543 2722 1747 2758 Vulgftiebant.

1213 2770 1241 2798 9.
1261 2765 1422 2797 confirmans,
1432 2763 1566 2797 excitans]
1587 2765 1735 2796 Confirmanr
1744 2763 1772 2793 (ἔγ
1785 2763 1893 2787 excitans
1903 2759 1938 2786 est
1956 2758 1983 2785 in
1997 2758 2114 2793 vulgato.

1221 2812 1263 2829 10.
1283 2808 1343 2839 ‘Kyra
1351 2804 1441 2839 poffimt
1450 2804 1535 2829 habere
1553 2802 1652 2837 nequa]
1674 2801 1755 2837 Vulg.
1765 2811 1810 2827 nnn
1823 2801 1915 2834 poffimt
1924 2801 2010 2825 habere
2027 2800 2134 2831 eandem,

1176 2847 1260 2873 neque,
1270 2841 1321 2871 dyc.
2113 2865 2115 2867 .

1219 2890 1260 2907 ιι.
1279 2884 1368 2906 Remoto
1378 2882 1414 2906 illo
1423 2879 1501 2912 studio
1523 2876 1694 2910 contentionis]
1715 2875 1877 2903 Gulielmius
1888 2873 2043 2910 conjiciebat
2048 2875 2136 2909 stadio,

1179 2921 1249 2957 quod
1261 2921 1343 2958 ipsum
1355 2921 1412 2948 fert:
1424 2918 1537 2955 requirit
1548 2917 1657 2952 sequens
1670 2925 1721 2943 vox
1732 2910 1844 2955 α’γὲἷνα.

1219 2971 1261 2988 12.
1280 2962 1410 2995 Defitmma
1418 2958 1489 2994 Rep.]
1504 2958 1584 2994 Vulg.
1597 2958 1723 2992 defimmm
1733 2960 1791 2990 reip.
1803 2955 1874 2993 quod
1885 2955 1978 2983 melius
1989 2954 2135 2988 habebatur

1177 2997 1337 3024 Gulielmio.

1220 3047 1260 3073 13.
1280 3041 1314 3063 Ne
1324 3044 1366 3062 aur
1375 3035 1519 3068 metuenda]
1542 3035 1603 3060 Hoc
1622 3032 1770 3060 membrum
1810 3032 1862 3060 uod
1872 3032 1936 3059 teste
1945 3030 2068 3059 Viftorio
2086 3030 2134 3058 de-

1180 3082 1248 3104 erat,
1259 3072 1282 3100 se
1292 3070 1431 3108 reposuiss'e
1441 3071 1573 3106 gloriatur
1586 3070 1679 3096 Lanib.
1698 3079 1731 3096 ex
1743 3069 1803 3096 code
1816 3090 1822 3096 .
1834 3070 1946 3096 Merum.
1967 3071 2095 3095 Ceterum
2106 3067 2133 3093 in

1178 3110 1295 3136 edoeione
1306 3107 1402 3134 Lanib.
1414 3106 1507 3134 ordine
1517 3106 1621 3133 inverso
1632 3106 1685 3132 haec
1694 3105 1734 3133 ita
1745 3106 1883 3142 leguntur,
1893 3115 1920 3133 n.
1932 3113 1957 3132 a.
1967 3105 2038 3139 (pst.
2049 3110 2093 3130 aut
2101 3111 2134 3129 nr.

1177 3149 1197 3178 ig
1202 3146 1327 3177 *¹1¹Wff³⁷³·‘1¹·
1563 3172 1567 3176 ι

1219 3190 1261 3217 ινξ.
1282 3187 1359 3217 >5:11oe
1370 3191 1390 3209 :e
1402 3181 1527 3217 rasuera]
1548 3182 1587 3216 Tr,
1598 3180 1693 3211 abest&
1709 3180 1784 3217 vulg.

2046 3221 2058 3241 1
2066 3232 2072 3240 .
2080 3215 2139 3241 OE'Je
