<?xml version="1.0" encoding="UTF-8"?>
<!DOCTYPE html PUBLIC "-//W3C//DTD XHTML 1.0 Transitional//EN"
    "http://www.w3.org/TR/xhtml1/DTD/xhtml1-transitional.dtd">
<html xmlns="http://www.w3.org/1999/xhtml" xml:lang="en" lang="en">
 <head>
  <title>
</title>
<meta http-equiv="Content-Type" content="text/html;charset=utf-8" />
  <meta name='ocr-system' content='tesseract 3.04.00' />
  <meta name='ocr-capabilities' content='ocr_page ocr_carea ocr_par ocr_line ocrx_word'/>
</head>
<body>
  <div class='ocr_page' id='page_1' title='image "./mtuliiciceroniso00cice/mtuliiciceroniso00cice_0313.png"; bbox 0 0 2297 3389; ppageno 0'>
   <div class='ocr_carea' id='block_1_1' title="bbox 0 0 36 3389">
    <p class='ocr_par' dir='ltr' id='par_1_1' title="bbox 0 0 36 3389">
     <span class='ocr_line' id='line_1_1' title="bbox 0 0 36 3389; baseline 0 0"><span class='ocrx_word' id='word_1_1' title='bbox 0 0 36 3389; x_wconf 95' lang='lat' dir='ltr'> </span> 
     </span>
    </p>
   </div>
   <div class='ocr_carea' id='block_1_2' title="bbox 755 133 1070 182">
    <p class='ocr_par' dir='ltr' id='par_1_2' title="bbox 755 133 1070 182">
     <span class='ocr_line' id='line_1_2' title="bbox 755 133 1070 182; baseline 0.01 -3"><span class='ocrx_word' id='word_1_2' title='bbox 755 133 884 180; x_wconf 82' lang='lat' dir='ltr'>L1B.</span> <span class='ocrx_word' id='word_1_3' title='bbox 919 134 948 179; x_wconf 90' lang='grc' dir='ltr'>Ι.</span> <span class='ocrx_word' id='word_1_4' title='bbox 1001 148 1070 182; x_wconf 71' lang='grc' dir='ltr'>ΙΝ</span> 
     </span>
    </p>
   </div>
   <div class='ocr_carea' id='block_1_3' title="bbox 77 210 1095 299">
    <p class='ocr_par' dir='ltr' id='par_1_3' title="bbox 77 210 1095 299">
     <span class='ocr_line' id='line_1_3' title="bbox 77 210 1094 265; baseline -0.007 -13"><span class='ocrx_word' id='word_1_5' title='bbox 77 216 123 264; x_wconf 83' lang='lat'>48</span> <span class='ocrx_word' id='word_1_6' title='bbox 145 218 306 265; x_wconf 81' lang='lat' dir='ltr'>cognostis,</span> <span class='ocrx_word' id='word_1_7' title='bbox 316 216 424 252; x_wconf 81' lang='lat' dir='ltr'>audite.</span> <span class='ocrx_word' id='word_1_8' title='bbox 457 217 469 236; x_wconf 82' lang='lat'><strong>¹</strong></span> <span class='ocrx_word' id='word_1_9' title='bbox 480 216 513 246; x_wconf 90' lang='lat' dir='ltr'>C.</span> <span class='ocrx_word' id='word_1_10' title='bbox 522 210 671 260; x_wconf 83' lang='lat' dir='ltr'>Sulpicius</span> <span class='ocrx_word' id='word_1_11' title='bbox 681 211 829 262; x_wconf 75' lang='lat' dir='ltr'>Olympus</span> <span class='ocrx_word' id='word_1_12' title='bbox 838 211 908 262; x_wconf 74' lang='lat' dir='ltr'>fuit.</span> <span class='ocrx_word' id='word_1_13' title='bbox 920 214 945 242; x_wconf 88' lang='lat' dir='ltr'>is</span> <span class='ocrx_word' id='word_1_14' title='bbox 957 221 1094 245; x_wconf 87' lang='lat' dir='ltr'>mortuus</span> 
     </span>
     <span class='ocr_line' id='line_1_4' title="bbox 141 256 1095 299; baseline -0.008 -6"><span class='ocrx_word' id='word_1_15' title='bbox 141 264 186 295; x_wconf 85' lang='lat' dir='ltr'>est</span> <span class='ocrx_word' id='word_1_16' title='bbox 195 267 227 294; x_wconf 84' lang='lat' dir='ltr'>C.</span> <span class='ocrx_word' id='word_1_17' title='bbox 238 261 390 295; x_wconf 86' lang='lat' dir='ltr'>Sacerdote</span> <span class='ocrx_word' id='word_1_18' title='bbox 400 266 524 299; x_wconf 84' lang='lat' dir='ltr'>praetore</span> <span class='ocrx_word' id='word_1_19' title='bbox 532 276 540 290; x_wconf 92' lang='lat'>,</span> <span class='ocrx_word' id='word_1_20' title='bbox 554 256 654 286; x_wconf 72' lang='lat' dir='ltr'>nestro</span> <span class='ocrx_word' id='word_1_21' title='bbox 663 265 700 285; x_wconf 89' lang='lat' dir='ltr'>an</span> <span class='ocrx_word' id='word_1_22' title='bbox 711 263 779 284; x_wconf 90' lang='lat' dir='ltr'>ante</span> <span class='ocrx_word' id='word_1_23' title='bbox 790 274 798 287; x_wconf 91' lang='lat'>,</span> <span class='ocrx_word' id='word_1_24' title='bbox 809 264 900 295; x_wconf 89' lang='lat' dir='ltr'>quam</span> <span class='ocrx_word' id='word_1_25' title='bbox 910 257 1015 284; x_wconf 86' lang='lat' dir='ltr'>Verres</span> <span class='ocrx_word' id='word_1_26' title='bbox 1021 265 1095 294; x_wconf 85' lang='lat' dir='ltr'>prae-</span> 
     </span>
    </p>
   </div>
   <div class='ocr_carea' id='block_1_4' title="bbox 141 295 2159 346">
    <p class='ocr_par' dir='ltr' id='par_1_4' title="bbox 141 295 2159 346">
     <span class='ocr_line' id='line_1_5' title="bbox 141 295 2159 346; baseline -0 -10"><span class='ocrx_word' id='word_1_27' title='bbox 141 314 237 336; x_wconf 85' lang='lat' dir='ltr'>turam</span> <span class='ocrx_word' id='word_1_28' title='bbox 257 312 354 344; x_wconf 87' lang='lat' dir='ltr'>petere</span> <span class='ocrx_word' id='word_1_29' title='bbox 369 301 500 339; x_wconf 86' lang='lat' dir='ltr'>coeperit.</span> <span class='ocrx_word' id='word_1_30' title='bbox 532 299 613 328; x_wconf 90' lang='lat' dir='ltr'>Fecit</span> <span class='ocrx_word' id='word_1_31' title='bbox 621 296 762 326; x_wconf 89' lang='lat' dir='ltr'>heredem</span> <span class='ocrx_word' id='word_1_32' title='bbox 773 297 817 324; x_wconf 92' lang='lat' dir='ltr'>M.</span> <span class='ocrx_word' id='word_1_33' title='bbox 830 295 991 326; x_wconf 57' lang='lat' dir='ltr'>octavium</span> <span class='ocrx_word' id='word_1_34' title='bbox 1000 298 1095 338; x_wconf 83' lang='lat' dir='ltr'>Ligu-</span> <span class='ocrx_word' id='word_1_35' title='bbox 1140 299 1229 330; x_wconf 83' lang='lat' dir='ltr'>daciae</span> <span class='ocrx_word' id='word_1_36' title='bbox 1246 301 1303 332; x_wconf 87' lang='lat' dir='ltr'>suae</span> <span class='ocrx_word' id='word_1_37' title='bbox 1322 313 1561 334; x_wconf 86' lang='lat' dir='ltr'>monumentum</span> <span class='ocrx_word' id='word_1_38' title='bbox 1584 312 1729 334; x_wconf 85' lang='lat' dir='ltr'>aeternum</span> <span class='ocrx_word' id='word_1_39' title='bbox 1754 304 1941 346; x_wconf 85' lang='lat' dir='ltr'>relinquere?</span> <span class='ocrx_word' id='word_1_40' title='bbox 1984 307 2095 339; x_wconf 86' lang='lat' dir='ltr'>AEdem</span> <span class='ocrx_word' id='word_1_41' title='bbox 2112 308 2159 340; x_wconf 72' lang='lat'>&gt;⁴0</span> 
     </span>
    </p>
   </div>
   <div class='ocr_carea' id='block_1_5' title="bbox 46 336 1095 2919">
    <p class='ocr_par' dir='ltr' id='par_1_5' title="bbox 46 336 1095 2919">
     <span class='ocr_line' id='line_1_6' title="bbox 138 336 1093 385; baseline -0.01 -8"><span class='ocrx_word' id='word_1_42' title='bbox 138 356 213 377; x_wconf 83' lang='lat' dir='ltr'>rem.</span> <span class='ocrx_word' id='word_1_43' title='bbox 246 347 338 385; x_wconf 84' lang='lat' dir='ltr'>Ligur</span> <span class='ocrx_word' id='word_1_44' title='bbox 346 341 540 372; x_wconf 83' lang='lat' dir='ltr'>hereditatem</span> <span class='ocrx_word' id='word_1_45' title='bbox 550 338 623 369; x_wconf 88' lang='lat' dir='ltr'>adiit</span> <span class='ocrx_word' id='word_1_46' title='bbox 634 349 640 367; x_wconf 89' lang='lat'><strong>:</strong></span> <span class='ocrx_word' id='word_1_47' title='bbox 658 336 785 378; x_wconf 82' lang='lat' dir='ltr'>poffedit</span> <span class='ocrx_word' id='word_1_48' title='bbox 793 337 947 368; x_wconf 76' lang='lat' dir='ltr'>Sacerdote</span> <span class='ocrx_word' id='word_1_49' title='bbox 957 346 1093 376; x_wconf 68' lang='lat' dir='ltr'>piaetore,</span> 
     </span>
     <span class='ocr_line' id='line_1_7' title="bbox 130 377 1093 430; baseline -0.008 -14"><span class='ocrx_word' id='word_1_50' title='bbox 130 388 190 430; x_wconf 78' lang='lat' dir='ltr'>sine</span> <span class='ocrx_word' id='word_1_51' title='bbox 197 387 253 416; x_wconf 79' lang='lat' dir='ltr'>ulla</span> <span class='ocrx_word' id='word_1_52' title='bbox 261 382 451 424; x_wconf 76' lang='lat' dir='ltr'>controverfia.</span> <span class='ocrx_word' id='word_1_53' title='bbox 475 379 667 421; x_wconf 73' lang='lat' dir='ltr'>Posteaquam</span> <span class='ocrx_word' id='word_1_54' title='bbox 678 382 783 409; x_wconf 83' lang='lat' dir='ltr'>Verres</span> <span class='ocrx_word' id='word_1_55' title='bbox 793 377 998 419; x_wconf 88' lang='lat' dir='ltr'>magistratum</span> <span class='ocrx_word' id='word_1_56' title='bbox 1008 380 1077 408; x_wconf 90' lang='lat' dir='ltr'>iniit</span> <span class='ocrx_word' id='word_1_57' title='bbox 1088 390 1093 408; x_wconf 87' lang='lat'><strong>:</strong></span> 
     </span>
     <span class='ocr_line' id='line_1_8' title="bbox 135 420 1092 465; baseline -0.011 -6"><span class='ocrx_word' id='word_1_58' title='bbox 135 438 175 459; x_wconf 81' lang='lat' dir='ltr'>ex</span> <span class='ocrx_word' id='word_1_59' title='bbox 182 426 279 458; x_wconf 57' lang='lat' dir='ltr'>edicto</span> <span class='ocrx_word' id='word_1_60' title='bbox 287 425 384 458; x_wconf 91' lang='lat' dir='ltr'>istius,</span> <span class='ocrx_word' id='word_1_61' title='bbox 398 421 628 465; x_wconf 66' lang='lat' dir='ltr'>quodedffitum</span> <span class='ocrx_word' id='word_1_62' title='bbox 637 420 777 452; x_wconf 82' lang='lat' dir='ltr'>Sacerdos</span> <span class='ocrx_word' id='word_1_63' title='bbox 786 430 850 451; x_wconf 88' lang='lat' dir='ltr'>non</span> <span class='ocrx_word' id='word_1_64' title='bbox 860 420 1010 452; x_wconf 84' lang='lat' dir='ltr'>habuerat,</span> <span class='ocrx_word' id='word_1_65' title='bbox 1024 420 1092 450; x_wconf 85' lang='lat' dir='ltr'>Sul-</span> 
     </span>
     <span class='ocr_line' id='line_1_9' title="bbox 131 461 1090 510; baseline -0.009 -11"><span class='ocrx_word' id='word_1_66' title='bbox 131 471 205 510; x_wconf 89' lang='lat' dir='ltr'>picii</span> <span class='ocrx_word' id='word_1_67' title='bbox 223 469 339 508; x_wconf 90' lang='lat' dir='ltr'>patroni</span> <span class='ocrx_word' id='word_1_68' title='bbox 349 465 409 497; x_wconf 90' lang='lat' dir='ltr'>filia</span> <span class='ocrx_word' id='word_1_69' title='bbox 417 466 530 496; x_wconf 84' lang='lat' dir='ltr'>seXtam</span> <span class='ocrx_word' id='word_1_70' title='bbox 541 473 653 504; x_wconf 86' lang='lat' dir='ltr'>partem</span> <span class='ocrx_word' id='word_1_71' title='bbox 664 462 836 493; x_wconf 88' lang='lat' dir='ltr'>hereditatis</span> <span class='ocrx_word' id='word_1_72' title='bbox 845 461 881 491; x_wconf 91' lang='lat' dir='ltr'>ab</span> <span class='ocrx_word' id='word_1_73' title='bbox 891 463 998 503; x_wconf 86' lang='lat' dir='ltr'>Ligure</span> <span class='ocrx_word' id='word_1_74' title='bbox 1007 470 1090 501; x_wconf 87' lang='lat' dir='ltr'>pete-</span> 
     </span>
     <span class='ocr_line' id='line_1_10' title="bbox 132 503 1087 550; baseline -0.008 -10"><span class='ocrx_word' id='word_1_75' title='bbox 132 520 164 540; x_wconf 90' lang='lat' dir='ltr'>re</span> <span class='ocrx_word' id='word_1_76' title='bbox 174 511 272 550; x_wconf 86' lang='lat' dir='ltr'>coepit.</span> <span class='ocrx_word' id='word_1_77' title='bbox 294 511 388 548; x_wconf 86' lang='lat' dir='ltr'>Ligur</span> <span class='ocrx_word' id='word_1_78' title='bbox 405 517 470 538; x_wconf 90' lang='lat' dir='ltr'>non</span> <span class='ocrx_word' id='word_1_79' title='bbox 489 506 593 536; x_wconf 87' lang='lat' dir='ltr'>aderat.</span> <span class='ocrx_word' id='word_1_80' title='bbox 626 507 661 535; x_wconf 94' lang='lat' dir='ltr'>L.</span> <span class='ocrx_word' id='word_1_81' title='bbox 671 504 759 535; x_wconf 86' lang='lat' dir='ltr'>frater</span> <span class='ocrx_word' id='word_1_82' title='bbox 768 504 830 543; x_wconf 86' lang='lat' dir='ltr'>ejus</span> <span class='ocrx_word' id='word_1_83' title='bbox 841 503 956 533; x_wconf 88' lang='lat' dir='ltr'>causam</span> <span class='ocrx_word' id='word_1_84' title='bbox 968 503 1070 544; x_wconf 85' lang='lat' dir='ltr'>agebat</span> <span class='ocrx_word' id='word_1_85' title='bbox 1083 514 1087 532; x_wconf 93' lang='lat'><strong>:</strong></span> 
     </span>
     <span class='ocr_line' id='line_1_11' title="bbox 131 543 1089 590; baseline -0.009 -8"><span class='ocrx_word' id='word_1_86' title='bbox 131 551 251 582; x_wconf 85' lang='lat' dir='ltr'>aderant</span> <span class='ocrx_word' id='word_1_87' title='bbox 259 552 360 584; x_wconf 87' lang='lat' dir='ltr'>amici,</span> <span class='ocrx_word' id='word_1_88' title='bbox 370 551 480 590; x_wconf 85' lang='lat' dir='ltr'>propin</span> <span class='ocrx_word' id='word_1_89' title='bbox 503 550 543 577; x_wconf 89' lang='lat' dir='ltr'>ui.</span> <span class='ocrx_word' id='word_1_90' title='bbox 577 546 705 577; x_wconf 84' lang='lat' dir='ltr'>Dicebat</span> <span class='ocrx_word' id='word_1_91' title='bbox 723 545 776 576; x_wconf 88' lang='lat' dir='ltr'>iste</span> <span class='ocrx_word' id='word_1_92' title='bbox 784 565 792 578; x_wconf 84' lang='lat'>‚</span> <span class='ocrx_word' id='word_1_93' title='bbox 816 543 871 575; x_wconf 80' lang='lat' dir='ltr'>nisi</span> <span class='ocrx_word' id='word_1_94' title='bbox 881 554 952 574; x_wconf 89' lang='lat' dir='ltr'>cum</span> <span class='ocrx_word' id='word_1_95' title='bbox 961 545 1089 574; x_wconf 85' lang='lat' dir='ltr'>muliere</span> 
     </span>
     <span class='ocr_line' id='line_1_12' title="bbox 131 585 1087 632; baseline -0.008 -9"><span class='ocrx_word' id='word_1_96' title='bbox 131 592 314 623; x_wconf 84' lang='lat' dir='ltr'>decideretur</span> <span class='ocrx_word' id='word_1_97' title='bbox 322 612 331 625; x_wconf 91' lang='lat'>‚</span> <span class='ocrx_word' id='word_1_98' title='bbox 349 593 382 621; x_wconf 88' lang='lat' dir='ltr'>in</span> <span class='ocrx_word' id='word_1_99' title='bbox 399 589 480 632; x_wconf 84' lang='lat' dir='ltr'>posse</span> <span class='ocrx_word' id='word_1_100' title='bbox 505 599 610 619; x_wconf 82' lang='lat' dir='ltr'>ionem</span> <span class='ocrx_word' id='word_1_101' title='bbox 629 589 658 618; x_wconf 88' lang='lat' dir='ltr'>se</span> <span class='ocrx_word' id='word_1_102' title='bbox 676 590 718 617; x_wconf 87' lang='lat' dir='ltr'>ire</span> <span class='ocrx_word' id='word_1_103' title='bbox 732 585 892 626; x_wconf 82' lang='lat' dir='ltr'>juffurum.</span> <span class='ocrx_word' id='word_1_104' title='bbox 922 586 1087 632; x_wconf 25' lang='lat' dir='ltr'>L.‘Gellius</span> 
     </span>
     <span class='ocr_line' id='line_1_13' title="bbox 128 627 1088 675; baseline -0.008 -11"><span class='ocrx_word' id='word_1_105' title='bbox 128 634 246 665; x_wconf 87' lang='lat' dir='ltr'>causam</span> <span class='ocrx_word' id='word_1_106' title='bbox 265 635 384 675; x_wconf 86' lang='lat' dir='ltr'>Liguris</span> <span class='ocrx_word' id='word_1_107' title='bbox 402 631 596 662; x_wconf 87' lang='lat' dir='ltr'>defendebat:</span> <span class='ocrx_word' id='word_1_108' title='bbox 625 629 749 659; x_wconf 87' lang='lat' dir='ltr'>docebat</span> <span class='ocrx_word' id='word_1_109' title='bbox 757 649 766 661; x_wconf 94' lang='lat'>,</span> <span class='ocrx_word' id='word_1_110' title='bbox 790 627 924 658; x_wconf 69' lang='lat' dir='ltr'>edi&amp;um</span> <span class='ocrx_word' id='word_1_111' title='bbox 939 638 964 667; x_wconf 74' lang='lat' dir='ltr'>ej</span> <span class='ocrx_word' id='word_1_112' title='bbox 971 637 1003 657; x_wconf 88' lang='lat' dir='ltr'>us</span> <span class='ocrx_word' id='word_1_113' title='bbox 1023 637 1088 657; x_wconf 88' lang='lat' dir='ltr'>non</span> 
     </span>
     <span class='ocr_line' id='line_1_14' title="bbox 128 673 1088 716; baseline -0.007 -11"><span class='ocrx_word' id='word_1_114' title='bbox 128 684 264 715; x_wconf 87' lang='lat' dir='ltr'>oportere</span> <span class='ocrx_word' id='word_1_115' title='bbox 273 676 308 705; x_wconf 90' lang='lat' dir='ltr'>ad</span> <span class='ocrx_word' id='word_1_116' title='bbox 319 674 494 705; x_wconf 82' lang='lat' dir='ltr'>hereditates</span> <span class='ocrx_word' id='word_1_117' title='bbox 505 673 600 703; x_wconf 85' lang='lat' dir='ltr'>valere</span> <span class='ocrx_word' id='word_1_118' title='bbox 611 692 619 705; x_wconf 91' lang='lat'>‚</span> <span class='ocrx_word' id='word_1_119' title='bbox 636 681 700 711; x_wconf 87' lang='lat' dir='ltr'>quae</span> <span class='ocrx_word' id='word_1_120' title='bbox 711 679 777 700; x_wconf 85' lang='lat' dir='ltr'>ante</span> <span class='ocrx_word' id='word_1_121' title='bbox 786 679 857 715; x_wconf 24' lang='lat' dir='ltr'>euvm</span> <span class='ocrx_word' id='word_1_122' title='bbox 868 677 1025 716; x_wconf 67' lang='lat' dir='ltr'>praetorem</span> <span class='ocrx_word' id='word_1_123' title='bbox 1037 679 1088 699; x_wconf 85' lang='lat' dir='ltr'>ve—</span> 
     </span>
     <span class='ocr_line' id='line_1_15' title="bbox 127 709 1086 752; baseline -0.007 -5"><span class='ocrx_word' id='word_1_124' title='bbox 127 715 246 747; x_wconf 78' lang='lat' dir='ltr'>niss&#39;ent.</span> <span class='ocrx_word' id='word_1_125' title='bbox 270 715 291 746; x_wconf 93' lang='lat' dir='ltr'>si</span> <span class='ocrx_word' id='word_1_126' title='bbox 300 717 359 746; x_wconf 90' lang='lat' dir='ltr'>hoc</span> <span class='ocrx_word' id='word_1_127' title='bbox 370 725 434 746; x_wconf 87' lang='lat' dir='ltr'>tum</span> <span class='ocrx_word' id='word_1_128' title='bbox 446 713 545 745; x_wconf 82' lang='lat' dir='ltr'>fuifl&#39;et</span> <span class='ocrx_word' id='word_1_129' title='bbox 554 712 689 744; x_wconf 65' lang='lat' dir='ltr'>edictum</span> <span class='ocrx_word' id='word_1_130' title='bbox 701 732 710 745; x_wconf 91' lang='lat'>‚</span> <span class='ocrx_word' id='word_1_131' title='bbox 720 709 839 741; x_wconf 87' lang='lat' dir='ltr'>fortasse</span> <span class='ocrx_word' id='word_1_132' title='bbox 849 712 992 752; x_wconf 81' lang='lat' dir='ltr'>Ligurem</span> <span class='ocrx_word' id='word_1_133' title='bbox 1002 711 1086 740; x_wconf 89' lang='lat' dir='ltr'>here-</span> 
     </span>
     <span class='ocr_line' id='line_1_16' title="bbox 126 751 1087 794; baseline -0.007 -6"><span class='ocrx_word' id='word_1_134' title='bbox 126 757 251 788; x_wconf 89' lang='lat' dir='ltr'>ditatem</span> <span class='ocrx_word' id='word_1_135' title='bbox 260 758 412 788; x_wconf 89' lang='lat' dir='ltr'>aditurum</span> <span class='ocrx_word' id='word_1_136' title='bbox 423 767 488 787; x_wconf 91' lang='lat' dir='ltr'>non</span> <span class='ocrx_word' id='word_1_137' title='bbox 497 754 594 786; x_wconf 84' lang='lat' dir='ltr'>fuiffe.</span> <span class='ocrx_word' id='word_1_138' title='bbox 616 756 713 794; x_wconf 86' lang='lat' dir='ltr'>AEqua</span> <span class='ocrx_word' id='word_1_139' title='bbox 722 751 892 793; x_wconf 85' lang='lat' dir='ltr'>postulatio,</span> <span class='ocrx_word' id='word_1_140' title='bbox 904 752 1021 782; x_wconf 88' lang='lat' dir='ltr'>summa</span> <span class='ocrx_word' id='word_1_141' title='bbox 1031 753 1087 782; x_wconf 86' lang='lat' dir='ltr'>ho-</span> 
     </span>
     <span class='ocr_line' id='line_1_17' title="bbox 125 794 1085 840; baseline -0.008 -10"><span class='ocrx_word' id='word_1_142' title='bbox 125 800 248 829; x_wconf 88' lang='lat' dir='ltr'>minum</span> <span class='ocrx_word' id='word_1_143' title='bbox 257 799 413 829; x_wconf 58' lang='lat' dir='ltr'>auctoritas</span> <span class='ocrx_word' id='word_1_144' title='bbox 418 799 505 840; x_wconf 76' lang='lat' dir='ltr'>pretio</span> <span class='ocrx_word' id='word_1_145' title='bbox 510 794 706 836; x_wconf 76' lang='lat' dir='ltr'>superabatur.</span> <span class='ocrx_word' id='word_1_146' title='bbox 730 796 822 824; x_wconf 88' lang='lat' dir='ltr'>Venit</span> <span class='ocrx_word' id='word_1_147' title='bbox 830 796 964 824; x_wconf 85' lang='lat' dir='ltr'>Romam</span> <span class='ocrx_word' id='word_1_148' title='bbox 975 795 1069 834; x_wconf 84' lang='lat' dir='ltr'>Ligur</span> <span class='ocrx_word' id='word_1_149' title='bbox 1080 804 1085 822; x_wconf 89' lang='lat'>:</span> 
     </span>
     <span class='ocr_line' id='line_1_18' title="bbox 125 834 1080 881; baseline -0.008 -9"><span class='ocrx_word' id='word_1_150' title='bbox 125 850 190 871; x_wconf 87' lang='lat' dir='ltr'>non</span> <span class='ocrx_word' id='word_1_151' title='bbox 200 841 351 871; x_wconf 79' lang='lat' dir='ltr'>dubitabat</span> <span class='ocrx_word' id='word_1_152' title='bbox 360 861 368 874; x_wconf 88' lang='lat'><strong>,</strong></span> <span class='ocrx_word' id='word_1_153' title='bbox 378 843 452 881; x_wconf 88' lang='lat' dir='ltr'>quin</span> <span class='ocrx_word' id='word_1_154' title='bbox 462 860 470 873; x_wconf 90' lang='lat'>‚</span> <span class='ocrx_word' id='word_1_155' title='bbox 482 837 503 868; x_wconf 84' lang='lat' dir='ltr'>si</span> <span class='ocrx_word' id='word_1_156' title='bbox 512 838 709 878; x_wconf 71' lang='lat' dir='ltr'>ipse&#39;Verrem</span> <span class='ocrx_word' id='word_1_157' title='bbox 717 834 922 868; x_wconf 85' lang='lat' dir='ltr'>convenisset,</span> <span class='ocrx_word' id='word_1_158' title='bbox 943 838 1080 881; x_wconf 65' lang='lat' dir='ltr'>aequitate</span> 
     </span>
     <span class='ocr_line' id='line_1_19' title="bbox 122 875 1079 916; baseline -0.007 -3"><span class='ocrx_word' id='word_1_159' title='bbox 122 884 226 916; x_wconf 81' lang='lat' dir='ltr'>causae,</span> <span class='ocrx_word' id='word_1_160' title='bbox 236 883 269 912; x_wconf 88' lang='lat'>&amp;</span> <span class='ocrx_word' id='word_1_161' title='bbox 279 882 451 912; x_wconf 60' lang='lat' dir='ltr'>auetoritate</span> <span class='ocrx_word' id='word_1_162' title='bbox 461 881 509 911; x_wconf 89' lang='lat' dir='ltr'>sua</span> <span class='ocrx_word' id='word_1_163' title='bbox 519 889 714 909; x_wconf 88' lang='lat' dir='ltr'>commovere</span> <span class='ocrx_word' id='word_1_164' title='bbox 723 878 885 908; x_wconf 88' lang='lat' dir='ltr'>hominem</span> <span class='ocrx_word' id='word_1_165' title='bbox 895 875 999 916; x_wconf 87' lang='lat' dir='ltr'>posset.</span> <span class='ocrx_word' id='word_1_166' title='bbox 1023 876 1079 906; x_wconf 90' lang='lat' dir='ltr'>do-</span> 
     </span>
     <span class='ocr_line' id='line_1_20' title="bbox 122 917 1079 960; baseline -0.007 -6"><span class='ocrx_word' id='word_1_167' title='bbox 122 933 211 954; x_wconf 91' lang='lat' dir='ltr'>mum</span> <span class='ocrx_word' id='word_1_168' title='bbox 229 924 263 954; x_wconf 92' lang='lat' dir='ltr'>ad</span> <span class='ocrx_word' id='word_1_169' title='bbox 280 934 349 953; x_wconf 90' lang='lat' dir='ltr'>eum</span> <span class='ocrx_word' id='word_1_170' title='bbox 369 925 452 953; x_wconf 86' lang='lat' dir='ltr'>venit</span> <span class='ocrx_word' id='word_1_171' title='bbox 463 932 469 951; x_wconf 70' lang='grc' dir='ltr'><em>ι</em></span> <span class='ocrx_word' id='word_1_172' title='bbox 489 931 554 951; x_wconf 84' lang='lat' dir='ltr'>rem</span> <span class='ocrx_word' id='word_1_173' title='bbox 570 919 755 951; x_wconf 88' lang='lat' dir='ltr'>demonstrat</span> <span class='ocrx_word' id='word_1_174' title='bbox 770 930 775 949; x_wconf 91' lang='lat'><strong>:</strong></span> <span class='ocrx_word' id='word_1_175' title='bbox 796 929 887 960; x_wconf 90' lang='lat' dir='ltr'>quarn</span> <span class='ocrx_word' id='word_1_176' title='bbox 897 918 1017 958; x_wconf 87' lang='lat' dir='ltr'>pridem</span> <span class='ocrx_word' id='word_1_177' title='bbox 1027 917 1079 948; x_wconf 90' lang='lat' dir='ltr'>sibi</span> 
     </span>
     <span class='ocr_line' id='line_1_21' title="bbox 67 957 1079 1003; baseline -0.007 -8"><span class='ocrx_word' id='word_1_178' title='bbox 67 979 75 985; x_wconf 33' lang='grc' dir='ltr'>Δ»</span> <span class='ocrx_word' id='word_1_179' title='bbox 119 965 265 995; x_wconf 86' lang='lat' dir='ltr'>hereditas</span> <span class='ocrx_word' id='word_1_180' title='bbox 282 963 408 995; x_wconf 82' lang='lat' dir='ltr'>veniffet</span> <span class='ocrx_word' id='word_1_181' title='bbox 417 984 425 997; x_wconf 90' lang='lat'>‚</span> <span class='ocrx_word' id='word_1_182' title='bbox 445 963 540 993; x_wconf 90' lang='lat' dir='ltr'>docet.</span> <span class='ocrx_word' id='word_1_183' title='bbox 567 962 649 1003; x_wconf 91' lang='lat' dir='ltr'>quod</span> <span class='ocrx_word' id='word_1_184' title='bbox 668 961 756 992; x_wconf 87' lang='lat' dir='ltr'>facile</span> <span class='ocrx_word' id='word_1_185' title='bbox 776 963 809 990; x_wconf 87' lang='lat' dir='ltr'>in</span> <span class='ocrx_word' id='word_1_186' title='bbox 827 961 910 990; x_wconf 84' lang='lat' dir='ltr'>causa</span> <span class='ocrx_word' id='word_1_187' title='bbox 919 957 1079 1000; x_wconf 84' lang='lat' dir='ltr'>aequiffima</span> 
     </span>
     <span class='ocr_line' id='line_1_22' title="bbox 121 1002 1079 1051; baseline -0.006 -15"><span class='ocrx_word' id='word_1_188' title='bbox 121 1006 242 1036; x_wconf 89' lang='lat' dir='ltr'>homini</span> <span class='ocrx_word' id='word_1_189' title='bbox 252 1006 409 1047; x_wconf 87' lang='lat' dir='ltr'>ingenioso</span> <span class='ocrx_word' id='word_1_190' title='bbox 418 1005 477 1035; x_wconf 84' lang='lat' dir='ltr'>fuit</span> <span class='ocrx_word' id='word_1_191' title='bbox 487 1015 492 1033; x_wconf 71' lang='grc' dir='ltr'><em>ι</em></span> <span class='ocrx_word' id='word_1_192' title='bbox 518 1005 614 1034; x_wconf 88' lang='lat' dir='ltr'>multa</span> <span class='ocrx_word' id='word_1_193' title='bbox 623 1023 632 1038; x_wconf 85' lang='lat'>‚</span> <span class='ocrx_word' id='word_1_194' title='bbox 655 1013 721 1044; x_wconf 87' lang='lat' dir='ltr'>quae</span> <span class='ocrx_word' id='word_1_195' title='bbox 730 1004 869 1043; x_wconf 88' lang='lat' dir='ltr'>quemvis</span> <span class='ocrx_word' id='word_1_196' title='bbox 878 1011 1000 1051; x_wconf 69' lang='lat' dir='ltr'>movere</span> <span class='ocrx_word' id='word_1_197' title='bbox 1010 1002 1079 1040; x_wconf 87' lang='lat' dir='ltr'>pos-</span> 
     </span>
     <span class='ocr_line' id='line_1_23' title="bbox 119 1043 1077 1085; baseline -0.005 -8"><span class='ocrx_word' id='word_1_198' title='bbox 119 1047 183 1077; x_wconf 84' lang='lat' dir='ltr'>sent</span> <span class='ocrx_word' id='word_1_199' title='bbox 192 1067 201 1081; x_wconf 87' lang='lat'>,</span> <span class='ocrx_word' id='word_1_200' title='bbox 220 1047 309 1077; x_wconf 86' lang='lat' dir='ltr'>dixit.</span> <span class='ocrx_word' id='word_1_201' title='bbox 331 1047 367 1077; x_wconf 90' lang='lat' dir='ltr'>ad</span> <span class='ocrx_word' id='word_1_202' title='bbox 379 1056 550 1077; x_wconf 87' lang='lat' dir='ltr'>extremum</span> <span class='ocrx_word' id='word_1_203' title='bbox 559 1054 659 1085; x_wconf 85' lang='lat' dir='ltr'>petere</span> <span class='ocrx_word' id='word_1_204' title='bbox 669 1047 760 1084; x_wconf 85' lang='lat' dir='ltr'>coepit</span> <span class='ocrx_word' id='word_1_205' title='bbox 769 1064 778 1078; x_wconf 90' lang='lat'>,</span> <span class='ocrx_word' id='word_1_206' title='bbox 797 1054 836 1073; x_wconf 90' lang='lat' dir='ltr'>ne</span> <span class='ocrx_word' id='word_1_207' title='bbox 846 1044 938 1084; x_wconf 87' lang='lat' dir='ltr'>usque</span> <span class='ocrx_word' id='word_1_208' title='bbox 947 1053 983 1072; x_wconf 85' lang='lat' dir='ltr'>eo</span> <span class='ocrx_word' id='word_1_209' title='bbox 995 1043 1077 1073; x_wconf 83' lang='lat' dir='ltr'>suam</span> 
     </span>
     <span class='ocr_line' id='line_1_24' title="bbox 118 1085 1095 1128; baseline -0.006 -9"><span class='ocrx_word' id='word_1_210' title='bbox 118 1088 322 1119; x_wconf 61' lang='lat' dir='ltr'>auctoritatem</span> <span class='ocrx_word' id='word_1_211' title='bbox 340 1088 502 1128; x_wconf 86' lang='lat' dir='ltr'>despiceret</span> <span class='ocrx_word' id='word_1_212' title='bbox 511 1108 520 1120; x_wconf 93' lang='lat'>,</span> <span class='ocrx_word' id='word_1_213' title='bbox 541 1089 722 1128; x_wconf 87' lang='lat' dir='ltr'>gratiamque</span> <span class='ocrx_word' id='word_1_214' title='bbox 741 1093 951 1116; x_wconf 87' lang='lat' dir='ltr'>contemneret</span> <span class='ocrx_word' id='word_1_215' title='bbox 960 1104 968 1118; x_wconf 92' lang='lat'>‚</span> <span class='ocrx_word' id='word_1_216' title='bbox 1000 1093 1032 1114; x_wconf 87' lang='lat' dir='ltr'>ut</span> <span class='ocrx_word' id='word_1_217' title='bbox 1050 1085 1078 1114; x_wconf 83' lang='lat' dir='ltr'>se</span> <span class='ocrx_word' id='word_1_218' title='bbox 1093 1089 1095 1128; x_wconf 61' lang='grc' dir='ltr'>ξ</span> 
     </span>
     <span class='ocr_line' id='line_1_25' title="bbox 117 1127 1095 1170; baseline -0.006 -10"><span class='ocrx_word' id='word_1_219' title='bbox 117 1137 196 1160; x_wconf 86' lang='lat' dir='ltr'>tanta</span> <span class='ocrx_word' id='word_1_220' title='bbox 205 1131 314 1170; x_wconf 85' lang='lat' dir='ltr'>injuria</span> <span class='ocrx_word' id='word_1_221' title='bbox 321 1129 459 1160; x_wconf 85' lang='lat' dir='ltr'>afficeret.</span> <span class='ocrx_word' id='word_1_222' title='bbox 484 1132 590 1159; x_wconf 89' lang='lat' dir='ltr'>Homo</span> <span class='ocrx_word' id='word_1_223' title='bbox 600 1130 742 1169; x_wconf 86' lang='lat' dir='ltr'>Ligurem</span> <span class='ocrx_word' id='word_1_224' title='bbox 752 1127 884 1158; x_wconf 87' lang='lat' dir='ltr'>accusare</span> <span class='ocrx_word' id='word_1_225' title='bbox 895 1127 986 1166; x_wconf 86' lang='lat' dir='ltr'>coepit</span> <span class='ocrx_word' id='word_1_226' title='bbox 1000 1135 1004 1154; x_wconf 95' lang='lat'>:</span> <span class='ocrx_word' id='word_1_227' title='bbox 1025 1128 1076 1166; x_wconf 86' lang='lat' dir='ltr'>qui</span> <span class='ocrx_word' id='word_1_228' title='bbox 1092 1134 1095 1161; x_wconf 69' lang='lat' dir='ltr'><em>j</em></span> 
     </span>
     <span class='ocr_line' id='line_1_26' title="bbox 118 1169 1073 1213; baseline -0.004 -13"><span class='ocrx_word' id='word_1_229' title='bbox 118 1171 148 1200; x_wconf 75' lang='lat' dir='ltr'>in</span> <span class='ocrx_word' id='word_1_230' title='bbox 157 1182 184 1200; x_wconf 84' lang='lat' dir='ltr'>re</span> <span class='ocrx_word' id='word_1_231' title='bbox 193 1172 365 1205; x_wconf 81' lang='lat' dir='ltr'>adventitia,</span> <span class='ocrx_word' id='word_1_232' title='bbox 376 1180 462 1213; x_wconf 86' lang='lat' dir='ltr'>atque</span> <span class='ocrx_word' id='word_1_233' title='bbox 472 1170 647 1200; x_wconf 88' lang='lat' dir='ltr'>hereditaria</span> <span class='ocrx_word' id='word_1_234' title='bbox 655 1178 716 1199; x_wconf 90' lang='lat' dir='ltr'>tam</span> <span class='ocrx_word' id='word_1_235' title='bbox 728 1169 866 1209; x_wconf 82' lang='lat' dir='ltr'>diligenS‚</span> <span class='ocrx_word' id='word_1_236' title='bbox 878 1176 937 1198; x_wconf 87' lang='lat' dir='ltr'>tam</span> <span class='ocrx_word' id='word_1_237' title='bbox 947 1176 1073 1198; x_wconf 83' lang='lat' dir='ltr'>attentus</span> 
     </span>
     <span class='ocr_line' id='line_1_27' title="bbox 117 1209 1072 1251; baseline -0.005 -8"><span class='ocrx_word' id='word_1_238' title='bbox 117 1212 204 1243; x_wconf 69' lang='lat' dir='ltr'>effer:</span> <span class='ocrx_word' id='word_1_239' title='bbox 224 1213 330 1244; x_wconf 88' lang='lat' dir='ltr'>debere</span> <span class='ocrx_word' id='word_1_240' title='bbox 348 1223 420 1243; x_wconf 89' lang='lat' dir='ltr'>eum</span> <span class='ocrx_word' id='word_1_241' title='bbox 437 1212 532 1251; x_wconf 88' lang='lat' dir='ltr'>ajebat</span> <span class='ocrx_word' id='word_1_242' title='bbox 548 1213 632 1242; x_wconf 86' lang='lat' dir='ltr'>suam</span> <span class='ocrx_word' id='word_1_243' title='bbox 650 1220 770 1251; x_wconf 90' lang='lat' dir='ltr'>quoque</span> <span class='ocrx_word' id='word_1_244' title='bbox 787 1212 937 1240; x_wconf 87' lang='lat' dir='ltr'>rationem</span> <span class='ocrx_word' id='word_1_245' title='bbox 947 1209 1052 1239; x_wconf 88' lang='lat' dir='ltr'>ducere</span> <span class='ocrx_word' id='word_1_246' title='bbox 1067 1220 1072 1238; x_wconf 91' lang='lat'>:</span> 
     </span>
     <span class='ocr_line' id='line_1_28' title="bbox 117 1252 1073 1295; baseline -0.005 -11"><span class='ocrx_word' id='word_1_247' title='bbox 117 1256 316 1284; x_wconf 54' lang='lat' dir='ltr'>MULTtA</span> <span class='ocrx_word' id='word_1_248' title='bbox 346 1255 452 1284; x_wconf 82' lang='lat' dir='ltr'><em>SIBI</em></span> <span class='ocrx_word' id='word_1_249' title='bbox 480 1253 600 1283; x_wconf 82' lang='lat' dir='ltr'>onS</span> <span class='ocrx_word' id='word_1_250' title='bbox 622 1253 757 1286; x_wconf 82' lang='lat' dir='ltr'><em>ESSE,</em></span> <span class='ocrx_word' id='word_1_251' title='bbox 780 1252 970 1295; x_wconf 54' lang='lat' dir='ltr'>MULTdJ</span> <span class='ocrx_word' id='word_1_252' title='bbox 994 1252 1073 1279; x_wconf 58' lang='lat' dir='ltr'>CA-</span> 
     </span>
     <span class='ocr_line' id='line_1_29' title="bbox 115 1291 1073 1336; baseline -0.004 -10"><span class='ocrx_word' id='word_1_253' title='bbox 115 1298 204 1325; x_wconf 87' lang='lat' dir='ltr'>NIB</span> <span class='ocrx_word' id='word_1_254' title='bbox 212 1299 241 1325; x_wconf 85' lang='lat' dir='ltr'><em>U</em></span> <span class='ocrx_word' id='word_1_255' title='bbox 249 1297 270 1326; x_wconf 90' lang='lat' dir='ltr'><em>S</em></span> <span class='ocrx_word' id='word_1_256' title='bbox 290 1296 349 1325; x_wconf 81' lang='lat' dir='ltr'>Sv</span> <span class='ocrx_word' id='word_1_257' title='bbox 357 1297 402 1326; x_wconf 87' lang='lat' dir='ltr'>IS</span> <span class='ocrx_word' id='word_1_258' title='bbox 413 1316 420 1329; x_wconf 92' lang='lat'>,</span> <span class='ocrx_word' id='word_1_259' title='bbox 446 1305 520 1336; x_wconf 89' lang='lat' dir='ltr'>quos</span> <span class='ocrx_word' id='word_1_260' title='bbox 528 1296 603 1325; x_wconf 85' lang='lat' dir='ltr'>circa</span> <span class='ocrx_word' id='word_1_261' title='bbox 614 1294 642 1324; x_wconf 86' lang='lat' dir='ltr'>se</span> <span class='ocrx_word' id='word_1_262' title='bbox 651 1294 778 1324; x_wconf 85' lang='lat' dir='ltr'>haberet.</span> <span class='ocrx_word' id='word_1_263' title='bbox 807 1296 882 1323; x_wconf 90' lang='lat' dir='ltr'>Non</span> <span class='ocrx_word' id='word_1_264' title='bbox 892 1291 1012 1332; x_wconf 85' lang='lat' dir='ltr'>poflum</span> <span class='ocrx_word' id='word_1_265' title='bbox 1023 1292 1073 1322; x_wconf 87' lang='lat' dir='ltr'>illa</span> 
     </span>
     <span class='ocr_line' id='line_1_30' title="bbox 113 1333 1070 1377; baseline -0.005 -10"><span class='ocrx_word' id='word_1_266' title='bbox 113 1338 232 1377; x_wconf 80' lang='lat' dir='ltr'>planius</span> <span class='ocrx_word' id='word_1_267' title='bbox 242 1347 491 1369; x_wconf 85' lang='lat' dir='ltr'>commemorare,</span> <span class='ocrx_word' id='word_1_268' title='bbox 503 1336 594 1376; x_wconf 76' lang='lat' dir='ltr'>quam</span> <span class='ocrx_word' id='word_1_269' title='bbox 605 1336 704 1374; x_wconf 89' lang='lat' dir='ltr'>ipsum</span> <span class='ocrx_word' id='word_1_270' title='bbox 714 1336 860 1375; x_wconf 87' lang='lat' dir='ltr'>Ligurem</span> <span class='ocrx_word' id='word_1_271' title='bbox 869 1343 924 1373; x_wconf 89' lang='lat' dir='ltr'>pro</span> <span class='ocrx_word' id='word_1_272' title='bbox 936 1333 1070 1363; x_wconf 88' lang='lat' dir='ltr'>testimo-</span> 
     </span>
     <span class='ocr_line' id='line_1_31' title="bbox 114 1376 1070 1415; baseline -0.004 -7"><span class='ocrx_word' id='word_1_273' title='bbox 114 1382 170 1408; x_wconf 86' lang='lat' dir='ltr'>nio</span> <span class='ocrx_word' id='word_1_274' title='bbox 178 1379 275 1408; x_wconf 88' lang='lat' dir='ltr'>dicere</span> <span class='ocrx_word' id='word_1_275' title='bbox 283 1378 414 1408; x_wconf 89' lang='lat' dir='ltr'>audistis.</span> <span class='ocrx_word' id='word_1_276' title='bbox 468 1378 519 1407; x_wconf 87' lang='lat' dir='ltr'>uid</span> <span class='ocrx_word' id='word_1_277' title='bbox 529 1379 614 1407; x_wconf 89' lang='lat' dir='ltr'>enim</span> <span class='ocrx_word' id='word_1_278' title='bbox 624 1396 632 1410; x_wconf 88' lang='lat'>‚</span> <span class='ocrx_word' id='word_1_279' title='bbox 644 1380 750 1406; x_wconf 87' lang='lat' dir='ltr'>Verres</span> <span class='ocrx_word' id='word_1_280' title='bbox 762 1379 772 1404; x_wconf 92' lang='lat'>?</span> <span class='ocrx_word' id='word_1_281' title='bbox 792 1385 934 1405; x_wconf 90' lang='lat' dir='ltr'>utrumne</span> <span class='ocrx_word' id='word_1_282' title='bbox 945 1376 991 1404; x_wconf 83' lang='lat' dir='ltr'>his</span> <span class='ocrx_word' id='word_1_283' title='bbox 1002 1377 1070 1415; x_wconf 89' lang='lat' dir='ltr'>qui-</span> 
     </span>
     <span class='ocr_line' id='line_1_32' title="bbox 111 1417 1070 1457; baseline -0.005 -7"><span class='ocrx_word' id='word_1_284' title='bbox 111 1419 185 1450; x_wconf 83' lang='lat' dir='ltr'>dem</span> <span class='ocrx_word' id='word_1_285' title='bbox 201 1419 323 1450; x_wconf 87' lang='lat' dir='ltr'>testibus</span> <span class='ocrx_word' id='word_1_286' title='bbox 333 1419 468 1450; x_wconf 88' lang='lat' dir='ltr'>credetur</span> <span class='ocrx_word' id='word_1_287' title='bbox 478 1422 489 1448; x_wconf 90' lang='lat'>?</span> <span class='ocrx_word' id='word_1_288' title='bbox 505 1429 543 1449; x_wconf 89' lang='lat' dir='ltr'>an</span> <span class='ocrx_word' id='word_1_289' title='bbox 551 1420 614 1449; x_wconf 83' lang='lat' dir='ltr'>haec</span> <span class='ocrx_word' id='word_1_290' title='bbox 624 1417 659 1448; x_wconf 90' lang='lat' dir='ltr'>ad</span> <span class='ocrx_word' id='word_1_291' title='bbox 670 1427 734 1447; x_wconf 87' lang='lat' dir='ltr'>rem</span> <span class='ocrx_word' id='word_1_292' title='bbox 744 1427 808 1447; x_wconf 90' lang='lat' dir='ltr'>non</span> <span class='ocrx_word' id='word_1_293' title='bbox 817 1419 968 1457; x_wconf 88' lang='lat' dir='ltr'>pertinent</span> <span class='ocrx_word' id='word_1_294' title='bbox 978 1420 988 1445; x_wconf 91' lang='lat'>?</span> <span class='ocrx_word' id='word_1_295' title='bbox 1005 1426 1070 1446; x_wconf 89' lang='lat' dir='ltr'>non</span> 
     </span>
     <span class='ocr_line' id='line_1_33' title="bbox 114 1458 1070 1502; baseline -0.004 -11"><span class='ocrx_word' id='word_1_296' title='bbox 114 1463 160 1491; x_wconf 90' lang='lat' dir='ltr'>M.</span> <span class='ocrx_word' id='word_1_297' title='bbox 172 1460 320 1492; x_wconf 62' lang='lat' dir='ltr'>oetavio?</span> <span class='ocrx_word' id='word_1_298' title='bbox 339 1471 404 1491; x_wconf 90' lang='lat' dir='ltr'>non</span> <span class='ocrx_word' id='word_1_299' title='bbox 414 1463 451 1491; x_wconf 90' lang='lat' dir='ltr'>L.</span> <span class='ocrx_word' id='word_1_300' title='bbox 461 1462 585 1502; x_wconf 87' lang='lat' dir='ltr'>Liguri?</span> <span class='ocrx_word' id='word_1_301' title='bbox 603 1461 671 1500; x_wconf 90' lang='lat' dir='ltr'>quis</span> <span class='ocrx_word' id='word_1_302' title='bbox 689 1459 778 1489; x_wconf 89' lang='lat' dir='ltr'>nobis</span> <span class='ocrx_word' id='word_1_303' title='bbox 796 1458 894 1489; x_wconf 90' lang='lat' dir='ltr'>credet</span> <span class='ocrx_word' id='word_1_304' title='bbox 905 1461 914 1487; x_wconf 89' lang='lat'>?</span> <span class='ocrx_word' id='word_1_305' title='bbox 931 1459 980 1488; x_wconf 86' lang='lat' dir='ltr'>cui</span> <span class='ocrx_word' id='word_1_306' title='bbox 991 1467 1046 1488; x_wconf 86' lang='lat' dir='ltr'>nos</span> <span class='ocrx_word' id='word_1_307' title='bbox 1060 1460 1070 1487; x_wconf 88' lang='lat'>?</span> 
     </span>
     <span class='ocr_line' id='line_1_34' title="bbox 111 1498 1071 1544; baseline -0.004 -11"><span class='ocrx_word' id='word_1_308' title='bbox 111 1502 187 1544; x_wconf 89' lang='lat' dir='ltr'>quid</span> <span class='ocrx_word' id='word_1_309' title='bbox 196 1502 238 1532; x_wconf 89' lang='lat' dir='ltr'>est</span> <span class='ocrx_word' id='word_1_310' title='bbox 248 1523 256 1536; x_wconf 89' lang='lat'>,</span> <span class='ocrx_word' id='word_1_311' title='bbox 277 1506 381 1533; x_wconf 87' lang='lat' dir='ltr'>Verres</span> <span class='ocrx_word' id='word_1_312' title='bbox 392 1523 400 1536; x_wconf 94' lang='lat'>,</span> <span class='ocrx_word' id='word_1_313' title='bbox 421 1503 504 1543; x_wconf 92' lang='lat' dir='ltr'>quod</span> <span class='ocrx_word' id='word_1_314' title='bbox 513 1502 638 1542; x_wconf 90' lang='lat' dir='ltr'>planum</span> <span class='ocrx_word' id='word_1_315' title='bbox 648 1499 713 1531; x_wconf 89' lang='lat' dir='ltr'>fieri</span> <span class='ocrx_word' id='word_1_316' title='bbox 721 1499 843 1530; x_wconf 90' lang='lat' dir='ltr'>testibus</span> <span class='ocrx_word' id='word_1_317' title='bbox 852 1498 939 1540; x_wconf 85' lang='lat' dir='ltr'>poffit</span> <span class='ocrx_word' id='word_1_318' title='bbox 949 1520 957 1533; x_wconf 86' lang='lat'>,</span> <span class='ocrx_word' id='word_1_319' title='bbox 981 1498 1002 1528; x_wconf 87' lang='lat' dir='ltr'>fi</span> <span class='ocrx_word' id='word_1_320' title='bbox 1013 1500 1071 1529; x_wconf 91' lang='lat' dir='ltr'>hoc</span> 
     </span>
     <span class='ocr_line' id='line_1_35' title="bbox 113 1542 1066 1586; baseline -0.005 -11"><span class='ocrx_word' id='word_1_321' title='bbox 113 1554 178 1575; x_wconf 90' lang='lat' dir='ltr'>non</span> <span class='ocrx_word' id='word_1_322' title='bbox 188 1543 220 1575; x_wconf 85' lang='lat' dir='ltr'>fit</span> <span class='ocrx_word' id='word_1_323' title='bbox 230 1548 240 1573; x_wconf 72' lang='grc' dir='ltr'><em>ἓ</em></span> <span class='ocrx_word' id='word_1_324' title='bbox 258 1555 295 1575; x_wconf 90' lang='lat' dir='ltr'>an</span> <span class='ocrx_word' id='word_1_325' title='bbox 304 1544 335 1574; x_wconf 92' lang='lat' dir='ltr'>id</span> <span class='ocrx_word' id='word_1_326' title='bbox 346 1565 355 1578; x_wconf 87' lang='lat'>‚</span> <span class='ocrx_word' id='word_1_327' title='bbox 366 1544 447 1586; x_wconf 90' lang='lat' dir='ltr'>quod</span> <span class='ocrx_word' id='word_1_328' title='bbox 457 1544 562 1574; x_wconf 88' lang='lat' dir='ltr'>dicunt</span> <span class='ocrx_word' id='word_1_329' title='bbox 570 1564 578 1577; x_wconf 92' lang='lat'><em>‚</em></span> <span class='ocrx_word' id='word_1_330' title='bbox 590 1543 656 1573; x_wconf 89' lang='lat' dir='ltr'>leve</span> <span class='ocrx_word' id='word_1_331' title='bbox 664 1542 729 1572; x_wconf 83' lang='lat' dir='ltr'>est?</span> <span class='ocrx_word' id='word_1_332' title='bbox 750 1542 828 1572; x_wconf 85' lang='lat' dir='ltr'>nihil</span> <span class='ocrx_word' id='word_1_333' title='bbox 838 1543 934 1572; x_wconf 89' lang='lat' dir='ltr'>levius</span> <span class='ocrx_word' id='word_1_334' title='bbox 944 1561 952 1575; x_wconf 87' lang='lat'>‚</span> <span class='ocrx_word' id='word_1_335' title='bbox 975 1542 1066 1582; x_wconf 79' lang='lat' dir='ltr'>quarn</span> 
     </span>
     <span class='ocr_line' id='line_1_36' title="bbox 111 1582 1065 1627; baseline -0.005 -10"><span class='ocrx_word' id='word_1_336' title='bbox 111 1595 268 1627; x_wconf 78' lang='lat' dir='ltr'>praetorem</span> <span class='ocrx_word' id='word_1_337' title='bbox 289 1586 371 1616; x_wconf 90' lang='lat' dir='ltr'>urbis</span> <span class='ocrx_word' id='word_1_338' title='bbox 389 1587 447 1616; x_wconf 89' lang='lat' dir='ltr'>hoc</span> <span class='ocrx_word' id='word_1_339' title='bbox 461 1586 538 1624; x_wconf 85' lang='lat' dir='ltr'>juris</span> <span class='ocrx_word' id='word_1_340' title='bbox 557 1587 590 1615; x_wconf 90' lang='lat' dir='ltr'>in</span> <span class='ocrx_word' id='word_1_341' title='bbox 610 1585 663 1615; x_wconf 89' lang='lat' dir='ltr'>suo</span> <span class='ocrx_word' id='word_1_342' title='bbox 685 1583 856 1626; x_wconf 86' lang='lat' dir='ltr'>magistratu</span> <span class='ocrx_word' id='word_1_343' title='bbox 873 1582 1065 1616; x_wconf 87' lang='lat' dir='ltr'>constituere,</span> 
     </span>
     <span class='ocr_line' id='line_1_37' title="bbox 113 1625 1066 1669; baseline -0.005 -11"><span class='ocrx_word' id='word_1_344' title='bbox 113 1628 256 1658; x_wconf 88' lang='lat' dir='ltr'>omnibus</span> <span class='ocrx_word' id='word_1_345' title='bbox 266 1629 303 1658; x_wconf 92' lang='lat' dir='ltr'>iis</span> <span class='ocrx_word' id='word_1_346' title='bbox 313 1647 322 1661; x_wconf 91' lang='lat'>,</span> <span class='ocrx_word' id='word_1_347' title='bbox 341 1627 451 1669; x_wconf 85' lang='lat' dir='ltr'>quibus</span> <span class='ocrx_word' id='word_1_348' title='bbox 461 1627 606 1657; x_wconf 86' lang='lat' dir='ltr'>hereditas</span> <span class='ocrx_word' id='word_1_349' title='bbox 615 1628 732 1657; x_wconf 89' lang='lat' dir='ltr'>venerit</span> <span class='ocrx_word' id='word_1_350' title='bbox 742 1646 750 1659; x_wconf 91' lang='lat'>,</span> <span class='ocrx_word' id='word_1_351' title='bbox 772 1625 921 1656; x_wconf 82' lang='lat' dir='ltr'>coheredem</span> <span class='ocrx_word' id='word_1_352' title='bbox 924 1632 1066 1666; x_wconf 82' lang='lat' dir='ltr'>praerorem</span> 
     </span>
     <span class='ocr_line' id='line_1_38' title="bbox 112 1666 1067 1711; baseline -0.003 -12"><span class='ocrx_word' id='word_1_353' title='bbox 112 1668 160 1707; x_wconf 75' lang='lat' dir='ltr'>effi</span> <span class='ocrx_word' id='word_1_354' title='bbox 168 1676 294 1711; x_wconf 81' lang='lat' dir='ltr'>oportere.</span> <span class='ocrx_word' id='word_1_355' title='bbox 311 1672 359 1700; x_wconf 88' lang='lat' dir='ltr'>An</span> <span class='ocrx_word' id='word_1_356' title='bbox 369 1668 442 1700; x_wconf 75' lang='lat' dir='ltr'>vero</span> <span class='ocrx_word' id='word_1_357' title='bbox 451 1669 634 1702; x_wconf 86' lang='lat' dir='ltr'>dubitamus,</span> <span class='ocrx_word' id='word_1_358' title='bbox 647 1677 708 1709; x_wconf 88' lang='lat' dir='ltr'>quo</span> <span class='ocrx_word' id='word_1_359' title='bbox 718 1677 769 1698; x_wconf 88' lang='lat' dir='ltr'>ore</span> <span class='ocrx_word' id='word_1_360' title='bbox 777 1666 832 1698; x_wconf 86' lang='lat' dir='ltr'>iste</span> <span class='ocrx_word' id='word_1_361' title='bbox 841 1675 955 1697; x_wconf 88' lang='lat' dir='ltr'>ceteros</span> <span class='ocrx_word' id='word_1_362' title='bbox 964 1668 1067 1697; x_wconf 89' lang='lat' dir='ltr'>homi—</span> 
     </span>
     <span class='ocr_line' id='line_1_39' title="bbox 110 1709 1067 1750; baseline -0.004 -8"><span class='ocrx_word' id='word_1_363' title='bbox 110 1721 164 1742; x_wconf 86' lang='lat' dir='ltr'>nes</span> <span class='ocrx_word' id='word_1_364' title='bbox 172 1710 316 1742; x_wconf 81' lang='lat' dir='ltr'>inferiore</span> <span class='ocrx_word' id='word_1_365' title='bbox 326 1712 394 1741; x_wconf 89' lang='lat' dir='ltr'>loco</span> <span class='ocrx_word' id='word_1_366' title='bbox 406 1732 414 1744; x_wconf 88' lang='lat'>‚</span> <span class='ocrx_word' id='word_1_367' title='bbox 437 1710 609 1742; x_wconf 57' lang='lat' dir='ltr'>aucioritate</span> <span class='ocrx_word' id='word_1_368' title='bbox 621 1731 631 1743; x_wconf 89' lang='lat'>,</span> <span class='ocrx_word' id='word_1_369' title='bbox 647 1709 752 1740; x_wconf 86' lang='lat' dir='ltr'>ordine</span> <span class='ocrx_word' id='word_1_370' title='bbox 762 1721 772 1744; x_wconf 76' lang='lat'>3</span> <span class='ocrx_word' id='word_1_371' title='bbox 795 1719 856 1750; x_wconf 89' lang='lat' dir='ltr'>quo</span> <span class='ocrx_word' id='word_1_372' title='bbox 866 1719 916 1739; x_wconf 89' lang='lat' dir='ltr'>ore</span> <span class='ocrx_word' id='word_1_373' title='bbox 924 1710 1067 1739; x_wconf 91' lang='lat' dir='ltr'>homines</span> 
     </span>
     <span class='ocr_line' id='line_1_40' title="bbox 109 1752 1064 1793; baseline -0.003 -10"><span class='ocrx_word' id='word_1_374' title='bbox 109 1752 272 1784; x_wconf 84' lang='lat' dir='ltr'>rusticanos</span> <span class='ocrx_word' id='word_1_375' title='bbox 282 1763 320 1783; x_wconf 86' lang='lat' dir='ltr'>ex</span> <span class='ocrx_word' id='word_1_376' title='bbox 329 1755 506 1793; x_wconf 89' lang='lat' dir='ltr'>municipiis</span> <span class='ocrx_word' id='word_1_377' title='bbox 517 1765 526 1787; x_wconf 78' lang='lat'>3</span> <span class='ocrx_word' id='word_1_378' title='bbox 542 1763 602 1793; x_wconf 91' lang='lat' dir='ltr'>quo</span> <span class='ocrx_word' id='word_1_379' title='bbox 611 1752 741 1793; x_wconf 87' lang='lat' dir='ltr'>denique</span> <span class='ocrx_word' id='word_1_380' title='bbox 751 1761 813 1785; x_wconf 86' lang='lat' dir='ltr'>ore,</span> <span class='ocrx_word' id='word_1_381' title='bbox 823 1761 898 1792; x_wconf 90' lang='lat' dir='ltr'>quos</span> <span class='ocrx_word' id='word_1_382' title='bbox 908 1761 1064 1791; x_wconf 90' lang='lat' dir='ltr'>nunquam</span> 
     </span>
     <span class='ocr_line' id='line_1_41' title="bbox 106 1792 1064 1835; baseline -0.002 -11"><span class='ocrx_word' id='word_1_383' title='bbox 106 1793 204 1825; x_wconf 79' lang='lat' dir='ltr'>liberos</span> <span class='ocrx_word' id='word_1_384' title='bbox 211 1797 332 1835; x_wconf 83' lang='lat' dir='ltr'>putavit,</span> <span class='ocrx_word' id='word_1_385' title='bbox 343 1793 485 1824; x_wconf 81' lang='lat' dir='ltr'>libertinos</span> <span class='ocrx_word' id='word_1_386' title='bbox 492 1795 623 1828; x_wconf 73' lang='lat' dir='ltr'>homines,</span> <span class='ocrx_word' id='word_1_387' title='bbox 633 1794 736 1824; x_wconf 89' lang='lat' dir='ltr'>solitus</span> <span class='ocrx_word' id='word_1_388' title='bbox 747 1792 780 1823; x_wconf 89' lang='lat' dir='ltr'>fit</span> <span class='ocrx_word' id='word_1_389' title='bbox 789 1793 933 1833; x_wconf 90' lang='lat' dir='ltr'>appellare</span> <span class='ocrx_word' id='word_1_390' title='bbox 943 1812 951 1827; x_wconf 85' lang='lat'>‚</span> <span class='ocrx_word' id='word_1_391' title='bbox 963 1794 1015 1834; x_wconf 89' lang='lat' dir='ltr'>qui</span> <span class='ocrx_word' id='word_1_392' title='bbox 1024 1792 1064 1822; x_wconf 91' lang='lat' dir='ltr'>ob</span> 
     </span>
     <span class='ocr_line' id='line_1_42' title="bbox 103 1833 1064 1877; baseline -0.002 -11"><span class='ocrx_word' id='word_1_393' title='bbox 103 1837 154 1877; x_wconf 86' lang='lat' dir='ltr'>jus</span> <span class='ocrx_word' id='word_1_394' title='bbox 164 1835 332 1867; x_wconf 87' lang='lat' dir='ltr'>dicundum</span> <span class='ocrx_word' id='word_1_395' title='bbox 342 1839 385 1866; x_wconf 93' lang='lat' dir='ltr'>M.</span> <span class='ocrx_word' id='word_1_396' title='bbox 397 1835 556 1867; x_wconf 61' lang='lat' dir='ltr'>octavium</span> <span class='ocrx_word' id='word_1_397' title='bbox 568 1838 711 1877; x_wconf 90' lang='lat' dir='ltr'>Ligurem</span> <span class='ocrx_word' id='word_1_398' title='bbox 722 1855 731 1870; x_wconf 82' lang='grc'>,</span> <span class='ocrx_word' id='word_1_399' title='bbox 748 1836 910 1865; x_wconf 81' lang='lat' dir='ltr'>hominem</span> <span class='ocrx_word' id='word_1_400' title='bbox 920 1833 1064 1864; x_wconf 87' lang='lat' dir='ltr'>ornatiffi-</span> 
     </span>
     <span class='ocr_line' id='line_1_43' title="bbox 108 1877 1063 1918; baseline -0.002 -11"><span class='ocrx_word' id='word_1_401' title='bbox 108 1887 197 1908; x_wconf 87' lang='lat' dir='ltr'>mum</span> <span class='ocrx_word' id='word_1_402' title='bbox 208 1879 277 1908; x_wconf 84' lang='lat' dir='ltr'>loco</span> <span class='ocrx_word' id='word_1_403' title='bbox 286 1897 294 1911; x_wconf 85' lang='lat'>‚</span> <span class='ocrx_word' id='word_1_404' title='bbox 306 1877 411 1908; x_wconf 88' lang='lat' dir='ltr'>ordine</span> <span class='ocrx_word' id='word_1_405' title='bbox 422 1898 430 1912; x_wconf 95' lang='lat'>‚</span> <span class='ocrx_word' id='word_1_406' title='bbox 441 1880 568 1908; x_wconf 89' lang='lat' dir='ltr'>nomine</span> <span class='ocrx_word' id='word_1_407' title='bbox 578 1898 587 1912; x_wconf 89' lang='lat'>,</span> <span class='ocrx_word' id='word_1_408' title='bbox 598 1880 706 1908; x_wconf 87' lang='lat' dir='ltr'>virtute</span> <span class='ocrx_word' id='word_1_409' title='bbox 717 1897 725 1911; x_wconf 91' lang='lat'>,</span> <span class='ocrx_word' id='word_1_410' title='bbox 737 1879 861 1918; x_wconf 87' lang='lat' dir='ltr'>ingenio</span> <span class='ocrx_word' id='word_1_411' title='bbox 871 1897 880 1910; x_wconf 93' lang='lat'>‚</span> <span class='ocrx_word' id='word_1_412' title='bbox 891 1877 997 1916; x_wconf 86' lang='lat' dir='ltr'>copiis,</span> <span class='ocrx_word' id='word_1_413' title='bbox 1008 1886 1063 1916; x_wconf 85' lang='lat' dir='ltr'>po-</span> 
     </span>
     <span class='ocr_line' id='line_1_44' title="bbox 46 1917 1063 1971; baseline -0.003 -21"><span class='ocrx_word' id='word_1_414' title='bbox 46 1937 92 1971; x_wconf 83' lang='lat'>49</span> <span class='ocrx_word' id='word_1_415' title='bbox 106 1920 185 1950; x_wconf 86' lang='lat' dir='ltr'>-scere</span> <span class='ocrx_word' id='word_1_416' title='bbox 193 1921 353 1960; x_wconf 87' lang='lat' dir='ltr'>pecuniam</span> <span class='ocrx_word' id='word_1_417' title='bbox 363 1929 426 1949; x_wconf 88' lang='lat' dir='ltr'>non</span> <span class='ocrx_word' id='word_1_418' title='bbox 435 1919 595 1950; x_wconf 87' lang='lat' dir='ltr'>dubitarit?</span> <span class='ocrx_word' id='word_1_419' title='bbox 617 1922 653 1950; x_wconf 90' lang='lat' dir='ltr'>In</span> <span class='ocrx_word' id='word_1_420' title='bbox 659 1920 743 1958; x_wconf 57' lang='grc' dir='ltr'>[ἂνω</span> <span class='ocrx_word' id='word_1_421' title='bbox 753 1917 829 1947; x_wconf 62' lang='lat' dir='ltr'>testu</span> <span class='ocrx_word' id='word_1_422' title='bbox 836 1917 908 1948; x_wconf 79' lang='lat' dir='ltr'>vero</span> <span class='ocrx_word' id='word_1_423' title='bbox 918 1918 1063 1958; x_wconf 87' lang='lat' dir='ltr'>quemad·</span> 
     </span>
     <span class='ocr_line' id='line_1_45' title="bbox 111 1959 1062 2002; baseline -0.003 -11"><span class='ocrx_word' id='word_1_424' title='bbox 111 1961 241 1991; x_wconf 88' lang='lat' dir='ltr'>modum</span> <span class='ocrx_word' id='word_1_425' title='bbox 251 1961 310 1991; x_wconf 85' lang='lat' dir='ltr'>sese</span> <span class='ocrx_word' id='word_1_426' title='bbox 319 1959 446 2002; x_wconf 87' lang='lat' dir='ltr'>gefferit,</span> <span class='ocrx_word' id='word_1_427' title='bbox 454 1961 526 2001; x_wconf 90' lang='lat' dir='ltr'>quid</span> <span class='ocrx_word' id='word_1_428' title='bbox 534 1970 590 2001; x_wconf 86' lang='lat' dir='ltr'>ego</span> <span class='ocrx_word' id='word_1_429' title='bbox 601 1961 698 1991; x_wconf 89' lang='lat' dir='ltr'>dicam</span> <span class='ocrx_word' id='word_1_430' title='bbox 709 1963 720 1989; x_wconf 90' lang='lat'>?</span> <span class='ocrx_word' id='word_1_431' title='bbox 731 1960 872 1990; x_wconf 87' lang='lat' dir='ltr'>dixerunt</span> <span class='ocrx_word' id='word_1_432' title='bbox 883 1979 892 1992; x_wconf 87' lang='lat'>‚</span> <span class='ocrx_word' id='word_1_433' title='bbox 903 1961 956 2000; x_wconf 89' lang='lat' dir='ltr'>qui</span> <span class='ocrx_word' id='word_1_434' title='bbox 967 1959 1062 1990; x_wconf 87' lang='lat' dir='ltr'>sense-</span> 
     </span>
     <span class='ocr_line' id='line_1_46' title="bbox 109 2000 1060 2043; baseline -0.003 -10"><span class='ocrx_word' id='word_1_435' title='bbox 109 2011 188 2033; x_wconf 87' lang='lat' dir='ltr'>runt.</span> <span class='ocrx_word' id='word_1_436' title='bbox 212 2003 281 2032; x_wconf 88' lang='lat' dir='ltr'>sunt</span> <span class='ocrx_word' id='word_1_437' title='bbox 288 2003 338 2032; x_wconf 93' lang='lat' dir='ltr'>alii</span> <span class='ocrx_word' id='word_1_438' title='bbox 349 2022 357 2036; x_wconf 91' lang='lat'>‚</span> <span class='ocrx_word' id='word_1_439' title='bbox 368 2004 421 2043; x_wconf 92' lang='lat' dir='ltr'>qui</span> <span class='ocrx_word' id='word_1_440' title='bbox 429 2002 529 2032; x_wconf 89' lang='lat' dir='ltr'>dicant</span> <span class='ocrx_word' id='word_1_441' title='bbox 539 2012 544 2031; x_wconf 91' lang='lat'>:</span> <span class='ocrx_word' id='word_1_442' title='bbox 555 2011 635 2032; x_wconf 85' lang='lat' dir='ltr'>notae</span> <span class='ocrx_word' id='word_1_443' title='bbox 646 2011 703 2035; x_wconf 89' lang='lat' dir='ltr'>res,</span> <span class='ocrx_word' id='word_1_444' title='bbox 714 2011 747 2032; x_wconf 86' lang='lat' dir='ltr'>ac</span> <span class='ocrx_word' id='word_1_445' title='bbox 756 2000 931 2034; x_wconf 79' lang='lat' dir='ltr'>manifestae,</span> <span class='ocrx_word' id='word_1_446' title='bbox 941 2001 1060 2040; x_wconf 81' lang='lat' dir='ltr'>prolatae</span> 
     </span>
     <span class='ocr_line' id='line_1_47' title="bbox 108 2040 1063 2084; baseline -0.003 -10"><span class='ocrx_word' id='word_1_447' title='bbox 108 2045 186 2078; x_wconf 83' lang='lat' dir='ltr'>sunt,</span> <span class='ocrx_word' id='word_1_448' title='bbox 199 2044 232 2074; x_wconf 74' lang='grc' dir='ltr'>δε</span> <span class='ocrx_word' id='word_1_449' title='bbox 239 2043 439 2084; x_wconf 87' lang='lat' dir='ltr'>proferuntur.</span> <span class='ocrx_word' id='word_1_450' title='bbox 463 2045 554 2073; x_wconf 82' lang='lat' dir='ltr'>Dixit</span> <span class='ocrx_word' id='word_1_451' title='bbox 563 2046 595 2073; x_wconf 86' lang='lat' dir='ltr'>C.</span> <span class='ocrx_word' id='word_1_452' title='bbox 607 2044 736 2073; x_wconf 87' lang='lat' dir='ltr'>Fannius</span> <span class='ocrx_word' id='word_1_453' title='bbox 746 2062 755 2077; x_wconf 86' lang='lat'>‚</span> <span class='ocrx_word' id='word_1_454' title='bbox 763 2052 852 2083; x_wconf 85' lang='lat' dir='ltr'>eques</span> <span class='ocrx_word' id='word_1_455' title='bbox 862 2044 992 2072; x_wconf 80' lang='lat' dir='ltr'>Roman.</span> <span class='ocrx_word' id='word_1_456' title='bbox 1004 2040 1063 2072; x_wconf 72' lang='lat' dir='ltr'>fia-</span> 
     </span>
     <span class='ocr_line' id='line_1_48' title="bbox 107 2083 1060 2127; baseline -0.004 -12"><span class='ocrx_word' id='word_1_457' title='bbox 107 2094 153 2116; x_wconf 84' lang='lat' dir='ltr'>ter</span> <span class='ocrx_word' id='word_1_458' title='bbox 160 2095 319 2127; x_wconf 89' lang='lat' dir='ltr'>germanus</span> <span class='ocrx_word' id='word_1_459' title='bbox 329 2087 491 2124; x_wconf 80' lang='lat' dir='ltr'>QTitinii</span> <span class='ocrx_word' id='word_1_460' title='bbox 501 2085 607 2121; x_wconf 78' lang='lat' dir='ltr'>judicis</span> <span class='ocrx_word' id='word_1_461' title='bbox 618 2087 661 2114; x_wconf 89' lang='lat' dir='ltr'>tui</span> <span class='ocrx_word' id='word_1_462' title='bbox 672 2105 681 2118; x_wconf 85' lang='lat'>,</span> <span class='ocrx_word' id='word_1_463' title='bbox 701 2084 757 2114; x_wconf 87' lang='lat' dir='ltr'>tibi</span> <span class='ocrx_word' id='word_1_464' title='bbox 766 2084 792 2114; x_wconf 86' lang='lat' dir='ltr'>se</span> <span class='ocrx_word' id='word_1_465' title='bbox 800 2084 946 2124; x_wconf 63' lang='lat' dir='ltr'>pecaniam</span> <span class='ocrx_word' id='word_1_466' title='bbox 955 2083 1060 2121; x_wconf 80' lang='lat' dir='ltr'>dedzffe.</span> 
     </span>
     <span class='ocr_line' id='line_1_49' title="bbox 109 2126 1080 2164; baseline -0.003 -7"><span class='ocrx_word' id='word_1_467' title='bbox 109 2128 299 2157; x_wconf 62' lang='lat' dir='ltr'><em>RECITA</em></span> <span class='ocrx_word' id='word_1_468' title='bbox 338 2126 708 2156; x_wconf 80' lang='lat' dir='ltr'>TESTIMovaM</span> <span class='ocrx_word' id='word_1_469' title='bbox 737 2129 769 2156; x_wconf 92' lang='lat' dir='ltr'>C.</span> <span class='ocrx_word' id='word_1_470' title='bbox 792 2127 909 2156; x_wconf 78' lang='lat' dir='ltr'>Fannii.</span> <span class='ocrx_word' id='word_1_471' title='bbox 956 2126 1063 2155; x_wconf 88' lang='lat' dir='ltr'>Nolite</span> <span class='ocrx_word' id='word_1_472' title='bbox 1078 2155 1080 2164; x_wconf 13' lang='grc' dir='ltr'>Ἴ,</span> 
     </span>
     <span class='ocr_line' id='line_1_50' title="bbox 109 2167 1059 2208; baseline -0.003 -9"><span class='ocrx_word' id='word_1_473' title='bbox 109 2171 145 2199; x_wconf 92' lang='lat' dir='ltr'>C.</span> <span class='ocrx_word' id='word_1_474' title='bbox 154 2170 269 2199; x_wconf 89' lang='lat' dir='ltr'>Fannio</span> <span class='ocrx_word' id='word_1_475' title='bbox 284 2167 398 2198; x_wconf 90' lang='lat' dir='ltr'>dicenti</span> <span class='ocrx_word' id='word_1_476' title='bbox 412 2168 530 2199; x_wconf 82' lang='lat' dir='ltr'>credere</span> <span class='ocrx_word' id='word_1_477' title='bbox 542 2178 548 2197; x_wconf 88' lang='lat'>:</span> <span class='ocrx_word' id='word_1_478' title='bbox 577 2168 642 2197; x_wconf 92' lang='lat' dir='ltr'>noli</span> <span class='ocrx_word' id='word_1_479' title='bbox 653 2187 661 2201; x_wconf 90' lang='lat'>‚</span> <span class='ocrx_word' id='word_1_480' title='bbox 679 2170 804 2208; x_wconf 86' lang='lat' dir='ltr'>inquam</span> <span class='ocrx_word' id='word_1_481' title='bbox 816 2186 825 2200; x_wconf 81' lang='lat'>‚</span> <span class='ocrx_word' id='word_1_482' title='bbox 845 2176 876 2197; x_wconf 89' lang='lat' dir='ltr'>tu</span> <span class='ocrx_word' id='word_1_483' title='bbox 896 2169 1059 2207; x_wconf 76' lang='lat' dir='ltr'>QTitini,</span> 
     </span>
     <span class='ocr_line' id='line_1_51' title="bbox 98 2208 1079 2244; baseline -0.004 -3"><span class='ocrx_word' id='word_1_484' title='bbox 98 2213 143 2240; x_wconf 62' lang='lat' dir='ltr'>&lt;C-</span> <span class='ocrx_word' id='word_1_485' title='bbox 154 2212 280 2244; x_wconf 85' lang='lat' dir='ltr'>Fannio,</span> <span class='ocrx_word' id='word_1_486' title='bbox 289 2209 370 2240; x_wconf 85' lang='lat' dir='ltr'>fratri</span> <span class='ocrx_word' id='word_1_487' title='bbox 377 2209 570 2243; x_wconf 85' lang='lat' dir='ltr'>tuo,credere.</span> <span class='ocrx_word' id='word_1_488' title='bbox 581 2209 654 2239; x_wconf 91' lang='lat' dir='ltr'>dicit</span> <span class='ocrx_word' id='word_1_489' title='bbox 663 2212 747 2239; x_wconf 86' lang='lat' dir='ltr'>enim</span> <span class='ocrx_word' id='word_1_490' title='bbox 756 2219 820 2239; x_wconf 88' lang='lat' dir='ltr'>rem</span> <span class='ocrx_word' id='word_1_491' title='bbox 830 2208 1040 2239; x_wconf 80' lang='lat' dir='ltr'>incredibilem</span> <span class='ocrx_word' id='word_1_492' title='bbox 1055 2220 1060 2237; x_wconf 90' lang='lat'><strong>:</strong></span> <span class='ocrx_word' id='word_1_493' title='bbox 1077 2212 1079 2215; x_wconf 85' lang='lat'>&#39;</span> 
     </span>
     <span class='ocr_line' id='line_1_52' title="bbox 107 2250 1061 2291; baseline -0.003 -9"><span class='ocrx_word' id='word_1_494' title='bbox 107 2254 144 2283; x_wconf 88' lang='lat' dir='ltr'>C.</span> <span class='ocrx_word' id='word_1_495' title='bbox 154 2255 278 2282; x_wconf 87' lang='lat' dir='ltr'>Verrem</span> <span class='ocrx_word' id='word_1_496' title='bbox 289 2250 440 2282; x_wconf 85' lang='lat' dir='ltr'>insimulat</span> <span class='ocrx_word' id='word_1_497' title='bbox 446 2253 585 2285; x_wconf 71' lang='lat' dir='ltr'>avaritiae,</span> <span class='ocrx_word' id='word_1_498' title='bbox 597 2252 630 2282; x_wconf 62' lang='grc' dir='ltr'>ὃς</span> <span class='ocrx_word' id='word_1_499' title='bbox 639 2251 768 2281; x_wconf 80' lang='lat' dir='ltr'>audaciae</span> <span class='ocrx_word' id='word_1_500' title='bbox 779 2261 783 2279; x_wconf 91' lang='lat'>:</span> <span class='ocrx_word' id='word_1_501' title='bbox 802 2260 867 2291; x_wconf 78' lang='lat' dir='ltr'>quae</span> <span class='ocrx_word' id='word_1_502' title='bbox 876 2252 947 2280; x_wconf 90' lang='lat' dir='ltr'>vitia</span> <span class='ocrx_word' id='word_1_503' title='bbox 954 2250 1061 2280; x_wconf 86' lang='lat' dir='ltr'>viden-</span> 
     </span>
     <span class='ocr_line' id='line_1_53' title="bbox 107 2292 1061 2335; baseline -0.003 -11"><span class='ocrx_word' id='word_1_504' title='bbox 107 2301 157 2324; x_wconf 86' lang='lat' dir='ltr'>tur</span> <span class='ocrx_word' id='word_1_505' title='bbox 171 2296 204 2324; x_wconf 91' lang='lat' dir='ltr'>in</span> <span class='ocrx_word' id='word_1_506' title='bbox 221 2295 359 2335; x_wconf 88' lang='lat' dir='ltr'>quemvis</span> <span class='ocrx_word' id='word_1_507' title='bbox 374 2295 474 2333; x_wconf 88' lang='lat' dir='ltr'>potius</span> <span class='ocrx_word' id='word_1_508' title='bbox 486 2313 495 2327; x_wconf 87' lang='lat'>‚</span> <span class='ocrx_word' id='word_1_509' title='bbox 517 2303 607 2334; x_wconf 89' lang='lat' dir='ltr'>quam</span> <span class='ocrx_word' id='word_1_510' title='bbox 622 2295 656 2323; x_wconf 91' lang='lat' dir='ltr'>in</span> <span class='ocrx_word' id='word_1_511' title='bbox 672 2292 763 2323; x_wconf 90' lang='lat' dir='ltr'>istum</span> <span class='ocrx_word' id='word_1_512' title='bbox 772 2294 948 2323; x_wconf 87' lang='lat' dir='ltr'>convenire.</span> <span class='ocrx_word' id='word_1_513' title='bbox 971 2294 1061 2322; x_wconf 85' lang='lat' dir='ltr'>Dixit</span> 
     </span>
     <span class='ocr_line' id='line_1_54' title="bbox 109 2333 1058 2376; baseline -0.003 -10"><span class='ocrx_word' id='word_1_514' title='bbox 109 2336 270 2376; x_wconf 61' lang='lat' dir='ltr'>Uadius</span> <span class='ocrx_word' id='word_1_515' title='bbox 280 2356 288 2369; x_wconf 88' lang='lat'>‚</span> <span class='ocrx_word' id='word_1_516' title='bbox 300 2336 395 2365; x_wconf 88' lang='lat' dir='ltr'>homo</span> <span class='ocrx_word' id='word_1_517' title='bbox 403 2333 646 2369; x_wconf 82' lang='lat' dir='ltr'>familiariffimus</span> <span class='ocrx_word' id='word_1_518' title='bbox 655 2336 744 2375; x_wconf 88' lang='lat' dir='ltr'>patris</span> <span class='ocrx_word' id='word_1_519' title='bbox 754 2333 839 2364; x_wconf 89' lang='lat' dir='ltr'>istius</span> <span class='ocrx_word' id='word_1_520' title='bbox 850 2353 858 2367; x_wconf 89' lang='lat'>,</span> <span class='ocrx_word' id='word_1_521' title='bbox 871 2343 934 2364; x_wconf 87' lang='lat' dir='ltr'>non</span> <span class='ocrx_word' id='word_1_522' title='bbox 944 2334 1058 2364; x_wconf 86' lang='lat' dir='ltr'>alienus</span> 
     </span>
     <span class='ocr_line' id='line_1_55' title="bbox 106 2374 1058 2418; baseline -0.002 -10"><span class='ocrx_word' id='word_1_523' title='bbox 106 2374 125 2408; x_wconf 73' lang='grc' dir='ltr'>ὲ</span> <span class='ocrx_word' id='word_1_524' title='bbox 136 2379 237 2408; x_wconf 87' lang='lat' dir='ltr'>matris</span> <span class='ocrx_word' id='word_1_525' title='bbox 246 2379 309 2417; x_wconf 88' lang='lat' dir='ltr'>ejus</span> <span class='ocrx_word' id='word_1_526' title='bbox 317 2387 423 2418; x_wconf 87' lang='lat' dir='ltr'>genere</span> <span class='ocrx_word' id='word_1_527' title='bbox 431 2397 440 2411; x_wconf 92' lang='lat'>,</span> <span class='ocrx_word' id='word_1_528' title='bbox 461 2377 494 2407; x_wconf 77' lang='grc' dir='ltr'>δε</span> <span class='ocrx_word' id='word_1_529' title='bbox 503 2379 630 2407; x_wconf 88' lang='lat' dir='ltr'>nomine</span> <span class='ocrx_word' id='word_1_530' title='bbox 642 2388 647 2406; x_wconf 83' lang='lat' dir='ltr'>z</span> <span class='ocrx_word' id='word_1_531' title='bbox 667 2375 779 2406; x_wconf 77' lang='lat' dir='ltr'>tabulas</span> <span class='ocrx_word' id='word_1_532' title='bbox 789 2376 927 2417; x_wconf 77' lang='lat' dir='ltr'>protulit,</span> <span class='ocrx_word' id='word_1_533' title='bbox 948 2375 1058 2417; x_wconf 88' lang='lat' dir='ltr'>quibus</span> 
     </span>
     <span class='ocr_line' id='line_1_56' title="bbox 107 2417 1057 2459; baseline -0.003 -10"><span class='ocrx_word' id='word_1_534' title='bbox 107 2421 265 2459; x_wconf 85' lang='lat' dir='ltr'>pecuniam</span> <span class='ocrx_word' id='word_1_535' title='bbox 274 2419 302 2449; x_wconf 87' lang='lat' dir='ltr'>se</span> <span class='ocrx_word' id='word_1_536' title='bbox 312 2417 423 2449; x_wconf 81' lang='lat' dir='ltr'>dedisse</span> <span class='ocrx_word' id='word_1_537' title='bbox 441 2418 584 2449; x_wconf 88' lang='lat' dir='ltr'>ostendit.</span> <span class='ocrx_word' id='word_1_538' title='bbox 616 2421 642 2448; x_wconf 85' lang='lat' dir='ltr'><em>R</em></span> <span class='ocrx_word' id='word_1_539' title='bbox 651 2421 676 2448; x_wconf 85' lang='lat' dir='ltr'><em>E</em></span> <span class='ocrx_word' id='word_1_540' title='bbox 688 2419 808 2447; x_wconf 51' lang='lat' dir='ltr'>cJTal</span> <span class='ocrx_word' id='word_1_541' title='bbox 838 2419 869 2446; x_wconf 94' lang='lat' dir='ltr'>N</span> <span class='ocrx_word' id='word_1_542' title='bbox 877 2420 900 2445; x_wconf 92' lang='lat' dir='ltr'><em>O</em></span> <span class='ocrx_word' id='word_1_543' title='bbox 909 2418 972 2447; x_wconf 92' lang='grc' dir='ltr'>ΜΙ</span> <span class='ocrx_word' id='word_1_544' title='bbox 980 2419 1057 2446; x_wconf 62' lang='grc' dir='ltr'>ΝΛ</span> 
     </span>
     <span class='ocr_line' id='line_1_57' title="bbox 106 2460 1056 2501; baseline -0.005 -9"><span class='ocrx_word' id='word_1_545' title='bbox 106 2461 256 2501; x_wconf 74' lang='lat' dir='ltr'>QTadii.</span> <span class='ocrx_word' id='word_1_546' title='bbox 294 2463 320 2490; x_wconf 77' lang='lat' dir='ltr'><em>R</em></span> <span class='ocrx_word' id='word_1_547' title='bbox 331 2463 354 2490; x_wconf 88' lang='lat' dir='ltr'><em>E</em></span> <span class='ocrx_word' id='word_1_548' title='bbox 364 2462 484 2490; x_wconf 79' lang='lat' dir='ltr'>CIT.A</span> <span class='ocrx_word' id='word_1_549' title='bbox 515 2460 737 2490; x_wconf 79' lang='lat' dir='ltr'><em>TESTIMO</em></span> <span class='ocrx_word' id='word_1_550' title='bbox 748 2462 839 2489; x_wconf 83' lang='lat' dir='ltr'>NIU</span> <span class='ocrx_word' id='word_1_551' title='bbox 849 2460 890 2491; x_wconf 63' lang='grc' dir='ltr'>,Μ</span> <span class='ocrx_word' id='word_1_552' title='bbox 909 2460 1056 2500; x_wconf 76' lang='lat' dir='ltr'>QTadii.</span> 
     </span>
     <span class='ocr_line' id='line_1_58' title="bbox 108 2501 1059 2543; baseline -0.003 -10"><span class='ocrx_word' id='word_1_553' title='bbox 108 2503 158 2533; x_wconf 91' lang='lat' dir='ltr'>Ne</span> <span class='ocrx_word' id='word_1_554' title='bbox 175 2502 282 2533; x_wconf 90' lang='lat' dir='ltr'>tabulis</span> <span class='ocrx_word' id='word_1_555' title='bbox 299 2502 423 2543; x_wconf 87' lang='lat' dir='ltr'>quidem</span> <span class='ocrx_word' id='word_1_556' title='bbox 442 2502 583 2543; x_wconf 78' lang='lat' dir='ltr'>QTadii</span> <span class='ocrx_word' id='word_1_557' title='bbox 593 2522 602 2536; x_wconf 88' lang='lat'>‚</span> <span class='ocrx_word' id='word_1_558' title='bbox 629 2512 684 2533; x_wconf 90' lang='lat' dir='ltr'>nec</span> <span class='ocrx_word' id='word_1_559' title='bbox 702 2501 879 2532; x_wconf 83' lang='lat' dir='ltr'>testimonio</span> <span class='ocrx_word' id='word_1_560' title='bbox 904 2501 1038 2531; x_wconf 88' lang='lat' dir='ltr'>credetur</span> <span class='ocrx_word' id='word_1_561' title='bbox 1049 2504 1059 2531; x_wconf 87' lang='lat'><strong>?</strong></span> 
     </span>
     <span class='ocr_line' id='line_1_59' title="bbox 106 2542 1057 2586; baseline -0.003 -12"><span class='ocrx_word' id='word_1_562' title='bbox 106 2544 187 2583; x_wconf 87' lang='lat' dir='ltr'>Qid</span> <span class='ocrx_word' id='word_1_563' title='bbox 195 2546 286 2586; x_wconf 83' lang='lat' dir='ltr'>igitur</span> <span class='ocrx_word' id='word_1_564' title='bbox 294 2546 327 2573; x_wconf 89' lang='lat' dir='ltr'>in</span> <span class='ocrx_word' id='word_1_565' title='bbox 334 2543 457 2583; x_wconf 87' lang='lat' dir='ltr'>judiciis</span> <span class='ocrx_word' id='word_1_566' title='bbox 468 2545 645 2584; x_wconf 88' lang='lat' dir='ltr'>sequemur?</span> <span class='ocrx_word' id='word_1_567' title='bbox 661 2543 732 2584; x_wconf 88' lang='lat' dir='ltr'>quid</span> <span class='ocrx_word' id='word_1_568' title='bbox 751 2543 793 2574; x_wconf 89' lang='lat' dir='ltr'>est</span> <span class='ocrx_word' id='word_1_569' title='bbox 810 2543 890 2574; x_wconf 85' lang='lat' dir='ltr'>aliud</span> <span class='ocrx_word' id='word_1_570' title='bbox 902 2563 910 2577; x_wconf 90' lang='lat'>,</span> <span class='ocrx_word' id='word_1_571' title='bbox 931 2542 1057 2572; x_wconf 75' lang='lat' dir='ltr'>omnibus</span> 
     </span>
     <span class='ocr_line' id='line_1_60' title="bbox 101 2583 1057 2631; baseline 0 -17"><span class='ocrx_word' id='word_1_572' title='bbox 101 2586 198 2615; x_wconf 71' lang='lat' dir='ltr'>omnia</span> <span class='ocrx_word' id='word_1_573' title='bbox 204 2586 366 2631; x_wconf 52' lang='lat' dir='ltr'>peccarim&amp;</span> <span class='ocrx_word' id='word_1_574' title='bbox 374 2585 513 2624; x_wconf 72' lang='lat' dir='ltr'>maleficia</span> <span class='ocrx_word' id='word_1_575' title='bbox 524 2585 669 2619; x_wconf 79' lang='lat' dir='ltr'>concedere,</span> <span class='ocrx_word' id='word_1_576' title='bbox 682 2583 736 2615; x_wconf 84' lang='lat' dir='ltr'>nifi</span> <span class='ocrx_word' id='word_1_577' title='bbox 746 2586 814 2618; x_wconf 86' lang='lat' dir='ltr'>hoc,</span> <span class='ocrx_word' id='word_1_578' title='bbox 826 2586 991 2615; x_wconf 90' lang='lat' dir='ltr'>hominum</span> <span class='ocrx_word' id='word_1_579' title='bbox 1001 2586 1057 2615; x_wconf 92' lang='lat' dir='ltr'>ho-</span> 
     </span>
     <span class='ocr_line' id='line_1_61' title="bbox 106 2626 1056 2661; baseline -0.001 -4"><span class='ocrx_word' id='word_1_580' title='bbox 106 2626 340 2657; x_wconf 83' lang='lat' dir='ltr'>nestissimorum</span> <span class='ocrx_word' id='word_1_581' title='bbox 348 2627 532 2657; x_wconf 88' lang='lat' dir='ltr'>testimoniis</span> <span class='ocrx_word' id='word_1_582' title='bbox 544 2648 553 2661; x_wconf 86' lang='lat'>‚</span> <span class='ocrx_word' id='word_1_583' title='bbox 572 2627 604 2657; x_wconf 89' lang='lat'>&amp;</span> <span class='ocrx_word' id='word_1_584' title='bbox 621 2629 757 2657; x_wconf 90' lang='lat' dir='ltr'>virorum</span> <span class='ocrx_word' id='word_1_585' title='bbox 778 2627 931 2657; x_wconf 89' lang='lat' dir='ltr'>bonorum</span> <span class='ocrx_word' id='word_1_586' title='bbox 949 2627 1056 2657; x_wconf 89' lang='lat' dir='ltr'>tabulis</span> 
     </span>
     <span class='ocr_line' id='line_1_62' title="bbox 105 2668 1058 2710; baseline 0 -12"><span class='ocrx_word' id='word_1_587' title='bbox 105 2678 169 2698; x_wconf 89' lang='lat' dir='ltr'>non</span> <span class='ocrx_word' id='word_1_588' title='bbox 179 2668 294 2699; x_wconf 88' lang='lat' dir='ltr'>credere</span> <span class='ocrx_word' id='word_1_589' title='bbox 305 2675 315 2701; x_wconf 68' lang='grc' dir='ltr'><em>ἓ</em></span> <span class='ocrx_word' id='word_1_590' title='bbox 332 2671 413 2699; x_wconf 88' lang='lat' dir='ltr'>Nam</span> <span class='ocrx_word' id='word_1_591' title='bbox 423 2669 495 2710; x_wconf 90' lang='lat' dir='ltr'>quid</span> <span class='ocrx_word' id='word_1_592' title='bbox 504 2679 559 2710; x_wconf 87' lang='lat' dir='ltr'>ego</span> <span class='ocrx_word' id='word_1_593' title='bbox 569 2668 605 2698; x_wconf 89' lang='lat' dir='ltr'>de</span> <span class='ocrx_word' id='word_1_594' title='bbox 612 2668 789 2709; x_wconf 82' lang='lat' dir='ltr'>quotidiano</span> <span class='ocrx_word' id='word_1_595' title='bbox 798 2669 946 2702; x_wconf 86' lang='lat' dir='ltr'>sermone,</span> <span class='ocrx_word' id='word_1_596' title='bbox 957 2670 1058 2708; x_wconf 89' lang='lat' dir='ltr'>queri—</span> 
     </span>
     <span class='ocr_line' id='line_1_63' title="bbox 61 2709 1058 2751; baseline 0 -11"><span class='ocrx_word' id='word_1_597' title='bbox 61 2743 63 2745; x_wconf 53' lang='lat'>,</span> <span class='ocrx_word' id='word_1_598' title='bbox 106 2712 267 2751; x_wconf 84' lang='lat' dir='ltr'>moniaquc</span> <span class='ocrx_word' id='word_1_599' title='bbox 276 2711 379 2751; x_wconf 89' lang='lat' dir='ltr'>populi</span> <span class='ocrx_word' id='word_1_600' title='bbox 389 2713 524 2742; x_wconf 88' lang='lat' dir='ltr'>Romani</span> <span class='ocrx_word' id='word_1_601' title='bbox 534 2712 657 2751; x_wconf 89' lang='lat' dir='ltr'>loquar?</span> <span class='ocrx_word' id='word_1_602' title='bbox 677 2710 713 2740; x_wconf 90' lang='lat' dir='ltr'>de</span> <span class='ocrx_word' id='word_1_603' title='bbox 732 2709 815 2740; x_wconf 86' lang='lat' dir='ltr'>istius</span> <span class='ocrx_word' id='word_1_604' title='bbox 834 2709 1058 2750; x_wconf 77' lang='lat' dir='ltr'>impudentissi-</span> 
     </span>
     <span class='ocr_line' id='line_1_64' title="bbox 105 2751 1056 2792; baseline 0.002 -12"><span class='ocrx_word' id='word_1_605' title='bbox 105 2760 160 2781; x_wconf 91' lang='lat' dir='ltr'>mo</span> <span class='ocrx_word' id='word_1_606' title='bbox 163 2752 245 2791; x_wconf 80' lang='lat' dir='ltr'>furto</span> <span class='ocrx_word' id='word_1_607' title='bbox 257 2772 265 2786; x_wconf 87' lang='lat'>‚</span> <span class='ocrx_word' id='word_1_608' title='bbox 286 2753 334 2782; x_wconf 88' lang='lat' dir='ltr'>seu</span> <span class='ocrx_word' id='word_1_609' title='bbox 345 2754 445 2792; x_wconf 91' lang='lat' dir='ltr'>potius</span> <span class='ocrx_word' id='word_1_610' title='bbox 455 2762 538 2782; x_wconf 90' lang='lat' dir='ltr'>novo</span> <span class='ocrx_word' id='word_1_611' title='bbox 548 2772 557 2786; x_wconf 86' lang='lat'>‚</span> <span class='ocrx_word' id='word_1_612' title='bbox 577 2762 609 2782; x_wconf 94' lang='lat' dir='ltr'>ac</span> <span class='ocrx_word' id='word_1_613' title='bbox 618 2751 755 2792; x_wconf 89' lang='lat' dir='ltr'>singulari</span> <span class='ocrx_word' id='word_1_614' title='bbox 765 2752 910 2781; x_wconf 79' lang='lat' dir='ltr'>latrocinio</span> <span class='ocrx_word' id='word_1_615' title='bbox 922 2755 933 2781; x_wconf 73' lang='grc' dir='ltr'><strong><em>ἒ</em></strong></span> <span class='ocrx_word' id='word_1_616' title='bbox 951 2752 1056 2782; x_wconf 88' lang='lat' dir='ltr'>ausum</span> 
     </span>
     <span class='ocr_line' id='line_1_65' title="bbox 105 2792 1057 2835; baseline 0 -12"><span class='ocrx_word' id='word_1_617' title='bbox 105 2792 164 2823; x_wconf 84' lang='lat' dir='ltr'>esse</span> <span class='ocrx_word' id='word_1_618' title='bbox 172 2795 205 2823; x_wconf 92' lang='lat' dir='ltr'>in</span> <span class='ocrx_word' id='word_1_619' title='bbox 215 2793 275 2824; x_wconf 84' lang='lat' dir='ltr'>aede</span> <span class='ocrx_word' id='word_1_620' title='bbox 285 2793 421 2828; x_wconf 86' lang='lat' dir='ltr'>Castoris,</span> <span class='ocrx_word' id='word_1_621' title='bbox 431 2793 860 2835; x_wconf 85' lang='lat' dir='ltr'>celeberrimo,clariffimoque</span> <span class='ocrx_word' id='word_1_622' title='bbox 871 2804 1057 2824; x_wconf 89' lang='lat' dir='ltr'>monumen-</span> 
     </span>
     <span class='ocr_line' id='line_1_66' title="bbox 96 2835 1058 2876; baseline 0.002 -12"><span class='ocrx_word' id='word_1_623' title='bbox 96 2842 148 2867; x_wconf 90' lang='lat' dir='ltr'>·to,</span> <span class='ocrx_word' id='word_1_624' title='bbox 159 2835 238 2875; x_wconf 89' lang='lat' dir='ltr'>quod</span> <span class='ocrx_word' id='word_1_625' title='bbox 249 2836 397 2876; x_wconf 89' lang='lat' dir='ltr'>templum</span> <span class='ocrx_word' id='word_1_626' title='bbox 407 2838 439 2865; x_wconf 91' lang='lat' dir='ltr'>in</span> <span class='ocrx_word' id='word_1_627' title='bbox 449 2836 564 2869; x_wconf 87' lang='lat' dir='ltr'>oculis,</span> <span class='ocrx_word' id='word_1_628' title='bbox 587 2836 824 2876; x_wconf 85' lang='lat' dir='ltr'>quotidianoque</span> <span class='ocrx_word' id='word_1_629' title='bbox 845 2835 982 2876; x_wconf 60' lang='lat' dir='ltr'>adspefim</span> <span class='ocrx_word' id='word_1_630' title='bbox 1001 2846 1058 2876; x_wconf 89' lang='lat' dir='ltr'>po-</span> 
     </span>
     <span class='ocr_line' id='line_1_67' title="bbox 105 2876 1056 2919; baseline 0.002 -13"><span class='ocrx_word' id='word_1_631' title='bbox 105 2876 170 2916; x_wconf 86' lang='lat' dir='ltr'>puli</span> <span class='ocrx_word' id='word_1_632' title='bbox 177 2878 312 2907; x_wconf 88' lang='lat' dir='ltr'>Romani</span> <span class='ocrx_word' id='word_1_633' title='bbox 320 2876 362 2907; x_wconf 89' lang='lat' dir='ltr'>est</span> <span class='ocrx_word' id='word_1_634' title='bbox 370 2876 500 2918; x_wconf 88' lang='lat' dir='ltr'>positum</span> <span class='ocrx_word' id='word_1_635' title='bbox 511 2897 519 2912; x_wconf 87' lang='lat'>,</span> <span class='ocrx_word' id='word_1_636' title='bbox 529 2876 591 2919; x_wconf 74' lang='lat' dir='ltr'>quo</span> <span class='ocrx_word' id='word_1_637' title='bbox 603 2877 806 2918; x_wconf 73' lang='lat' dir='ltr'>saepenumero</span> <span class='ocrx_word' id='word_1_638' title='bbox 816 2877 931 2908; x_wconf 89' lang='lat' dir='ltr'>senatus</span> <span class='ocrx_word' id='word_1_639' title='bbox 941 2887 1056 2908; x_wconf 86' lang='lat' dir='ltr'>convo-</span> 
     </span>
    </p>
   </div>
   <div class='ocr_carea' id='block_1_6' title="bbox 1073 974 1099 2919">
    <p class='ocr_par' dir='ltr' id='par_1_6' title="bbox 1073 974 1099 2919">
     <span class='ocr_line' id='line_1_68' title="bbox 1073 974 1099 2919; baseline 0 0"><span class='ocrx_word' id='word_1_640' title='bbox 1073 974 1099 2919; x_wconf 95' lang='lat' dir='ltr'> </span> 
     </span>
    </p>
   </div>
   <div class='ocr_carea' id='block_1_7' title="bbox 107 3014 1061 3197">
    <p class='ocr_par' dir='ltr' id='par_1_7' title="bbox 108 3014 1056 3123">
     <span class='ocr_line' id='line_1_69' title="bbox 145 3014 1056 3051; baseline 0.002 -11"><span class='ocrx_word' id='word_1_641' title='bbox 145 3022 155 3040; x_wconf 72' lang='grc' dir='ltr'><strong>ι</strong></span> <span class='ocrx_word' id='word_1_642' title='bbox 163 3034 169 3041; x_wconf 91' lang='grc'>.</span> <span class='ocrx_word' id='word_1_643' title='bbox 187 3018 215 3041; x_wconf 92' lang='lat' dir='ltr'>C.</span> <span class='ocrx_word' id='word_1_644' title='bbox 223 3018 337 3049; x_wconf 74' lang='lat' dir='ltr'>sulpitius-</span> <span class='ocrx_word' id='word_1_645' title='bbox 345 3017 448 3050; x_wconf 78' lang='lat' dir='ltr'>olympus·</span> <span class='ocrx_word' id='word_1_646' title='bbox 459 3017 536 3051; x_wconf 50' lang='grc' dir='ltr'>ῥύῃ]</span> <span class='ocrx_word' id='word_1_647' title='bbox 556 3017 644 3042; x_wconf 83' lang='lat' dir='ltr'>Antea</span> <span class='ocrx_word' id='word_1_648' title='bbox 661 3014 787 3042; x_wconf 75' lang='lat' dir='ltr'>edebatur</span> <span class='ocrx_word' id='word_1_649' title='bbox 796 3018 921 3050; x_wconf 67' lang='lat' dir='ltr'>olympius.</span> <span class='ocrx_word' id='word_1_650' title='bbox 941 3016 1056 3043; x_wconf 76' lang='lat' dir='ltr'>mutavit</span> 
     </span>
     <span class='ocr_line' id='line_1_70' title="bbox 108 3049 1056 3082; baseline 0.002 -6"><span class='ocrx_word' id='word_1_651' title='bbox 108 3049 262 3082; x_wconf 81' lang='lat' dir='ltr'>Lambinus,</span> <span class='ocrx_word' id='word_1_652' title='bbox 274 3052 378 3078; x_wconf 80' lang='lat' dir='ltr'>hortatu</span> <span class='ocrx_word' id='word_1_653' title='bbox 390 3052 508 3079; x_wconf 83' lang='lat' dir='ltr'>Tui-nebi</span> <span class='ocrx_word' id='word_1_654' title='bbox 518 3053 546 3078; x_wconf 69' lang='grc' dir='ltr'>δε</span> <span class='ocrx_word' id='word_1_655' title='bbox 557 3052 684 3078; x_wconf 87' lang='lat' dir='ltr'>libroruin</span> <span class='ocrx_word' id='word_1_656' title='bbox 697 3059 764 3078; x_wconf 81' lang='lat' dir='ltr'>vett.</span> <span class='ocrx_word' id='word_1_657' title='bbox 782 3059 808 3078; x_wconf 87' lang='lat' dir='ltr'>at</span> <span class='ocrx_word' id='word_1_658' title='bbox 817 3054 887 3079; x_wconf 85' lang='lat' dir='ltr'>euim</span> <span class='ocrx_word' id='word_1_659' title='bbox 898 3053 966 3079; x_wconf 74' lang='lat' dir='ltr'>l’all.</span> <span class='ocrx_word' id='word_1_660' title='bbox 977 3053 1056 3080; x_wconf 83' lang='lat' dir='ltr'>nostri</span> 
     </span>
     <span class='ocr_line' id='line_1_71' title="bbox 109 3084 864 3123; baseline 0.007 -13"><span class='ocrx_word' id='word_1_661' title='bbox 109 3085 138 3111; x_wconf 68' lang='grc' dir='ltr'>δε</span> <span class='ocrx_word' id='word_1_662' title='bbox 149 3084 230 3111; x_wconf 86' lang='lat' dir='ltr'>editio</span> <span class='ocrx_word' id='word_1_663' title='bbox 239 3087 322 3121; x_wconf 78' lang='lat' dir='ltr'>prima</span> <span class='ocrx_word' id='word_1_664' title='bbox 331 3095 454 3114; x_wconf 86' lang='lat' dir='ltr'>neutrum</span> <span class='ocrx_word' id='word_1_665' title='bbox 465 3089 558 3114; x_wconf 86' lang='lat' dir='ltr'>horum</span> <span class='ocrx_word' id='word_1_666' title='bbox 568 3088 665 3115; x_wconf 77' lang='lat' dir='ltr'>habent</span> <span class='ocrx_word' id='word_1_667' title='bbox 676 3108 684 3119; x_wconf 88' lang='lat'>,</span> <span class='ocrx_word' id='word_1_668' title='bbox 695 3087 739 3114; x_wconf 86' lang='lat' dir='ltr'>sed</span> <span class='ocrx_word' id='word_1_669' title='bbox 749 3090 864 3123; x_wconf 54' lang='lat' dir='ltr'>ogympiir.</span> 
     </span>
    </p>

    <p class='ocr_par' dir='ltr' id='par_1_8' title="bbox 107 3123 1061 3197">
     <span class='ocr_line' id='line_1_72' title="bbox 144 3123 1059 3159; baseline 0.003 -13"><span class='ocrx_word' id='word_1_670' title='bbox 144 3129 172 3146; x_wconf 85' lang='lat'>2.</span> <span class='ocrx_word' id='word_1_671' title='bbox 191 3124 222 3146; x_wconf 88' lang='lat' dir='ltr'>L.</span> <span class='ocrx_word' id='word_1_672' title='bbox 231 3123 294 3148; x_wconf 78' lang='lat' dir='ltr'>Sulla</span> <span class='ocrx_word' id='word_1_673' title='bbox 304 3141 312 3153; x_wconf 92' lang='lat'>,</span> <span class='ocrx_word' id='word_1_674' title='bbox 329 3124 376 3156; x_wconf 69' lang='lat' dir='ltr'>Q.</span> <span class='ocrx_word' id='word_1_675' title='bbox 387 3127 477 3150; x_wconf 76' lang='lat' dir='ltr'>Metello</span> <span class='ocrx_word' id='word_1_676' title='bbox 486 3124 640 3157; x_wconf 69' lang='lat' dir='ltr'>cenfhribm]</span> <span class='ocrx_word' id='word_1_677' title='bbox 660 3126 681 3151; x_wconf 76' lang='lat' dir='ltr'>V</span> <span class='ocrx_word' id='word_1_678' title='bbox 686 3124 768 3159; x_wconf 77' lang='lat' dir='ltr'>ulgati</span> <span class='ocrx_word' id='word_1_679' title='bbox 779 3124 907 3158; x_wconf 80' lang='lat' dir='ltr'>confidibm</span> <span class='ocrx_word' id='word_1_680' title='bbox 916 3131 961 3151; x_wconf 77' lang='lat' dir='ltr'>aut</span> <span class='ocrx_word' id='word_1_681' title='bbox 971 3125 1059 3151; x_wconf 87' lang='lat' dir='ltr'>Coss.</span> 
     </span>
     <span class='ocr_line' id='line_1_73' title="bbox 107 3156 1061 3197; baseline 0.003 -14"><span class='ocrx_word' id='word_1_682' title='bbox 107 3156 189 3184; x_wconf 64' lang='lat' dir='ltr'>malt).</span> <span class='ocrx_word' id='word_1_683' title='bbox 212 3164 286 3185; x_wconf 72' lang='lat' dir='ltr'>natus</span> <span class='ocrx_word' id='word_1_684' title='bbox 297 3166 371 3186; x_wconf 80' lang='lat' dir='ltr'>error</span> <span class='ocrx_word' id='word_1_685' title='bbox 382 3168 415 3186; x_wconf 77' lang='lat' dir='ltr'>ex</span> <span class='ocrx_word' id='word_1_686' title='bbox 426 3159 581 3196; x_wconf 79' lang='lat' dir='ltr'>compendio</span> <span class='ocrx_word' id='word_1_687' title='bbox 590 3159 725 3196; x_wconf 81' lang='lat' dir='ltr'>scripturae</span> <span class='ocrx_word' id='word_1_688' title='bbox 743 3162 830 3188; x_wconf 62' lang='lat' dir='ltr'>Cass.</span> <span class='ocrx_word' id='word_1_689' title='bbox 850 3168 909 3197; x_wconf 76' lang='lat' dir='ltr'>quae</span> <span class='ocrx_word' id='word_1_690' title='bbox 918 3169 970 3188; x_wconf 81' lang='lat' dir='ltr'>uon</span> <span class='ocrx_word' id='word_1_691' title='bbox 981 3160 1061 3196; x_wconf 73' lang='lat' dir='ltr'>longe</span> 
     </span>
    </p>
   </div>
   <div class='ocr_carea' id='block_1_8' title="bbox 1116 136 2096 206">
    <p class='ocr_par' dir='ltr' id='par_1_9' title="bbox 1116 136 2096 206">
     <span class='ocr_line' id='line_1_74' title="bbox 1116 136 2096 206; baseline 0.008 -24"><span class='ocrx_word' id='word_1_692' title='bbox 1116 136 1174 183; x_wconf 87' lang='lat' dir='ltr'>C.</span> <span class='ocrx_word' id='word_1_693' title='bbox 1209 136 1499 187; x_wconf 73' lang='lat' dir='ltr'>VERREM.</span> <span class='ocrx_word' id='word_1_694' title='bbox 2006 156 2096 206; x_wconf 82' lang='lat'>243</span> 
     </span>
    </p>
   </div>
   <div class='ocr_carea' id='block_1_9' title="bbox 1141 216 2099 299">
    <p class='ocr_par' dir='ltr' id='par_1_10' title="bbox 1141 216 2099 299">
     <span class='ocr_line' id='line_1_75' title="bbox 1141 216 2099 262; baseline 0.008 -17"><span class='ocrx_word' id='word_1_695' title='bbox 1141 225 1238 247; x_wconf 85' lang='lat' dir='ltr'>catur:</span> <span class='ocrx_word' id='word_1_696' title='bbox 1265 218 1326 259; x_wconf 76' lang='lat' dir='ltr'>quo</span> <span class='ocrx_word' id='word_1_697' title='bbox 1355 221 1559 251; x_wconf 84' lang='lat' dir='ltr'>maximarum</span> <span class='ocrx_word' id='word_1_698' title='bbox 1579 226 1680 250; x_wconf 79' lang='lat' dir='ltr'>rerum</span> <span class='ocrx_word' id='word_1_699' title='bbox 1699 216 1944 260; x_wconf 80' lang='lat' dir='ltr'>frequentiffimae</span> <span class='ocrx_word' id='word_1_700' title='bbox 1962 222 2099 262; x_wconf 75' lang='lat' dir='ltr'>quotidie</span> 
     </span>
     <span class='ocr_line' id='line_1_76' title="bbox 1141 258 2098 299; baseline 0.008 -12"><span class='ocrx_word' id='word_1_701' title='bbox 1141 258 1352 291; x_wconf 82' lang='lat' dir='ltr'>advocationes</span> <span class='ocrx_word' id='word_1_702' title='bbox 1363 260 1455 292; x_wconf 88' lang='lat' dir='ltr'>fiunt:</span> <span class='ocrx_word' id='word_1_703' title='bbox 1474 264 1508 292; x_wconf 88' lang='lat' dir='ltr'>in</span> <span class='ocrx_word' id='word_1_704' title='bbox 1518 272 1554 292; x_wconf 90' lang='lat' dir='ltr'>eo</span> <span class='ocrx_word' id='word_1_705' title='bbox 1562 261 1630 291; x_wconf 93' lang='lat' dir='ltr'>loco</span> <span class='ocrx_word' id='word_1_706' title='bbox 1642 282 1650 294; x_wconf 89' lang='lat'><em>‚</em></span> <span class='ocrx_word' id='word_1_707' title='bbox 1662 263 1695 290; x_wconf 84' lang='lat' dir='ltr'>in</span> <span class='ocrx_word' id='word_1_708' title='bbox 1705 262 1842 292; x_wconf 86' lang='lat' dir='ltr'>sermone</span> <span class='ocrx_word' id='word_1_709' title='bbox 1852 263 2015 296; x_wconf 81' lang='lat' dir='ltr'>hominum</span> <span class='ocrx_word' id='word_1_710' title='bbox 2026 284 2035 299; x_wconf 81' lang='lat'>,</span> <span class='ocrx_word' id='word_1_711' title='bbox 2046 274 2098 295; x_wconf 80' lang='lat' dir='ltr'>au-</span> 
     </span>
    </p>
   </div>
   <div class='ocr_carea' id='block_1_10' title="bbox 1098 340 2094 2959">
    <p class='ocr_par' dir='ltr' id='par_1_11' title="bbox 1098 340 2094 2959">
     <span class='ocr_line' id='line_1_77' title="bbox 1139 340 2092 387; baseline 0.01 -18"><span class='ocrx_word' id='word_1_712' title='bbox 1139 340 1267 371; x_wconf 81' lang='lat' dir='ltr'>Castoris</span> <span class='ocrx_word' id='word_1_713' title='bbox 1277 363 1285 375; x_wconf 95' lang='lat'>,</span> <span class='ocrx_word' id='word_1_714' title='bbox 1300 344 1415 382; x_wconf 80' lang='lat' dir='ltr'>judices</span> <span class='ocrx_word' id='word_1_715' title='bbox 1423 365 1432 378; x_wconf 90' lang='lat'>‚</span> <span class='ocrx_word' id='word_1_716' title='bbox 1460 348 1489 375; x_wconf 87' lang='grc' dir='ltr'>Ρ.</span> <span class='ocrx_word' id='word_1_717' title='bbox 1500 347 1610 387; x_wconf 86' lang='lat' dir='ltr'>Junius</span> <span class='ocrx_word' id='word_1_718' title='bbox 1628 346 1731 376; x_wconf 81' lang='lat' dir='ltr'>habuit</span> <span class='ocrx_word' id='word_1_719' title='bbox 1749 347 1892 377; x_wconf 87' lang='lat' dir='ltr'>tuendam</span> <span class='ocrx_word' id='word_1_720' title='bbox 1902 367 1911 383; x_wconf 86' lang='lat'>‚</span> <span class='ocrx_word' id='word_1_721' title='bbox 1932 350 1945 366; x_wconf 87' lang='lat'>²</span> <span class='ocrx_word' id='word_1_722' title='bbox 1956 350 1992 378; x_wconf 90' lang='lat' dir='ltr'>L.</span> <span class='ocrx_word' id='word_1_723' title='bbox 2003 349 2092 383; x_wconf 84' lang='lat' dir='ltr'>Sulla,</span> 
     </span>
     <span class='ocr_line' id='line_1_78' title="bbox 1138 383 2093 430; baseline 0.013 -21"><span class='ocrx_word' id='word_1_724' title='bbox 1138 383 1312 428; x_wconf 73' lang='lat' dir='ltr'>QMetello</span> <span class='ocrx_word' id='word_1_725' title='bbox 1322 406 1329 417; x_wconf 96' lang='lat'>,</span> <span class='ocrx_word' id='word_1_726' title='bbox 1340 387 1524 416; x_wconf 85' lang='lat' dir='ltr'>censoribus.</span> <span class='ocrx_word' id='word_1_727' title='bbox 1556 390 1585 416; x_wconf 87' lang='lat' dir='ltr'>Is</span> <span class='ocrx_word' id='word_1_728' title='bbox 1596 397 1731 418; x_wconf 84' lang='lat' dir='ltr'>mortuus</span> <span class='ocrx_word' id='word_1_729' title='bbox 1741 387 1791 418; x_wconf 86' lang='lat' dir='ltr'>cst.</span> <span class='ocrx_word' id='word_1_730' title='bbox 1814 389 2093 430; x_wconf 87' lang='lat' dir='ltr'>reliquitpupillum</span> 
     </span>
     <span class='ocr_line' id='line_1_79' title="bbox 1135 426 2093 465; baseline 0.011 -14"><span class='ocrx_word' id='word_1_731' title='bbox 1135 431 1259 460; x_wconf 85' lang='lat' dir='ltr'>parvum</span> <span class='ocrx_word' id='word_1_732' title='bbox 1270 426 1381 456; x_wconf 79' lang='lat' dir='ltr'>hlium.</span> <span class='ocrx_word' id='word_1_733' title='bbox 1397 427 1469 457; x_wconf 75' lang='lat' dir='ltr'>cum</span> <span class='ocrx_word' id='word_1_734' title='bbox 1480 430 1516 458; x_wconf 89' lang='lat' dir='ltr'>L.</span> <span class='ocrx_word' id='word_1_735' title='bbox 1527 428 1678 462; x_wconf 61' lang='lat' dir='ltr'>oua-vius,</span> <span class='ocrx_word' id='word_1_736' title='bbox 1694 433 1726 460; x_wconf 92' lang='lat' dir='ltr'>C.</span> <span class='ocrx_word' id='word_1_737' title='bbox 1736 431 1874 460; x_wconf 78' lang='lat' dir='ltr'>Aurelius</span> <span class='ocrx_word' id='word_1_738' title='bbox 1885 451 1892 465; x_wconf 86' lang='lat'>,</span> <span class='ocrx_word' id='word_1_739' title='bbox 1906 434 1993 461; x_wconf 88' lang='lat' dir='ltr'>Coss.</span> <span class='ocrx_word' id='word_1_740' title='bbox 2006 432 2093 463; x_wconf 82' lang='lat' dir='ltr'>aedeis</span> 
     </span>
     <span class='ocr_line' id='line_1_80' title="bbox 1133 464 2094 510; baseline 0.012 -18"><span class='ocrx_word' id='word_1_741' title='bbox 1133 464 1222 509; x_wconf 71' lang='lat' dir='ltr'>iactas</span> <span class='ocrx_word' id='word_1_742' title='bbox 1240 465 1414 497; x_wconf 76' lang='lat' dir='ltr'>locavissent</span> <span class='ocrx_word' id='word_1_743' title='bbox 1422 489 1430 502; x_wconf 90' lang='lat'>‚</span> <span class='ocrx_word' id='word_1_744' title='bbox 1454 479 1550 510; x_wconf 85' lang='lat' dir='ltr'>neque</span> <span class='ocrx_word' id='word_1_745' title='bbox 1568 470 1730 510; x_wconf 71' lang='lat' dir='ltr'>potuissent</span> <span class='ocrx_word' id='word_1_746' title='bbox 1743 474 1848 502; x_wconf 88' lang='lat' dir='ltr'>omnia</span> <span class='ocrx_word' id='word_1_747' title='bbox 1864 473 1934 503; x_wconf 84' lang='lat' dir='ltr'>sarta</span> <span class='ocrx_word' id='word_1_748' title='bbox 1954 473 2028 504; x_wconf 65' lang='lat' dir='ltr'>tecta</span> <span class='ocrx_word' id='word_1_749' title='bbox 2039 484 2094 504; x_wconf 85' lang='lat' dir='ltr'>ex—</span> 
     </span>
     <span class='ocr_line' id='line_1_81' title="bbox 1134 510 2091 552; baseline 0.014 -19"><span class='ocrx_word' id='word_1_750' title='bbox 1134 515 1323 547; x_wconf 86' lang='lat' dir='ltr'>igere,neque</span> <span class='ocrx_word' id='word_1_751' title='bbox 1334 510 1355 537; x_wconf 90' lang='lat' dir='ltr'>ii</span> <span class='ocrx_word' id='word_1_752' title='bbox 1366 514 1626 551; x_wconf 82' lang='lat' dir='ltr'>praetores,quibus</span> <span class='ocrx_word' id='word_1_753' title='bbox 1636 521 1694 542; x_wconf 85' lang='lat' dir='ltr'>erat</span> <span class='ocrx_word' id='word_1_754' title='bbox 1702 516 1858 552; x_wconf 80' lang='lat' dir='ltr'>negotium</span> <span class='ocrx_word' id='word_1_755' title='bbox 1869 515 1983 548; x_wconf 86' lang='lat' dir='ltr'>datum,</span> <span class='ocrx_word' id='word_1_756' title='bbox 1997 518 2030 545; x_wconf 95' lang='lat' dir='ltr'>C.</span> <span class='ocrx_word' id='word_1_757' title='bbox 2041 519 2091 546; x_wconf 84' lang='lat' dir='ltr'>Sa-</span> 
     </span>
     <span class='ocr_line' id='line_1_82' title="bbox 1132 546 2089 595; baseline 0.014 -20"><span class='ocrx_word' id='word_1_758' title='bbox 1132 546 1236 577; x_wconf 88' lang='lat' dir='ltr'>cerdos</span> <span class='ocrx_word' id='word_1_759' title='bbox 1246 567 1254 582; x_wconf 89' lang='lat'>‚</span> <span class='ocrx_word' id='word_1_760' title='bbox 1276 550 1308 578; x_wconf 74' lang='grc' dir='ltr'>ὃε</span> <span class='ocrx_word' id='word_1_761' title='bbox 1326 551 1368 578; x_wconf 91' lang='lat' dir='ltr'>M.</span> <span class='ocrx_word' id='word_1_762' title='bbox 1381 550 1486 580; x_wconf 77' lang='lat' dir='ltr'>Caesius</span> <span class='ocrx_word' id='word_1_763' title='bbox 1499 563 1504 579; x_wconf 79' lang='lat' dir='ltr'>z</span> <span class='ocrx_word' id='word_1_764' title='bbox 1524 552 1637 582; x_wconf 53' lang='lat' dir='ltr'>radium</span> <span class='ocrx_word' id='word_1_765' title='bbox 1650 553 1692 583; x_wconf 88' lang='lat' dir='ltr'>est</span> <span class='ocrx_word' id='word_1_766' title='bbox 1703 558 1731 584; x_wconf 88' lang='lat' dir='ltr'>S.</span> <span class='ocrx_word' id='word_1_767' title='bbox 1745 557 1776 584; x_wconf 88' lang='lat' dir='ltr'>C.</span> <span class='ocrx_word' id='word_1_768' title='bbox 1787 555 1894 595; x_wconf 87' lang='lat' dir='ltr'>quibus</span> <span class='ocrx_word' id='word_1_769' title='bbox 1906 556 1942 586; x_wconf 88' lang='lat' dir='ltr'>de</span> <span class='ocrx_word' id='word_1_770' title='bbox 1954 558 2032 587; x_wconf 86' lang='lat' dir='ltr'>sartis</span> <span class='ocrx_word' id='word_1_771' title='bbox 2045 567 2089 587; x_wconf 85' lang='lat' dir='ltr'>te-</span> 
     </span>
     <span class='ocr_line' id='line_1_83' title="bbox 1133 586 2088 631; baseline 0.013 -14"><span class='ocrx_word' id='word_1_772' title='bbox 1133 586 1189 617; x_wconf 68' lang='lat' dir='ltr'>&amp;is</span> <span class='ocrx_word' id='word_1_773' title='bbox 1199 591 1367 629; x_wconf 77' lang='lat' dir='ltr'>cognitum.</span> <span class='ocrx_word' id='word_1_774' title='bbox 1380 591 1583 630; x_wconf 82' lang='lat' dir='ltr'>&amp;judicatum</span> <span class='ocrx_word' id='word_1_775' title='bbox 1595 604 1657 624; x_wconf 85' lang='lat' dir='ltr'>non</span> <span class='ocrx_word' id='word_1_776' title='bbox 1667 594 1747 628; x_wconf 76' lang='lat' dir='ltr'>effer,</span> <span class='ocrx_word' id='word_1_777' title='bbox 1760 606 1803 626; x_wconf 86' lang='lat' dir='ltr'>uti</span> <span class='ocrx_word' id='word_1_778' title='bbox 1814 599 1967 631; x_wconf 81' lang='lat' dir='ltr'>CVerres,</span> <span class='ocrx_word' id='word_1_779' title='bbox 1981 601 2010 629; x_wconf 90' lang='grc' dir='ltr'>Ρ.</span> <span class='ocrx_word' id='word_1_780' title='bbox 2025 602 2088 629; x_wconf 63' lang='lat' dir='ltr'>Ca-</span> 
     </span>
     <span class='ocr_line' id='line_1_84' title="bbox 1131 629 2087 681; baseline 0.014 -23"><span class='ocrx_word' id='word_1_781' title='bbox 1131 629 1189 658; x_wconf 84' lang='lat' dir='ltr'>lius</span> <span class='ocrx_word' id='word_1_782' title='bbox 1199 649 1207 663; x_wconf 85' lang='lat'>,</span> <span class='ocrx_word' id='word_1_783' title='bbox 1226 640 1366 670; x_wconf 74' lang='lat' dir='ltr'>praetores</span> <span class='ocrx_word' id='word_1_784' title='bbox 1376 634 1587 673; x_wconf 81' lang='lat' dir='ltr'>cognoscerent</span> <span class='ocrx_word' id='word_1_785' title='bbox 1597 656 1603 667; x_wconf 82' lang='lat'>,</span> <span class='ocrx_word' id='word_1_786' title='bbox 1627 636 1659 665; x_wconf 72' lang='grc' dir='ltr'>δε</span> <span class='ocrx_word' id='word_1_787' title='bbox 1670 637 1842 675; x_wconf 79' lang='lat' dir='ltr'>judicarent.</span> <span class='ocrx_word' id='word_1_788' title='bbox 1873 642 1938 681; x_wconf 82' lang='lat' dir='ltr'>Qa</span> <span class='ocrx_word' id='word_1_789' title='bbox 1946 639 2087 679; x_wconf 83' lang='lat' dir='ltr'>potestate</span> 
     </span>
     <span class='ocr_line' id='line_1_85' title="bbox 1131 669 2085 721; baseline 0.013 -21"><span class='ocrx_word' id='word_1_790' title='bbox 1131 669 1184 701; x_wconf 86' lang='lat' dir='ltr'>iste</span> <span class='ocrx_word' id='word_1_791' title='bbox 1194 672 1343 711; x_wconf 71' lang='lat' dir='ltr'>permissa,</span> <span class='ocrx_word' id='word_1_792' title='bbox 1356 683 1388 703; x_wconf 89' lang='lat' dir='ltr'>ut</span> <span class='ocrx_word' id='word_1_793' title='bbox 1398 685 1435 704; x_wconf 86' lang='lat' dir='ltr'>ex</span> <span class='ocrx_word' id='word_1_794' title='bbox 1448 678 1481 704; x_wconf 89' lang='lat' dir='ltr'>C.</span> <span class='ocrx_word' id='word_1_795' title='bbox 1493 678 1607 705; x_wconf 80' lang='lat' dir='ltr'>Fannio</span> <span class='ocrx_word' id='word_1_796' title='bbox 1618 697 1625 709; x_wconf 84' lang='lat'>‚</span> <span class='ocrx_word' id='word_1_797' title='bbox 1638 678 1669 706; x_wconf 65' lang='grc' dir='ltr'>ὃς</span> <span class='ocrx_word' id='word_1_798' title='bbox 1680 688 1716 707; x_wconf 78' lang='lat' dir='ltr'>cx</span> <span class='ocrx_word' id='word_1_799' title='bbox 1727 679 1874 720; x_wconf 67' lang='lat' dir='ltr'>QTadio</span> <span class='ocrx_word' id='word_1_800' title='bbox 1884 681 2085 721; x_wconf 80' lang='lat' dir='ltr'>cognovistis:</span> 
     </span>
     <span class='ocr_line' id='line_1_86' title="bbox 1132 714 2086 760; baseline 0.013 -18"><span class='ocrx_word' id='word_1_801' title='bbox 1132 722 1341 744; x_wconf 85' lang='lat' dir='ltr'>verumtamen</span> <span class='ocrx_word' id='word_1_802' title='bbox 1353 714 1423 745; x_wconf 79' lang='lat' dir='ltr'>cum</span> <span class='ocrx_word' id='word_1_803' title='bbox 1435 715 1506 746; x_wconf 77' lang='lat' dir='ltr'>ess&#39;et</span> <span class='ocrx_word' id='word_1_804' title='bbox 1515 718 1658 748; x_wconf 88' lang='lat' dir='ltr'>omnibus</span> <span class='ocrx_word' id='word_1_805' title='bbox 1670 720 1700 748; x_wconf 91' lang='lat' dir='ltr'>in</span> <span class='ocrx_word' id='word_1_806' title='bbox 1712 716 1797 749; x_wconf 83' lang='lat' dir='ltr'>rebus</span> <span class='ocrx_word' id='word_1_807' title='bbox 1806 721 1981 760; x_wconf 68' lang='lat' dir='ltr'>apertissime</span> <span class='ocrx_word' id='word_1_808' title='bbox 1992 743 2000 756; x_wconf 88' lang='lat'>‚</span> <span class='ocrx_word' id='word_1_809' title='bbox 2026 726 2086 754; x_wconf 84' lang='lat' dir='ltr'>im-</span> 
     </span>
     <span class='ocr_line' id='line_1_87' title="bbox 1129 754 2086 797; baseline 0.013 -14"><span class='ocrx_word' id='word_1_810' title='bbox 1129 754 1401 797; x_wconf 80' lang='lat' dir='ltr'>pudentiffimeque</span> <span class='ocrx_word' id='word_1_811' title='bbox 1420 757 1563 797; x_wconf 66' lang='lat' dir='ltr'>praedatus</span> <span class='ocrx_word' id='word_1_812' title='bbox 1574 778 1582 791; x_wconf 87' lang='lat'>,</span> <span class='ocrx_word' id='word_1_813' title='bbox 1602 760 1660 788; x_wconf 91' lang='lat' dir='ltr'>hoc</span> <span class='ocrx_word' id='word_1_814' title='bbox 1677 761 1777 790; x_wconf 84' lang='lat' dir='ltr'>voluit</span> <span class='ocrx_word' id='word_1_815' title='bbox 1792 762 1981 794; x_wconf 80' lang='lat' dir='ltr'>clarissimum</span> <span class='ocrx_word' id='word_1_816' title='bbox 1994 766 2086 795; x_wconf 90' lang='lat' dir='ltr'>relin-</span> 
     </span>
     <span class='ocr_line' id='line_1_88' title="bbox 1128 797 2087 844; baseline 0.013 -19"><span class='ocrx_word' id='word_1_817' title='bbox 1128 805 1217 835; x_wconf 85' lang='lat' dir='ltr'>quere</span> <span class='ocrx_word' id='word_1_818' title='bbox 1232 797 1386 836; x_wconf 86' lang='lat' dir='ltr'>judicium</span> <span class='ocrx_word' id='word_1_819' title='bbox 1399 799 1624 829; x_wconf 80' lang='lat' dir='ltr'>latrociniorum</span> <span class='ocrx_word' id='word_1_820' title='bbox 1637 801 1756 831; x_wconf 87' lang='lat' dir='ltr'>suorum</span> <span class='ocrx_word' id='word_1_821' title='bbox 1769 813 1774 830; x_wconf 87' lang='lat'>:</span> <span class='ocrx_word' id='word_1_822' title='bbox 1793 803 1829 832; x_wconf 91' lang='lat' dir='ltr'>de</span> <span class='ocrx_word' id='word_1_823' title='bbox 1839 814 1899 844; x_wconf 90' lang='lat' dir='ltr'>quo</span> <span class='ocrx_word' id='word_1_824' title='bbox 1910 816 1973 835; x_wconf 79' lang='lat' dir='ltr'>non</span> <span class='ocrx_word' id='word_1_825' title='bbox 1983 807 2087 836; x_wconf 86' lang='lat' dir='ltr'>audire</span> 
     </span>
     <span class='ocr_line' id='line_1_89' title="bbox 1126 838 2082 888; baseline 0.013 -22"><span class='ocrx_word' id='word_1_826' title='bbox 1126 838 1287 878; x_wconf 85' lang='lat' dir='ltr'>aliquando</span> <span class='ocrx_word' id='word_1_827' title='bbox 1300 860 1308 872; x_wconf 88' lang='lat'>,</span> <span class='ocrx_word' id='word_1_828' title='bbox 1328 839 1377 870; x_wconf 85' lang='lat' dir='ltr'>sed</span> <span class='ocrx_word' id='word_1_829' title='bbox 1396 840 1497 871; x_wconf 89' lang='lat' dir='ltr'>videre</span> <span class='ocrx_word' id='word_1_830' title='bbox 1516 842 1650 882; x_wconf 88' lang='lat' dir='ltr'>quotidie</span> <span class='ocrx_word' id='word_1_831' title='bbox 1660 841 1819 882; x_wconf 77' lang='lat' dir='ltr'>possemus.</span> <span class='ocrx_word' id='word_1_832' title='bbox 1842 845 1974 885; x_wconf 76' lang='lat' dir='ltr'>quaesivit</span> <span class='ocrx_word' id='word_1_833' title='bbox 1986 867 1994 880; x_wconf 92' lang='lat'>‚</span> <span class='ocrx_word' id='word_1_834' title='bbox 2016 851 2082 888; x_wconf 87' lang='lat' dir='ltr'>quis</span> 
     </span>
     <span class='ocr_line' id='line_1_90' title="bbox 1126 879 2084 929; baseline 0.01 -20"><span class='ocrx_word' id='word_1_835' title='bbox 1126 879 1223 909; x_wconf 81' lang='lat' dir='ltr'>aedem</span> <span class='ocrx_word' id='word_1_836' title='bbox 1243 880 1370 911; x_wconf 80' lang='lat' dir='ltr'>Castoris</span> <span class='ocrx_word' id='word_1_837' title='bbox 1393 882 1497 912; x_wconf 87' lang='lat' dir='ltr'>sartam</span> <span class='ocrx_word' id='word_1_838' title='bbox 1526 883 1635 913; x_wconf 63' lang='lat' dir='ltr'>teuam</span> <span class='ocrx_word' id='word_1_839' title='bbox 1661 884 1780 915; x_wconf 82' lang='lat' dir='ltr'>deberet</span> <span class='ocrx_word' id='word_1_840' title='bbox 1807 887 1927 917; x_wconf 79' lang='lat' dir='ltr'>tradere.</span> <span class='ocrx_word' id='word_1_841' title='bbox 1955 890 2084 929; x_wconf 87' lang='lat' dir='ltr'>Junium</span> 
     </span>
     <span class='ocr_line' id='line_1_91' title="bbox 1125 921 2084 968; baseline 0.011 -19"><span class='ocrx_word' id='word_1_842' title='bbox 1125 921 1222 960; x_wconf 89' lang='lat' dir='ltr'>ipsum</span> <span class='ocrx_word' id='word_1_843' title='bbox 1235 931 1389 953; x_wconf 87' lang='lat' dir='ltr'>mortuum</span> <span class='ocrx_word' id='word_1_844' title='bbox 1402 922 1460 954; x_wconf 80' lang='lat' dir='ltr'>effe</span> <span class='ocrx_word' id='word_1_845' title='bbox 1472 924 1595 954; x_wconf 82' lang='lat' dir='ltr'>sciebat:</span> <span class='ocrx_word' id='word_1_846' title='bbox 1614 926 1686 955; x_wconf 90' lang='lat' dir='ltr'>scire</span> <span class='ocrx_word' id='word_1_847' title='bbox 1696 926 1824 960; x_wconf 86' lang='lat' dir='ltr'>volebat,</span> <span class='ocrx_word' id='word_1_848' title='bbox 1836 928 1869 957; x_wconf 85' lang='lat' dir='ltr'>ad</span> <span class='ocrx_word' id='word_1_849' title='bbox 1878 939 1967 968; x_wconf 85' lang='lat' dir='ltr'>quern</span> <span class='ocrx_word' id='word_1_850' title='bbox 1979 930 2029 960; x_wconf 86' lang='lat' dir='ltr'>illa</span> <span class='ocrx_word' id='word_1_851' title='bbox 2039 941 2084 960; x_wconf 83' lang='lat' dir='ltr'>res</span> 
     </span>
     <span class='ocr_line' id='line_1_92' title="bbox 1122 964 2085 1011; baseline 0.011 -20"><span class='ocrx_word' id='word_1_852' title='bbox 1122 965 1300 1002; x_wconf 87' lang='lat' dir='ltr'>pertineret:</span> <span class='ocrx_word' id='word_1_853' title='bbox 1319 964 1562 1005; x_wconf 86' lang='lat' dir='ltr'>auditpupillum</span> <span class='ocrx_word' id='word_1_854' title='bbox 1579 965 1635 996; x_wconf 82' lang='lat' dir='ltr'>effe</span> <span class='ocrx_word' id='word_1_855' title='bbox 1644 965 1751 997; x_wconf 87' lang='lat' dir='ltr'>filium.</span> <span class='ocrx_word' id='word_1_856' title='bbox 1774 969 1869 998; x_wconf 89' lang='lat' dir='ltr'>homo</span> <span class='ocrx_word' id='word_1_857' title='bbox 1882 989 1889 1001; x_wconf 88' lang='lat'>‚</span> <span class='ocrx_word' id='word_1_858' title='bbox 1901 972 1951 1010; x_wconf 87' lang='lat' dir='ltr'>qui</span> <span class='ocrx_word' id='word_1_859' title='bbox 1970 972 2085 1011; x_wconf 78' lang='lat' dir='ltr'>semper</span> 
     </span>
     <span class='ocr_line' id='line_1_93' title="bbox 1121 1006 2085 1044; baseline 0.009 -11"><span class='ocrx_word' id='word_1_860' title='bbox 1121 1007 1162 1034; x_wconf 89' lang='lat' dir='ltr'>ita</span> <span class='ocrx_word' id='word_1_861' title='bbox 1180 1006 1278 1044; x_wconf 74' lang='lat' dir='ltr'>palam</span> <span class='ocrx_word' id='word_1_862' title='bbox 1306 1006 1465 1037; x_wconf 64' lang='lat' dir='ltr'>diffitass&#39;et</span> <span class='ocrx_word' id='word_1_863' title='bbox 1482 1027 1490 1040; x_wconf 89' lang='lat'>‚</span> <span class='ocrx_word' id='word_1_864' title='bbox 1522 1010 1768 1039; x_wconf 80' lang='lat' dir='ltr'>PUPILLOS</span> <span class='ocrx_word' id='word_1_865' title='bbox 1789 1030 1797 1042; x_wconf 92' lang='lat'>,</span> <span class='ocrx_word' id='word_1_866' title='bbox 1831 1012 1854 1039; x_wconf 87' lang='lat' dir='ltr'><em>E</em></span> <span class='ocrx_word' id='word_1_867' title='bbox 1866 1012 1891 1039; x_wconf 92' lang='lat' dir='ltr'><em>T</em></span> <span class='ocrx_word' id='word_1_868' title='bbox 1920 1014 1978 1040; x_wconf 83' lang='lat' dir='ltr'>PU</span> <span class='ocrx_word' id='word_1_869' title='bbox 1989 1015 2085 1042; x_wconf 78' lang='lat' dir='ltr'><em>PIL-</em></span> 
     </span>
     <span class='ocr_line' id='line_1_94' title="bbox 1120 1047 2081 1084; baseline 0.01 -10"><span class='ocrx_word' id='word_1_870' title='bbox 1120 1047 1223 1076; x_wconf 57' lang='lat' dir='ltr'>LAS</span> <span class='ocrx_word' id='word_1_871' title='bbox 1242 1066 1250 1080; x_wconf 88' lang='lat'>,</span> <span class='ocrx_word' id='word_1_872' title='bbox 1282 1049 1652 1080; x_wconf 52' lang='lat' dir='ltr'>CERTISSIMAM</span> <span class='ocrx_word' id='word_1_873' title='bbox 1683 1053 1936 1082; x_wconf 74' lang='lat' dir='ltr'>PReAED-AM</span> <span class='ocrx_word' id='word_1_874' title='bbox 1964 1055 2081 1084; x_wconf 79' lang='lat' dir='ltr'><em>ESSE</em></span> 
     </span>
     <span class='ocr_line' id='line_1_95' title="bbox 1120 1090 2079 1134; baseline 0.009 -18"><span class='ocrx_word' id='word_1_875' title='bbox 1120 1090 1141 1116; x_wconf 88' lang='lat' dir='ltr'><em>P</em></span> <span class='ocrx_word' id='word_1_876' title='bbox 1151 1090 1176 1116; x_wconf 88' lang='lat' dir='ltr'><em>R</em></span> <span class='ocrx_word' id='word_1_877' title='bbox 1185 1090 1237 1117; x_wconf 50' lang='grc' dir='ltr'>(ΔΕ</span> <span class='ocrx_word' id='word_1_878' title='bbox 1247 1091 1300 1118; x_wconf 89' lang='lat' dir='ltr'>TO</span> <span class='ocrx_word' id='word_1_879' title='bbox 1310 1092 1335 1117; x_wconf 85' lang='lat' dir='ltr'><em>R</em></span> <span class='ocrx_word' id='word_1_880' title='bbox 1344 1092 1426 1118; x_wconf 81' lang='lat' dir='ltr'>IBU</span> <span class='ocrx_word' id='word_1_881' title='bbox 1435 1091 1455 1120; x_wconf 81' lang='lat' dir='ltr'><em>S</em></span> <span class='ocrx_word' id='word_1_882' title='bbox 1464 1110 1472 1123; x_wconf 91' lang='lat'>,</span> <span class='ocrx_word' id='word_1_883' title='bbox 1499 1094 1511 1117; x_wconf 86' lang='lat'><em>3</em></span> <span class='ocrx_word' id='word_1_884' title='bbox 1524 1100 1658 1131; x_wconf 82' lang='lat' dir='ltr'>optatum</span> <span class='ocrx_word' id='word_1_885' title='bbox 1679 1095 1838 1134; x_wconf 84' lang='lat' dir='ltr'>negotium</span> <span class='ocrx_word' id='word_1_886' title='bbox 1859 1092 1912 1124; x_wconf 92' lang='lat' dir='ltr'>sibi</span> <span class='ocrx_word' id='word_1_887' title='bbox 1931 1096 1963 1124; x_wconf 89' lang='lat' dir='ltr'>in</span> <span class='ocrx_word' id='word_1_888' title='bbox 1983 1094 2079 1126; x_wconf 81' lang='lat' dir='ltr'>sinum</span> 
     </span>
     <span class='ocr_line' id='line_1_96' title="bbox 1118 1128 2078 1175; baseline 0.009 -17"><span class='ocrx_word' id='word_1_889' title='bbox 1118 1128 1251 1160; x_wconf 89' lang='lat' dir='ltr'>delatum</span> <span class='ocrx_word' id='word_1_890' title='bbox 1261 1129 1319 1159; x_wconf 85' lang='lat' dir='ltr'>esse</span> <span class='ocrx_word' id='word_1_891' title='bbox 1327 1130 1452 1162; x_wconf 73' lang='lat' dir='ltr'>dicebat.</span> <span class='ocrx_word' id='word_1_892' title='bbox 1475 1134 1715 1164; x_wconf 83' lang='lat' dir='ltr'>Monumentum</span> <span class='ocrx_word' id='word_1_893' title='bbox 1732 1135 2002 1175; x_wconf 89' lang='lat' dir='ltr'>illaamplitudine‚</span> <span class='ocrx_word' id='word_1_894' title='bbox 2023 1138 2078 1167; x_wconf 87' lang='lat' dir='ltr'>illo</span> 
     </span>
     <span class='ocr_line' id='line_1_97' title="bbox 1118 1174 2077 1217; baseline 0.009 -17"><span class='ocrx_word' id='word_1_895' title='bbox 1118 1180 1207 1210; x_wconf 88' lang='lat' dir='ltr'>opere</span> <span class='ocrx_word' id='word_1_896' title='bbox 1217 1191 1224 1205; x_wconf 84' lang='lat'>‚</span> <span class='ocrx_word' id='word_1_897' title='bbox 1239 1174 1378 1211; x_wconf 88' lang='lat' dir='ltr'>quamvis</span> <span class='ocrx_word' id='word_1_898' title='bbox 1387 1174 1497 1203; x_wconf 87' lang='lat' dir='ltr'>sartum</span> <span class='ocrx_word' id='word_1_899' title='bbox 1509 1174 1622 1204; x_wconf 65' lang='lat' dir='ltr'>testum</span> <span class='ocrx_word' id='word_1_900' title='bbox 1635 1195 1642 1208; x_wconf 89' lang='lat'>,</span> <span class='ocrx_word' id='word_1_901' title='bbox 1655 1177 1865 1217; x_wconf 85' lang='lat' dir='ltr'>integrumque</span> <span class='ocrx_word' id='word_1_902' title='bbox 1877 1176 1947 1207; x_wconf 79' lang='lat' dir='ltr'>ess&#39;et</span> <span class='ocrx_word' id='word_1_903' title='bbox 1956 1198 1964 1211; x_wconf 93' lang='lat'>‚</span> <span class='ocrx_word' id='word_1_904' title='bbox 1977 1187 2077 1209; x_wconf 80' lang='lat' dir='ltr'>tamen</span> 
     </span>
     <span class='ocr_line' id='line_1_98' title="bbox 1115 1213 2077 1260; baseline 0.009 -19"><span class='ocrx_word' id='word_1_905' title='bbox 1115 1213 1228 1253; x_wconf 87' lang='lat' dir='ltr'>aliquid</span> <span class='ocrx_word' id='word_1_906' title='bbox 1240 1214 1268 1243; x_wconf 87' lang='lat' dir='ltr'>se</span> <span class='ocrx_word' id='word_1_907' title='bbox 1280 1215 1475 1245; x_wconf 89' lang='lat' dir='ltr'>inventurum</span> <span class='ocrx_word' id='word_1_908' title='bbox 1487 1235 1496 1249; x_wconf 86' lang='lat'>‚</span> <span class='ocrx_word' id='word_1_909' title='bbox 1515 1217 1547 1246; x_wconf 89' lang='lat' dir='ltr'>in</span> <span class='ocrx_word' id='word_1_910' title='bbox 1556 1226 1616 1256; x_wconf 89' lang='lat' dir='ltr'>quo</span> <span class='ocrx_word' id='word_1_911' title='bbox 1628 1218 1729 1247; x_wconf 90' lang='lat' dir='ltr'>moliri</span> <span class='ocrx_word' id='word_1_912' title='bbox 1741 1237 1749 1250; x_wconf 90' lang='lat'>‚</span> <span class='ocrx_word' id='word_1_913' title='bbox 1772 1218 1953 1260; x_wconf 65' lang='lat' dir='ltr'>praedarique</span> <span class='ocrx_word' id='word_1_914' title='bbox 1971 1219 2077 1260; x_wconf 82' lang='lat' dir='ltr'>poffet,</span> 
     </span>
     <span class='ocr_line' id='line_1_99' title="bbox 1115 1254 2076 1300; baseline 0.006 -16"><span class='ocrx_word' id='word_1_915' title='bbox 1115 1254 1316 1285; x_wconf 83' lang='lat' dir='ltr'>arbitrabatur.</span> <span class='ocrx_word' id='word_1_916' title='bbox 1350 1258 1384 1286; x_wconf 87' lang='lat' dir='ltr'>L.</span> <span class='ocrx_word' id='word_1_917' title='bbox 1396 1256 1539 1287; x_wconf 84' lang='lat' dir='ltr'>Rabonio</span> <span class='ocrx_word' id='word_1_918' title='bbox 1558 1258 1653 1288; x_wconf 82' lang='lat' dir='ltr'>aedem</span> <span class='ocrx_word' id='word_1_919' title='bbox 1674 1258 1799 1289; x_wconf 82' lang='lat' dir='ltr'>Castoris</span> <span class='ocrx_word' id='word_1_920' title='bbox 1819 1260 1891 1290; x_wconf 81' lang='lat' dir='ltr'>tradi</span> <span class='ocrx_word' id='word_1_921' title='bbox 1912 1262 2076 1300; x_wconf 84' lang='lat' dir='ltr'>oportebat.</span> 
     </span>
     <span class='ocr_line' id='line_1_100' title="bbox 1114 1296 2075 1341; baseline 0.009 -17"><span class='ocrx_word' id='word_1_922' title='bbox 1114 1297 1140 1324; x_wconf 88' lang='lat' dir='ltr'>is</span> <span class='ocrx_word' id='word_1_923' title='bbox 1150 1296 1215 1326; x_wconf 89' lang='lat' dir='ltr'>casu</span> <span class='ocrx_word' id='word_1_924' title='bbox 1227 1316 1234 1329; x_wconf 90' lang='lat'>‚</span> <span class='ocrx_word' id='word_1_925' title='bbox 1254 1297 1362 1336; x_wconf 88' lang='lat' dir='ltr'>pupilli</span> <span class='ocrx_word' id='word_1_926' title='bbox 1371 1299 1457 1339; x_wconf 86' lang='lat' dir='ltr'>Junii</span> <span class='ocrx_word' id='word_1_927' title='bbox 1466 1307 1547 1329; x_wconf 83' lang='lat' dir='ltr'>tutor</span> <span class='ocrx_word' id='word_1_928' title='bbox 1555 1308 1631 1333; x_wconf 84' lang='lat' dir='ltr'>erat,</span> <span class='ocrx_word' id='word_1_929' title='bbox 1645 1300 1822 1331; x_wconf 75' lang='lat' dir='ltr'>testamento</span> <span class='ocrx_word' id='word_1_930' title='bbox 1831 1303 1931 1341; x_wconf 85' lang='lat' dir='ltr'>patris.</span> <span class='ocrx_word' id='word_1_931' title='bbox 1955 1313 2025 1333; x_wconf 82' lang='lat' dir='ltr'>cuin</span> <span class='ocrx_word' id='word_1_932' title='bbox 2038 1314 2075 1333; x_wconf 86' lang='lat' dir='ltr'>eo</span> 
     </span>
     <span class='ocr_line' id='line_1_101' title="bbox 1109 1337 2075 1383; baseline 0.009 -18"><span class='ocrx_word' id='word_1_933' title='bbox 1109 1337 1168 1377; x_wconf 76' lang='lat' dir='ltr'>fine</span> <span class='ocrx_word' id='word_1_934' title='bbox 1178 1338 1231 1368; x_wconf 78' lang='lat' dir='ltr'>uuo</span> <span class='ocrx_word' id='word_1_935' title='bbox 1242 1339 1444 1368; x_wconf 76' lang='lat' dir='ltr'>intertrimento</span> <span class='ocrx_word' id='word_1_936' title='bbox 1454 1350 1635 1371; x_wconf 79' lang='lat' dir='ltr'>convenerat</span> <span class='ocrx_word' id='word_1_937' title='bbox 1642 1344 1651 1381; x_wconf 79' lang='lat' dir='ltr'>j</span> <span class='ocrx_word' id='word_1_938' title='bbox 1656 1352 1704 1371; x_wconf 83' lang='lat' dir='ltr'>am</span> <span class='ocrx_word' id='word_1_939' title='bbox 1715 1362 1724 1376; x_wconf 94' lang='lat'>‚</span> <span class='ocrx_word' id='word_1_940' title='bbox 1747 1343 2004 1383; x_wconf 84' lang='lat' dir='ltr'>quemadmodum</span> <span class='ocrx_word' id='word_1_941' title='bbox 2017 1353 2075 1375; x_wconf 71' lang='lat' dir='ltr'>tra-</span> 
     </span>
     <span class='ocr_line' id='line_1_102' title="bbox 1115 1378 2070 1426; baseline 0.009 -19"><span class='ocrx_word' id='word_1_942' title='bbox 1115 1378 1243 1409; x_wconf 87' lang='lat' dir='ltr'>deretur.</span> <span class='ocrx_word' id='word_1_943' title='bbox 1276 1379 1334 1409; x_wconf 83' lang='lat' dir='ltr'>Iste</span> <span class='ocrx_word' id='word_1_944' title='bbox 1349 1381 1385 1410; x_wconf 88' lang='lat' dir='ltr'>ad</span> <span class='ocrx_word' id='word_1_945' title='bbox 1400 1382 1429 1411; x_wconf 88' lang='lat' dir='ltr'>se</span> <span class='ocrx_word' id='word_1_946' title='bbox 1448 1382 1625 1412; x_wconf 88' lang='lat' dir='ltr'>Rabonium</span> <span class='ocrx_word' id='word_1_947' title='bbox 1636 1392 1739 1413; x_wconf 76' lang='lat' dir='ltr'>vocat:</span> <span class='ocrx_word' id='word_1_948' title='bbox 1759 1386 1864 1424; x_wconf 82' lang='lat' dir='ltr'>quaerit</span> <span class='ocrx_word' id='word_1_949' title='bbox 1873 1405 1881 1417; x_wconf 88' lang='lat'>,</span> <span class='ocrx_word' id='word_1_950' title='bbox 1899 1386 2004 1426; x_wconf 85' lang='lat' dir='ltr'>ecquid</span> <span class='ocrx_word' id='word_1_951' title='bbox 2025 1385 2070 1420; x_wconf 79' lang='lat' dir='ltr'>sit,</span> 
     </span>
     <span class='ocr_line' id='line_1_103' title="bbox 1111 1420 2070 1467; baseline 0.009 -18"><span class='ocrx_word' id='word_1_952' title='bbox 1111 1420 1193 1460; x_wconf 89' lang='lat' dir='ltr'>quod</span> <span class='ocrx_word' id='word_1_953' title='bbox 1204 1420 1219 1450; x_wconf 73' lang='lat' dir='ltr'>a</span> <span class='ocrx_word' id='word_1_954' title='bbox 1227 1421 1343 1460; x_wconf 88' lang='lat' dir='ltr'>pupillo</span> <span class='ocrx_word' id='word_1_955' title='bbox 1353 1422 1494 1452; x_wconf 86' lang='lat' dir='ltr'>traditum</span> <span class='ocrx_word' id='word_1_956' title='bbox 1507 1434 1571 1453; x_wconf 89' lang='lat' dir='ltr'>non</span> <span class='ocrx_word' id='word_1_957' title='bbox 1580 1423 1613 1454; x_wconf 85' lang='lat' dir='ltr'>fit</span> <span class='ocrx_word' id='word_1_958' title='bbox 1622 1444 1630 1458; x_wconf 91' lang='lat'><em>‚</em></span> <span class='ocrx_word' id='word_1_959' title='bbox 1652 1425 1733 1465; x_wconf 85' lang='lat' dir='ltr'>quod</span> <span class='ocrx_word' id='word_1_960' title='bbox 1745 1428 1826 1467; x_wconf 79' lang='lat' dir='ltr'>exigi</span> <span class='ocrx_word' id='word_1_961' title='bbox 1844 1426 1959 1456; x_wconf 88' lang='lat' dir='ltr'>debeat.</span> <span class='ocrx_word' id='word_1_962' title='bbox 1991 1426 2070 1458; x_wconf 69' lang='lat' dir='ltr'>Cum</span> 
     </span>
     <span class='ocr_line' id='line_1_104' title="bbox 1111 1462 2067 1506; baseline 0.009 -16"><span class='ocrx_word' id='word_1_963' title='bbox 1111 1462 1174 1495; x_wconf 82' lang='lat' dir='ltr'>ille,</span> <span class='ocrx_word' id='word_1_964' title='bbox 1186 1462 1216 1492; x_wconf 91' lang='lat' dir='ltr'>id</span> <span class='ocrx_word' id='word_1_965' title='bbox 1226 1463 1308 1503; x_wconf 90' lang='lat' dir='ltr'>quod</span> <span class='ocrx_word' id='word_1_966' title='bbox 1318 1473 1387 1497; x_wconf 85' lang='lat' dir='ltr'>erat,</span> <span class='ocrx_word' id='word_1_967' title='bbox 1399 1464 1519 1498; x_wconf 84' lang='lat' dir='ltr'>diceret,</span> <span class='ocrx_word' id='word_1_968' title='bbox 1533 1465 1651 1496; x_wconf 83' lang='lat' dir='ltr'>facilem</span> <span class='ocrx_word' id='word_1_969' title='bbox 1662 1467 1779 1506; x_wconf 85' lang='lat' dir='ltr'>pupillo</span> <span class='ocrx_word' id='word_1_970' title='bbox 1788 1467 1981 1498; x_wconf 85' lang='lat' dir='ltr'>traditionem</span> <span class='ocrx_word' id='word_1_971' title='bbox 1992 1468 2048 1499; x_wconf 79' lang='lat' dir='ltr'>ess&#39;c</span> <span class='ocrx_word' id='word_1_972' title='bbox 2061 1481 2067 1499; x_wconf 74' lang='grc' dir='ltr'><em>τ</em></span> 
     </span>
     <span class='ocr_line' id='line_1_105' title="bbox 1111 1502 2071 1550; baseline 0.009 -17"><span class='ocrx_word' id='word_1_973' title='bbox 1111 1502 1191 1544; x_wconf 83' lang='lat' dir='ltr'>signa</span> <span class='ocrx_word' id='word_1_974' title='bbox 1201 1524 1209 1538; x_wconf 91' lang='lat'>‚</span> <span class='ocrx_word' id='word_1_975' title='bbox 1231 1506 1264 1534; x_wconf 90' lang='lat'>&amp;</span> <span class='ocrx_word' id='word_1_976' title='bbox 1282 1504 1361 1535; x_wconf 87' lang='lat' dir='ltr'>dona</span> <span class='ocrx_word' id='word_1_977' title='bbox 1379 1506 1548 1545; x_wconf 69' lang='lat' dir='ltr'>comparere</span> <span class='ocrx_word' id='word_1_978' title='bbox 1566 1510 1670 1538; x_wconf 87' lang='lat' dir='ltr'>omnia</span> <span class='ocrx_word' id='word_1_979' title='bbox 1682 1519 1686 1536; x_wconf 90' lang='lat'>:</span> <span class='ocrx_word' id='word_1_980' title='bbox 1703 1509 1802 1548; x_wconf 79' lang='lat' dir='ltr'>ipsum</span> <span class='ocrx_word' id='word_1_981' title='bbox 1821 1510 1971 1550; x_wconf 89' lang='lat' dir='ltr'>templum</span> <span class='ocrx_word' id='word_1_982' title='bbox 1982 1515 2071 1542; x_wconf 87' lang='lat' dir='ltr'>omni</span> 
     </span>
     <span class='ocr_line' id='line_1_106' title="bbox 1112 1544 2069 1591; baseline 0.009 -17"><span class='ocrx_word' id='word_1_983' title='bbox 1112 1555 1200 1585; x_wconf 90' lang='lat' dir='ltr'>opere</span> <span class='ocrx_word' id='word_1_984' title='bbox 1219 1544 1276 1575; x_wconf 82' lang='lat' dir='ltr'>ess&#39;e</span> <span class='ocrx_word' id='word_1_985' title='bbox 1296 1548 1445 1588; x_wconf 87' lang='lat' dir='ltr'>integrum</span> <span class='ocrx_word' id='word_1_986' title='bbox 1460 1558 1465 1576; x_wconf 80' lang='lat'>1</span> <span class='ocrx_word' id='word_1_987' title='bbox 1483 1548 1645 1590; x_wconf 83' lang='lat' dir='ltr'>indignum</span> <span class='ocrx_word' id='word_1_988' title='bbox 1656 1549 1703 1579; x_wconf 86' lang='lat' dir='ltr'>isti</span> <span class='ocrx_word' id='word_1_989' title='bbox 1713 1550 1807 1580; x_wconf 83' lang='lat' dir='ltr'>videri</span> <span class='ocrx_word' id='word_1_990' title='bbox 1817 1554 1907 1591; x_wconf 85' lang='lat' dir='ltr'>coepit</span> <span class='ocrx_word' id='word_1_991' title='bbox 1916 1571 1925 1585; x_wconf 88' lang='lat'>,</span> <span class='ocrx_word' id='word_1_992' title='bbox 1945 1562 1982 1582; x_wconf 90' lang='lat' dir='ltr'>ex</span> <span class='ocrx_word' id='word_1_993' title='bbox 1991 1561 2069 1583; x_wconf 86' lang='lat' dir='ltr'>tanta</span> 
     </span>
     <span class='ocr_line' id='line_1_107' title="bbox 1111 1586 2069 1632; baseline 0.01 -16"><span class='ocrx_word' id='word_1_994' title='bbox 1111 1586 1171 1617; x_wconf 86' lang='lat' dir='ltr'>aede</span> <span class='ocrx_word' id='word_1_995' title='bbox 1183 1608 1191 1621; x_wconf 91' lang='lat'>‚</span> <span class='ocrx_word' id='word_1_996' title='bbox 1212 1596 1353 1629; x_wconf 89' lang='lat' dir='ltr'>tantoque</span> <span class='ocrx_word' id='word_1_997' title='bbox 1372 1598 1460 1628; x_wconf 87' lang='lat' dir='ltr'>opere</span> <span class='ocrx_word' id='word_1_998' title='bbox 1480 1590 1506 1619; x_wconf 85' lang='lat' dir='ltr'>se</span> <span class='ocrx_word' id='word_1_999' title='bbox 1523 1600 1587 1620; x_wconf 89' lang='lat' dir='ltr'>non</span> <span class='ocrx_word' id='word_1_1000' title='bbox 1597 1593 1737 1630; x_wconf 84' lang='lat' dir='ltr'>opimum</span> <span class='ocrx_word' id='word_1_1001' title='bbox 1747 1592 1862 1631; x_wconf 84' lang='lat' dir='ltr'>praeda.</span> <span class='ocrx_word' id='word_1_1002' title='bbox 1881 1594 2042 1632; x_wconf 77' lang='lat' dir='ltr'>praesertim</span> <span class='ocrx_word' id='word_1_1003' title='bbox 2054 1595 2069 1626; x_wconf 74' lang='lat' dir='ltr'>a</span> 
     </span>
     <span class='ocr_line' id='line_1_108' title="bbox 1108 1629 2065 1672; baseline 0.008 -14"><span class='ocrx_word' id='word_1_1004' title='bbox 1108 1629 1225 1669; x_wconf 88' lang='lat' dir='ltr'>pupillo</span> <span class='ocrx_word' id='word_1_1005' title='bbox 1234 1649 1243 1663; x_wconf 87' lang='lat'>‚</span> <span class='ocrx_word' id='word_1_1006' title='bbox 1254 1629 1411 1660; x_wconf 84' lang='lat' dir='ltr'>discedere.</span> <span class='ocrx_word' id='word_1_1007' title='bbox 1456 1633 1615 1672; x_wconf 85' lang='lat' dir='ltr'>Venitipse</span> <span class='ocrx_word' id='word_1_1008' title='bbox 1624 1635 1657 1662; x_wconf 90' lang='lat' dir='ltr'>in</span> <span class='ocrx_word' id='word_1_1009' title='bbox 1667 1633 1761 1663; x_wconf 80' lang='lat' dir='ltr'>aedem</span> <span class='ocrx_word' id='word_1_1010' title='bbox 1774 1633 1903 1664; x_wconf 83' lang='lat' dir='ltr'>Castoris</span> <span class='ocrx_word' id='word_1_1011' title='bbox 1917 1634 2065 1666; x_wconf 86' lang='lat' dir='ltr'>:conside-</span> 
     </span>
     <span class='ocr_line' id='line_1_109' title="bbox 1107 1672 2067 1718; baseline 0.008 -18"><span class='ocrx_word' id='word_1_1012' title='bbox 1107 1680 1150 1701; x_wconf 87' lang='lat' dir='ltr'>rat</span> <span class='ocrx_word' id='word_1_1013' title='bbox 1160 1672 1310 1711; x_wconf 89' lang='lat' dir='ltr'>templum</span> <span class='ocrx_word' id='word_1_1014' title='bbox 1322 1682 1327 1700; x_wconf 76' lang='grc' dir='ltr'>ε</span> <span class='ocrx_word' id='word_1_1015' title='bbox 1350 1672 1433 1702; x_wconf 87' lang='lat' dir='ltr'>videt</span> <span class='ocrx_word' id='word_1_1016' title='bbox 1450 1673 1582 1714; x_wconf 88' lang='lat' dir='ltr'>undique</span> <span class='ocrx_word' id='word_1_1017' title='bbox 1600 1673 1713 1704; x_wconf 61' lang='lat' dir='ltr'>teetum</span> <span class='ocrx_word' id='word_1_1018' title='bbox 1732 1675 1931 1716; x_wconf 78' lang='lat' dir='ltr'>pulcherrime</span> <span class='ocrx_word' id='word_1_1019' title='bbox 1950 1678 2067 1718; x_wconf 82' lang='lat' dir='ltr'>laquea-</span> 
     </span>
     <span class='ocr_line' id='line_1_110' title="bbox 1108 1718 2065 1759; baseline 0.007 -17"><span class='ocrx_word' id='word_1_1020' title='bbox 1108 1720 1174 1742; x_wconf 91' lang='lat' dir='ltr'>tum</span> <span class='ocrx_word' id='word_1_1021' title='bbox 1189 1724 1194 1742; x_wconf 89' lang='grc'>;</span> <span class='ocrx_word' id='word_1_1022' title='bbox 1214 1722 1352 1753; x_wconf 85' lang='lat' dir='ltr'>praeterea</span> <span class='ocrx_word' id='word_1_1023' title='bbox 1360 1723 1453 1745; x_wconf 80' lang='lat' dir='ltr'>cetera</span> <span class='ocrx_word' id='word_1_1024' title='bbox 1463 1725 1542 1745; x_wconf 85' lang='lat' dir='ltr'>nova</span> <span class='ocrx_word' id='word_1_1025' title='bbox 1550 1725 1636 1756; x_wconf 82' lang='lat' dir='ltr'>atque</span> <span class='ocrx_word' id='word_1_1026' title='bbox 1646 1718 1760 1757; x_wconf 69' lang='lat' dir='ltr'>integra</span> <span class='ocrx_word' id='word_1_1027' title='bbox 1771 1728 1776 1746; x_wconf 91' lang='lat'>:</span> <span class='ocrx_word' id='word_1_1028' title='bbox 1789 1718 1880 1748; x_wconf 86' lang='lat' dir='ltr'>versat</span> <span class='ocrx_word' id='word_1_1029' title='bbox 1889 1718 1932 1748; x_wconf 84' lang='lat' dir='ltr'>se:</span> <span class='ocrx_word' id='word_1_1030' title='bbox 1949 1723 2065 1759; x_wconf 66' lang='lat' dir='ltr'>quaerit,</span> 
     </span>
     <span class='ocr_line' id='line_1_111' title="bbox 1107 1754 2064 1800; baseline 0.007 -16"><span class='ocrx_word' id='word_1_1031' title='bbox 1107 1754 1180 1795; x_wconf 92' lang='lat' dir='ltr'>quid</span> <span class='ocrx_word' id='word_1_1032' title='bbox 1189 1764 1262 1796; x_wconf 87' lang='lat' dir='ltr'>agat.</span> <span class='ocrx_word' id='word_1_1033' title='bbox 1285 1755 1358 1786; x_wconf 88' lang='lat' dir='ltr'>dicit</span> <span class='ocrx_word' id='word_1_1034' title='bbox 1376 1758 1403 1785; x_wconf 91' lang='lat' dir='ltr'>ei</span> <span class='ocrx_word' id='word_1_1035' title='bbox 1424 1756 1547 1797; x_wconf 88' lang='lat' dir='ltr'>quidam</span> <span class='ocrx_word' id='word_1_1036' title='bbox 1564 1768 1602 1788; x_wconf 86' lang='lat' dir='ltr'>ex</span> <span class='ocrx_word' id='word_1_1037' title='bbox 1616 1758 1677 1787; x_wconf 79' lang='lat' dir='ltr'>illis</span> <span class='ocrx_word' id='word_1_1038' title='bbox 1694 1759 1817 1788; x_wconf 84' lang='lat' dir='ltr'>canibus</span> <span class='ocrx_word' id='word_1_1039' title='bbox 1829 1780 1836 1791; x_wconf 87' lang='lat'>‚</span> <span class='ocrx_word' id='word_1_1040' title='bbox 1858 1770 1934 1800; x_wconf 89' lang='lat' dir='ltr'>quos</span> <span class='ocrx_word' id='word_1_1041' title='bbox 1946 1760 1998 1790; x_wconf 86' lang='lat' dir='ltr'>iste</span> <span class='ocrx_word' id='word_1_1042' title='bbox 2010 1763 2064 1791; x_wconf 93' lang='lat' dir='ltr'>Li-</span> 
     </span>
     <span class='ocr_line' id='line_1_112' title="bbox 1104 1795 2063 1842; baseline 0.007 -16"><span class='ocrx_word' id='word_1_1043' title='bbox 1104 1798 1172 1837; x_wconf 83' lang='lat' dir='ltr'>guri</span> <span class='ocrx_word' id='word_1_1044' title='bbox 1181 1797 1295 1828; x_wconf 84' lang='lat' dir='ltr'>dixerat</span> <span class='ocrx_word' id='word_1_1045' title='bbox 1304 1795 1360 1827; x_wconf 84' lang='lat' dir='ltr'>effe</span> <span class='ocrx_word' id='word_1_1046' title='bbox 1369 1799 1445 1828; x_wconf 89' lang='lat' dir='ltr'>circa</span> <span class='ocrx_word' id='word_1_1047' title='bbox 1455 1799 1483 1829; x_wconf 91' lang='lat' dir='ltr'>se</span> <span class='ocrx_word' id='word_1_1048' title='bbox 1493 1799 1607 1830; x_wconf 88' lang='lat' dir='ltr'>multos</span> <span class='ocrx_word' id='word_1_1049' title='bbox 1618 1810 1623 1828; x_wconf 79' lang='lat'>2</span> <span class='ocrx_word' id='word_1_1050' title='bbox 1644 1809 1674 1830; x_wconf 90' lang='lat' dir='ltr'>tu</span> <span class='ocrx_word' id='word_1_1051' title='bbox 1683 1803 1788 1830; x_wconf 85' lang='lat' dir='ltr'>Verres</span> <span class='ocrx_word' id='word_1_1052' title='bbox 1800 1800 1849 1831; x_wconf 77' lang='lat' dir='ltr'>hic</span> <span class='ocrx_word' id='word_1_1053' title='bbox 1860 1802 1941 1842; x_wconf 91' lang='lat' dir='ltr'>quod</span> <span class='ocrx_word' id='word_1_1054' title='bbox 1954 1803 2063 1833; x_wconf 85' lang='lat' dir='ltr'>molia-</span> 
     </span>
     <span class='ocr_line' id='line_1_113' title="bbox 1104 1839 2065 1884; baseline 0.006 -16"><span class='ocrx_word' id='word_1_1055' title='bbox 1104 1848 1135 1868; x_wconf 88' lang='lat' dir='ltr'>re</span> <span class='ocrx_word' id='word_1_1056' title='bbox 1146 1859 1155 1873; x_wconf 82' lang='lat'>‚</span> <span class='ocrx_word' id='word_1_1057' title='bbox 1175 1839 1253 1869; x_wconf 89' lang='lat' dir='ltr'>nihil</span> <span class='ocrx_word' id='word_1_1058' title='bbox 1265 1839 1371 1869; x_wconf 85' lang='lat' dir='ltr'>habes:</span> <span class='ocrx_word' id='word_1_1059' title='bbox 1401 1839 1457 1870; x_wconf 84' lang='lat' dir='ltr'>nisi</span> <span class='ocrx_word' id='word_1_1060' title='bbox 1474 1840 1552 1871; x_wconf 72' lang='lat' dir='ltr'>forte</span> <span class='ocrx_word' id='word_1_1061' title='bbox 1569 1844 1615 1872; x_wconf 89' lang='lat' dir='ltr'>vis</span> <span class='ocrx_word' id='word_1_1062' title='bbox 1636 1841 1673 1870; x_wconf 84' lang='lat' dir='ltr'>ad</span> <span class='ocrx_word' id='word_1_1063' title='bbox 1686 1842 1908 1884; x_wconf 64' lang='lat' dir='ltr'>perpendiculum</span> <span class='ocrx_word' id='word_1_1064' title='bbox 1925 1844 2065 1874; x_wconf 70' lang='lat' dir='ltr'>columnas</span> 
     </span>
     <span class='ocr_line' id='line_1_114' title="bbox 1105 1882 2059 1926; baseline 0.006 -17"><span class='ocrx_word' id='word_1_1065' title='bbox 1105 1882 1220 1922; x_wconf 81' lang='lat' dir='ltr'>exigere.</span> <span class='ocrx_word' id='word_1_1066' title='bbox 1242 1883 1348 1912; x_wconf 88' lang='lat' dir='ltr'>Homo</span> <span class='ocrx_word' id='word_1_1067' title='bbox 1359 1884 1502 1913; x_wconf 88' lang='lat' dir='ltr'>omnium</span> <span class='ocrx_word' id='word_1_1068' title='bbox 1511 1893 1612 1913; x_wconf 88' lang='lat' dir='ltr'>rerum</span> <span class='ocrx_word' id='word_1_1069' title='bbox 1624 1885 1791 1923; x_wconf 81' lang='lat' dir='ltr'>imperitus,</span> <span class='ocrx_word' id='word_1_1070' title='bbox 1804 1886 1920 1924; x_wconf 81' lang='lat' dir='ltr'>quaerit,</span> <span class='ocrx_word' id='word_1_1071' title='bbox 1931 1886 2003 1926; x_wconf 88' lang='lat' dir='ltr'>quid</span> <span class='ocrx_word' id='word_1_1072' title='bbox 2015 1885 2059 1920; x_wconf 88' lang='lat' dir='ltr'>sit,</span> 
     </span>
     <span class='ocr_line' id='line_1_115' title="bbox 1103 1922 2058 1964; baseline 0.007 -14"><span class='ocrx_word' id='word_1_1073' title='bbox 1103 1922 1142 1950; x_wconf 78' lang='lat' dir='ltr'>ad</span> <span class='ocrx_word' id='word_1_1074' title='bbox 1154 1922 1385 1964; x_wconf 76' lang='lat' dir='ltr'>perpendiculum.</span> <span class='ocrx_word' id='word_1_1075' title='bbox 1408 1926 1524 1954; x_wconf 89' lang='lat' dir='ltr'>Dicunt</span> <span class='ocrx_word' id='word_1_1076' title='bbox 1532 1926 1559 1954; x_wconf 93' lang='lat' dir='ltr'>ei</span> <span class='ocrx_word' id='word_1_1077' title='bbox 1570 1944 1579 1957; x_wconf 94' lang='lat'>,</span> <span class='ocrx_word' id='word_1_1078' title='bbox 1603 1924 1666 1954; x_wconf 71' lang='lat' dir='ltr'>fere</span> <span class='ocrx_word' id='word_1_1079' title='bbox 1676 1925 1791 1954; x_wconf 88' lang='lat' dir='ltr'>nullam</span> <span class='ocrx_word' id='word_1_1080' title='bbox 1801 1924 1859 1955; x_wconf 84' lang='lat' dir='ltr'>effe</span> <span class='ocrx_word' id='word_1_1081' title='bbox 1868 1927 2058 1960; x_wconf 85' lang='lat' dir='ltr'>columnam.</span> 
     </span>
     <span class='ocr_line' id='line_1_116' title="bbox 1102 1964 2060 2009; baseline 0.005 -16"><span class='ocrx_word' id='word_1_1082' title='bbox 1102 1973 1169 2003; x_wconf 85' lang='lat' dir='ltr'>quae</span> <span class='ocrx_word' id='word_1_1083' title='bbox 1179 1964 1213 1994; x_wconf 85' lang='lat' dir='ltr'>ad</span> <span class='ocrx_word' id='word_1_1084' title='bbox 1223 1965 1471 2003; x_wconf 88' lang='lat' dir='ltr'>perpendiculum</span> <span class='ocrx_word' id='word_1_1085' title='bbox 1481 1964 1538 1995; x_wconf 79' lang='lat' dir='ltr'>effe</span> <span class='ocrx_word' id='word_1_1086' title='bbox 1546 1964 1640 2005; x_wconf 89' lang='lat' dir='ltr'>poffit.</span> <span class='ocrx_word' id='word_1_1087' title='bbox 1656 1969 1672 1992; x_wconf 91' lang='lat'>4</span> <span class='ocrx_word' id='word_1_1088' title='bbox 1685 1967 1748 2003; x_wconf 76' lang='lat' dir='ltr'>Iam</span> <span class='ocrx_word' id='word_1_1089' title='bbox 1759 1967 1939 2002; x_wconf 82' lang='lat' dir='ltr'>mehercule,</span> <span class='ocrx_word' id='word_1_1090' title='bbox 1950 1970 2060 2009; x_wconf 86' lang='lat' dir='ltr'>inquit,</span> 
     </span>
     <span class='ocr_line' id='line_1_117' title="bbox 1103 2005 2062 2050; baseline 0.006 -16"><span class='ocrx_word' id='word_1_1091' title='bbox 1103 2005 1140 2034; x_wconf 82' lang='lat' dir='ltr'>fic</span> <span class='ocrx_word' id='word_1_1092' title='bbox 1150 2015 1270 2045; x_wconf 85' lang='lat' dir='ltr'>agamus</span> <span class='ocrx_word' id='word_1_1093' title='bbox 1282 2017 1287 2035; x_wconf 89' lang='lat'>:</span> <span class='ocrx_word' id='word_1_1094' title='bbox 1306 2006 1457 2036; x_wconf 85' lang='lat' dir='ltr'>columnae</span> <span class='ocrx_word' id='word_1_1095' title='bbox 1467 2007 1501 2036; x_wconf 93' lang='lat' dir='ltr'>ad</span> <span class='ocrx_word' id='word_1_1096' title='bbox 1512 2007 1759 2046; x_wconf 87' lang='lat' dir='ltr'>perpendiculum</span> <span class='ocrx_word' id='word_1_1097' title='bbox 1769 2010 1933 2050; x_wconf 86' lang='lat' dir='ltr'>exigantur.</span> <span class='ocrx_word' id='word_1_1098' title='bbox 1957 2010 2062 2040; x_wconf 82' lang='lat' dir='ltr'>Rabo-</span> 
     </span>
     <span class='ocr_line' id='line_1_118' title="bbox 1105 2047 2059 2090; baseline 0.006 -15"><span class='ocrx_word' id='word_1_1099' title='bbox 1105 2048 1174 2076; x_wconf 90' lang='lat' dir='ltr'>nius</span> <span class='ocrx_word' id='word_1_1100' title='bbox 1183 2066 1191 2080; x_wconf 68' lang='lat'>2</span> <span class='ocrx_word' id='word_1_1101' title='bbox 1210 2048 1261 2087; x_wconf 90' lang='lat' dir='ltr'>qui</span> <span class='ocrx_word' id='word_1_1102' title='bbox 1272 2047 1368 2088; x_wconf 84' lang='lat' dir='ltr'>legem</span> <span class='ocrx_word' id='word_1_1103' title='bbox 1380 2047 1476 2078; x_wconf 81' lang='lat' dir='ltr'>noss&#39;et</span> <span class='ocrx_word' id='word_1_1104' title='bbox 1485 2068 1493 2082; x_wconf 87' lang='lat'><em>‚</em></span> <span class='ocrx_word' id='word_1_1105' title='bbox 1512 2059 1569 2089; x_wconf 90' lang='lat' dir='ltr'>qua</span> <span class='ocrx_word' id='word_1_1106' title='bbox 1578 2051 1611 2079; x_wconf 85' lang='lat' dir='ltr'>in</span> <span class='ocrx_word' id='word_1_1107' title='bbox 1620 2049 1683 2090; x_wconf 85' lang='lat' dir='ltr'>lege</span> <span class='ocrx_word' id='word_1_1108' title='bbox 1692 2059 1835 2079; x_wconf 84' lang='lat' dir='ltr'>numerus</span> <span class='ocrx_word' id='word_1_1109' title='bbox 1846 2050 1964 2080; x_wconf 79' lang='lat' dir='ltr'>tantum</span> <span class='ocrx_word' id='word_1_1110' title='bbox 1972 2051 2059 2082; x_wconf 87' lang='lat' dir='ltr'>colu-</span> 
     </span>
     <span class='ocr_line' id='line_1_119' title="bbox 1105 2090 2059 2132; baseline 0.005 -15"><span class='ocrx_word' id='word_1_1111' title='bbox 1105 2097 1244 2118; x_wconf 82' lang='lat' dir='ltr'>mnarum</span> <span class='ocrx_word' id='word_1_1112' title='bbox 1256 2090 1386 2123; x_wconf 69' lang='lat' dir='ltr'>traditur,</span> <span class='ocrx_word' id='word_1_1113' title='bbox 1397 2091 1601 2129; x_wconf 86' lang='lat' dir='ltr'>perpendiculi</span> <span class='ocrx_word' id='word_1_1114' title='bbox 1610 2092 1727 2120; x_wconf 89' lang='lat' dir='ltr'>mentio</span> <span class='ocrx_word' id='word_1_1115' title='bbox 1739 2090 1770 2121; x_wconf 89' lang='lat' dir='ltr'>fit</span> <span class='ocrx_word' id='word_1_1116' title='bbox 1781 2091 1864 2122; x_wconf 85' lang='lat' dir='ltr'>nulla</span> <span class='ocrx_word' id='word_1_1117' title='bbox 1876 2102 1881 2121; x_wconf 90' lang='lat'>:</span> <span class='ocrx_word' id='word_1_1118' title='bbox 1892 2092 1924 2121; x_wconf 74' lang='grc' dir='ltr'>δε</span> <span class='ocrx_word' id='word_1_1119' title='bbox 1934 2095 1985 2132; x_wconf 88' lang='lat' dir='ltr'>qui</span> <span class='ocrx_word' id='word_1_1120' title='bbox 1994 2103 2059 2123; x_wconf 90' lang='lat' dir='ltr'>non</span> 
     </span>
     <span class='ocr_line' id='line_1_120' title="bbox 1105 2128 2058 2172; baseline 0.004 -13"><span class='ocrx_word' id='word_1_1121' title='bbox 1105 2138 1220 2169; x_wconf 77' lang='lat' dir='ltr'>putaret</span> <span class='ocrx_word' id='word_1_1122' title='bbox 1228 2128 1280 2159; x_wconf 88' lang='lat' dir='ltr'>fibi</span> <span class='ocrx_word' id='word_1_1123' title='bbox 1292 2131 1432 2169; x_wconf 75' lang='lat' dir='ltr'>expedire</span> <span class='ocrx_word' id='word_1_1124' title='bbox 1443 2152 1450 2164; x_wconf 89' lang='lat'>,</span> <span class='ocrx_word' id='word_1_1125' title='bbox 1465 2133 1502 2161; x_wconf 79' lang='lat' dir='ltr'>ita</span> <span class='ocrx_word' id='word_1_1126' title='bbox 1512 2134 1641 2172; x_wconf 84' lang='lat' dir='ltr'>accipere</span> <span class='ocrx_word' id='word_1_1127' title='bbox 1652 2153 1660 2166; x_wconf 85' lang='lat'>‚</span> <span class='ocrx_word' id='word_1_1128' title='bbox 1673 2143 1704 2161; x_wconf 76' lang='lat' dir='ltr'>ne</span> <span class='ocrx_word' id='word_1_1129' title='bbox 1713 2133 1801 2162; x_wconf 78' lang='lat' dir='ltr'>codem</span> <span class='ocrx_word' id='word_1_1130' title='bbox 1810 2133 1886 2163; x_wconf 78' lang='lat' dir='ltr'>mocio</span> <span class='ocrx_word' id='word_1_1131' title='bbox 1896 2134 2058 2163; x_wconf 66' lang='lat' dir='ltr'>rcddmdmn</span> 
     </span>
     <span class='ocr_line' id='line_1_121' title="bbox 1107 2171 2060 2215; baseline 0.007 -16"><span class='ocrx_word' id='word_1_1132' title='bbox 1107 2171 1169 2208; x_wconf 73' lang='lat' dir='ltr'>effi’t</span> <span class='ocrx_word' id='word_1_1133' title='bbox 1179 2183 1189 2198; x_wconf 92' lang='grc'>.·</span> <span class='ocrx_word' id='word_1_1134' title='bbox 1212 2181 1305 2213; x_wconf 79' lang='lat' dir='ltr'>negat,</span> <span class='ocrx_word' id='word_1_1135' title='bbox 1318 2173 1346 2202; x_wconf 87' lang='lat' dir='ltr'>id</span> <span class='ocrx_word' id='word_1_1136' title='bbox 1358 2172 1410 2202; x_wconf 83' lang='lat' dir='ltr'>sibi</span> <span class='ocrx_word' id='word_1_1137' title='bbox 1420 2172 1521 2203; x_wconf 86' lang='lat' dir='ltr'>deberi</span> <span class='ocrx_word' id='word_1_1138' title='bbox 1533 2183 1538 2202; x_wconf 73' lang='lat'><em>1</em></span> <span class='ocrx_word' id='word_1_1139' title='bbox 1568 2183 1651 2214; x_wconf 82' lang='lat' dir='ltr'>negat</span> <span class='ocrx_word' id='word_1_1140' title='bbox 1661 2183 1796 2214; x_wconf 87' lang='lat' dir='ltr'>oportere</span> <span class='ocrx_word' id='word_1_1141' title='bbox 1807 2177 1900 2215; x_wconf 80' lang='lat' dir='ltr'>exigi.</span> <span class='ocrx_word' id='word_1_1142' title='bbox 1933 2175 1989 2205; x_wconf 86' lang='lat' dir='ltr'>Iste</span> <span class='ocrx_word' id='word_1_1143' title='bbox 2000 2179 2060 2206; x_wconf 78' lang='lat' dir='ltr'>Ra-</span> 
     </span>
     <span class='ocr_line' id='line_1_122' title="bbox 1107 2213 2057 2257; baseline 0.006 -15"><span class='ocrx_word' id='word_1_1144' title='bbox 1107 2213 1237 2242; x_wconf 85' lang='lat' dir='ltr'>boniurn</span> <span class='ocrx_word' id='word_1_1145' title='bbox 1248 2215 1504 2253; x_wconf 76' lang='lat' dir='ltr'>quiescerejubct:</span> <span class='ocrx_word' id='word_1_1146' title='bbox 1522 2215 1553 2244; x_wconf 64' lang='grc' dir='ltr'>ἃ</span> <span class='ocrx_word' id='word_1_1147' title='bbox 1564 2214 1650 2245; x_wconf 83' lang='lat' dir='ltr'>simul</span> <span class='ocrx_word' id='word_1_1148' title='bbox 1664 2218 1691 2245; x_wconf 83' lang='lat' dir='ltr'>ei</span> <span class='ocrx_word' id='word_1_1149' title='bbox 1710 2216 1891 2246; x_wconf 86' lang='lat' dir='ltr'>nonnullam</span> <span class='ocrx_word' id='word_1_1150' title='bbox 1908 2217 1990 2257; x_wconf 84' lang='lat' dir='ltr'>spem</span> <span class='ocrx_word' id='word_1_1151' title='bbox 2011 2219 2057 2248; x_wconf 83' lang='lat' dir='ltr'>so—</span> 
     </span>
     <span class='ocr_line' id='line_1_123' title="bbox 1106 2255 2059 2299; baseline 0.005 -15"><span class='ocrx_word' id='word_1_1152' title='bbox 1106 2256 1218 2284; x_wconf 84' lang='lat' dir='ltr'>cietatis</span> <span class='ocrx_word' id='word_1_1153' title='bbox 1228 2255 1366 2285; x_wconf 82' lang='lat' dir='ltr'>ostendit.</span> <span class='ocrx_word' id='word_1_1154' title='bbox 1391 2258 1550 2286; x_wconf 86' lang='lat' dir='ltr'>hominem</span> <span class='ocrx_word' id='word_1_1155' title='bbox 1562 2256 1735 2287; x_wconf 81' lang='lat' dir='ltr'>modestum</span> <span class='ocrx_word' id='word_1_1156' title='bbox 1747 2277 1755 2292; x_wconf 90' lang='lat'>‚</span> <span class='ocrx_word' id='word_1_1157' title='bbox 1776 2258 1808 2287; x_wconf 86' lang='lat'>&amp;</span> <span class='ocrx_word' id='word_1_1158' title='bbox 1826 2259 1956 2289; x_wconf 79' lang='lat' dir='ltr'>minime</span> <span class='ocrx_word' id='word_1_1159' title='bbox 1967 2262 2059 2299; x_wconf 83' lang='lat' dir='ltr'>perti-</span> 
     </span>
     <span class='ocr_line' id='line_1_124' title="bbox 1107 2296 2056 2335; baseline 0.006 -10"><span class='ocrx_word' id='word_1_1160' title='bbox 1107 2306 1210 2326; x_wconf 86' lang='lat' dir='ltr'>nacem</span> <span class='ocrx_word' id='word_1_1161' title='bbox 1225 2296 1315 2335; x_wconf 73' lang='lat' dir='ltr'>facilc</span> <span class='ocrx_word' id='word_1_1162' title='bbox 1334 2297 1452 2327; x_wconf 62' lang='lat' dir='ltr'>coercet.-</span> <span class='ocrx_word' id='word_1_1163' title='bbox 1470 2299 1626 2328; x_wconf 79' lang='lat' dir='ltr'>columnas</span> <span class='ocrx_word' id='word_1_1164' title='bbox 1643 2301 1681 2329; x_wconf 82' lang='lat' dir='ltr'>ita</span> <span class='ocrx_word' id='word_1_1165' title='bbox 1694 2300 1721 2329; x_wconf 83' lang='lat' dir='ltr'>se</span> <span class='ocrx_word' id='word_1_1166' title='bbox 1729 2298 1904 2330; x_wconf 66' lang='lat' dir='ltr'>exa&amp;urum</span> <span class='ocrx_word' id='word_1_1167' title='bbox 1915 2299 1971 2330; x_wconf 88' lang='lat' dir='ltr'>csse</span> <span class='ocrx_word' id='word_1_1168' title='bbox 1982 2311 2056 2331; x_wconf 88' lang='lat' dir='ltr'>con-</span> 
     </span>
     <span class='ocr_line' id='line_1_125' title="bbox 1105 2336 2053 2381; baseline 0.005 -14"><span class='ocrx_word' id='word_1_1169' title='bbox 1105 2336 1212 2368; x_wconf 86' lang='lat' dir='ltr'>firmat.</span> <span class='ocrx_word' id='word_1_1170' title='bbox 1236 2341 1324 2369; x_wconf 87' lang='lat' dir='ltr'>Nova</span> <span class='ocrx_word' id='word_1_1171' title='bbox 1347 2349 1391 2369; x_wconf 88' lang='lat' dir='ltr'>res</span> <span class='ocrx_word' id='word_1_1172' title='bbox 1403 2360 1410 2372; x_wconf 88' lang='lat'>‚</span> <span class='ocrx_word' id='word_1_1173' title='bbox 1432 2349 1517 2380; x_wconf 87' lang='lat' dir='ltr'>atque</span> <span class='ocrx_word' id='word_1_1174' title='bbox 1529 2341 1690 2380; x_wconf 85' lang='lat' dir='ltr'>improvisa</span> <span class='ocrx_word' id='word_1_1175' title='bbox 1698 2341 1806 2381; x_wconf 85' lang='lat' dir='ltr'>pupilli</span> <span class='ocrx_word' id='word_1_1176' title='bbox 1815 2342 1963 2371; x_wconf 81' lang='lat' dir='ltr'>calamitas</span> <span class='ocrx_word' id='word_1_1177' title='bbox 1974 2353 2053 2372; x_wconf 85' lang='lat' dir='ltr'>nun-</span> 
     </span>
     <span class='ocr_line' id='line_1_126' title="bbox 1101 2378 2056 2423; baseline 0.004 -14"><span class='ocrx_word' id='word_1_1178' title='bbox 1101 2378 1189 2409; x_wconf 83' lang='lat' dir='ltr'>tiatur</span> <span class='ocrx_word' id='word_1_1179' title='bbox 1199 2378 1297 2410; x_wconf 87' lang='lat' dir='ltr'>statim</span> <span class='ocrx_word' id='word_1_1180' title='bbox 1309 2383 1344 2411; x_wconf 90' lang='lat' dir='ltr'>C.</span> <span class='ocrx_word' id='word_1_1181' title='bbox 1359 2381 1473 2411; x_wconf 87' lang='lat' dir='ltr'>Mustio</span> <span class='ocrx_word' id='word_1_1182' title='bbox 1484 2402 1492 2415; x_wconf 93' lang='lat'>‚</span> <span class='ocrx_word' id='word_1_1183' title='bbox 1508 2384 1614 2412; x_wconf 90' lang='lat' dir='ltr'>vitrico</span> <span class='ocrx_word' id='word_1_1184' title='bbox 1625 2383 1750 2422; x_wconf 87' lang='lat' dir='ltr'>pupilli,</span> <span class='ocrx_word' id='word_1_1185' title='bbox 1762 2385 1812 2423; x_wconf 79' lang='lat' dir='ltr'>qui</span> <span class='ocrx_word' id='word_1_1186' title='bbox 1821 2393 1914 2423; x_wconf 88' lang='lat' dir='ltr'>nuper</span> <span class='ocrx_word' id='word_1_1187' title='bbox 1921 2383 1962 2413; x_wconf 82' lang='lat' dir='ltr'>est</span> <span class='ocrx_word' id='word_1_1188' title='bbox 1972 2394 2056 2414; x_wconf 87' lang='lat' dir='ltr'>mor—</span> 
     </span>
     <span class='ocr_line' id='line_1_127' title="bbox 1103 2423 2054 2466; baseline 0.005 -15"><span class='ocrx_word' id='word_1_1189' title='bbox 1103 2430 1170 2451; x_wconf 90' lang='lat' dir='ltr'>tuus</span> <span class='ocrx_word' id='word_1_1190' title='bbox 1186 2431 1191 2450; x_wconf 75' lang='lat'>1</span> <span class='ocrx_word' id='word_1_1191' title='bbox 1206 2423 1368 2463; x_wconf 86' lang='lat' dir='ltr'>M.Junio‚</span> <span class='ocrx_word' id='word_1_1192' title='bbox 1388 2432 1507 2463; x_wconf 82' lang='lat' dir='ltr'>patruo:</span> <span class='ocrx_word' id='word_1_1193' title='bbox 1528 2427 1559 2454; x_wconf 88' lang='lat' dir='ltr'>P.</span> <span class='ocrx_word' id='word_1_1194' title='bbox 1573 2426 1684 2454; x_wconf 84' lang='lat' dir='ltr'>Potitio</span> <span class='ocrx_word' id='word_1_1195' title='bbox 1695 2427 1805 2457; x_wconf 90' lang='lat' dir='ltr'>tutori,</span> <span class='ocrx_word' id='word_1_1196' title='bbox 1825 2426 1946 2455; x_wconf 88' lang='lat' dir='ltr'>homini</span> <span class='ocrx_word' id='word_1_1197' title='bbox 1956 2424 2054 2466; x_wconf 81' lang='lat' dir='ltr'>fruga-</span> 
     </span>
     <span class='ocr_line' id='line_1_128' title="bbox 1100 2461 2055 2505; baseline 0.004 -13"><span class='ocrx_word' id='word_1_1198' title='bbox 1100 2461 1221 2493; x_wconf 85' lang='lat' dir='ltr'>liffimo.</span> <span class='ocrx_word' id='word_1_1199' title='bbox 1253 2467 1293 2493; x_wconf 89' lang='lat' dir='ltr'>Hi</span> <span class='ocrx_word' id='word_1_1200' title='bbox 1304 2475 1367 2494; x_wconf 89' lang='lat' dir='ltr'>rem</span> <span class='ocrx_word' id='word_1_1201' title='bbox 1376 2464 1410 2494; x_wconf 86' lang='lat' dir='ltr'>ad</span> <span class='ocrx_word' id='word_1_1202' title='bbox 1421 2467 1520 2495; x_wconf 86' lang='lat' dir='ltr'>virum</span> <span class='ocrx_word' id='word_1_1203' title='bbox 1529 2468 1705 2505; x_wconf 85' lang='lat' dir='ltr'>primarium</span> <span class='ocrx_word' id='word_1_1204' title='bbox 1715 2486 1722 2498; x_wconf 88' lang='lat'>‚</span> <span class='ocrx_word' id='word_1_1205' title='bbox 1743 2466 1863 2495; x_wconf 87' lang='lat' dir='ltr'>summo</span> <span class='ocrx_word' id='word_1_1206' title='bbox 1882 2465 1984 2496; x_wconf 83' lang='lat' dir='ltr'>officio</span> <span class='ocrx_word' id='word_1_1207' title='bbox 1995 2487 2004 2501; x_wconf 90' lang='lat'>,</span> <span class='ocrx_word' id='word_1_1208' title='bbox 2023 2477 2055 2498; x_wconf 80' lang='lat' dir='ltr'>ac</span> 
     </span>
     <span class='ocr_line' id='line_1_129' title="bbox 1100 2506 2053 2547; baseline 0.004 -13"><span class='ocrx_word' id='word_1_1209' title='bbox 1100 2507 1208 2535; x_wconf 89' lang='lat' dir='ltr'>virtute</span> <span class='ocrx_word' id='word_1_1210' title='bbox 1224 2506 1401 2544; x_wconf 68' lang='lat' dir='ltr'>praeditum,</span> <span class='ocrx_word' id='word_1_1211' title='bbox 1422 2509 1465 2535; x_wconf 84' lang='lat' dir='ltr'>M.</span> <span class='ocrx_word' id='word_1_1212' title='bbox 1478 2508 1655 2537; x_wconf 73' lang='lat' dir='ltr'>Marcellum</span> <span class='ocrx_word' id='word_1_1213' title='bbox 1668 2527 1675 2539; x_wconf 94' lang='lat'>,</span> <span class='ocrx_word' id='word_1_1214' title='bbox 1693 2509 1744 2547; x_wconf 84' lang='lat' dir='ltr'>qui</span> <span class='ocrx_word' id='word_1_1215' title='bbox 1763 2517 1821 2537; x_wconf 86' lang='lat' dir='ltr'>erat</span> <span class='ocrx_word' id='word_1_1216' title='bbox 1837 2508 1946 2547; x_wconf 87' lang='lat' dir='ltr'>pupilli</span> <span class='ocrx_word' id='word_1_1217' title='bbox 1963 2517 2053 2543; x_wconf 87' lang='lat' dir='ltr'>tutor,</span> 
     </span>
     <span class='ocr_line' id='line_1_130' title="bbox 1099 2546 2053 2590; baseline 0.004 -14"><span class='ocrx_word' id='word_1_1218' title='bbox 1099 2546 1248 2577; x_wconf 86' lang='lat' dir='ltr'>deferunt.</span> <span class='ocrx_word' id='word_1_1219' title='bbox 1272 2550 1363 2578; x_wconf 77' lang='lat' dir='ltr'>Venit</span> <span class='ocrx_word' id='word_1_1220' title='bbox 1372 2548 1406 2577; x_wconf 86' lang='lat' dir='ltr'>ad</span> <span class='ocrx_word' id='word_1_1221' title='bbox 1419 2551 1542 2577; x_wconf 79' lang='lat' dir='ltr'>Verrem</span> <span class='ocrx_word' id='word_1_1222' title='bbox 1554 2551 1598 2578; x_wconf 91' lang='lat' dir='ltr'>M.</span> <span class='ocrx_word' id='word_1_1223' title='bbox 1611 2549 1783 2578; x_wconf 80' lang='lat' dir='ltr'>Marcellus:</span> <span class='ocrx_word' id='word_1_1224' title='bbox 1803 2552 1878 2588; x_wconf 84' lang='lat' dir='ltr'>petit</span> <span class='ocrx_word' id='word_1_1225' title='bbox 1892 2550 1927 2579; x_wconf 83' lang='lat' dir='ltr'>ab</span> <span class='ocrx_word' id='word_1_1226' title='bbox 1945 2560 1981 2580; x_wconf 85' lang='lat' dir='ltr'>eo</span> <span class='ocrx_word' id='word_1_1227' title='bbox 1999 2560 2053 2590; x_wconf 89' lang='lat' dir='ltr'>pro</span> 
     </span>
     <span class='ocr_line' id='line_1_131' title="bbox 1102 2586 2054 2630; baseline 0.004 -12"><span class='ocrx_word' id='word_1_1228' title='bbox 1102 2589 1151 2619; x_wconf 84' lang='lat' dir='ltr'>sua</span> <span class='ocrx_word' id='word_1_1229' title='bbox 1161 2586 1220 2619; x_wconf 86' lang='lat' dir='ltr'>fide</span> <span class='ocrx_word' id='word_1_1230' title='bbox 1229 2610 1237 2623; x_wconf 90' lang='lat'>,</span> <span class='ocrx_word' id='word_1_1231' title='bbox 1249 2600 1280 2619; x_wconf 86' lang='lat' dir='ltr'>ac</span> <span class='ocrx_word' id='word_1_1232' title='bbox 1291 2590 1444 2630; x_wconf 84' lang='lat' dir='ltr'>diligentia</span> <span class='ocrx_word' id='word_1_1233' title='bbox 1453 2609 1461 2623; x_wconf 85' lang='lat'>‚</span> <span class='ocrx_word' id='word_1_1234' title='bbox 1474 2590 1608 2629; x_wconf 76' lang='lat' dir='ltr'>pluribus</span> <span class='ocrx_word' id='word_1_1235' title='bbox 1618 2590 1725 2623; x_wconf 80' lang='lat' dir='ltr'>verbis,</span> <span class='ocrx_word' id='word_1_1236' title='bbox 1738 2600 1775 2620; x_wconf 85' lang='lat' dir='ltr'>ue</span> <span class='ocrx_word' id='word_1_1237' title='bbox 1785 2601 1836 2630; x_wconf 82' lang='lat' dir='ltr'>per</span> <span class='ocrx_word' id='word_1_1238' title='bbox 1845 2591 1995 2622; x_wconf 79' lang='lat' dir='ltr'>summam</span> <span class='ocrx_word' id='word_1_1239' title='bbox 2004 2602 2054 2622; x_wconf 84' lang='lat' dir='ltr'>in-</span> 
     </span>
     <span class='ocr_line' id='line_1_132' title="bbox 1098 2630 2051 2672; baseline 0.003 -13"><span class='ocrx_word' id='word_1_1240' title='bbox 1098 2630 1208 2670; x_wconf 86' lang='lat' dir='ltr'>juriam</span> <span class='ocrx_word' id='word_1_1241' title='bbox 1229 2632 1379 2671; x_wconf 88' lang='lat' dir='ltr'>pupillum</span> <span class='ocrx_word' id='word_1_1242' title='bbox 1393 2632 1522 2672; x_wconf 85' lang='lat' dir='ltr'>Juiiium</span> <span class='ocrx_word' id='word_1_1243' title='bbox 1532 2630 1660 2661; x_wconf 79' lang='lat' dir='ltr'>fortunis</span> <span class='ocrx_word' id='word_1_1244' title='bbox 1669 2641 1724 2671; x_wconf 79' lang='lat' dir='ltr'>pati</span> <span class='ocrx_word' id='word_1_1245' title='bbox 1732 2634 1767 2662; x_wconf 91' lang='lat' dir='ltr'>iis</span> <span class='ocrx_word' id='word_1_1246' title='bbox 1777 2642 1901 2662; x_wconf 87' lang='lat' dir='ltr'>conetur</span> <span class='ocrx_word' id='word_1_1247' title='bbox 1910 2643 2051 2664; x_wconf 86' lang='lat' dir='ltr'>evertere.</span> 
     </span>
     <span class='ocr_line' id='line_1_133' title="bbox 1099 2670 2054 2716; baseline 0.004 -14"><span class='ocrx_word' id='word_1_1248' title='bbox 1099 2670 1167 2704; x_wconf 80' lang='lat' dir='ltr'>Istc,</span> <span class='ocrx_word' id='word_1_1249' title='bbox 1178 2674 1228 2712; x_wconf 89' lang='lat' dir='ltr'>qui</span> <span class='ocrx_word' id='word_1_1250' title='bbox 1237 2674 1297 2711; x_wconf 83' lang='lat' dir='ltr'>jam</span> <span class='ocrx_word' id='word_1_1251' title='bbox 1308 2673 1325 2701; x_wconf 91' lang='lat' dir='ltr'>s</span> <span class='ocrx_word' id='word_1_1252' title='bbox 1319 2683 1365 2712; x_wconf 90' lang='lat' dir='ltr'>pe,</span> <span class='ocrx_word' id='word_1_1253' title='bbox 1380 2673 1411 2702; x_wconf 70' lang='grc' dir='ltr'>δε</span> <span class='ocrx_word' id='word_1_1254' title='bbox 1422 2674 1565 2712; x_wconf 82' lang='lat' dir='ltr'>opinione</span> <span class='ocrx_word' id='word_1_1255' title='bbox 1570 2673 1689 2713; x_wconf 54' lang='lat' dir='ltr'>praciam</span> <span class='ocrx_word' id='word_1_1256' title='bbox 1699 2675 1777 2702; x_wconf 77' lang='lat' dir='ltr'>illam</span> <span class='ocrx_word' id='word_1_1257' title='bbox 1784 2674 1943 2712; x_wconf 74' lang='lat' dir='ltr'>devorasset,</span> <span class='ocrx_word' id='word_1_1258' title='bbox 1955 2685 2054 2716; x_wconf 85' lang='lat' dir='ltr'>neque</span> 
     </span>
     <span class='ocr_line' id='line_1_134' title="bbox 1100 2713 2052 2755; baseline 0.005 -13"><span class='ocrx_word' id='word_1_1259' title='bbox 1100 2713 1159 2742; x_wconf 88' lang='lat' dir='ltr'>ulla</span> <span class='ocrx_word' id='word_1_1260' title='bbox 1169 2716 1302 2754; x_wconf 80' lang='lat' dir='ltr'>aequitate</span> <span class='ocrx_word' id='word_1_1261' title='bbox 1313 2716 1466 2747; x_wconf 81' lang='lat' dir='ltr'>orationis,</span> <span class='ocrx_word' id='word_1_1262' title='bbox 1478 2714 1756 2755; x_wconf 66' lang='lat' dir='ltr'>ncqueau&amp;oritate</span> <span class='ocrx_word' id='word_1_1263' title='bbox 1768 2718 1811 2745; x_wconf 88' lang='lat' dir='ltr'>M.</span> <span class='ocrx_word' id='word_1_1264' title='bbox 1821 2717 1957 2746; x_wconf 83' lang='lat' dir='ltr'>Marcelli</span> <span class='ocrx_word' id='word_1_1265' title='bbox 1966 2727 2052 2747; x_wconf 89' lang='lat' dir='ltr'>com-</span> 
     </span>
     <span class='ocr_line' id='line_1_135' title="bbox 1102 2755 2052 2796; baseline 0.005 -12"><span class='ocrx_word' id='word_1_1266' title='bbox 1102 2764 1202 2785; x_wconf 85' lang='lat' dir='ltr'>motus</span> <span class='ocrx_word' id='word_1_1267' title='bbox 1212 2755 1263 2786; x_wconf 90' lang='lat' dir='ltr'>est.</span> <span class='ocrx_word' id='word_1_1268' title='bbox 1286 2758 1388 2796; x_wconf 88' lang='lat' dir='ltr'>Itaque</span> <span class='ocrx_word' id='word_1_1269' title='bbox 1400 2776 1408 2789; x_wconf 89' lang='lat'>‚</span> <span class='ocrx_word' id='word_1_1270' title='bbox 1426 2756 1684 2796; x_wconf 79' lang='lat' dir='ltr'>quemadmodum</span> <span class='ocrx_word' id='word_1_1271' title='bbox 1695 2756 1883 2791; x_wconf 81' lang='lat' dir='ltr'>ostendisset,</span> <span class='ocrx_word' id='word_1_1272' title='bbox 1903 2759 1931 2788; x_wconf 86' lang='lat' dir='ltr'>se</span> <span class='ocrx_word' id='word_1_1273' title='bbox 1947 2759 1977 2788; x_wconf 92' lang='lat' dir='ltr'>id</span> <span class='ocrx_word' id='word_1_1274' title='bbox 1998 2769 2052 2789; x_wconf 83' lang='lat' dir='ltr'>cx-</span> 
     </span>
     <span class='ocr_line' id='line_1_136' title="bbox 1099 2796 2052 2842; baseline 0.005 -16"><span class='ocrx_word' id='word_1_1275' title='bbox 1099 2796 1236 2826; x_wconf 68' lang='lat' dir='ltr'>a&amp;urum</span> <span class='ocrx_word' id='word_1_1276' title='bbox 1248 2796 1304 2827; x_wconf 80' lang='lat' dir='ltr'>csse</span> <span class='ocrx_word' id='word_1_1277' title='bbox 1315 2818 1322 2831; x_wconf 87' lang='grc'>,</span> <span class='ocrx_word' id='word_1_1278' title='bbox 1334 2798 1492 2837; x_wconf 80' lang='lat' dir='ltr'>respondit.</span> <span class='ocrx_word' id='word_1_1279' title='bbox 1516 2797 1595 2828; x_wconf 73' lang='lat' dir='ltr'>cum</span> <span class='ocrx_word' id='word_1_1280' title='bbox 1607 2797 1659 2827; x_wconf 85' lang='lat' dir='ltr'>fibi</span> <span class='ocrx_word' id='word_1_1281' title='bbox 1669 2801 1789 2829; x_wconf 85' lang='lat' dir='ltr'>omneis</span> <span class='ocrx_word' id='word_1_1282' title='bbox 1797 2799 1831 2829; x_wconf 87' lang='lat' dir='ltr'>ad</span> <span class='ocrx_word' id='word_1_1283' title='bbox 1841 2799 1933 2830; x_wconf 87' lang='lat' dir='ltr'>istum</span> <span class='ocrx_word' id='word_1_1284' title='bbox 1945 2801 2052 2842; x_wconf 79' lang='lat' dir='ltr'>allega-</span> 
     </span>
     <span class='ocr_line' id='line_1_137' title="bbox 1100 2837 2051 2881; baseline 0.005 -14"><span class='ocrx_word' id='word_1_1285' title='bbox 1100 2840 1198 2868; x_wconf 84' lang='lat' dir='ltr'>tiones</span> <span class='ocrx_word' id='word_1_1286' title='bbox 1210 2837 1371 2873; x_wconf 71' lang='lat' dir='ltr'>diffimleis,</span> <span class='ocrx_word' id='word_1_1287' title='bbox 1381 2842 1500 2869; x_wconf 84' lang='lat' dir='ltr'>omneis</span> <span class='ocrx_word' id='word_1_1288' title='bbox 1511 2840 1606 2870; x_wconf 85' lang='lat' dir='ltr'>aditus</span> <span class='ocrx_word' id='word_1_1289' title='bbox 1618 2840 1723 2870; x_wconf 77' lang='lat' dir='ltr'>arduos</span> <span class='ocrx_word' id='word_1_1290' title='bbox 1735 2861 1743 2873; x_wconf 85' lang='lat'>,</span> <span class='ocrx_word' id='word_1_1291' title='bbox 1757 2851 1789 2870; x_wconf 88' lang='lat' dir='ltr'>ac</span> <span class='ocrx_word' id='word_1_1292' title='bbox 1799 2843 1897 2881; x_wconf 86' lang='lat' dir='ltr'>potius</span> <span class='ocrx_word' id='word_1_1293' title='bbox 1908 2843 2051 2873; x_wconf 82' lang='lat' dir='ltr'>interclu-</span> 
     </span>
     <span class='ocr_line' id='line_1_138' title="bbox 1101 2880 2052 2924; baseline 0.002 -14"><span class='ocrx_word' id='word_1_1294' title='bbox 1101 2880 1147 2919; x_wconf 73' lang='lat' dir='ltr'>sos</span> <span class='ocrx_word' id='word_1_1295' title='bbox 1157 2880 1292 2911; x_wconf 86' lang='lat' dir='ltr'>viderent</span> <span class='ocrx_word' id='word_1_1296' title='bbox 1303 2901 1310 2915; x_wconf 86' lang='lat'>,</span> <span class='ocrx_word' id='word_1_1297' title='bbox 1321 2880 1397 2921; x_wconf 87' lang='lat' dir='ltr'>apud</span> <span class='ocrx_word' id='word_1_1298' title='bbox 1407 2891 1498 2922; x_wconf 87' lang='lat' dir='ltr'>quem</span> <span class='ocrx_word' id='word_1_1299' title='bbox 1508 2892 1570 2912; x_wconf 88' lang='lat' dir='ltr'>non</span> <span class='ocrx_word' id='word_1_1300' title='bbox 1575 2883 1625 2921; x_wconf 74' lang='lat' dir='ltr'>jzu</span> <span class='ocrx_word' id='word_1_1301' title='bbox 1637 2903 1645 2915; x_wconf 84' lang='lat'>,</span> <span class='ocrx_word' id='word_1_1302' title='bbox 1657 2892 1720 2912; x_wconf 86' lang='lat' dir='ltr'>non</span> <span class='ocrx_word' id='word_1_1303' title='bbox 1728 2891 1843 2924; x_wconf 71' lang='lat' dir='ltr'>aeqmras</span> <span class='ocrx_word' id='word_1_1304' title='bbox 1851 2904 1858 2918; x_wconf 86' lang='lat'>‚</span> <span class='ocrx_word' id='word_1_1305' title='bbox 1872 2893 1934 2914; x_wconf 86' lang='lat' dir='ltr'>non</span> <span class='ocrx_word' id='word_1_1306' title='bbox 1943 2884 2052 2923; x_wconf 74' lang='lat' dir='ltr'>miscri-</span> 
     </span>
     <span class='ocr_line' id='line_1_139' title="bbox 1948 2925 2050 2959; baseline 0 -5"><span class='ocrx_word' id='word_1_1307' title='bbox 1948 2925 2050 2959; x_wconf 78' lang='lat' dir='ltr'>cordia,</span> 
     </span>
    </p>
   </div>
   <div class='ocr_carea' id='block_1_11' title="bbox 1094 3016 2051 3196">
    <p class='ocr_par' dir='ltr' id='par_1_12' title="bbox 1094 3016 2051 3196">
     <span class='ocr_line' id='line_1_140' title="bbox 1094 3016 2049 3052; baseline -0.001 -10"><span class='ocrx_word' id='word_1_1308' title='bbox 1094 3016 1148 3043; x_wconf 82' lang='lat' dir='ltr'>abit</span> <span class='ocrx_word' id='word_1_1309' title='bbox 1159 3016 1190 3043; x_wconf 80' lang='lat' dir='ltr'>ab</span> <span class='ocrx_word' id='word_1_1310' title='bbox 1202 3017 1294 3047; x_wconf 74' lang='lat' dir='ltr'>altera,</span> <span class='ocrx_word' id='word_1_1311' title='bbox 1306 3024 1414 3052; x_wconf 77' lang='lat' dir='ltr'>eratque</span> <span class='ocrx_word' id='word_1_1312' title='bbox 1427 3016 1539 3043; x_wconf 70' lang='lat' dir='ltr'>librariis</span> <span class='ocrx_word' id='word_1_1313' title='bbox 1552 3018 1681 3044; x_wconf 76' lang='lat' dir='ltr'>usitatior.</span> <span class='ocrx_word' id='word_1_1314' title='bbox 1695 3026 1768 3044; x_wconf 72' lang='lat' dir='ltr'>vetus</span> <span class='ocrx_word' id='word_1_1315' title='bbox 1779 3017 1861 3044; x_wconf 60' lang='lat' dir='ltr'>editio</span> <span class='ocrx_word' id='word_1_1316' title='bbox 1872 3019 1899 3043; x_wconf 56' lang='grc' dir='ltr'>ἃ</span> <span class='ocrx_word' id='word_1_1317' title='bbox 1911 3017 1978 3044; x_wconf 74' lang='lat' dir='ltr'>Pau.</span> <span class='ocrx_word' id='word_1_1318' title='bbox 1990 3017 2049 3050; x_wconf 77' lang='lat' dir='ltr'>cous.</span> 
     </span>
     <span class='ocr_line' id='line_1_141' title="bbox 1134 3054 2049 3088; baseline 0 -10"><span class='ocrx_word' id='word_1_1319' title='bbox 1134 3061 1160 3088; x_wconf 76' lang='lat'>3.</span> <span class='ocrx_word' id='word_1_1320' title='bbox 1176 3058 1285 3085; x_wconf 61' lang='lat' dir='ltr'>optatum</span> <span class='ocrx_word' id='word_1_1321' title='bbox 1294 3055 1452 3086; x_wconf 33' lang='lat' dir='ltr'>negotium-fibi</span> <span class='ocrx_word' id='word_1_1322' title='bbox 1461 3055 1567 3088; x_wconf 79' lang='lat' dir='ltr'>infinum</span> <span class='ocrx_word' id='word_1_1323' title='bbox 1577 3056 1679 3080; x_wconf 67' lang='lat' dir='ltr'>delatum</span> <span class='ocrx_word' id='word_1_1324' title='bbox 1688 3054 1973 3088; x_wconf 62' lang='lat' dir='ltr'>effidict-bat.j1⁵01·1it.in</span> <span class='ocrx_word' id='word_1_1325' title='bbox 1985 3062 2049 3078; x_wconf 76' lang='lat' dir='ltr'>con·</span> 
     </span>
     <span class='ocr_line' id='line_1_142' title="bbox 1099 3089 2033 3127; baseline 0.001 -14"><span class='ocrx_word' id='word_1_1326' title='bbox 1099 3089 1246 3115; x_wconf 79' lang='lat' dir='ltr'>veuieiitius</span> <span class='ocrx_word' id='word_1_1327' title='bbox 1258 3108 1265 3121; x_wconf 88' lang='lat'>‚</span> <span class='ocrx_word' id='word_1_1328' title='bbox 1278 3089 1386 3114; x_wconf 69' lang='lat' dir='ltr'>ducebat.</span> <span class='ocrx_word' id='word_1_1329' title='bbox 2028 3122 2033 3127; x_wconf 89' lang='lat'>.</span> 
     </span>
     <span class='ocr_line' id='line_1_143' title="bbox 1135 3125 2051 3159; baseline 0 -10"><span class='ocrx_word' id='word_1_1330' title='bbox 1135 3131 1162 3156; x_wconf 81' lang='lat'>4.</span> <span class='ocrx_word' id='word_1_1331' title='bbox 1182 3128 1240 3158; x_wconf 64' lang='lat' dir='ltr'>Jam</span> <span class='ocrx_word' id='word_1_1332' title='bbox 1251 3125 1372 3149; x_wconf 55' lang='lat' dir='ltr'>›richer—cul&amp;</span> <span class='ocrx_word' id='word_1_1333' title='bbox 1384 3144 1391 3155; x_wconf 84' lang='lat'>‚</span> <span class='ocrx_word' id='word_1_1334' title='bbox 1402 3125 1504 3159; x_wconf 59' lang='lat' dir='ltr'>Irtytzit]</span> <span class='ocrx_word' id='word_1_1335' title='bbox 1526 3125 1593 3153; x_wconf 76' lang='lat' dir='ltr'>Pali.</span> <span class='ocrx_word' id='word_1_1336' title='bbox 1604 3127 1631 3153; x_wconf 71' lang='lat' dir='ltr'>St</span> <span class='ocrx_word' id='word_1_1337' title='bbox 1642 3126 1702 3154; x_wconf 74' lang='lat' dir='ltr'>edd.</span> <span class='ocrx_word' id='word_1_1338' title='bbox 1715 3133 1780 3153; x_wconf 74' lang='lat' dir='ltr'>vett.</span> <span class='ocrx_word' id='word_1_1339' title='bbox 1793 3129 1865 3153; x_wconf 73' lang='lat' dir='ltr'>Nam.</span> <span class='ocrx_word' id='word_1_1340' title='bbox 1884 3125 1966 3152; x_wconf 72' lang='lat' dir='ltr'>altera</span> <span class='ocrx_word' id='word_1_1341' title='bbox 1978 3143 1986 3156; x_wconf 87' lang='lat'>‚</span> <span class='ocrx_word' id='word_1_1342' title='bbox 1996 3132 2051 3149; x_wconf 78' lang='lat' dir='ltr'>orl-</span> 
     </span>
     <span class='ocr_line' id='line_1_144' title="bbox 1100 3160 1564 3196; baseline 0.002 -10"><span class='ocrx_word' id='word_1_1343' title='bbox 1100 3160 1189 3196; x_wconf 83' lang='lat' dir='ltr'>giiiem</span> <span class='ocrx_word' id='word_1_1344' title='bbox 1201 3169 1265 3196; x_wconf 79' lang='lat' dir='ltr'>puto</span> <span class='ocrx_word' id='word_1_1345' title='bbox 1276 3160 1364 3189; x_wconf 73' lang='lat' dir='ltr'>habuit</span> <span class='ocrx_word' id='word_1_1346' title='bbox 1375 3171 1390 3188; x_wconf 69' lang='lat' dir='ltr'>a</span> <span class='ocrx_word' id='word_1_1347' title='bbox 1400 3161 1564 3190; x_wconf 60' lang='lat' dir='ltr'>Victoriana.</span> 
     </span>
    </p>
   </div>
   <div class='ocr_carea' id='block_1_12' title="bbox 1508 3198 2048 3229">
    <p class='ocr_par' dir='ltr' id='par_1_13' title="bbox 1508 3198 2048 3229">
     <span class='ocr_line' id='line_1_145' title="bbox 1508 3198 2048 3229; baseline -0.004 -6"><span class='ocrx_word' id='word_1_1348' title='bbox 1508 3198 1535 3226; x_wconf 83' lang='lat' dir='ltr'>H</span> <span class='ocrx_word' id='word_1_1349' title='bbox 1547 3198 1562 3223; x_wconf 79' lang='lat' dir='ltr'>ii</span> <span class='ocrx_word' id='word_1_1350' title='bbox 1582 3207 1597 3224; x_wconf 64' lang='grc' dir='ltr'>π.</span> <span class='ocrx_word' id='word_1_1351' title='bbox 1935 3204 1958 3223; x_wconf 76' lang='grc' dir='ltr'>ι.</span> <span class='ocrx_word' id='word_1_1352' title='bbox 1969 3198 2048 3229; x_wconf 66' lang='lat' dir='ltr'>Neque</span> 
     </span>
    </p>
   </div>
   <div class='ocr_carea' id='block_1_13' title="bbox 2085 1648 2126 1678">
    <p class='ocr_par' dir='ltr' id='par_1_14' title="bbox 2085 1648 2126 1678">
     <span class='ocr_line' id='line_1_146' title="bbox 2085 1648 2126 1678; baseline 0 -5"><span class='ocrx_word' id='word_1_1353' title='bbox 2085 1648 2126 1678; x_wconf 73' lang='lat'>51</span> 
     </span>
    </p>
   </div>
  </div>
 </body>
</html>
