2297 3389
682 150 985 197 ORATIO

167 238 212 271 est
221 259 230 274 ,
248 241 260 258 ¹
272 246 332 270 tam
342 243 419 278 patet
427 231 587 267 Hortenfio
597 252 605 268 ‚
625 232 719 276 quam
729 234 817 263 mihi.
841 243 931 275 quern
942 231 1014 264 cum
1026 234 1126 265 videas

168 282 228 313 hoc
237 282 369 314 honore,
384 278 556 309 auditoritate
566 296 574 310 ,
589 277 698 306 virtute
708 295 716 309 ‚
730 275 856 306 consilio
866 275 1025 317 praeditum
1035 295 1044 309 a
1059 286 1125 306 non

167 320 313 355 dubitafl‘e
322 341 331 356 ‚
353 322 428 362 quin
438 321 634 350 innocentem
645 318 793 348 P.Sullam
804 317 992 348 defenderet:
1010 327 1123 357 quaero,

168 376 238 399 cur,
258 365 310 405 qui
322 362 417 392 aditus
430 361 465 392 ad
478 361 594 391 causam
605 359 766 391 Hortensio
775 361 902 400 patuerit
912 379 921 393 ‚
943 359 1021 389 mihi
1031 360 1126 389 inter-

166 407 263 439 clusus
274 404 332 435 effe
341 403 487 434 debuerit.
511 412 613 444 quaero
624 402 699 432 illud
710 404 801 432 etiam
812 422 821 436 ,
835 400 856 431 fi
867 411 917 431 me
926 421 935 434 ‚
954 399 1123 442 quidefen-

166 449 208 479 do
216 468 226 482 ‚
236 445 516 487 reprehendendum
524 453 609 485 putas
619 442 688 478 effe,
699 444 771 485 quid
783 443 903 474 tandem
914 443 951 473 de
960 444 1007 472 his
1017 441 1123 472 existi-

166 499 232 520 mes
241 488 369 518 summis
377 488 467 521 viris,
490 487 523 517 &
533 485 697 518 clariflimis
707 486 824 516 civibus
836 506 844 520 ‚
863 495 994 527 quorum
1008 483 1119 518 studio,

165 532 200 562 δε
209 530 351 572 dignitate
361 549 370 563 ‚
387 531 403 549 ²
410 529 551 560 celebrari
561 530 620 560 hoc
627 528 782 569 judicium
792 548 801 562 ,
813 529 912 558 ornari
920 527 1037 558 causam
1048 546 1056 561 ‚
1068 525 1121 556 de-

161 571 248 604 fendi
257 573 347 611 hujus
356 572 564 602 innocentiam
572 571 656 601 vides
666 573 678 600 ?
692 581 757 601 non
767 572 849 601 enim
863 579 923 600 una
931 568 974 599 est
983 570 1058 599 ratio
1068 568 1121 598 de-

163 612 308 645 tensionis
318 624 430 655 ea‚quae
444 612 538 654 pofita
547 613 591 644 est
604 615 636 643 in
649 615 793 643 oratione.
810 621 928 645 omnes,
940 613 993 652 qui
1002 610 1119 644 adsunt,

159 657 214 696 qui
223 655 360 686 laborant
369 675 378 689 ‚
397 658 449 696 qui
461 656 575 687 salvum
585 655 696 686 volunt
706 676 715 689 ,
733 664 788 695 pro
798 655 847 684 sua
854 662 934 694 parte
945 673 954 685 ,
972 661 1059 692 atque
1068 662 1120 682 au-

158 697 294 728 &oritate
305 697 484 729 defendunt.
506 701 555 728 An
565 696 637 728 verb
646 716 655 730 ,
675 699 709 727 in
721 696 829 737 quibus
839 694 988 725 subselliis
996 694 1058 723 haec
1069 703 1119 723 or-

158 747 302 770 namenta
311 760 319 774 ,
339 749 372 770 ac
390 741 508 771 lumina
527 742 603 780 reip.
623 738 759 769 viderem
769 756 778 771 ‚
798 738 832 767 in
849 737 897 765 his
915 745 966 765 me
981 745 1118 775 apparere

157 782 277 812 nollem
288 802 298 816 ‚
315 792 449 823 quorum
462 792 517 823 ego
527 790 616 821 opera
624 780 713 810 illum
722 780 756 808 in
766 779 870 808 locum
881 797 889 811 ‚
902 786 989 818 atque
998 779 1031 807 in
1039 777 1116 808 hanc

156 823 424 865 celfiffimamftdem
432 824 581 864 dtgniratis
589 842 598 856 ,
609 830 695 862 atque
706 821 831 850 honoris
840 840 849 853 ‚
861 820 966 850 multis
977 821 1054 849 meis
1062 839 1071 853 ,
1083 829 1115 850 ac

156 867 276 907 magnis
286 865 455 899 laboribus,
471 866 504 895 &
512 864 652 904 periculis
663 883 673 896 ‚
691 860 907 893 adscendissem
919 864 929 891 ?
951 864 1049 902 Atque
1061 881 1070 895 ,
1083 869 1115 892 ut

154 907 303 949 intelligas
311 928 320 941 ‚
332 910 482 947 Torquate
491 926 499 940 ‚
511 915 604 946 quem
613 905 730 935 accuses
740 924 748 938 ,
760 903 780 934 fi
792 913 820 934 te
832 903 862 933 id
873 902 1018 937 offendit,
1029 903 1113 944 quod

152 958 211 991 ego
219 970 227 982 ‚
238 951 290 990 qui
301 950 358 979 hoc
367 958 474 989 genere
484 946 659 988 quaestionis
670 945 857 977 defenderim
869 947 1039 979 neminem,
1049 955 1114 975 non

153 989 247 1021 defim
257 990 395 1021 P.sullae:
406 990 556 1020 recordare
567 989 602 1019 de
615 990 729 1022 ceteris,
740 997 817 1029 quos
825 985 921 1018 adeffe
932 988 1003 1017 huic
1013 986 1108 1017 vides.

152 1032 305 1073 intelliges
314 1051 323 1066 ‚
337 1031 370 1062 &
379 1031 416 1062 de
425 1032 494 1065 hoc,
507 1031 540 1061 &
550 1031 586 1061 de
596 1032 700 1061 ceteris
709 1031 861 1070 judicium
873 1038 980 1059 meum
990 1049 999 1063 ,
1011 1029 1045 1060 &
1054 1030 1112 1059 ho-

148 1083 240 1107 rum,
259 1083 329 1114 par,
348 1082 436 1115 atque
454 1083 553 1103 unum
570 1071 672 1102 fuisse.
696 1074 772 1114 Qiis
783 1070 922 1101 nostrum
932 1070 1029 1101 adfuit
1038 1074 1113 1101 Var-

147 1116 298 1156 gunteio?
314 1125 408 1146 nemo
421 1126 426 1145 :
445 1125 484 1145 ne
493 1116 543 1146 hic
552 1114 679 1156 quidem
691 1111 912 1154 QHortenfius
922 1133 930 1148 ‚
946 1113 1109 1153 praesertim

149 1158 204 1197 qui
219 1157 309 1187 illum
326 1157 407 1188 solus
425 1166 510 1188 antea
528 1157 565 1187 de
581 1156 696 1186 ambitu
719 1154 906 1186 defendisset.
942 1165 1006 1185 non
1024 1157 1110 1185 enim

146 1199 214 1239 jam
224 1200 254 1229 se
264 1199 329 1229 ullo
339 1198 444 1230 officio
454 1209 524 1230 cum
534 1199 590 1229 illo
601 1199 669 1238 conj
675 1197 803 1228 un&um
814 1196 1008 1227 arbitrabatur
1016 1217 1024 1231 ‚
1036 1195 1110 1227 curn

148 1241 202 1271 ille
212 1261 220 1274 ‚
241 1250 326 1272 tanto
337 1242 444 1272 scelere
453 1238 633 1274 commisso,
653 1240 779 1269 omnium
789 1239 940 1279 officiorum
949 1239 1112 1279 chietatem

147 1282 307 1321 diremiffit.
331 1285 408 1324 Qs
425 1281 566 1313 nostrum
586 1286 597 1309 3
608 1282 784 1312 Ser-Sullam
804 1284 814 1311 ?
835 1282 904 1322 quis
914 1284 944 1312 P.
956 1284 966 1310 ?
985 1283 1053 1321 quis
1064 1283 1109 1310 M.

148 1327 277 1356 Leccam
289 1328 300 1354 ?
313 1328 379 1366 quis
390 1325 567 1355 Cornelium
579 1344 587 1357 ‚
604 1322 832 1353 defendendum
842 1325 957 1363 putavit
966 1328 976 1354 ?
985 1325 1053 1362 quis
1063 1323 1110 1352 his

148 1367 263 1397 horum
273 1367 387 1397 adfuit?
405 1376 509 1396 nemo.
532 1365 606 1405 quid
615 1367 676 1395 ita?
695 1366 764 1405 quia
777 1366 883 1395 ceteris
893 1366 926 1394 in
937 1363 1026 1394 causis
1037 1385 1046 1398 ,
1067 1373 1110 1394 et-

145 1409 211 1439 iam
222 1416 364 1439 nocentes
375 1410 431 1438 viri
441 1408 516 1438 boni
526 1427 535 1441 ‚
552 1411 569 1433 4
579 1405 600 1436 si
610 1406 751 1444 neceffizrii
758 1407 827 1445 sunt
836 1426 844 1440 ‚
865 1405 1043 1436 deserendos
1053 1404 1110 1436 effe

146 1459 210 1480 non
220 1458 334 1490 putant.
358 1451 390 1480 in
400 1451 457 1480 hoc
465 1451 595 1480 crimine
607 1469 616 1482 ‚
629 1458 695 1478 non
706 1449 805 1479 solum
818 1448 946 1478 levitatis
957 1447 1000 1478 est
1010 1448 1104 1488 culpa,

144 1490 254 1522 verum
268 1493 358 1522 etiam
372 1491 509 1532 quaedam
522 1492 662 1531 contagio
677 1491 796 1521 sceleris
807 1511 816 1524 ,
839 1489 860 1520 s1
870 1489 1012 1520 defendas
1025 1500 1108 1523 eum,

146 1536 162 1561 5
172 1543 264 1574 quem
278 1533 458 1564 obstrffitum
477 1532 535 1563 effe
554 1534 655 1573 patriae
671 1532 830 1573 parricidio
846 1533 1003 1573 suspicere.
1026 1531 1110 1572 Qd

145 1577 319 1606 Autronio?
335 1586 441 1606 nonne
459 1575 570 1606 sodales
581 1595 590 1609 ,
610 1585 676 1605 non
694 1575 816 1616 collegae
834 1575 879 1605 sui
890 1594 899 1608 ‚
921 1584 988 1604 non
997 1582 1110 1604 veteres

144 1619 236 1648 amici
248 1637 257 1651 ‚
280 1627 412 1659 quorum
431 1617 484 1648 ille
501 1619 587 1658 copia
605 1616 761 1658 quondam
779 1616 939 1647 abundarat
960 1635 969 1650 ,
991 1626 1055 1646 non
1077 1617 1109 1646 hi

146 1669 256 1690 omnes
266 1679 275 1694 ‚
295 1662 348 1701 qui
366 1660 478 1690 suntin
492 1659 607 1699 republ.
617 1661 767 1699 principes
779 1678 788 1692 ‚
808 1657 993 1689 defuerunt?
1007 1657 1109 1688 immo

144 1703 238 1732 etiam
249 1700 426 1732 testimonio
441 1702 576 1742 plerique
591 1701 751 1731 laeserunt?
772 1703 1001 1731 STATUERANT
1012 1720 1021 1733 ,
1041 1709 1109 1730 tan-

145 1751 213 1773 tum
222 1743 299 1774 illud
309 1742 367 1773 effe
377 1742 562 1774 maleficium
574 1763 582 1777 ‚
594 1742 676 1783 quod
689 1740 706 1762 ⁶
717 1752 781 1772 non
792 1741 888 1773 modo
900 1753 966 1773 non
975 1742 1111 1773 occulta-

101 1779 126 1823 '3
147 1787 171 1816 ri
181 1785 291 1825 perse,
311 1785 361 1816 sed
382 1786 474 1816 etiam
486 1786 612 1825 aperiri,
633 1784 832 1825 illustrarique
842 1785 970 1815 deberet.
994 1787 1111 1826 Qam-

145 1827 252 1857 obrem
262 1827 333 1868 quid
344 1826 402 1862 est,
413 1826 497 1868 quod
506 1828 626 1860 mirere,
641 1826 662 1856 fi
672 1837 743 1857 cum
752 1827 861 1857 iisdem
872 1837 922 1858 me
934 1829 967 1857 in
978 1827 1031 1857 hac
1040 1836 1110 1857 cau-

146 1868 175 1899 sa
191 1868 274 1899 vides
290 1867 403 1903 adeffe,
422 1879 493 1900 cum
511 1869 621 1910 quibus
637 1870 671 1899 in
688 1871 792 1900 ceteris
809 1869 953 1910 intelligis
969 1866 1109 1899 abfuisse?

145 1910 204 1940 nisi
220 1909 293 1941 vero
310 1920 360 1941 me
377 1921 475 1941 unum
490 1913 538 1941 vis
552 1910 652 1940 ferum
663 1930 672 1944 ,
692 1920 798 1951 proeter
805 1919 923 1941 ceteros
935 1931 944 1945 ‚
965 1921 1016 1940 me
1027 1911 1109 1950 aspe-

145 1961 215 1982 rum
226 1972 235 1985 ,
253 1962 304 1982 me
320 1954 524 1983 inhumanum
541 1951 726 1982 existimari:
750 1963 800 1984 me
810 1951 950 1994 fingulari
962 1954 1109 1982 immani-

145 2002 204 2024 tate
214 2014 223 2028 ,
236 1993 450 2024 &crudelitate
459 1993 630 2033 praeditum.
654 1996 740 2024 Hanc
749 1995 827 2027 mihi
839 2003 870 2024 tu
880 1992 900 2023 fi
911 2015 919 2027 ,
933 2003 1053 2034 propter
1062 2003 1109 2023 res

145 2045 229 2066 meas
237 2035 331 2077 gestas
340 2056 349 2069 ,
365 2037 498 2075 imponis
507 2035 536 2064 in
544 2035 620 2064 omni
630 2035 697 2064 vita
707 2045 774 2065 mea
781 2036 941 2075 personam
951 2056 959 2070 ‚
971 2038 1109 2076 Torqua-

145 2086 174 2107 te
184 2097 193 2111 ,
203 2078 399 2108 vehementer
409 2086 494 2107 erras.
526 2086 576 2106 me
587 2085 689 2107 natura
698 2077 922 2107 misericordem
935 2097 943 2111 ‚
963 2079 1054 2116 patria
1064 2077 1107 2106 sc-

143 2128 253 2150 verum
266 2129 272 2148 :
291 2119 446 2149 crudelem
457 2129 512 2149 nec
521 2119 612 2159 patria
623 2138 631 2152 ‚
647 2128 702 2149 nec
712 2128 814 2149 natura
824 2117 880 2149 effe
890 2120 997 2149 voluit.
1021 2117 1110 2148 deni-

143 2170 204 2201 que
213 2160 299 2191 istam
311 2161 404 2201 ipsam
414 2161 573 2200 personam
584 2161 797 2191 vehementem
809 2180 817 2195 ‚
834 2161 868 2191 &
877 2171 974 2191 acrem
986 2181 994 2194 ‚
1017 2170 1108 2201 quam

143 2203 223 2232 mihi
235 2211 299 2233 tum
309 2211 428 2242 tempus
438 2222 446 2236 ,
459 2202 493 2232 &
502 2202 577 2242 resp.
594 2203 742 2244 imposuit
751 2223 760 2237 ‚
774 2204 833 2239 iam
843 2203 982 2233 voluntas
992 2223 1000 2237 ,
1015 2203 1048 2232 &
1058 2212 1110 2233 na—

143 2252 207 2274 tura
219 2245 279 2284 ipsa
294 2244 431 2274 detraxit.
453 2244 507 2274 illa
522 2246 606 2274 enim
625 2244 660 2274 ad
677 2244 767 2274 breve
787 2253 905 2285 tempus
922 2246 1109 2275 severitatem

142 2285 322 2327 postulavit:
341 2287 404 2316 haec
414 2286 444 2315 in
453 2286 530 2315 omni
540 2286 607 2314 vira
616 2286 856 2316 misericordiam
868 2306 876 2321 ‚
892 2287 1109 2327 lenitatemque

144 2327 294 2358 desiderat.
319 2330 416 2368 Qare
429 2328 508 2358 nihil
519 2327 562 2358 est
571 2347 579 2361 ‚
600 2326 682 2368 quod
704 2338 744 2357 ex
764 2336 846 2358 tanto
865 2331 1010 2359 comitatu
1028 2331 1110 2358 viro-

141 2379 212 2400 rum
221 2369 473 2411 ampliffimorum
483 2379 533 2400 me
542 2379 640 2400 unum
649 2368 803 2401 abstrahas.
816 2368 945 2411 simplex
955 2368 1106 2403 officium,

179 2482 202 2499 1.
222 2474 279 2498 'sam
285 2479 351 2505 patet
361 2474 488 2506 Hortensio,
497 2473 564 2508 dra]
584 2472 747 2499 Gulielmius
759 2473 852 2500 mallet
858 2480 941 2507 parer,
952 2472 1023 2508 quod
1034 2472 1098 2499 scri-
1128 2478 1129 2483 ¹

138 2507 179 2534 bit
190 2509 203 2534 ἰι
215 2509 300 2544 prima
318 2518 396 2535 manu
410 2508 485 2536 fuisse
495 2509 522 2535 in
533 2510 561 2535 S.
572 2508 690 2535 Vistoris
703 2529 711 2541 ,
730 2510 758 2535 ὅτ
770 2509 865 2536 restare
884 2510 909 2536 in
931 2508 974 2535 ecl.
986 2508 1100 2545 Lugdu-

141 2543 222 2571 nensi.
244 2544 324 2571 nostri
335 2554 425 2571 omnes
436 2552 604 2581 propugnant
616 2545 761 2580 vulgatam.

179 2589 195 2605 2
203 2600 208 2606 .
228 2582 349 2606 Celebrari
357 2582 396 2607 hoc
399 2582 515 2615 judicium
528 2600 535 2613 ‚
545 2584 630 2607 ornari
639 2582 736 2614 causam
747 2600 755 2613 ‚
766 2581 857 2615 deflendi
866 2582 936 2615 hujus
945 2583 1102 2607 innocentiam

139 2616 237 2650 widem]
260 2617 321 2642 Nec
339 2617 397 2643 heic
415 2617 486 2644 volui
506 2617 649 2644 excludere
669 2618 822 2653 scripturam
836 2617 949 2644 Palatini
964 2637 971 2649 ,
991 2626 1103 2644 numero

141 2651 251 2687 quidem
264 2652 326 2679 noni
339 2672 347 2685 ‚
369 2652 412 2679 sed
430 2653 549 2680 bonitate
568 2654 658 2689 primi.
679 2661 756 2680 antea
774 2653 901 2680 edebatur
914 2654 1104 2690 compositione

139 2687 285 2714 admodum
303 2688 370 2715 dura
381 2708 389 2721 ‚
399 2690 517 2723 judicium
529 2709 537 2722 ,
554 2691 674 2721 &ornari
686 2709 693 2721 ‚
713 2690 809 2722 cauſsam
819 2690 909 2723 defendi
917 2691 986 2723 hnjm
995 2693 1105 2716 innocen-

139 2724 170 2750 ris
179 2726 234 2751 vid.
252 2726 280 2751 δε
301 2734 364 2752 vero
381 2726 476 2762 copula
495 2727 544 2758 όν,
564 2726 640 2753 nullo
658 2733 794 2762 comparet
806 2725 833 2752 in
845 2725 902 2752 mff.
921 2734 966 2753 aut
978 2727 1104 2754 vetustius
1127 2741 1128 2749 κ

142 2758 220 2788 culis.

179 2805 205 2832 3.
224 2799 333 2823 Senium
341 2798 449 2824 sullam?
465 2798 518 2833 quis
527 2802 580 2825 P.?
597 2799 650 2833 quis
659 2803 699 2826 M.
709 2801 829 2824 Leccam?
846 2799 913 2833 (ty-e]
935 2798 1047 2825 Revoco
1058 2799 1097 2825 le-

139 2832 258 2860 &ionem
277 2835 397 2861 omnium
416 2834 474 2860 mss.
486 2834 553 2861 Pau.
572 2835 637 2861 item
657 2834 767 2861 S.Vist.
780 2836 862 2861 Grut.
881 2836 908 2860 ὃ(
921 2834 1001 2861 Busb.
1022 2842 1101 2871 atque

140 2868 289 2896 editionum
302 2878 433 2897 veterum.
452 2871 507 2906 post
518 2870 644 2907 impr-effi,
654 2870 766 2897 ridicule
778 2871 852 2897 nobis
863 2870 1039 2903 immiserant,
1049 2872 1101 2905 quis

139 2975 243 3011 juratos
255 2980 329 3005 Serv,
341 2980 368 3005 &
380 2981 412 3006 P.
422 2980 502 3006 Sullae
513 2980 610 3011 Servii,
623 2980 685 3012 filii,
696 2980 742 3006 hos
755 2979 854 3007 indicat
866 2980 973 3006 Tullius
986 2980 1083 3007 noster.

178 3020 206 3046 4.
226 3017 250 3039 Se·
259 3017 381 3049 neceffarir'
393 3016 452 3049 firm
462 3016 592 3050 deserendos
602 3017 642 3049 effi’
652 3026 696 3041 mm
710 3017 828 3050 putant]
851 3017 966 3043 Gemma
976 3016 1051 3051 hujus
1064 3016 1103 3042 le-

144 3047 242 3076 &ionis
252 3058 313 3078 nata
322 3055 335 3078 ‘e
348 3053 467 3079 Palatino
478 3052 526 3079 illo
537 3062 618 3079 nono.
637 3052 682 3078 alii
695 3053 765 3079 enirn
778 3053 1052 3087 nostri‚fincccff.fimt
1062 3053 1103 3077 de-

136 3085 267 3119 fendendos
276 3087 315 3120 effe
332 3097 377 3114 non
390 3096 498 3122 putam5
518 3097 611 3115 contra
621 3096 737 3115 mentem
747 3088 866 3115 austoris
878 3100 883 3116 :
906 3089 996 3125 itaque
1007 3088 1103 3114 Critici

1056 166 1193 197 pao
1261 150 1308 196 P.
1367 151 1629 199 SuLLA.

2031 164 2130 213 435

1170 241 1257 274 atque
1279 243 1339 264 una
1357 233 1400 264 est
1416 233 1570 265 bonorum
1587 232 1730 265 omnium
1745 232 1841 264 causa.
1862 230 1942 264 nihil
1953 231 2026 266 erit,
2046 233 2128 274 quod

1168 275 1314 306 admirere
1325 275 1457 316 posthac,
1470 275 1490 306 si
1502 279 1535 307 in
1544 286 1577 307 ea
1586 285 1663 316 parte
1675 296 1684 310 ‚
1696 277 1730 306 in
1740 285 1798 316 qua
1806 276 1862 306 hos
1872 274 2126 309 animadverteris,

1168 326 1219 346 me
1228 317 1358 347 videbis.
1381 319 1466 349 nulla
1483 317 1525 349 est
1541 319 1627 348 enim
1644 320 1678 348 in
1695 317 1812 358 republ.
1825 318 1909 348 causa
1918 327 1985 348 mea
1994 318 2122 358 propria.

1168 365 1286 398 tempus
1303 359 1411 401 agendi
1427 359 1484 390 fuit
1499 361 1593 402 magis
1610 361 1688 390 mihi
1703 361 1859 400 proprium
1870 379 1880 394 ‚
1898 369 1989 400 quam
2006 361 2122 389 ceteris:

1166 398 1282 429 doloris
1290 399 1363 430 verb
1375 421 1383 435 ,
1395 401 1428 431 &
1440 403 1560 432 timoris
1568 422 1577 436 ‚
1589 402 1622 432 &
1630 401 1822 442 periculifuit
1830 401 1881 432 illa
1891 401 1974 432 causa
1981 410 2125 432 commu—

1164 441 1222 469 nis.
1246 451 1342 481 neque
1363 445 1447 472 enim
1457 444 1583 484 princeps
1598 452 1670 474 tunc
1681 443 1717 474 ad
1731 443 1855 474 salutem
1874 441 1933 473 effe
1946 441 2121 484 potuiss‘em.

1164 479 1185 511 fi
1195 480 1253 512 effe
1261 483 1313 512 alii
1323 486 1450 514 comites
1460 484 1634 516 noluissent.
1657 489 1753 526 Qare
1764 484 1878 516 necesse
1890 483 1932 516 est
1943 505 1951 519 ,
1972 484 2054 526 quod
2062 485 2123 514 mi-

1163 524 1195 553 hi
1205 524 1519 569 consuli-praecipuum
1528 525 1586 556 fuit
1594 536 1699 567 praeter
1707 527 1781 557 alios
1791 547 1799 561 ‚
1812 527 1843 557 id
1851 528 1912 567 jam
1923 529 2039 567 privato
2047 535 2121 557 cum

1160 567 1266 595 ceteris
1283 564 1342 595 esse
1358 576 1533 596 commune.
1559 570 1667 609 Neque
1680 579 1735 610 ego
1749 570 1808 599 hoc
1816 567 2120 609 partiendaeinvidiae.

1161 607 1210 637 sed
1235 607 1500 638 communicandae
1521 609 1617 639 laudis
1637 611 1721 641 causa
1741 611 1859 652 loquor.
1902 613 2031 641 Ounms
2055 620 2119 640 Μει

1161 658 1301 679 PARTEM
1315 659 1447 680 NEMINI
1465 659 1634 680 IMPERHO
1653 671 1660 683 ‚
1687 661 1828 682 GLORlAE
1842 662 1939 683 nouis
1954 662 2119 682 omuxnus.

1159 693 1196 720 In
1206 693 1393 721 Autronium
1405 690 1614 722 testimonium
1627 691 1730 723 dixisti
1740 713 1747 726 ‚
1762 695 1861 735 inquit
1872 706 1876 724 z
1888 695 2003 725 Sullam
2014 692 2121 724 defen-

1158 732 1216 762 dis.
1241 735 1310 764 Hoc
1321 742 1421 764 totum
1433 732 1583 773 ejusmodi
1594 732 1637 763 est
1650 753 1659 767 ‚
1678 734 1794 773 judices
1807 757 1814 768 ,
1835 744 1868 766 ut
1878 756 1886 769 ‚
1907 735 1927 765 si
1938 746 1993 777 ego
2004 735 2059 772 firn
2072 737 2120 765 in-

1157 773 1313 810 constans,
1331 776 1448 806 aclevis
1461 795 1469 809 ,
1489 785 1544 805 nec
1558 774 1736 805 testimonio
1754 775 1845 806 fidem
1858 777 1949 807 tribui
1965 787 2121 811 convene-r

1156 818 1214 850 rit,
1238 827 1295 848 nec
1313 816 1479 847 defensioni
1499 815 1720 847 auetoritatem.
1744 815 1787 847 sin
1797 818 1838 848 est
1852 821 1883 848 in
1898 829 1946 848 me
1959 822 2034 849 ratio
2043 821 2117 859 reip.

1155 858 1262 900 religio
1271 861 1379 900 privati
1388 857 1483 889 officii
1494 878 1502 891 2
1524 857 1659 889 studium
1669 859 1834 889 retinendae
1845 861 2007 890 voluntatis
2017 861 2120 890 bono-

1156 910 1242 930 rum:
1263 901 1342 931 nihil
1359 900 1464 932 minus
1481 900 1630 931 accusator
1647 900 1842 931 debetdicere
1853 921 1861 935 ‚
1882 901 1971 941 quam
1982 902 2056 932 ame
2066 902 2121 932 de—

1155 941 1240 972 fendi
1251 943 1364 974 Sullam
1377 963 1385 978 ‚
1406 942 1583 973 testimonio
1602 943 1707 973 laesum
1725 941 1784 973 effe
1794 945 1988 973 Autronium.
2012 943 2119 973 videor

1153 986 1240 1014 enirn
1257 995 1322 1015 non
1343 984 1443 1016 solum
1463 984 1597 1015 studium
1613 984 1649 1015 ad
1660 983 1862 1015 defendendas
1875 984 1970 1015 causas
1981 1005 1989 1017 ,
2010 984 2118 1014 verum

1153 1028 1312 1066 opinionis
1322 1026 1438 1068 aliquid
1449 1047 1458 1060 ,
1474 1026 1507 1057 ὃς
1520 1025 1705 1057 au&oritatis
1714 1025 1818 1057 afferre
1830 1038 1835 1056 z
1855 1035 1915 1067 qua
1923 1027 1956 1057 δε
1966 1026 2120 1056 moderate

1154 1078 1210 1110 ego
1222 1077 1283 1099 utar
1294 1089 1303 1104 ‚
1323 1069 1440 1110 judices
1453 1089 1463 1103 ‚
1488 1069 1522 1099 δε
1532 1071 1665 1098 omnino
1678 1078 1744 1098 non
1756 1077 1868 1102 uterer,
1890 1066 1911 1098 fi
1924 1068 1975 1098 ille
1994 1078 2043 1098 me
2055 1079 2118 1098 non

1151 1109 1304 1152 co'e'giffet.
1327 1114 1405 1142 Duae
1421 1112 1646 1151 conjurationes
1671 1110 1722 1140 abs
1740 1120 1768 1142 te
1779 1130 1787 1144 ‚
1813 1113 1965 1152 Torquate
1977 1130 1986 1143 ‚
2006 1109 2118 1140 consti>
2147 1141 2151 1145 ,

1152 1160 1296 1188 tuuntur3
1312 1163 1371 1184 una
1381 1174 1389 1187 ,
1410 1158 1425 1182 7
1435 1163 1500 1194 quae
1512 1152 1628 1192 Lepido
1638 1172 1646 1185 ,
1663 1152 1695 1182 ὅ(
1705 1153 1841 1183 L.Tullo
1853 1155 1958 1186 ‚Coss-
1971 1161 2050 1192 patre
2062 1161 2115 1182 tuo

1153 1195 1276 1225 consule
1290 1194 1441 1237 designato
1455 1215 1464 1229 ‚
1478 1194 1554 1224 fasta
1564 1193 1621 1224 effe
1631 1194 1756 1225 dicitur:
1775 1195 1864 1225 altera
1876 1214 1884 1227 ,
1904 1204 1970 1235 quae
1982 1203 2119 1224 mecon-

1153 1237 1226 1267 sule.
1252 1240 1369 1268 Harum
1378 1239 1412 1268 in
1422 1246 1544 1278 utraque
1553 1237 1666 1268 Sullam
1678 1236 1752 1266 dicis
1763 1235 1859 1266 fuisse.
1883 1238 1976 1267 Patris
1986 1238 2042 1270 tui,
2054 1235 2119 1266 for-

1153 1277 1255 1308 tiffimi
1266 1281 1323 1309 viri
1336 1299 1344 1313 ‚
1365 1288 1453 1320 atque
1463 1280 1574 1319 optimi
1584 1278 1718 1309 consulis
1728 1299 1736 1312 ‚
1756 1278 1810 1309 scis
1821 1299 1829 1311 ,
1847 1288 1897 1308 me
1907 1276 2041 1308 confiliis
2051 1288 2115 1308 non

1151 1320 1319 1351 interfuiffe
1332 1332 1338 1350 ;
1354 1322 1410 1352 scis
1419 1341 1428 1355 ‚
1438 1331 1488 1351 me
1498 1341 1506 1354 ‚
1518 1319 1593 1350 cum
1604 1321 1683 1350 mihi
1693 1320 1830 1350 summus
1841 1329 1942 1350 tecum
1951 1320 2020 1350 usus
2029 1318 2113 1353 esset,

1151 1370 1254 1392 tamen
1262 1363 1389 1393 illorum
1399 1372 1553 1403 expertem
1563 1371 1737 1403 temporum
1748 1382 1756 1396 2
1773 1362 1806 1392 &
1817 1362 1994 1392 sermonum
2004 1360 2092 1391 fuiss'e
2105 1372 2111 1391 :

1151 1404 1339 1446 credo‚qubd
1349 1405 1491 1435 nondum
1501 1406 1620 1444 penitus
1631 1406 1664 1434 in
1674 1404 1936 1444 rcpub1.versabar‚
1944 1402 2025 1444 quod
2036 1413 2117 1433 non-

1152 1446 1225 1476 dum
1237 1447 1272 1477 ad
1282 1445 1467 1487 propositum
1480 1446 1557 1476 mihi
1569 1444 1662 1476 finem
1673 1448 1799 1476 honoris
1808 1440 2118 1486 perveneram23qubd

1152 1497 1220 1518 mea
1236 1498 1287 1518 me
1305 1487 1425 1518 ambitio
1436 1508 1444 1522 ,
1467 1490 1502 1521 <1-
1504 1487 1620 1528 forensis
1639 1487 1714 1518 labor
1723 1488 1759 1519 ab
1770 1489 1859 1518 omni
1872 1487 1922 1517 illa
1929 1488 2113 1525 cogitatione

1150 1529 1342 1561 abstrahebat.
1366 1532 1442 1572 Qis
1461 1540 1530 1571 ergo
1548 1532 1687 1561 intererat
1702 1529 1808 1561 vestris
1826 1527 1961 1560 consiliis
1975 1531 1986 1558 ?
2005 1538 2117 1559 omnes

1150 1573 1200 1605 hi,
1212 1582 1288 1613 quos
1298 1572 1382 1603 vides
1394 1574 1464 1602 huic
1473 1570 1567 1602 adeffe
1578 1592 1586 1605 ‚
1600 1570 1634 1603 δε
1647 1576 1680 1603 in
1688 1574 1794 1613 primis
1805 1568 2030 1612 QHortensius
2041 1581 2046 1599 2
2061 1572 2114 1611 qui

1150 1612 1222 1644 cum
1232 1615 1354 1655 propter
1363 1615 1514 1645 honorem
1526 1633 1535 1648 ‚
1551 1622 1583 1643 ac
1593 1613 1770 1654 dignitatem
1781 1633 1789 1647 ‚
1800 1622 1887 1654 atque
1896 1614 2039 1643 animum
2049 1614 2117 1643 exi-⁶

1151 1658 1251 1687 mium
1266 1658 1298 1686 in
1311 1656 1463 1697 rempubl.
1476 1664 1541 1687 tum
1558 1664 1679 1695 propter
1694 1656 1848 1687 summam
1866 1654 2116 1688 familiaritatem„

1149 1698 1369 1740 summumque
1377 1708 1514 1729 amorem
1524 1699 1557 1727 in
1564 1705 1680 1737 patrem
1690 1707 1777 1728 tuum
1787 1717 1795 1731 ,
1807 1706 1874 1727 tum
1881 1696 2116 1730 communibus„

1151 1749 1216 1770 tum
1235 1743 1395 1781 praecipuis
1411 1742 1500 1781 patris
1519 1742 1561 1770 tui
1581 1741 1722 1780 periculis
1740 1739 2002 1770 commovebatur.
2033 1741 2112 1779 Ergo

1149 1781 1236 1812 istius
1246 1784 1467 1823 conjurationis
1477 1783 1593 1813 crimen
1605 1802 1614 1815 ‚
1626 1781 1785 1812 defensum
1795 1782 1831 1812 ab
1842 1791 1878 1811 eo
1889 1779 1932 1811 est
1942 1800 1951 1814 ‚
1961 1782 2014 1822 qui
2024 1782 2118 1810 inter-

1149 1823 1227 1859 fuit,
1248 1827 1300 1866 qui
1309 1826 1473 1866 cognovit,
1488 1825 1541 1865 qui
1552 1826 1697 1865 particeps
1708 1825 1741 1855 &
1751 1822 1871 1854 consilii
1881 1821 1971 1853 vestri
1980 1822 2039 1852 fuit
2049 1842 2058 1856 ‚
2081 1822 2116 1853 &

1151 1868 1282 1897 timoris.
1304 1869 1391 1908 cujus
1409 1869 1443 1897 in
1462 1867 1521 1898 hoc
1535 1868 1666 1896 crimine
1679 1865 1881 1907 propulsando
1894 1874 1966 1894 cum
1978 1863 2051 1894 ess‘et
2063 1874 2118 1894 co-³

1149 1907 1309 1948 piofiffima
1319 1929 1328 1943 ‚
1347 1918 1435 1950 atque
1445 1906 1627 1939 ornatissima
1635 1911 1730 1938 oratio
1741 1928 1750 1941 .
1763 1917 1865 1938 tamen
1876 1915 1941 1936 non
1952 1907 2056 1936 minus
2066 1908 2118 1936 ἑτι-ἰ

1151 1959 1213 1981 erat
1221 1949 1402 1980 auetoritatu
1409 1953 1443 1981 in
1452 1960 1486 1981 ea
1500 1969 1509 1984 ‚
1526 1949 1618 1991 quam
1628 1949 1786 1980 facultatis.
1809 1949 1895 1979 Illius
1905 1949 1996 1989 igitur
2004 1948 2073 1986 conj
2078 1958 2115 1978 u-

1147 1993 1272 2022 rationis
1280 2012 1289 2026 ,
1300 2003 1366 2033 quae
1375 1991 1453 2023 faeta
1461 2000 1564 2022 contra
1573 2001 1627 2022 vos
1638 1991 1733 2022 delata
1741 1991 1777 2021 ad
1789 2000 1843 2021 vos
1855 2010 1864 2024 ‚
1877 1990 1893 2020 a
1902 1989 1990 2019 vobis
1999 1990 2115 2030 prolata

1149 2031 1207 2063 effe
1218 2034 1330 2064 dicitur
1339 2054 1347 2067 ‚
1368 2044 1424 2075 ego
1434 2032 1516 2063 testis
1526 2031 1585 2062 effe
1595 2043 1658 2063 non
1667 2035 1763 2073 potui.
1787 2042 1851 2062 non
1863 2030 1958 2061 modo
1968 2033 2052 2061 enim
2063 2033 2114 2061 ni-

1149 2075 1194 2104 hil
1203 2078 1338 2115 comperi
1350 2095 1358 2108 ,
1379 2075 1427 2105 sed
1437 2076 1493 2105 vix
1503 2074 1538 2105 ad
1550 2076 1646 2105 aureis
1657 2085 1737 2105 meas
1749 2073 1832 2104 istius
1844 2074 2019 2113 suspicionis
2031 2072 2111 2103 fama

1147 2119 1296 2158 pervenit.
1319 2117 1380 2158 Qi
1390 2117 1590 2147 vobiscumin
1598 2115 1723 2147 consilio
1733 2116 1873 2150 fuerunt,
1888 2117 1941 2157 qui
1951 2115 2112 2145 vobiscum

1149 2159 1201 2189 illa
1218 2167 1392 2200 cognorunt
1403 2179 1411 2192 ,
1430 2158 1539 2200 quibus
1553 2156 1620 2198 ipsis
1633 2159 1801 2198 periculum
1816 2167 1881 2188 tum
1890 2155 2015 2187 conflari
2024 2165 2112 2196 puta-

1146 2201 1242 2234 batur,
1253 2203 1304 2241 qui
1315 2204 1468 2231 Autronio
1478 2210 1543 2230 non
1553 2199 1779 2242 adfuerunt‚qui
1791 2202 1823 2230 in
1837 2200 1927 2230 illum
1939 2197 2112 2230 testimonia

1146 2244 1246 2284 gravia
1255 2243 1398 2273 dixerunt
1407 2262 1414 2276 ‚
1434 2243 1516 2272 hunc
1532 2241 1703 2273 defendunt
1713 2263 1722 2277 ‚
1742 2244 1814 2272 huic
1832 2241 1958 2275 adsunt,
1977 2242 2008 2270 in
2019 2241 2112 2280 hujus

1149 2284 1283 2324 periculo
1293 2285 1460 2318 declarant,
1479 2284 1508 2314 se
1526 2294 1591 2314 non
1611 2287 1740 2315 crimine
1755 2285 1973 2324 conjurationis
1984 2302 1992 2316 ‚
2012 2292 2050 2312 ne
2061 2282 2114 2312 ad-

1150 2324 1244 2356 effent
1253 2328 1358 2357 ceteris
1369 2346 1377 2360 ,
1399 2326 1449 2357 sed
1461 2326 1606 2355 hominnm
1616 2326 1750 2366 maleficio
1762 2346 1770 2360 ‚
1791 2325 1948 2356 deterritos
1957 2323 2024 2354 effe.
2047 2325 2113 2353 Mei

1150 2368 1322 2399 consulatus
1331 2377 1433 2400 autem
1445 2377 1564 2409 tempus
1574 2387 1583 2403 ‚
1604 2370 1637 2400 &
1647 2372 1762 2400 crimen
1773 2369 1917 2398 maximae
1927 2367 1996 2406 conj
2001 2367 2114 2396 uratio-

2062 2416 2112 2437 nis

1185 2481 1199 2505 5
1205 2492 1212 2498 .
1231 2473 1305 2505 Qem
1315 2473 1447 2504 obstrit‘Ynm
1459 2472 1501 2505 csse
1506 2474 1593 2504 patris
1600 2470 1878 2503 parricidsofitspicere.]
1901 2470 1942 2494 Ita
1952 2467 2002 2493 ess'e
2013 2476 2040 2492 m
2052 2469 2114 2493 Tu—

1146 2508 1250 2544 ringico
1260 2507 1350 2533 codice
1368 2517 1451 2543 nuper
1459 2506 1580 2543 prodidit
1601 2507 1627 2533 in
1637 2505 1798 2542 promulside
1809 2504 1852 2530 sua
1870 2513 1942 2530 meus
1954 2502 2113 2543 Zinzerlin-

1146 2553 1195 2580 gus
1208 2564 1216 2577 ,
1227 2551 1418 2579 annotaratque
1429 2547 1443 2569 ὲ
1454 2542 1563 2569 Suss'ridi
1575 2542 1673 2569 schedis
1684 2541 1716 2568 ad
1733 2541 1830 2567 librum
1841 2540 1915 2566 suum
1928 2539 2105 2566 Gulielmius.

1146 2580 1218 2617 quod
1230 2579 1313 2616 ipsum
1324 2589 1393 2606 nunc
1403 2580 1588 2605 confirmamus
1599 2577 1760 2605 autfioritate
1779 2576 1836 2602 Pal.
1850 2576 1923 2602 noni.
1933 2575 2023 2616 itaque
2038 2574 2112 2601 vide-

1146 2618 1200 2643 rint
1209 2617 1254 2643 alii
1265 2615 1400 2652 deinceps,
1410 2615 1545 2651 quomodo
1557 2615 1691 2650 vulgatam
1702 2613 1770 2640 tueri
1780 2612 1888 2649 possint‚
1898 2621 1940 2638 cui
1950 2611 2042 2639 aberat
2054 2620 2106 2638 vox

1145 2653 1289 2687 parricidio.
1311 2653 1417 2678 volente
1427 2652 1545 2687 alioquin
1557 2650 1716 2678 Gulielmio.

1186 2691 1213 2715 6.
1233 2693 1293 2725 Ἡρη
1304 2688 1364 2714 modo
1374 2698 1418 2713 παπ
1427 2688 1565 2721 occultam]
1588 2687 1660 2713 ldcrn
1672 2694 1768 2717 nonus,
1779 2694 1824 2711 non
1833 2684 1894 2710 mad'o
1902 2685 2026 2710 occultari.
2037 2684 2065 2710 δε
2076 2683 2110 2711 sic

1148 2724 1212 2762 ssepe
1226 2725 1329 2751 locutos
1340 2724 1462 2750 metm-es
1477 2744 1484 2755 ,
1503 2723 1550 2750 diu
1560 2723 1595 2750 est
1614 2723 1685 2759 quod
1704 2720 1877 2748 ostenderunt
1894 2721 1994 2754 critici„
2013 2722 2108 2747 verum

1147 2763 1249 2798 parcius
1269 2760 1364 2787 deinde
1391 2760 1502 2786 laudabo
1514 2769 1612 2787 nouum
1631 2760 1748 2786 nostrum
1760 2767 1768 2789 ;
1791 2767 1823 2784 ne
1843 2757 1860 2783 si
1880 2757 1988 2784 lectioni
2000 2756 2055 2791 ejus
2067 2757 2110 2782 ni:

1151 2807 1234 2824 mium
1244 2797 1394 2824 incumbam
1407 2817 1415 2829 ‚
1425 2797 1504 2823 finem
1516 2805 1650 2832 nunquam
1661 2804 1756 2832 ponam
1767 2794 1827 2821 huic
1838 2794 1924 2829 operi.
1945 2794 1993 2819 lioc
2002 2800 2108 2820 tantum

1147 2834 1235 2860 obiter
1244 2833 1377 2866 dicam,ex
1393 2844 1423 2860 eo
1433 2833 1522 2859 codice
1533 2831 1662 2858 sexcentis
1674 2831 1782 2858 vocibus
1795 2839 1864 2857 nunc
1874 2830 2026 2861 meliorem,
2037 2838 2108 2856 nunc

1126 2882 1127 2886 ¹
1149 2871 1276 2897 leviorem
1288 2870 1345 2897 fieri
1364 2869 1434 2906 posse
1445 2869 1565 2895 Tullium
1588 2869 1716 2895 nostrum.
1737 2867 1823 2903 reperi
1841 2867 2011 2893 auteminter
2024 2865 2107 2892 libros

140 2907 173 2931 P.
183 2908 319 2933 Lentulum,
339 2907 384 2943 qui
395 2916 539 2948 numquam
555 2906 686 2934 accusatus
697 2906 750 2933 fuit
763 2927 770 2939 ,
782 2906 825 2933 sed
835 2906 1009 2943 deprehensus
1023 2927 1031 2939 ‚
1052 2907 1103 2934 sta·-
1126 2905 1128 2933 ἶ
1148 2907 1318 2934 Bibliotheca:
1329 2906 1444 2932 Othonis
1466 2905 1575 2931 Henrici
1589 2904 1720 2931 ΕΙεᾶοι-ἰε
1731 2903 1844 2930 Palatini
1856 2903 1994 2930 memoriae
2011 2901 2110 2938 sempi-

143 2941 245 2978 timque
256 2943 442 2980 interemptus.
462 2944 589 2970 nimirum
601 2944 773 2970 nominantur
785 2945 800 2970 εὶ
812 2944 936 2971 Sallustio
957 2944 1027 2970 inter
1037 2952 1102 2970 con-
1148 2951 1229 2970 ter-nte
1241 2943 1368 2978 Principis
1381 2962 1389 2975 ‚
1409 2941 1450 2968 rel
1461 2951 1490 2967 ea
1499 2940 1532 2968 de
1544 2941 1617 2968 causti
1628 2961 1636 2973 ,
1655 2940 1725 2977 quod
1737 2939 1789 2976 ipse
1799 2938 1941 2976 auspicium
1955 2938 2020 2965 fecit
2029 2938 2110 2965 ador-

1148 2980 1238 3006 nandae
1253 2980 1364 3006 libruriae
1376 2979 1423 3004 hoc
1432 2987 1489 3004 ’,εκ-ο
1500 2985 1558 3004 toto
1569 2977 1632 3004 orbe
1643 2985 1774 3004 terrarum
1786 2975 1969 3002 famosiffimae.

1184 3025 1212 3050 7.
1231 3018 1286 3048 Qae
1303 3015 1387 3048 Lepido
1405 3015 1432 3045 εἴ]
1451 3015 1549 3041 1ὀΙεα1Ῐσ
1568 3014 1682 3048 Coss.]
1713 3012 1863 3040 Excludere
1877 3022 1928 3038 non
1947 3011 2022 3048 potui
2042 3011 2109 3037 hanc

1149 3052 1304 3088 scripturum
1315 3051 1451 3077 subnixam
1462 3050 1514 3076 fide
1526 3049 1674 3077 editionum
1686 3057 1806 3076 veterum
1818 3049 1938 3075 omnium
1952 3067 1960 3079 ,
1972 3047 2108 3073 Palatino-

1151 3098 1210 3115 rum
1223 3097 1317 3114 novem
1331 3106 1339 3119 ,
1358 3086 1473 3123 denique
1488 3086 1563 3113 libris
1575 3088 1602 3113 S.
1613 3085 1686 3113 νίξὶ.
1698 3086 1779 3113 Busb.
1789 3084 2009 3146 Grunposterius
2020 3083 2111 3120 publi—

143 3120 308 3148 comestores
322 3142 329 3154 ,
350 3124 464 3159 vulgatis
478 3125 593 3152 alterum
613 3124 698 3152 adhuc
715 3126 924 3152 interseruerunt
936 3125 1103 3161 negativum,
1150 3125 1201 3151 cati
1212 3124 1443 3157 Lepid0&l,.‘neuo
1454 3125 1541 3149 Coss.
1562 3133 1615 3150 non
1627 3123 1707 3149 male.
1727 3121 1770 3148 sed
1781 3120 1850 3148 unde
1861 3122 1880 3147 it
1900 3129 1990 3147 natum
2002 3122 2011 3146 Ξ

141 3166 189 3182 mn
197 3157 394 3221 {lctsendendoseffi
412 3170 457 3187 non
471 3168 570 3194 putant.
590 3170 668 3197 quam
683 3162 776 3199 inepte
788 3161 901 3199 quilibet
912 3162 964 3199 iam
984 3160 1104 3190 animad-

147 3201 194 3220 νει·
209 3202 216 3220 ι
231 3213 239 3221 .

1189 3160 1215 3185 8.
1235 3160 1302 3192 Qud
1310 3168 1361 3185 mea
1370 3169 1404 3185 me
1413 3160 1535 3194 ambitio]
1558 3158 1731 3186 Scribendum
1744 3158 1795 3184 fine
1806 3167 1856 3183 mea
1866 3167 1898 3184 ex
1911 3166 1981 3184 nono
1992 3175 2000 3188 ‚
2011 3155 2071 3189 quod
2079 3162 2113 3179 ma

1148 3197 1258 3224 anthino.
1275 3205 1333 3225 natu
1343 3196 1389 3225 alii
1399 3195 1500 3233 scripti,
1511 3197 1630 3237 quod-raca
1640 3196 1746 3228 ambitio,
1757 3193 1851 3230 abique
1862 3203 1906 3220 me.

1545 3233 1633 3260 liii.
1991 3225 2116 3254 nialla
