2379 3400
252 118 373 167 1040
631 102 698 148 M.
791 95 1156 144 Τυίιιι

250 183 293 216 est
309 193 392 215 euim
413 190 481 212 nota
500 183 615 220 imago:
636 178 651 208 a
663 177 785 217 stulteque
798 177 858 216 ips-1
868 185 945 207 tanta
956 175 1070 216 ingenii
1086 174 1202 213 magni-

256 226 359 256 tudine
382 225 481 253 orbata
499 220 650 251 desiderari
671 220 753 249 illam
771 228 879 248 vocem
897 227 979 257 puto.
1023 220 1108 247 Tum
1124 215 1202 249 Piso,

256 271 267 288 ¹
280 270 431 306 Quinam
444 272 532 303 igitur
542 261 653 301 aliquid
666 269 773 290 omnes
785 280 793 292 .
815 259 889 300 quid
900 261 1012 290 Lucius
1023 257 1140 292 noster,
1156 259 1203 287 in-

253 309 337 347 quit?
359 316 394 335 an
417 314 486 334 cum
504 304 606 332 locum
625 300 883 335 libenterinvisit‚
906 298 1203 332 ubiDemosthenes,

255 350 289 378 &
307 346 464 377 AEschines
484 346 562 374 inter
585 344 612 374 se
625 344 771 374 decertare
781 343 861 373 soliti
876 343 964 373 sunt?
980 342 1032 383 suo
1042 341 1115 371 enim
1124 340 1203 383 quis-

253 387 401 430 questudio
415 385 670 415 maxime'ducieur.
694 388 732 416 Et
742 385 793 415 ille
803 404 812 418 ,
832 384 905 415 cum
915 382 1079 416 erubuiffet
1089 403 1099 417 ,
1114 383 1202 416 Noli,

253 431 372 470 inquit,
390 438 430 460 ex
449 437 498 457 me
507 437 636 468 quaerere
646 447 656 461 ,
675 429 728 467 qui
739 429 771 456 in
785 427 970 457 Phalericum
980 427 1071 457 etiam
1084 424 1205 455 descen-

251 471 368 502 derim:
384 480 445 511 quo
464 470 496 500 in
515 470 585 499 loco
603 467 785 499 advflue‘tum
807 469 891 507 ajunt
903 468 1067 499 declamare
1079 467 1205 497 solitum

252 511 495 544 Demosthenem
516 531 526 545 ,
556 519 589 540 ut
615 510 771 541 fremitum
791 509 964 541 assuesceret
981 519 1054 540 voce
1076 511 1206 539 vincere.

252 552 349 584 modo
367 555 458 584 etiam
475 553 612 592 paullum
629 551 664 583 ad
681 553 817 584 deXtram
835 552 872 583 de
882 554 930 583 via
940 552 1089 582 declinavi
1102 571 1113 585 .
1131 560 1162 582 ut
1172 551 1207 582 ad

252 595 375 628 Periclis
392 595 425 626 se
468 596 565 625 lerum
586 594 769 625 accederem.
791 603 973 635 quamquam
983 593 1148 634 idquidcm
1161 595 1207 623 in-

253 635 377 668 finitum
395 648 410 667 e
447 639 478 666 in
489 638 541 667 hac
551 636 637 666 urbe:
657 646 847 677 quacumque
856 635 1158 676 enimingi·edimur,
1179 646 1209 664 in

253 678 386 720 aliquam
404 677 547 714 historiam
567 677 721 719 vestigium
733 685 874 724 ponimus.
896 681 982 708 Tum
1002 677 1068 708 Piso
1086 696 1095 711 ,
1115 679 1207 718 Atqui

254 722 363 752 Cicero
374 740 381 754 ‚
402 722 522 762 inquit,
538 718 590 750 ista
600 719 711 754 studia.
727 722 747 751 ίι
759 720 793 751 ad
805 720 971 751 imitandos
982 719 1117 749 summos
1127 720 1208 749 viros

252 762 384 803 speetant
395 783 404 796 ‚
429 762 632 802 ingenioftrum
649 762 726 792 sunt.
751 760 793 792 fin
813 760 1027 792 tantummodo
1050 760 1085 791 ad
1098 760 1208 791 indicia

252 807 361 835 veteris
370 806 526 835 memoriae
534 803 748 846 cognoscendae
762 823 770 837 ,
788 803 966 843 curiofhrum.
989 812 1018 833 te
1026 810 1126 833 autem
1138 804 1211 832 hor—

253 855 352 876 tamur
362 855 488 880 omnes,
500 855 669 877 currentem
681 846 805 886 quidem
815 865 823 879 ,
838 855 869 875 ut
879 845 962 885 spero
977 864 986 878 ‚
999 852 1032 874 ut
1042 854 1093 874 eos
1104 864 1112 877 ‚
1125 853 1208 882 Qos

253 897 414 921 Νονιεςε,
435 897 551 918 ΕἰἹΑΜ
579 897 731 918 tratri-Ant
753 896 863 919 vanis.
887 885 948 917 Hic
964 896 1038 927 ego,
1061 885 1121 916 Etsi
1139 886 1210 916 facit

255 930 305 959 hic
314 929 437 970 quidem
454 949 462 963 ,
483 931 608 971 inquam
622 948 631 963 ,
653 929 718 960 Piso
729 949 737 963 ‚
751 929 761 968 (
775 938 807 959 ut
816 928 899 958 vides
913 931 980 968 )ea,
991 938 1057 969 quae
1067 929 1207 967 praecipis:

254 979 357 1001 tamen
366 971 442 1001 mihi
455 981 533 1011 grata
542 970 584 1002 est
595 972 724 1001 hortatio
735 980 791 1001 tua.
815 973 898 1001 Tum
909 970 961 1000 ille
969 968 1145 1000 amiciffime
1158 989 1167 1003 ,
1177 978 1212 1000 -ut

254 1013 385 1046 solebat,
398 1015 466 1043 Nos
478 1011 549 1043 vero
561 1032 570 1046 ,
582 1014 700 1054 inquit,
712 1022 824 1045 ¹omn-es
834 1014 940 1043 omnia
947 1011 982 1042 ad
995 1011 1082 1052 hujus
1089 1010 1210 1042 adoles—

252 1057 385 1085 centiam
405 1053 596 1085 conferamus
606 1073 616 1088 ,
633 1057 663 1085 in
674 1054 840 1095 primisque
851 1063 882 1084 ut
892 1053 1005 1095 aliquid
1016 1055 1139 1084 suorum
1150 1052 1212 1083 stu-

254 1095 377 1127 diorum
396 1096 595 1136 philosophiae
603 1105 725 1137 quoque
736 1097 904 1136 impertiat,
923 1095 973 1125 vel
983 1105 1014 1125 ut
1024 1105 1051 1125 te
1064 1096 1210 1127 imitetur.

250 1146 346 1178 quem
355 1147 450 1168 amat:
472 1138 519 1168 vel
531 1137 647 1168 utillud
658 1138 755 1178 ipsum
769 1157 778 1170 ‚
787 1137 868 1178 quod
880 1136 976 1167 studet
988 1157 997 1170 ‚
1020 1135 1117 1167 facere
1127 1134 1213 1176 poffit

255 1181 402 1210 ornatius.
425 1179 479 1210 Sed
492 1178 594 1210 utrum
605 1179 769 1210 hortandus
778 1189 808 1209 es
818 1179 907 1209 nobis
919 1199 927 1211 ‚
946 1179 1020 1208 Luci
1031 1197 1040 1211 ‚
1051 1180 1160 1219 inquit.
1173 1187 1210 1207 an

254 1223 343 1256 etiam
368 1229 418 1252 tua
431 1221 706 1262 spontepropensus
716 1223 766 1251 es?
785 1221 863 1251 mihi
873 1220 996 1261 quidem
1010 1220 1208 1252 Antiochum.

254 1272 346 1304 quem
364 1262 467 1297 audis,
494 1263 561 1294 satis
585 1263 664 1294 belle
678 1261 792 1294 videris
808 1262 968 1293 attendere.
991 1264 1075 1292 Tum
1097 1261 1149 1291 ille
1172 1262 1210 1290 ti-

255 1304 340 1335 mide
352 1324 361 1338 ,
384 1305 432 1334 vel
453 1304 553 1344 potius
572 1304 741 1336 verecunde
754 1324 762 1339 ‚
787 1306 895 1338 Facio,
915 1304 1016 1344 inquit
1029 1323 1037 1337 ,
1057 1302 1210 1344 equidem:

254 1346 305 1377 sed
322 1345 469 1377 audistine
487 1345 584 1378 modo
605 1346 642 1378 de
659 1346 808 1378 Carneade
828 1349 839 1377 ?
871 1348 969 1386 rapior
987 1345 1069 1376 illuc.
1092 1353 1212 1375 revocat

254 1397 356 1418 autem
381 1389 548 1420 Antiochus
568 1399 574 1419 :
604 1399 661 1420 nec
679 1387 723 1420 est
763 1397 880 1420 raeterea
897 1407 906 1423 ,
933 1397 1026 1429 quem
1044 1386 1210 1417 audiamus.

219 1446 235 1478 3
257 1431 341 1460 Tum
353 1430 420 1460 Piso
430 1450 439 1464 ‚
451 1430 509 1461 Etsi
518 1431 595 1465 hoc.
607 1432 719 1472 inquit,
730 1398 847 1461 fgrtasse
855 1433 870 1450 ²
880 1439 945 1461 non
954 1431 1062 1470 poterit
1073 1427 1111 1459 fic
1120 1428 1210 1462 abire,

254 1470 327 1502 cum
339 1472 386 1502 hic
397 1471 476 1506 adsit,
494 1473 562 1511 (me
571 1482 671 1503 autem
684 1472 824 1513 dicebat)
837 1480 938 1502 tamen
947 1471 1063 1502 audebo
1073 1479 1101 1501 te
1110 1470 1147 1501 ab
1158 1471 1212 1501 hac

255 1512 418 1544 Academia
440 1523 519 1544 nova
530 1515 565 1544 ad
576 1523 711 1545 veterem
720 1514 806 1544 illam
819 1523 925 1544 vocare
936 1523 943 1542 ε
961 1515 995 1543 in
1003 1522 1061 1554 qua
1074 1521 1106 1543 ut
1114 1512 1212 1543 dicere

255 1555 445 1584 Antiochum
455 1555 593 1586 audiebas
606 1576 615 1588 ‚
639 1564 702 1585 non
713 1557 736 1585 ii
746 1556 800 1586 soli
810 1563 1004 1585 numerantur
1016 1573 1024 1588 ‚
1035 1557 1086 1595 qui
1098 1552 1212 1584 Acade-

255 1596 332 1626 mici
341 1605 495 1631 vocamur,
509 1595 696 1636 Speusippus,
711 1598 894 1627 Xenocrates
905 1615 914 1629 ,
926 1596 1062 1629 Polemo,
1075 1597 1211 1628 Crantor,

255 1638 427 1678 ceterique,
448 1637 498 1668 sed
515 1638 607 1669 etiam
625 1639 812 1679 Peripatetici
831 1647 965 1673 veteres,
984 1647 1114 1680 quorum
1128 1639 1212 1677 prin-

253 1688 325 1718 ceps
344 1678 529 1710 Aristoteles.
551 1690 642 1721 quem
655 1700 665 1714 ,
686 1689 813 1720 excepto
837 1681 960 1712 Platone
973 1699 982 1714 ‚
1003 1680 1081 1711 haud
1103 1679 1164 1710 scio
1175 1688 1212 1709 an

254 1718 337 1751 redit}
346 1720 476 1750 dixerim
484 1722 639 1764 principem
643 1721 874 1765 philnfhphorum.
899 1725 912 1750 3
923 1721 970 1752 Ad
980 1731 1030 1752 cos
1040 1724 1130 1762 igitur
1139 1730 1212 1751 con-

254 1770 338 1793 verte
352 1771 379 1792 te
390 1781 399 1795 ,
411 1762 519 1803 quaeso.
541 1773 581 1793 ex
592 1773 698 1793 corum
710 1773 792 1793 enim
803 1764 929 1803 scriptis,
942 1762 1130 1793 &institutis
1139 1760 1212 1792 cum

255 1813 362 1834 omms
373 1813 549 1834 nocrntim
563 1814 758 1839 maenianis,
774 1805 876 1835 omnis
888 1803 1009 1834 historia
1019 1823 1028 1838 ,
1040 1805 1143 1834 omnis
1153 1804 1212 1833 ser—

256 1855 312 1877 mo
321 1845 365 1875 ele
404 1855 439 1876 ns
450 1845 529 1876 sumi
539 1845 635 1886 potest
647 1866 655 1880 ‚
678 1856 743 1876 tum
755 1848 878 1877 varietas
888 1844 931 1876 est
942 1854 1021 1876 tanta
1029 1848 1138 1876 artium
1151 1864 1158 1878 ‚
1175 1853 1213 1875 ut

256 1896 351 1918 nemo
394 1897 432 1918 ne
451 1897 489 1917 eo
498 1887 701 1918 instrumento
710 1887 745 1918 ad
756 1887 850 1918 ullam
866 1887 1136 1917 remillustriorem
1147 1887 1213 1917 satis

257 1938 383 1960 ornatus
405 1926 492 1970 poffit
514 1929 662 1960 accedere.
685 1929 721 1960 ab
738 1930 786 1961 his
802 1938 952 1963 oratores.
974 1929 1009 1959 ab
1027 1930 1212 1969 hisimpera-

255 1978 354 2004 tores,
375 1980 408 2001 ac
426 1981 527 2002 rerum
545 1971 738 2012 publicarum
757 1973 907 2012 principes
923 1970 1111 2004 exstiterunt.
1135 1969 1212 2001 utad

255 2014 377 2043 minora
385 2015 505 2044 veniam
520 2033 529 2047 ‚
550 2014 767 2048 mathematici,
777 2014 873 2053 poetae
884 2032 893 2047 ,
905 2011 1008 2043 musici
1019 2032 1028 2046 ,
1041 2012 1151 2044 medici
1162 2012 1214 2042 de-

253 2056 348 2096 nique
356 2064 394 2085 ex
405 2056 459 2086 hac
470 2074 479 2089 ‚
500 2064 639 2096 tanquam
651 2065 690 2085 ex
700 2058 844 2087 omnium
853 2055 965 2086 artium
973 2055 1083 2095 officina
1093 2074 1102 2088 ‚
1114 2052 1214 2094 profe—

257 2095 301 2128 sti
315 2096 392 2127 sunt.
410 2096 457 2128 Ad
467 2107 532 2139 quae
545 2107 612 2138 ego,
622 2098 685 2128 Scis
697 2107 756 2131 me,
768 2099 904 2138 inquam,
914 2095 992 2128 istud
1002 2096 1085 2127 idem
1094 2096 1214 2130 sentire,

255 2137 326 2172 Piso
342 2138 407 2169 :sed
420 2139 473 2169 ate
484 2138 636 2179 oportune
647 2140 766 2170 mentio
775 2138 851 2170 faeta
859 2138 910 2170 est·
923 2137 1021 2169 studet
1031 2140 1116 2168 enim
1127 2147 1214 2168 meus

253 2178 358 2212 audire
379 2180 504 2214 Cicero,
523 2190 661 2221 quaenam
680 2179 714 2211 sit
734 2179 819 2211 istius
829 2189 955 2214 veteris,
975 2190 1065 2221 quam
1076 2188 1216 2210 comme-

254 2230 358 2252 moras
371 2241 380 2256 .
402 2221 618 2258 Academiaessde
629 2221 742 2253 finibus
753 2222 904 2253 bonorum
914 2242 922 2256 ‚
935 2223 1215 2262 Peripateticorum-

253 2273 313 2307 que
334 2263 488 2299 sententia.
511 2263 671 2299 censemus
688 2273 789 2295 autem
808 2273 837 2294 te
854 2263 1001 2295 facillime
1012 2263 1043 2294 id
1057 2263 1214 2303 explanare

252 2304 358 2347 poffe,
377 2304 460 2346 quod
480 2305 513 2337 &
529 2305 655 2336 Staseam
676 2306 915 2346 Neapolitanum
933 2305 1048 2336 multos
1057 2305 1215 2335 annosha-

253 2347 341 2379 bueria
358 2346 435 2419 ‘XM
443 2355 469 2377 re
481 2366 490 2382 ‚
511 2347 544 2378 &
553 2347 738 2388 complureis
743 2349 806 2388 jam
818 2347 934 2378 menses
945 2348 1070 2378 Athenis
1080 2347 1143 2377 haec
1152 2346 1214 2386 ipsa

255 2399 284 2421 te
301 2400 340 2421 ex
389 2389 514 2424 ntiocho
532 2388 672 2419 videmus
690 2390 857 2430 exquirere.
881 2391 919 2420 Et
932 2389 981 2419 ille
993 2387 1093 2419 ridens
1105 2407 1113 2422 ,
1133 2387 1212 2427 Age,

253 2433 307 2474 age
319 2452 329 2467 ‚
349 2433 381 2462 in
404 2433 449 2467 uit
470 2430 560 2469 (satis
575 2432 659 2461 enim
678 2430 748 2462 scite
767 2440 818 2461 me
838 2429 931 2462 nostri
941 2430 1090 2462 sermonis
1101 2431 1214 2469 princi-

254 2477 343 2516 pium
362 2442 420 2506 effe
438 2471 585 2512 voluisti)
603 2481 792 2512 exponamus
808 2471 1008 2505 adolescenti,
1028 2469 1050 2500 si
1069 2481 1127 2511 qua
1135 2469 1213 2500 forte

277 2514 423 2547 oss'umus.
446 2513 495 2545 dat
513 2516 596 2544 enim
615 2514 647 2545 id
659 2514 748 2544 nobis
759 2513 899 2545 solitudo.
925 2510 1117 2553 qubdfiquis
1129 2515 1213 2542 Deus

256 2524 368 2588 {iceret
380 2576 389 2591 ,
411 2565 578 2596 numquam
589 2564 722 2596 putarem
736 2575 744 2590 ‚
765 2557 858 2585 mein
868 2555 1028 2585 Academia
1039 2574 1048 2588 ,
1069 2563 1211 2594 tanquam

255 2599 484 2640 philosophum.
496 2597 726 2637 disputaturum.
748 2601 767 2624 4
778 2596 825 2628 sed
837 2596 963 2630 ne‚dum
975 2597 1044 2628 huic
1054 2595 1212 2636 obsequor,

256 2641 346 2671 vobis
357 2638 499 2673 molestus
510 2637 574 2670 sim.
598 2641 691 2673 Mihi,
702 2641 836 2680 inquam,
870 2640 901 2668 ui
913 2647 940 2668 te
950 2638 980 2668 id
991 2638 1090 2678 ipsum
1102 2647 1134 2667 ro
1155 2638 1214 2667 avi?

259 2683 345 2712 'rum
356 2683 500 2724 Quintus,
512 2680 545 2713 &
556 2683 745 2722 Pomponius
755 2678 828 2711 cum
839 2648 920 2710 idern
931 2680 958 2710 se
969 2680 1046 2709 velle
1056 2679 1121 2709 dixi
1150 2687 1212 2712 ent,

257 2723 327 2754 Piso
348 2723 470 2754 exorsus
485 2722 538 2753 est.
573 2723 620 2762 cuj
626 2731 659 2752 us
686 2724 782 2753 oratio
791 2742 801 2757 ,
829 2721 946 2753 attende
962 2720 1062 2763 quaeso
1073 2740 1082 2754 ,
1108 2722 1210 2754 Brute,

1251 95 1805 144 thnnou1s

1248 175 1353 207 satisne
1363 173 1497 219 videatur
1508 175 1650 206 Antiochi
1663 179 1823 218 complexa
1830 176 1889 210 effe
1899 176 2087 208 sententiam:
2101 183 2199 219 quam

1248 219 1321 251 tibi,
1342 219 1393 257 qui
1403 219 1523 246 tratrem
1537 217 1602 252 eius
1612 217 1745 249 Aristum
1754 220 1925 262 frequenter
1935 218 2062 249 audieris
2074 238 2082 252 ,
2100 220 2202 249 maxi·

1251 259 1301 289 ιτιὲ
1320 258 1473 299 probatam
1494 256 1648 288 existimo.
1669 261 1718 290 Sic
1740 261 1784 293 est
1801 264 1889 303 igitur
1910 261 2038 291 locutus.
2061 263 2239 302 Qanmsq.

1248 309 1371 332 ornatus
1380 309 1411 330 in
1420 300 1680 339 Peripateticorum
1690 299 1907 343 disciplinatu,
1931 303 1997 333 satis
2006 301 2048 331 est
2056 301 2071 332 a
2086 312 2134 332 me
2146 321 2155 336 ,
2166 309 2202 332 ut

1251 340 1420 374 breviffime
1439 343 1543 381 potui.
1564 341 1667 381 paullo
1682 342 1752 373 ante.
1769 343 1898 375 diatim.
1919 344 1976 376 Sed
1986 343 2029 374 est
2036 343 2128 382 forma
2136 343 2202 384 ejus

1248 385 1278 414 di
1276 384 1406 426 fiiplinae,
1417 380 1489 413 ficut
1497 382 1558 412 fere
1568 392 1746 417 ceterarum,
1758 383 1872 427 triplaex.
1889 395 1948 416 una
1958 395 2021 425 pars
2030 385 2082 420 est,
2089 394 2201 416 natura:

1249 425 1409 456 differendi
1426 424 1529 454 altera:
1551 423 1695 458 vivendi,
1719 428 1815 457 tertia.
1826 435 1926 456 natura
1936 425 1972 457 fic
1982 427 2018 457 ab
2029 429 2066 458 iis
2076 425 2202 458 investi·

1248 476 1313 509 gata
1321 465 1373 500 est,
1386 475 1417 496 ut
1428 466 1508 496 nulla
1517 475 1583 505 pars
1592 467 1682 500 coelo‚
1694 469 1782 501 mari,
1797 476 1886 501 terra,
1896 466 1907 506 (
1918 477 1949 498 ut
1958 468 2074 508 po'e'tice
2085 469 2201 510 loquar>

1249 506 1440 550 praetermissa
1450 505 1492 538 fit.
1515 509 1691 549 Qinetiam
1701 528 1712 543 ,
1730 508 1803 540 cum
1811 509 1848 540 de
1859 518 1962 540 rerum
1971 511 2066 540 initiis
2075 531 2083 545 ‚
2096 513 2201 541 omni-

1249 562 1308 593 que
1330 550 1449 581 mundo
1471 551 1564 587 locuti
1586 548 1699 584 essent,
1718 559 1751 581 ut
1771 551 1867 582 multa
1876 560 1938 581 non
1949 549 2044 581 modo
2053 552 2203 592 probabili

1249 593 1509 634 argumentatione
1530 611 1540 624 ,
1568 591 1617 622 sed
1638 593 1730 623 etiam
1747 591 1903 625 necessaria
1921 592 2201 624 mathematicorum

1250 644 1365 666 ratione
1385 632 1619 664 concluderent:
1639 635 1808 664 maximam
1828 635 1984 666 materiam
2008 643 2046 664 ex
2055 634 2142 665 rebus
2150 644 2203 675 pei·

1250 678 1278 707 se
1295 675 1479 716 investigatis
1499 675 1534 705 ad
1555 684 1656 705 rerum
1679 677 1863 707 occultarum
1880 677 2090 716 cognitionem
2098 677 2204 706 attule-

1250 728 1327 748 runt.
1339 717 1506 758 persecutus
1515 715 1558 747 est
1567 716 1740 748 Aristoteles
1748 719 1943 748 animantium
1952 719 2096 748 omniurn
2107 726 2202 752 ortus.

1250 759 1347 791 vistus
1360 780 1369 793 ,
1405 757 1520 800 figuras.
1553 758 1778 800 Theophrastus
1799 770 1899 791 autem
1919 758 2055 800 stirpium
2077 767 2206 793 naturas.

1249 803 1453 842 omniumque
1469 800 1532 831 fere
1551 810 1650 832 rerum
1662 821 1671 835 ‚
1690 811 1756 843 quae
1770 802 1784 831 ἑ
1793 809 1867 832 terra
1872 803 2054 843 gignerentur
2065 821 2073 834 ,
2093 801 2204 835 causas,

1250 854 1297 885 atq
1303 854 1337 874 ue
1356 852 1495 873 rationes.
1515 853 1571 884 qua
1580 852 1619 874 ex
1627 845 1800 885 cognitione
1809 842 1927 874 facilior
1940 841 2015 873 saraa
2024 842 2067 873 est
2076 841 2205 873 investi-

1249 887 1328 927 gatio
1339 894 1436 915 rerum
1447 882 1710 916 occultiffimarum
1721 895 1727 914 ε
1740 884 1961 926 disserendique
1970 885 2006 915 ab
2015 884 2122 916 iisdem
2133 893 2207 914 om-

1251 937 1323 958 nem
1342 936 1406 957 non
1425 925 1580 957 dialee‘cice
1600 925 1699 957 solum
1716 947 1725 962 ,
1745 927 1794 958 sed
1814 928 1905 958 etiam
1924 926 2053 957 oratorie
2064 933 2204 967 piaeceptn

1252 969 1320 999 sunt
1341 968 1458 999 tradita:
1481 968 1517 998 ab
1527 967 1745 1010 Aristoteleque
1754 970 1888 1009 principe
1898 969 1936 999 de
1946 967 2066 1010 singulis
2076 967 2162 998 rebus
2172 967 2204 996 in

1249 1018 1400 1052 utramque
1418 1017 1529 1050 partem
1546 1010 1653 1039 dicendi
1670 1012 1845 1042 exercitatio
1864 1009 1908 1041 cst
1927 1009 2078 1044 instituta,
2098 1017 2204 1040 utnon

1249 1061 1352 1082 contra
1366 1054 1471 1082 omnia
1481 1052 1612 1091 semper,
1625 1050 1697 1082 ficut
1708 1050 1859 1085 Arcesilas,
1869 1051 1991 1085 dicei-et.
2004 1052 2037 1082 &
2048 1060 2159 1083 tamen,
2170 1058 2207 1081 ut

1251 1096 1284 1123 in
1303 1094 1450 1124 omnibus
1466 1093 1553 1122 rebus
1567 1113 1576 1126 .
1598 1093 1746 1134 quidquid
1765 1103 1804 1123 ex
1813 1102 1876 1124 utra
1899 1103 1933 1122 ue
1942 1102 2021 1133 parte
2029 1093 2087 1123 dici
2098 1090 2203 1132 posset.

1249 1143 1451 1176 expromeret.
1474 1133 1553 1164 cum
1571 1143 1672 1164 autem
1698 1138 1781 1165 tertia
1804 1144 1868 1175 pars
1877 1104 1941 1164 Zene
1954 1135 2204 1175 vivendipracepta

1249 1185 1410 1217 quaereret,
1428 1185 1461 1206 ea
1481 1185 1601 1216 quoque
1621 1175 1664 1206 est
1686 1176 1723 1207 ab
1733 1176 1840 1208 iisdem
1854 1186 1916 1206 non
1928 1175 2028 1206 solum
2037 1176 2072 1206 ad
2082 1177 2203 1216 privatae

1250 1227 1319 1248 vitae
1333 1220 1481 1248 rationem
1498 1237 1506 1250 .
1528 1217 1577 1248 sed
1593 1220 1682 1248 etiam
1702 1218 1737 1249 ad
1754 1227 1887 1258 rerump.
1918 1216 2086 1247 restionem
2105 1215 2205 1247 relata.

1252 1262 1396 1290 omnium
1419 1259 1479 1290 fere
1498 1261 1656 1289 civitatum
1680 1269 1745 1290 non
1767 1261 1889 1291 Graeciae
1907 1259 2006 1289 solum
2018 1278 2026 1292 .
2047 1258 2095 1289 sed
2114 1259 2206 1288 etiam

1252 1301 1402 1335 barbariae,
1411 1301 1447 1332 ab
1458 1300 1628 1335 Aristotele,
1639 1300 2044 1342 mores,instirura,dis2·iplinas
2053 1310 2063 1328 .·
2073 1296 2092 1329 ὲ
2101 1301 2207 1330 Theo-

1251 1343 1371 1385 phrasto
1396 1343 1466 1394 leges
1485 1346 1576 1374 etiam
1586 1346 1749 1384 cognovim
1756 1353 1798 1374 us.
1821 1353 1951 1383 cumque
1962 1350 2205 1383 uterqueeomm

1252 1386 1342 1416 docui
1351 1383 1403 1416 sset
1413 1405 1423 1420 ‚
1434 1386 1554 1427 qualem
1566 1387 1597 1415 in
1608 1395 1668 1425 rep.
1685 1389 1698 1413 5
1703 1386 1857 1428 principem
1869 1383 1926 1415 efl'e
1936 1385 2123 1417 conveniret,
2137 1383 2206 1423 plu-

1252 1428 1336 1458 ribus
1342 1437 1479 1468 praeterea
1488 1426 1558 1458 cum
1570 1425 1720 1466 scripfiss'et
1732 1447 1741 1461 ,
1752 1430 1805 1468 qui
1820 1425 1892 1458 ess'et
1899 1427 2022 1467 optimus
2030 1425 2095 1467 reip.
2099 1422 2206 1462 status:

1250 1470 1310 1500 hoc
1320 1468 1451 1509 amplius
1461 1468 1684 1508 Theophrastus
1694 1489 1702 1503 ,
1714 1479 1779 1510 quae
1786 1467 1880 1499 ess'ent
1889 1478 1921 1498 m
1930 1477 1987 1507 rep*
2009 1466 2204 1496 inclinationes

1251 1521 1363 1545 rerum,
1385 1511 1418 1541 &
1438 1518 1595 1540 momenta
1620 1518 1813 1550 temporum,
1834 1509 1944 1550 quibus
1960 1506 2206 1540 effetmoderan·

1252 1552 1326 1583 dum
1348 1572 1357 1586 ,
1395 1560 1558 1592 utcumque
1581 1560 1625 1581 res
1643 1551 1813 1592 postularet.
1845 1552 1922 1580 Vitae
1940 1559 2040 1580 autem
2062 1548 2205 1591 degendae

1259 1595 1335 1624 ratio
1354 1592 1491 1623 maxime
1510 1591 1635 1634 quidem
1658 1593 1718 1623 illis
1739 1593 1974 1634 placuitquieta‚
1997 1592 2027 1621 in
2036 1590 2206 1632 contempla-

1252 1636 1326 1670 tione
1344 1635 1379 1669 (φ
1392 1635 1545 1676 cognitione
1552 1633 1641 1675 posita
1650 1645 1743 1664 rerum
1751 1647 1762 1662 .·
1775 1645 1841 1676 quae
1850 1635 1920 1675 quia
1929 1632 2055 1664 deorum
2064 1641 2125 1667 erat
2134 1634 2205 1663 vitm

1252 1676 1423 1711 simillima,
1443 1677 1573 1716 sapiente
1597 1677 1660 1707 visa
1675 1676 1718 1707 est
1737 1674 1908 1717 digniffima
1921 1694 1930 1708 ‚
1948 1684 2037 1716 atque
2054 1673 2147 1705 hisde
2157 1683 2206 1704 re-

1253 1720 1307 1750 bus
1319 1720 1351 1749 &
1363 1718 1517 1758 splendida
1526 1717 1569 1748 est
1579 1727 1684 1748 eorum
1698 1738 1707 1751 ,
1719 1718 1752 1749 δε
1761 1717 1885 1748 illustris
1894 1719 2000 1747 oratio.
2024 1719 2072 1747 De
2082 1716 2206 1747 summo
2220 1722 2241 1753 5

1253 1770 1352 1792 autem
1374 1760 1478 1793 bono,
1496 1761 1566 1800 quia
1584 1759 1646 1790 duo
1655 1759 1921 1800 generalibrerum
1933 1758 2020 1792 sunt,
2045 1767 2141 1788 unum
2151 1766 2208 1797 po-

1250 1802 1392 1843 pularitet
1410 1801 1552 1841 scriptum
1564 1820 1573 1835 ‚
1592 1801 1675 1842 quod
1694 1804 1831 1837 ἑξωτερικὸν
1850 1799 2036 1840 appellabant
2053 1809 2060 1829 τ
2079 1799 2209 1831 alterum·

1251 1845 1382 1875 limatius
1396 1862 1406 1877 ‚
1427 1843 1508 1884 quod
1520 1845 1553 1872 in
1571 1844 1798 1875 commentariis
1814 1842 2019 1883 reliquerunt:
2042 1850 2108 1872 non
2128 1841 2209 1872 sem-

1251 1895 1303 1926 per
1322 1885 1405 1916 idem
1426 1885 1524 1916 dicere
1545 1884 1688 1915 videntur
1704 1895 1710 1914 :
1731 1894 1788 1915 nec
1806 1886 1839 1914 in
1849 1883 1967 1915 summa
1978 1892 2078 1914 tamen
2089 1882 2150 1922 ipsa
2159 1890 2209 1913 aut

1252 1929 1376 1958 varietas
1392 1925 1437 1957 est
1458 1926 1537 1960 ulla,
1557 1926 1632 1966 apud
1652 1927 1706 1956 hos
1716 1926 1841 1967 quidem
1852 1945 1861 1960 ‚
1881 1935 1958 1966 quos
1967 1926 2127 1955 nominavi
2141 1932 2209 1954 :aut

1254 1971 1333 2000 inter
1351 1968 1430 2008 ipsos
1440 1966 1590 1999 dissensio.
1614 1968 1662 1998 sed
1671 1978 1743 1998 cum
1755 1977 1866 1998 ΒεΑτΑ
1876 1976 1965 1998 vri-A
1975 1975 2121 2007 quaeratur
2129 1985 2139 2000 ,
2161 1964 2209 1996 id-

1276 2021 1312 2041 ue
1323 2008 1356 2041 fit
1366 2019 1462 2040 unum
1477 2030 1485 2044 ‚
1497 2010 1579 2051 quod
1590 2010 1781 2050 philosophia
1789 2008 1918 2050 speetare
1927 2028 1937 2043 ‚
1957 2009 1990 2039 &
2000 2008 2028 2038 se
2052 2009 2082 2038 ui
2094 2007 2210 2038 debeat:

1268 2062 1329 2083 itne
1347 2061 1381 2082 ea
1404 2060 1465 2084 tota
1484 2050 1533 2091 sita
1551 2053 1583 2081 in
1593 2051 1736 2092 potestate
1746 2052 1906 2092 sapientis,
1926 2060 1963 2081 an
1973 2060 2013 2091 po
2037 2049 2209 2080 itautlabe-

1254 2093 1356 2125 faEtari
1368 2113 1377 2128 ,
1392 2103 1449 2129 ,aut
1459 2094 1526 2134 eripi
1537 2092 1614 2123 rebus
1624 2093 1740 2135 adversis
1751 2113 1760 2128 ‚
1773 2095 1806 2124 in
1814 2102 1852 2123 eo
1863 2101 2094 2133 nonnumquam
2105 2091 2210 2122 variari

1256 2138 1411 2169 intereos,
1428 2135 1460 2166 &
1470 2135 1599 2166 dubitari
1610 2136 1739 2167 videtur.
1760 2134 1842 2176 quod
1854 2134 1988 2165 maxime
2001 2132 2210 2164 efficitTheo-

1253 2177 1364 2219 phrasti
1382 2177 1420 2207 de
1440 2177 1523 2208 beata
1542 2179 1603 2208 vita
1621 2177 1711 2208 liber:
1731 2174 1748 2198 ⁶
1766 2180 1797 2207 in
1816 2186 1878 2217 quo
1896 2175 2029 2207 multum
2039 2172 2209 2206 admodum

1253 2220 1382 2250 fortunae
1399 2218 1492 2250 datur.
1515 2218 1597 2259 quod
1617 2218 1637 2249 si
1660 2221 1700 2250 ita
1720 2219 1749 2249 se
1767 2218 1891 2252 habeat.
1914 2227 1978 2248 non
1997 2215 2208 2257 poffitbeatam

1253 2260 1386 2303 praestare
1395 2263 1491 2292 vitam
1508 2261 1656 2300 stpientia.
1689 2262 1753 2292 haec
1762 2261 1841 2290 mihi
1850 2259 1969 2290 videtur
1977 2258 2134 2289 delicatior
2145 2276 2154 2291 ‚
2176 2264 2213 2287 ut

1254 2307 1294 2334 ita
1302 2303 1401 2333 dicam
1412 2322 1421 2337 ,
1436 2302 1623 2343 molliorque
1632 2304 1705 2333 ratio
1723 2323 1732 2337 ,
1742 2302 1835 2342 ,quam
1846 2303 1962 2332 virtutis
1972 2301 2018 2330 vis
2027 2298 2212 2342 gravitasque

1253 2344 1393 2386 postulat.
1415 2353 1505 2384 quare
1515 2352 1670 2375 teneamus
1682 2343 1873 2375 Aristotelem
1885 2363 1895 2376 ,
1919 2341 1952 2372 ὃ(
1963 2351 2028 2382 ejus
2037 2339 2137 2371 filium
2151 2340 2212 2370 Ni·

1253 2386 1452 2418 comachum:
1476 2385 1563 2424 cujus
1581 2387 1713 2417 accurate
1724 2385 1839 2424 scripti,
1863 2384 1900 2415 de
1912 2383 2048 2414 moribus
2059 2382 2126 2412 libri
2140 2401 2149 2416 ,
2164 2380 2212 2411 di-

1251 2437 1361 2459 cuntur
1380 2427 1426 2457 illi
1443 2426 1568 2468 quidem
1580 2425 1638 2457 esse
1648 2426 1818 2458 Aristotelis
1833 2436 1839 2456 ;
1858 2425 1967 2456 sednon
1979 2424 2058 2454 video
2070 2443 2078 2458 ,
2097 2434 2149 2453 cur
2158 2432 2211 2452 non

1249 2469 1374 2511 potuerit
1390 2468 1472 2509 patri
1487 2467 1738 2508 similueffifilius.
1762 2466 2006 2508 Theophrastum
2017 2474 2118 2496 tamen
2129 2464 2214 2495 adhi-

1255 2513 1377 2541 beamus
1394 2509 1429 2540 ad
1447 2509 1586 2550 pleraque
1597 2530 1605 2544 ‚
1623 2509 1796 2540 dummodo
1806 2509 1873 2549 plus
1885 2510 1918 2539 in
1928 2510 2037 2539 virtute
2048 2513 2214 2538 teneamus·

1255 2561 1346 2593 quam
1358 2551 1409 2582 ille
1419 2552 1534 2584 tenuit,
1554 2549 1704 2582 firmitatis
1718 2571 1727 2586 ‚
1746 2551 1778 2582 &
1790 2551 1918 2581 roboris.
1939 2548 2214 2590 simusigiturcon-

1257 2603 1333 2624 tenti
1344 2594 1401 2623 his.
1424 2602 1554 2634 namque
1567 2595 1676 2624 horum
1694 2592 1806 2634 posteri
1819 2597 1852 2627 ,7
1872 2592 2013 2623 meliores
2022 2590 2069 2621 illi
2078 2588 2215 2630 quidem»

1261 2645 1327 2666 mea
1337 2636 1491 2668 sententia,
1503 2635 1594 2674 quam
1604 2636 1785 2676 reliquarum
1796 2633 1916 2674 philoso
1939 2635 1969 2664 hi
1980 2632 2215 2672 disciplinarum:

1262 2677 1310 2707 sed
1332 2678 1369 2707 ita
1390 2676 1589 2718 degenerant,
1607 2687 1640 2707 ut
1658 2675 1711 2718 ipsi
1729 2687 1764 2706 ex
1776 2677 1807 2717 [ὲ
1822 2643 1952 2705 ηατίεδέ
1964 2674 2131 2705 videantur.
2153 2672 2216 2711 pri-

1260 2717 1351 2749 mum
1370 2717 1570 2759 Theophrasti
1586 2722 1682 2750 Stiato
1693 2737 1702 2753 ‚
1719 2717 1875 2759 physicum
1884 2717 1914 2748 se
1924 2716 2031 2748 voluit.
2050 2715 2083 2744 in
2095 2722 2156 2754 quo
2165 2709 2220 2784 ega

301 2883 326 2902 1.
346 2879 461 2917 σίζ’[ρζιίωη
476 2882 550 2913 Igitur
569 2881 664 2914 aliquid
679 2879 783 2914 omnen]
805 2881 870 2906 Non
891 2879 982 2916 inepte
993 2879 1109 2917 Scaliger
1120 2877 1219 2905 littei-is

261 2911 434 2947 transpoiitis,
445 2914 557 2942 finxerat
567 2915 598 2943 ad
610 2915 670 2943 libri
681 2916 719 2943 sui
728 2924 814 2948 oram,
825 2925 911 2942 mones.

280 2983 287 2989 ι
301 2955 330 2973 2.
351 2951 526 2985 Nonpotfritfic
536 2952 628 2984 abire]
650 2952 765 2988 Egregia
776 2951 886 2979 locutio.
906 2952 935 2978 ὅτ
947 2958 1033 2981 tamen
1046 2950 1114 2978 Pali.
1123 2956 1221 2983 mpure-

263 2992 308 3009 ru.
329 2982 397 3009 unde
411 2986 508 3023 lanf-ium
519 2993 548 3012 ut
559 2988 745 3015 Cnmerariana
755 2987 923 3023 repraesentet
933 2996 942 3018 3
963 2988 1156 3022 EtfihInc,⁴&c·
1178 2995 1223 3014 mm

260 3020 357 3053 poteris.
383 3018 429 3045 sed
441 3019 505 3044 illud
516 3023 616 3051 l1inc,iu
630 3023 703 3049 nullo
713 3024 749 3050 est
761 3024 921 3052 nostrorum.

301 3062 314 3090 3
324 3074 329 3080 .
347 3055 389 3081 Aa
395 3064 431 3080 eos
439 3057 513 3087 igitur
530 3064 635 3082 converte
644 3066 677 3088 ie,
687 3059 782 3093 qnaefio]
807 3059 902 3087 Forfiui
913 3065 1046 3086 con-vertere
1054 3060 1134 3093 quaess.

299 3097 328 3123 4.
345 3091 427 3126 {edne
435 3090 490 3116 dum
498 3091 553 3130 huic
570 3093 702 3126 obsequen]
725 3095 870 3123 Lainbinus
891 3095 1069 3132 interposuit;
1084 3095 1128 3129 fid
1136 3102 1224 3121 veren-

261 3125 316 3155 fim
325 3134 353 3153 ιι
361 3126 425 3152 dum.
445 3126 516 3163 quod
524 3135 553 3154 iu
564 3127 639 3154 nullo
649 3128 684 3156 est
695 3129 762 3157 1’211.
774 3139 860 3168 neque
869 3132 1015 3169 agnoscunt
1028 3130 1094 3161 editi
1104 3130 1162 3160 alii.

1303 2883 1330 2907 ς.
1348 2876 1483 2906 Principem
1492 2874 1531 2906 effi:
1540 2872 1700 2906 commun]
1720 2873 1733 2898 Ι
1737 2878 1762 2898 ta
1770 2869 1854 2897 editio
1863 2867 1988 2896 Viaorii.
2007 2867 2073 2896 Aldi
2085 2874 2160 2894 vetus
2169 2876 2222 2895 uon

1267 2910 1344 2937 habet
1353 2908 1421 2936 illud
1433 2911 1484 2944 effe,
1494 2918 1580 2944 neque
1591 2907 1759 2944 reperitur-iu
1769 2903 1908 2933 Palatinis.

1304 2971 1334 2997 6.
1354 2975 1382 2998 ln
1391 2981 1435 3006 quo
1445 2972 1543 2997 multum
1551 2969 1675 2997 admodum
1690 2969 1789 2998 fhmmae
1796 2965 1896 3000 damn]
1920 2965 1981 2993 Pal.
1993 2972 2081 3001 quai-t.
2100 2966 2225 3000 adasai-,-

1268 3010 1314 3033 tior
1323 3010 1367 3034 eff.
1377 3006 1513 3044 quomodo
1522 3007 1548 3032 8(
1559 3004 1627 3031 sext.
1640 3002 1711 3039 quod
1721 3001 1785 3029 esset
1793 3001 1999 3038 intelligendum
2009 3001 2043 3029 de
2053 3001 2124 3029 libro
2134 3002 2226 3030 Theo.

1271 3043 1377 3079 phrasti.
1397 3042 1440 3069 sed
1451 3041 1516 3069 nihil
1528 3039 1695 3067 mutandum.

1307 3096 1335 3130 ᾖ.
1354 3097 1464 3123 Milium
1472 3094 1507 3120 iai
1516 3093 1607 3127 quiden
1617 3100 1666 3117 »κα
1677 3092 1797 3124 finteniia
1810 3111 1818 3123 ,
1835 3091 1935 3129 quam]
1957 3091 2054 3122 Forfiua
2065 3091 2160 3119 melius
2170 3090 2228 3125 itu-o

1275 3132 1388 3161 omuino
1396 3129 1492 3159 arelius
1502 3127 1561 3157 Pal.
1569 3134 1659 3164 quart.
1667 3129 1694 3154 in
1704 3128 1864 3171 eastmenia'a.
2122 3171 2133 3191 ι
2156 3158 2232 3198 mam
