2316 3395
169 143 279 207 ‚48
642 134 1133 185 MTunnxx

208 224 304 266 pioni
322 220 549 253 adscribendum
567 219 697 250 videtur.
722 213 906 257 Hujusmodi
925 208 968 242 est
988 209 1038 240 illa
1055 217 1175 250 quoque

220 264 397 304 conquestio
410 275 414 292 :

282 307 406 334 ‘Utinam
422 315 453 333 ne
468 305 496 333 in
513 313 617 332 nemore
633 301 705 331 l'el't'o
715 296 857 338 ficuribus
917 333 921 341 1

285 348 354 388 Caesit
371 346 503 383 cecidffle
516 344 631 382 abiegna
646 342 683 371 ad
697 349 800 369 terram
815 336 912 367 trabes.

223 388 362 430 Longius
372 390 453 417 enim
467 382 586 427 repetita
595 383 647 414 est,
659 392 747 423 quam
761 391 805 410 res
816 378 989 420 postulabat·
1011 376 1098 408 Mala
1107 374 1174 413 defi-

227 432 297 459 nitio
307 429 348 460 est
359 449 366 462 ‚
387 428 457 458 cum
469 438 517 457 aut
527 426 704 456 communia
715 422 851 452 describit
861 440 868 454 ‚
890 421 947 450 hoc
956 418 1070 450 modo:
1090 418 1175 448 Sedi-

223 473 315 502 tiosus
325 471 366 501 est
376 472 411 502 is,
423 472 472 509 qui
484 469 580 498 malus
592 475 676 506 atque
689 465 803 494 inutilis
814 461 856 492 est
865 463 949 492 civis.
962 470 1033 490 narn
1043 461 1101 489 hoc
1111 468 1175 488 non

223 515 316 554 magis
328 509 464 543 seditiosi,
475 513 565 550 quam
577 504 735 537 ambitiosi,
746 509 835 546 quam
845 503 1074 534 calumniatoris,
1083 500 1174 541 quam

222 555 348 589 alicujus
359 552 488 591 improbi
500 551 637 580 hominis
646 550 711 577 vim
722 545 869 577 describit.
903 547 962 575 Aut
971 542 1077 573 falsum
1088 540 1176 582 quid—

223 595 292 625 dam
305 595 377 624 dicit
386 614 394 626 ‚
407 594 465 622 hoc
474 591 561 632 patio
575 591 748 630 :Sapientia,
760 586 801 617 est
810 588 943 627 pecuniae
952 583 1116 625 quaerendae
1127 585 1176 611 in-

222 637 394 678 telligentia.
415 637 476 664 Aut
484 632 596 673 aliquid
608 641 670 661 non
680 639 835 671 grave‚nec
848 636 990 667 magnum
1003 626 1174 655 continens,

222 677 261 707 sic
273 688 277 706 :
299 677 428 706 Stultitia
439 696 447 708 ,
468 674 511 704 est
521 674 676 703 immensae
686 673 787 713 gloria:
797 669 950 709 cupiditas.
977 666 1027 697 Est
1036 667 1099 695 liaec
1109 666 1176 704 qui-

223 719 293 749 dem
305 717 426 748 stultitia
439 737 447 749 ‚
469 716 516 746 sed
526 725 564 745 ex
572 724 651 755 parte
661 713 785 754 quadam
797 732 805 745 ‚
830 721 892 740 non
902 720 940 740 ex
950 708 1037 738 omni
1047 716 1153 747 genere
1165 724 1175 737 ,

223 759 355 790 definita.
374 757 606 788 Controversnm
618 755 706 789 estun
715 764 775 795 quo
785 752 820 783 ad
831 751 959 783 dubium
968 746 1176 780 demonstran-

224 801 310 834 dum,
320 800 410 830 dubia
420 799 503 830 causa
511 797 640 830 affertur,
653 799 709 827 hoc
720 795 813 825 modo
825 805 829 821 r

244 843 306 873 ‚Eho
317 850 348 870 tu
360 862 368 875 ,
379 842 420 871 dii
429 861 437 873 ‚
449 838 550 881 quibus
561 839 605 868 cf?
611 836 724 880 potestas
734 832 959 874 morusfitperfim
967 829 1025 872 atq}
1034 826 1164 869 infertam,

247 887 348 913 Pac-:m
362 885 434 912 inter
447 882 501 921 scs:
519 881 668 910 comdant
675 899 682 913 ‚
700 878 841 916 conferunt
855 875 1034 904 concordiam.
1129 909 1137 918 x

224 925 402 964 Perspicuum
412 924 464 956 est,
476 923 511 953 de
521 933 582 963 quo
592 932 655 951 non
665 920 706 950 est
717 914 914 949 controveisia
926 926 931 944 ;
943 924 984 946 ut,
996 912 1094 954 siquis,
1106 921 1178 957 cum

225 966 361 997 Orestem
371 966 500 997 accuset,
522 965 645 1004 planum
666 961 767 993 faciat,
787 960 822 989 ab
831 968 867 988 eo
879 965 1005 986 matrem
1021 952 1079 984 effe
1098 963 1180 983 occi-

228 1009 299 1039 sam.
323 1010 388 1036 Non
401 1006 549 1043 concefficm
557 1004 600 1035 est
610 1025 617 1038 ‚
630 1003 701 1034 cum
714 1002 742 1032 id
754 1023 761 1035 ,
773 999 853 1041 quod
863 1007 983 1039 augetur
994 1016 1001 1030 ,
1013 1006 1046 1026 in
1055 1003 1176 1025 contro-

226 1048 318 1080 versia
327 1048 370 1079 est
379 1069 386 1083 ‚
399 1057 446 1081 ut,
468 1046 488 1077 fi
499 1048 564 1088 quis
576 1067 584 1079 ‚
605 1044 676 1076 curn
688 1042 824 1083 Uiyss'ern
834 1040 966 1072 accuset,
986 1040 1020 1068 in
1037 1038 1095 1067 hoc
1115 1046 1179 1066 ma-

225 1090 313 1122 xime
323 1098 529 1120 commoretur
541 1098 546 1116 τ
569 1087 732 1127 Indignum
751 1082 809 1114 esse
820 1103 828 1116 ‚
848 1082 884 1112 ab
894 1082 1020 1111 homine
1030 1075 1180 1120 ignaviffi-

228 1143 282 1162 mo
300 1134 401 1162 virum
420 1128 612 1160 fortiffimum
632 1148 640 1161 ,
662 1129 781 1166 Ajacem
793 1145 801 1158 ,
825 1132 973 1154 necatum.
1013 1123 1103 1162 Turpe
1117 1118 1160 1165 est
1169 1138 1177 1151 ‚

227 1175 309 1215 quod
321 1182 370 1204 aut
386 1184 422 1202 eo
433 1173 501 1202 loco
513 1192 521 1205 ‚
542 1174 575 1200 in
584 1179 644 1210 quo
654 1169 780 1199 dicitur:
798 1175 848 1196 aut
857 1175 893 1194 eo
904 1165 1030 1194 homine
1041 1182 1050 1196 ,
1070 1163 1122 1202 qui
1132 1160 1179 1190 di-

227 1225 273 1246 cat
285 1227 290 1244 :
310 1224 361 1245 aut
371 1225 407 1244 eo
418 1223 550 1253 tempore
560 1232 568 1246 ,
578 1222 638 1252 quo
647 1210 756 1241 dicitur
769 1219 775 1237 z
795 1209 903 1240 antiis,
914 1216 966 1246 qui
977 1204 1103 1234 audiunt
1114 1213 1118 1231 z
1131 1209 1179 1232 aut

227 1268 262 1287 ea
274 1268 303 1286 re
315 1276 323 1289 ‚
335 1266 392 1297 qua
401 1255 438 1285 de
447 1264 559 1295 agitur,
573 1253 730 1293 indignum
739 1270 748 1284 ,
763 1257 882 1290 propter
891 1245 1081 1277 inhonestam
1093 1254 1157 1274 rem
1169 1263 1177 1277 ‚

227 1299 356 1328 videtur.
388 1297 529 1337 Offensum
544 1295 586 1325 est
597 1315 604 1329 ,
626 1293 705 1335 quod
724 1301 829 1322 eorum
841 1310 849 1324 ‚
869 1291 922 1331 qui
931 1287 1056 1318 audiunt
1066 1286 1179 1317 volun-

231 1349 321 1370 tatem
338 1339 435 1369 laedit:
461 1348 491 1368 ut
502 1358 510 1371 ,
529 1335 549 1367 si
567 1346 632 1378 quis
649 1334 724 1375 apud
734 1336 848 1374 equites
858 1333 1033 1362 Romanos,
1054 1326 1179 1367 cupidos

163 1386 212 1417 50
223 1380 378 1422 judicandi
398 1401 406 1413 ,
431 1381 580 1419 Caepionis
599 1379 695 1418 legem
711 1376 897 1422 judiciariam
914 1371 1019 1402 laudet.
1066 1372 1180 1399 Contra—

226 1425 304 1454 rium
321 1422 364 1452 est
372 1442 380 1455 ,
401 1422 481 1462 quod
501 1430 602 1451 contra
620 1429 653 1449 ea
672 1418 781 1448 dicitur
791 1436 798 1449 ‚
818 1425 882 1456 quae
903 1416 943 1448 ii,
968 1414 1020 1453 qui
1035 1411 1159 1441 audiunt
1169 1430 1177 1442 ‚

226 1465 378 1495 fecerunt:
403 1473 435 1492 ut
444 1483 451 1496 ‚
471 1462 491 1492 si
510 1464 576 1503 quis
585 1460 661 1500 apud
670 1458 877 1489 Alexandrum
887 1455 1086 1498 Macedonem
1104 1462 1178 1482 con-

226 1515 272 1537 tra
290 1507 421 1546 aliquem
440 1504 521 1534 urbis
540 1509 772 1543 expugnatorem
792 1499 903 1530 diceret
911 1517 919 1531 ,
938 1496 1016 1526 nihil
1034 1493 1092 1525 esie
1111 1503 1178 1525 cru-

227 1548 324 1578 delius
335 1567 343 1580 ,
364 1547 455 1587 quam
475 1545 571 1575 urbeis
590 1544 705 1573 diruere
713 1562 721 1576 ,
741 1540 813 1571 curn
833 1540 893 1579 ipse
910 1536 1079 1570 Alexander
1094 1535 1178 1565 The—

227 1590 278 1621 bas
294 1587 436 1618 diruiss'et.
480 1584 635 1621 inconstans
650 1583 692 1614 est
711 1604 719 1616 ,
747 1581 827 1623 quod
845 1581 881 1610 ab
897 1579 1005 1611 eodem
1020 1577 1056 1608 de
1073 1576 1177 1607 eadem

228 1641 259 1661 1e
270 1651 278 1664 ,
299 1630 414 1660 diverse
433 1628 557 1659 dicitur:
578 1635 610 1657 ut
620 1647 627 1659 ‚
647 1625 668 1656 fi
686 1627 752 1666 quis
763 1644 771 1658 ‚
792 1622 864 1654 cum
880 1621 990 1654 dixerit
999 1640 1008 1655 ‚
1024 1621 1076 1660 qui
1094 1621 1178 1648 Vin-

227 1682 347 1703 ·rUi-EM
363 1671 465 1701 habeat
482 1690 490 1704 ‚
514 1679 585 1699 eum
603 1669 716 1699 nullius
737 1668 778 1697 rei
797 1665 832 1696 ad
849 1664 925 1694 bene
944 1661 1109 1693 vivendum
1130 1661 1178 1689 in-

229 1714 328 1756 digere
339 1734 347 1746 ,
369 1721 455 1754 neget
470 1710 569 1751 postea
585 1709 645 1742 sine
663 1709 742 1739 bona
758 1705 923 1737 valitudine
939 1702 1022 1744 posse
1042 1702 1116 1732 bene
1134 1703 1182 1731 vi-

232 1766 303 1786 vere
316 1765 320 1783 :
332 1759 393 1784 Aut
405 1756 433 1784 se
442 1756 540 1783 amico
548 1750 642 1783 adess'e
651 1758 772 1791 propter
780 1747 1023 1778 benevolentiam
1036 1755 1041 1772 2
1064 1748 1073 1763 ¹
1086 1744 1181 1783 spera-

229 1808 261 1829 re
279 1807 364 1826 enim
382 1794 494 1836 aliquid
513 1794 671 1824 commodi
681 1793 716 1822 ad
727 1791 755 1822 se
765 1797 987 1830 perventurum.
1013 1785 1182 1824 ,Adverfiaem

232 1838 286 1872 est,
298 1837 379 1880 quod
389 1838 441 1877 ipli
452 1837 542 1867 causae
551 1836 647 1875 aliqua
657 1843 694 1863 ex
703 1842 780 1873 parte
792 1830 897 1864 officit,
907 1838 940 1860 ut
950 1827 1038 1869 siquis
1047 1827 1180 1857 hostium

230 1883 296 1911 vim
308 1900 316 1914 ,
336 1880 367 1909 &
378 1881 476 1918 copias
486 1897 494 1911 ‚
508 1876 723 1907 &felicitatem
732 1881 834 1915 augeat
842 1893 850 1906 ,
861 1871 932 1902 cum
942 1871 978 1900 ad
988 1868 1180 1911 pugnandum

232 1922 344 1952 milites
354 1921 530 1950 adhortetur.
559 1920 662 1949 Sinon
673 1917 708 1947 ad
717 1916 748 1946 id
760 1935 768 1950 ,
779 1914 860 1956 quod
870 1912 1034 1943 instituitur
1044 1931 1052 1945 ,
1063 1919 1182 1941 accom-

232 1963 405 1994 modabitur
414 1963 509 2002 aliqui
517 1970 581 2001 pars
591 1958 852 2000 augmentationi&
865 1956 973 1986 horum
983 1954 1085 1993 aliquo
1096 1954 1127 1981 in
1138 1953 1185 1980 vi-

231 2009 275 2036 tio
285 2012 454 2045 reperietur.
485 2004 515 2033 Si
524 2002 608 2043 plura
616 2002 768 2041 pollicitus
779 2019 787 2033 ,
808 1999 945 2039 pauciom
952 1992 1168 2026 demonstrabit
1181 2003 1186 2022 :

233 2056 295 2080 aut,
308 2046 338 2080 si,
350 2044 421 2076 curn
431 2053 530 2074 totum
544 2043 665 2073 debebit
673 2039 879 2073 ostendei·e,de
890 2047 968 2079 parte
977 2037 1073 2077 aliqua
1083 2036 1187 2075 loqua-

232 2099 289 2121 tur,
301 2089 359 2117 hoc
369 2086 463 2116 modo
474 2097 479 2114 z
490 2086 657 2115 Mulierum
667 2093 761 2123 genus
771 2091 890 2113 avarum
901 2079 951 2111 est.
965 2089 1036 2109 nam
1048 2077 1187 2117 Eriphyle

235 2139 317 2163 auro,
330 2131 387 2158 viri
396 2130 489 2157 vitam
498 2125 644 2156 vendidit.
655 2129 726 2157 Aut,
737 2123 757 2153 si
767 2133 830 2153 non
840 2122 870 2152 id
882 2143 891 2156 ‚
902 2121 983 2162 quod
992 2120 1183 2150 accusabitur,

233 2170 374 2202 defendet
385 2180 390 2198 ι
401 2178 444 2202 ut,
456 2167 554 2208 siquis,
566 2165 637 2196 cum
648 2165 778 2195 ambitus
787 2163 977 2194 accusabitur,
986 2170 1077 2191 manu
1087 2160 1114 2189 se
1124 2158 1186 2188 for-

233 2222 297 2243 tem
318 2209 375 2241 ess'e
395 2210 535 2240 defendet
547 2219 552 2237 ε
582 2217 615 2238 ut
633 2208 790 2247 Amphion
807 2203 883 2244 apud
902 2201 1088 2242 Euripidem.
1113 2202 1185 2229 item

234 2254 312 2294 apud
324 2254 484 2284 Pacuvium
496 2261 502 2279 2
521 2251 584 2291 qui,
594 2251 753 2289 vituperata
763 2245 882 2278 musica,
893 2245 1066 2284 sapientiam
1077 2240 1184 2271 laudat.

235 2300 296 2327 Aut
306 2294 327 2324 si
338 2305 382 2325 res
394 2303 430 2323 ex
439 2294 575 2323 hominis
584 2293 660 2321 vitio
670 2287 881 2329 vituperabitur
892 2306 900 2320 ‚
912 2295 954 2319 ut,
967 2283 987 2314 si
997 2286 1064 2327 quis
1074 2282 1187 2312 dobbri—

236 2347 307 2368 nam
318 2347 356 2366 ex
364 2335 488 2374 alicujus
498 2332 580 2363 doai
589 2334 671 2362 vitiis
681 2328 880 2370 reprehendat.
912 2330 973 2357 Aut
984 2347 991 2359 ,
1003 2326 1023 2354 li
1033 2326 1103 2365 qui,
1115 2322 1186 2353 cum

233 2381 367 2420 aliquem
376 2377 459 2407 volet
468 2375 582 2405 laudare
595 2385 604 2408 3
623 2373 659 2403 de
669 2372 808 2402 felicitate
817 2371 842 2409 ej
847 2379 892 2401 us,
906 2378 968 2398 non
978 2367 1013 2398 de
1023 2375 1130 2396 virtute
1141 2364 1187 2394 di-

240 2430 294 2451 cat.
325 2422 387 2450 Aut
400 2439 408 2453 ,
426 2416 446 2447 si
455 2419 507 2458 qui
517 2426 581 2446 rem
592 2425 661 2445 cum
673 2424 702 2443 re
712 2415 753 2443 ita
760 2411 941 2451 comparabit
952 2430 960 2443 ‚
981 2418 1012 2438 ut
1026 2408 1147 2437 alteram
1158 2406 1186 2435 se

240 2473 303 2493 non
314 2470 397 2502 putet
405 2461 521 2489 laudare
530 2477 539 2491 ‚
560 2455 615 2487 nifi
632 2456 753 2486 alteram
772 2454 942 2493 vituperarit
955 2462 959 2480 :
978 2459 1026 2480 aut
1036 2448 1056 2478 si
1066 2449 1185 2478 alteram

240 2514 279 2535 ita
289 2503 395 2536 laudet,
408 2509 440 2531 ut
448 2501 567 2530 alterius
576 2508 641 2528 non
649 2497 735 2527 faciat
745 2503 946 2526 mentionem.
970 2496 984 2512 ²
994 2494 1054 2521 Aut
1064 2489 1084 2520 fi
1095 2509 1104 2523 ,
1115 2489 1186 2519 cum

241 2546 277 2576 de
289 2554 365 2575 certa
373 2555 402 2573 re
413 2550 567 2583 quaeretur,
578 2540 614 2570 de
624 2540 784 2569 communi
794 2535 964 2567 instituetur
973 2535 1068 2564 oratio
1080 2542 1085 2560 :
1106 2529 1187 2563 ut‚s1-

239 2590 317 2627 quis,
330 2585 401 2615 cum
411 2585 501 2623 aliqui
510 2580 804 2613 deliberent‚belluin
815 2585 938 2619 geratur,
950 2586 987 2605 ati
996 2584 1070 2607 non,
1082 2582 1186 2612 pacem

238 2628 338 2658 laudet
356 2634 485 2656 omnino
495 2643 503 2656 ‚
526 2633 590 2652 non
599 2623 674 2652 illud
686 2621 799 2650 bellum
809 2619 916 2649 inutile
926 2615 983 2646 effe
991 2613 1188 2647 demonstret.

240 2673 310 2703 Aut,
321 2667 342 2698 si
351 2676 425 2698 ratio
433 2665 519 2705 alicuj
525 2674 557 2694 us
567 2666 608 2694 rei
619 2663 756 2693 reddetur
765 2661 834 2691 ialsa
843 2681 851 2695 ,
863 2661 921 2690 hoc
931 2657 1026 2688 modo
1039 2668 1045 2686 2
1062 2656 1189 2687 Pecunia

1214 129 1739 179 Cxcznonis

1219 211 1337 242 bonum
1355 209 1398 243 est
1408 232 1416 245 ‚
1438 218 1591 251 propterca
1600 208 1681 250 qubd
1692 218 1725 240 ea
1734 205 1869 239 maxime
1880 206 1972 239 vitam
1983 203 2100 238 beatam
2109 202 2176 237 cffi-

1221 255 1286 284 ciat.
1309 255 1369 283 Aut
1379 251 1397 281 si
1408 252 1544 282 infirma:
1566 260 1597 280 ut
1607 252 1725 283 Plautus
1737 270 1745 283 ,

1282 296 1428 323 ,Araxum
1444 292 1577 332 castigare
1591 291 1622 322 ob
1637 292 1769 320 meritam
1783 290 1915 323 noxiam,

1282 338 1412 366 Immune
1425 334 1600 373 effsacinus.
1622 343 1721 362 verum
1736 333 1764 361 in
1782 339 1861 361 atate
1875 330 1947 361 urile

1283 379 1323 406 Er
1337 375 1521 406 conducibile:
1544 386 1610 405 nam
1626 385 1671 414 ego
1689 374 1814 403 amicum
1829 373 1905 402 hodie
1920 382 2013 401 meum

1289 416 1500 458 3C011casttgabo
1510 425 1559 458 pro
1576 417 1734 446 commerita
1753 415 1847 444 noxia.

1224 462 1284 491 Aut
1301 459 1404 489 eadem
1417 479 1424 492 ,
1446 460 1504 488 hoc
1522 458 1632 487 modo:
1657 459 1830 487 Maximum
1851 455 1966 484 ma'lum
1983 454 2026 485 est
2045 454 2173 485 avaritia.
2194 459 2235 492 51

1223 501 1337 530 multos
1358 502 1441 530 enim
1460 502 1576 539 magnis
1595 497 1801 528 incommodis
1812 495 1904 526 afficit
1913 498 2046 536 pecuniae
2055 496 2174 535 cupidi—

1222 551 1275 572 tas.
1298 544 1359 571 Aut
1368 551 1470 581 parum
1482 540 1589 570 idonea
1599 560 1608 573 ‚
1620 541 1677 568 hoc
1688 538 1782 568 modo
1795 548 1800 566 2
1824 540 1997 567 Maximum
2009 537 2124 566 bonum
2135 536 2178 566 est

1222 584 1363 613 amicitia.
1387 583 1523 622 plurima:
1553 584 1637 611 enim
1667 580 1878 609 delectationes
1900 579 1969 608 sunt
1986 579 2019 607 in
2036 579 2178 609 amicitia.

1223 627 1350 663 Qartus
1369 623 1477 654 modus
1496 632 1554 652 erat
1571 619 1806 662 reprehensionis
1817 640 1825 653 ,
1845 629 1896 659 per
1914 629 2005 659 quem
2016 628 2118 649 contra
2128 617 2179 648 fir-

1224 675 1305 696 mam
1315 667 1605 706 argumentationem
1616 684 1624 697 ,
1645 662 1728 703 aeque
1740 660 1825 693 firma
1836 681 1844 694 ‚
1861 670 1911 690 aut
1920 662 2038 691 tirmior
2047 660 2180 701 poneba-⁷

1223 715 1279 736 tur.
1304 710 1372 736 Hoc
1392 716 1484 747 genus
1504 708 1536 735 in
1555 703 1819 735 deliberationibus
1831 706 1850 729 4
1860 701 1995 732 maxime
2005 702 2177 736 versabitur,

1225 747 1296 778 curn
1306 747 1514 788 aliquid‚quod
1525 748 1627 776 contra
1637 746 1758 779 dicatur,
1771 754 1890 786 aequum
1901 743 1958 774 esse
1970 743 2179 776 concedimus,

1225 789 1274 819 sed
1286 790 1326 823 id,
1340 789 1421 830 quod
1432 798 1487 818 nos
1498 788 1691 819 defendimus
1701 807 1709 820 ,
1720 786 1914 816 necessarium
1925 783 1983 814 effe
1993 783 2179 815 demonstra-

1226 841 1293 860 mus
1306 842 1311 859 :
1332 834 1394 860 Aut
1404 829 1475 859 cum
1486 830 1528 863 id,
1538 830 1618 871 quod
1629 830 1674 859 illi
1686 828 1858 860 defendant,
1870 827 1942 857 utile
1952 824 2008 856 effe
2019 825 2179 857 fateamur:

1225 871 1305 912 quod
1316 882 1371 901 iios
1383 872 1516 901 dicamus
1528 891 1536 905 ,
1557 869 1797 900 demonstremus
1808 867 1864 899 effe
1877 867 2049 898 honestum.
2083 869 2127 898 Ac
2142 866 2181 898 de

1225 912 1450 953 reprehensione
1469 914 1529 943 haec
1547 912 1671 953 quidem
1691 910 1931 942 existimavimus
1957 908 2015 940 ess‘e
2043 908 2181 941 dicenda.

1226 958 1239 981 5
1252 957 1404 994 Deinceps
1423 965 1505 984 nunc
1522 954 1558 984 de
1578 951 1768 984 conclusione
1786 961 1948 992 ponemus.
1982 944 2181 991 Hermssoras

1225 996 1410 1037 degreffioncm
1429 995 1538 1026 deinde
1549 1016 1557 1031 ,
1586 1004 1650 1026 tum
1660 993 1839 1035 postremam
1850 991 2072 1023 conclusionem
2082 993 2180 1032 ponit.

1227 1041 1264 1068 In
1283 1039 1338 1069 hac
1357 1047 1454 1068 autem
1473 1035 1652 1079 degreffione
1671 1037 1722 1066 ille
1737 1045 1818 1076 putat
1825 1043 1961 1075 oportere
1971 1034 2120 1074 quandam
2131 1035 2181 1063 in-

1225 1079 1295 1109 ferri
1305 1082 1473 1110 orationem
1485 1100 1493 1113 ‚
1506 1081 1521 1109 a
1531 1079 1622 1111 causa,
1638 1086 1723 1118 atque
1732 1078 1748 1107 a
1755 1077 1939 1117 judicatione
1951 1076 2010 1116 ipsa
2019 1084 2179 1109 remotam,

1226 1131 1290 1162 quae
1309 1131 1358 1151 aut
1378 1122 1422 1151 sui
1440 1121 1559 1151 laudem
1571 1140 1579 1154 ‚
1600 1128 1649 1150 aut
1657 1119 1812 1149 adversarii
1821 1120 2071 1157 vituperationem
2083 1118 2183 1147 conti-

1226 1172 1294 1193 neat
1304 1183 1312 1196 ,
1325 1171 1374 1193 aut
1383 1165 1416 1192 in
1425 1164 1514 1192 aliam
1525 1162 1640 1192 causam
1651 1160 1776 1192 deducat
1786 1180 1794 1193 ‚
1806 1170 1843 1189 ex
1853 1169 1912 1200 qua
1920 1157 2059 1189 conficiat
2067 1157 2183 1198 aliquid

1226 1203 1530 1237 confirmationis‚aut
1539 1201 1785 1242 reprehensionis,
1792 1211 1855 1231 non
1865 1200 2115 1241 argumentando,
2129 1199 2180 1230 sed

1226 1246 1360 1287 augendo
1371 1255 1421 1285 per
1432 1244 1580 1286 quandam
1591 1241 1865 1283 amplificationem.
1900 1244 1986 1271 Hanc
2006 1240 2026 1271 fi
2037 1243 2105 1284 quis
2114 1251 2182 1281 par-

1227 1296 1288 1317 tem
1298 1289 1406 1327 putarit
1416 1288 1560 1316 orationis
1570 1306 1579 1320 ,
1592 1286 1727 1325 sequatur
1737 1287 1952 1325 Hermagoram
1964 1283 2074 1313 licebit.
2096 1285 2181 1313 Nam

1229 1330 1261 1359 &
1279 1328 1405 1369 augendi
1419 1349 1426 1362 ‚
1448 1328 1480 1358 &
1500 1327 1637 1357 laudandi
1650 1347 1658 1359 ,
1680 1327 1713 1356 &
1723 1325 1908 1365 vituperandi
1914 1323 2182 1367 praeceptaanobis

1226 1373 1334 1411 partim
1345 1370 1408 1400 data
1417 1370 1485 1401 sunt
1494 1390 1503 1403 ‚
1523 1371 1630 1410 partim
1641 1369 1693 1398 suo
1704 1368 1772 1398 loco
1782 1367 1938 1397 dabuntur.
1971 1367 2070 1396 Nobis
2079 1374 2180 1397 autem

1229 1423 1292 1443 non
1302 1412 1396 1452 placet
1405 1432 1413 1445 ‚
1425 1412 1501 1441 hanc
1510 1420 1621 1451 partem
1634 1412 1666 1439 in
1675 1419 1803 1439 numero
1813 1410 1918 1448 reponi
1929 1428 1937 1442 ,
1960 1406 2043 1449 quod
2053 1407 2089 1437 de
2100 1407 2184 1438 causti.

1229 1454 1359 1494 degredi,
1372 1452 1426 1483 nisi
1436 1463 1487 1494 per
1496 1453 1598 1483 locum
1607 1461 1806 1482 communem
1818 1471 1826 1483 ‚
1838 1450 1975 1489 displicet
1986 1471 1994 1481 ‚
2014 1459 2075 1490 quo
2084 1449 2120 1479 de
2130 1458 2183 1490 ge-

1229 1506 1297 1526 nere
1308 1494 1453 1535 posterius
1465 1494 1507 1524 est
1518 1493 1691 1524 dicendum.
1722 1492 1838 1523 Laudes
1852 1500 1967 1525 autem,
1992 1491 2025 1521 &
2034 1493 2184 1530 vitupera-

1228 1540 1325 1568 tiones
1336 1547 1400 1566 non
1410 1537 1561 1577 separatim
1572 1536 1666 1575 placet
1675 1533 1788 1564 tractari
1798 1553 1806 1567 ‚
1818 1533 1866 1563 sed
1877 1535 1910 1562 in
1920 1531 1987 1572 ipsis
1997 1541 2184 1574 argumenta-

1229 1578 1364 1609 tionibus
1384 1576 1441 1610 esse
1460 1579 1630 1617 implicitas.
1661 1578 1753 1605 Nunc
1772 1575 1807 1604 de
1826 1572 2016 1604 conclusione
2034 1574 2181 1604 dicemus.

1232 1623 1423 1651 CONCLUSIO
1434 1619 1476 1650 est
1487 1618 1631 1652 exitus,&
1642 1617 1853 1647 determinatio
1863 1618 1953 1646 totius
1962 1617 2181 1646 orationishaec
2200 1622 2220 1653 5
2229 1622 2249 1648 2

1231 1662 1319 1692 habet
1326 1665 1433 1702 parteis
1443 1663 1523 1693 treis,
1543 1662 1803 1691 enumerationem
1814 1678 1822 1691 ,
1833 1657 2070 1698 indignationem
2082 1677 2091 1690 ,
2108 1666 2182 1687 con-

1230 1703 1429 1745 questionem.
1454 1703 1649 1734 Enumeratio
1660 1700 1711 1734 est,
1722 1710 1773 1740 per
1782 1710 1872 1740 quain
1882 1709 1927 1729 res
1937 1699 2073 1739 disperse,
2081 1699 2113 1728 &
2124 1697 2184 1728 dif-

1229 1746 1293 1776 iuse
1305 1745 1404 1777 dietae,
1418 1754 1514 1774 unum
1525 1746 1558 1773 in
1568 1744 1670 1773 locum
1682 1751 1839 1783 coguntur,
1851 1742 1883 1771 ὃς
1892 1740 2104 1770 reminiscendi
2115 1750 2185 1769 cau-

1231 1788 1269 1821 sa,
1281 1797 1378 1817 unum
1388 1787 1441 1816 sub
1450 1785 1601 1826 aspedium
1612 1784 1818 1822 subjiciuntur.
1834 1785 1906 1812 Haec
1916 1780 1936 1811 fi
1948 1783 2063 1822 semper
2072 1781 2183 1812 eodem

1232 1829 1327 1858 modo
1346 1827 1516 1858 mittamur
1524 1847 1532 1860 ,
1555 1825 1708 1866 perspicue
1718 1825 1753 1854 ab
1763 1825 1907 1854 omnibus
1916 1822 2041 1854 artificio
2051 1822 2184 1864 quodam

1231 1870 1343 1900 traditu-i
1353 1870 1544 1909 intelligetur.
1567 1866 1611 1897 fin
1620 1866 1699 1897 varie
1712 1865 1762 1895 fiet
1772 1886 1780 1900 ,
1792 1866 1824 1895 &
1836 1867 1910 1895 hanc
1919 1866 2117 1904 suspicionem
2129 1884 2137 1898 ‚
2150 1864 2185 1894 δε

1231 1913 1392 1942 satietatem
1411 1920 1501 1940 vitare
1520 1911 1638 1949 poterit.
1671 1910 1766 1948 Qilare
1785 1916 1850 1937 tum
1868 1906 2019 1947 oportebit
2028 1908 2067 1936 ita
2076 1905 2183 1939 facere,

1233 1962 1265 1984 ut
1283 1954 1416 1993 plerique
1435 1952 1548 1981 faciunt
1559 1950 1854 1990 propterraCilitatem
1867 1969 1875 1982 ,
1897 1947 2066 1989 singillatim
2077 1957 2185 1978 uriam-

1233 2005 1381 2036 quamque
1391 2004 1454 2024 rem
1465 1996 1617 2034 attingere,
1629 1992 1661 2022 &
1672 1994 1711 2022 ita
1721 1993 1840 2021 omneis
1852 1989 1867 2010 ⁶
1877 1989 1992 2021 transire
2004 1989 2131 2019 breviter
2139 1998 2187 2019 ax-

1233 2038 1472 2078 gumentationes
1484 2046 1489 2063 1
1511 2044 1575 2064 tum
1585 2043 1684 2064 autem
1695 2033 1736 2066 id,
1747 2033 1828 2073 quod
1839 2030 1993 2063 difficilius
2003 2030 2046 2061 est
2055 2051 2064 2065 ,
2074 2031 2185 2064 dicere,

1233 2088 1303 2119 quas
1322 2080 1426 2118 parteis
1446 2077 1615 2117 exposueris
1626 2078 1656 2104 in
1667 2078 1824 2115 partitione
1835 2094 1843 2108 ,
1865 2074 1901 2104 de
1910 2074 2019 2114 quibus
2029 2082 2055 2102 te
2065 2072 2186 2112 pollici-

1234 2130 1281 2150 tus
1292 2119 1326 2149 sis
1337 2119 1490 2150 dicturum
1504 2138 1512 2151 ,
1533 2123 1547 2146 7
1558 2118 1590 2147 &
1602 2116 1739 2146 reducere
1748 2118 1782 2145 in
1793 2118 1971 2145 memoriam
1985 2134 1994 2148 ‚
2013 2115 2121 2155 quibus
2139 2123 2185 2143 ra·—

1234 2161 1367 2190 tionibus
1385 2168 1626 2199 unamquamque
1644 2166 1756 2197 partem
1775 2155 1962 2187 confirmaris
1975 2167 1979 2185 z
2009 2165 2073 2186 tum
2085 2155 2120 2185 ab
2131 2156 2184 2188 iis,

1233 2203 1284 2242 qui
1294 2201 1419 2231 audiunt
1429 2221 1436 2234 ,
1450 2209 1577 2240 quaerere
1590 2220 1598 2232 ‚
1631 2199 1681 2229 uid
1692 2197 1725 2228 sit
1736 2219 1744 2233 ,
1756 2198 1836 2239 quod
1847 2197 1899 2228 fibi
1911 2198 1987 2228 velle
1998 2197 2124 2228 debeant
2133 2196 2186 2226 de-

1235 2241 1404 2276 monstrari,
1416 2243 1474 2271 hoc
1485 2241 1579 2270 modo
1591 2251 1596 2269 :
1644 2240 1723 2271 Illud
1734 2240 1904 2272 docuimus,
1920 2239 1995 2269 illud
2005 2243 2129 2279 planum
2139 2237 2187 2267 fe-

1234 2285 1341 2314 cimus.
1364 2285 1405 2314 ita
1416 2282 1505 2312 simul
1517 2282 1549 2312 ὃς
1560 2284 1591 2312 in
1602 2283 1784 2313 memoriam
1794 2281 1902 2311 redibit
1912 2281 2027 2311 auditor
2038 2300 2046 2314 ‚
2059 2280 2091 2310 Sc
2100 2288 2186 2320 puta-

1235 2325 1279 2354 bit
1288 2325 1366 2355 nihil
1375 2323 1432 2355 esse
1441 2333 1587 2364 praeterea,
1599 2323 1680 2365 quod
1691 2323 1795 2353 debeat
1803 2321 1970 2353 desiderare.
1989 2325 2087 2363 Atque
2096 2324 2128 2351 in
2137 2321 2186 2351 his

1235 2366 1390 2407 generibus
1411 2365 1455 2404 (ut
1471 2365 1537 2396 ante
1557 2365 1673 2395 dictum
1692 2363 1745 2404 est)
1766 2374 1830 2394 turn
1842 2373 1904 2395 tuas
1915 2365 2186 2405 argumentationes

1236 2406 1351 2437 transire
1363 2408 1514 2446 separatim
1527 2427 1534 2441 ‚
1556 2416 1620 2437 tum
1633 2407 1663 2436 id
1674 2427 1682 2440 ‚
1698 2406 1778 2447 quod
1787 2404 1971 2437 artificiosius
1982 2405 2033 2441 est,
2044 2415 2114 2435 curri
2126 2405 2187 2434 tuis

1236 2451 1393 2479 contrarias
1403 2449 1470 2486 conj
1477 2458 1585 2489 ungere
1597 2460 1602 2477 ;
1624 2449 1655 2478 &
1665 2447 1735 2477 cum
1748 2457 1828 2478 tuam
1838 2449 2128 2489 argumentationem
2138 2445 2186 2477 di-

1234 2492 1312 2520 xeris
1324 2510 1332 2524 ,
1344 2499 1408 2520 tum
1419 2510 1427 2524 ,
1439 2499 1541 2520 contra
1551 2500 1615 2520 eam
1626 2489 1707 2531 quod
1718 2487 1889 2519 afferebatur
1898 2509 1906 2523 ,
1927 2487 2186 2529 quemadmodum

1234 2532 1356 2562 dilueris
1366 2552 1374 2566 ‚
1385 2531 1548 2562 ostendere.
1573 2534 1615 2561 Ita
1624 2541 1675 2571 pei·
1685 2531 1807 2560 brevem
1818 2532 2072 2570 comparationem
2083 2549 2091 2563 ‚
2102 2528 2188 2560 audi-

1235 2575 1305 2602 toris
1326 2575 1472 2603 memoria
1489 2574 1522 2603 &
1541 2572 1577 2602 de
1597 2571 1826 2603 confirmatione
1836 2592 1844 2606 ,
1869 2573 1901 2602 Sc
1912 2572 1949 2601 de
1959 2569 2185 2611 reprehensione

1235 2614 1491 2656 redintegrabitur.
1523 2617 1620 2655 Atque
1638 2615 1700 2644 haec
1717 2615 1783 2644 aliis
1800 2613 1927 2643 actionis
1945 2623 2064 2653 quoque
2082 2611 2185 2642 modis

1235 2657 1344 2686 variare
1362 2656 1520 2696 oportebit.
1562 2658 1644 2686 Nam
1662 2654 1735 2686 cuni
1752 2665 1790 2686 ex
1807 2665 1854 2685 tua
1870 2654 1994 2695 persona
2011 2662 2187 2722 enumegare

2083 2704 2122 2735 po
2146 2703 2183 2727 is,

229 2747 2187 2768 W

281 2801 291 2817 ι
300 2812 305 2817 ,
326 2795 424 2823 sperare
433 2789 492 2815 enim
503 2785 594 2819 aliquid
603 2784 706 2809 commodi
720 2803 726 2814 ,
735 2782 802 2816 ᾦα]
823 2781 865 2806 Sic
875 2779 984 2806 omuino
994 2777 1051 2803 Pal.
1063 2775 1111 2802 sec.
1131 2784 1189 2801 nani

238 2828 422 2863 prim.st›erare
431 2830 520 2853 tamen,
530 2819 599 2856 quod
610 2827 664 2846 crat
674 2819 701 2845 'iii
712 2816 846 2845 Grevenb.
857 2814 1025 2852 placebatque
1036 2811 1191 2844 Gulielniio5

242 2873 292 2889 non
304 2857 384 2889 etiam
396 2859 470 2886 mihi.

277 2908 305 2924 2.
325 2901 389 2925 §Aut
414 2906 421 2919 1
440 2904 488 2920 cum
498 2893 523 2917 de
533 2898 596 2917 certa
607 2899 630 2915 re
642 2909 649 2921 ,
660 2889 728 2924 &c.]
748 2886 888 2914 Pcriodum
901 2886 965 2912 lianc
976 2904 984 2916 ,
995 2885 1053 2910 loco
1064 2891 1187 2919 tanquam

239 2935 286 2960 {uo
305 2940 403 2959 motam
424 2930 456 2956 sic
475 2926 664 2961 transposuerat
675 2927 760 2959 Janus
770 2923 929 2950 bulielmius
943 2921 1042 2947 indicio
1054 2918 1189 2945 Greienb.

242 2969 463 2996 membranarum.
482 2962 612 2989 adsentior
622 2963 648 2987 δε
661 2970 712 2996 ego
723 2979 730 2991 ,
742 2969 800 2986 cuni
812 2961 838 2985 &
850 2957 963 2985 eundem
972 2954 1189 2993 deprehenderim

240 3006 318 3033 fitum
330 3005 355 3030 iii
367 3002 434 3029 Pali.
445 3000 523 3037 prim.
534 3008 562 3024 ac
572 2997 621 3023 sec.
1072 3026 1077 3031 Ι

276 3049 305 3076 3.
324 3038 530 3071 Concastigabopro
540 3034 671 3059 commerita
680 3033 759 3057 ποκία.
777 3033 828 3056 Aur
838 3030 940 3063 cadem]
953 3029 993 3054 Ita
1004 3026 1188 3062 rescripsimus,

238 3077 318 3105 {ecut'i
331 3074 409 3100 fidem
421 3072 487 3098 Pali.
499 3071 525 3096 ὃ(
537 3070 620 3094 (ireit.
630 3068 693 3093 item
704 3066 850 3092 editionum
863 3065 1013 3091 meliorum.

277 3120 306 3145 4.
325 3109 433 3140 araxim?
444 3105 605 3140 versabitur]
623 3103 689 3129 Pali.
701 3102 767 3128 istud
779 3101 900 3129 volebant
910 3101 937 3128 ὃς
947 3098 1030 3128 editio
1042 3104 1127 3126 vetus.
1146 3106 1190 3125 rc-

239 3147 361 3181 cennos,
371 3146 483 3181 ’κνίσην
493 3162 501 3176 ‚
512 3150 590 3176 quain
599 3140 679 3168 etiam
688 3137 784 3166 delerit
793 3138 875 3165 (ἔην,

1270 2784 1283 2808 5
1291 2795 1296 2800 .
1314 2778 1425 2807 Dcisceps
1435 2785 1497 2800 nune
1507 2777 1533 2800 de
1543 2776 1816 2809 conclus-'aneponemusJ
1837 2773 1892 2800 Pal.
1904 2780 1966 2799 tert.
1982 2773 2136 2805 conclufionem
2141 2777 2186 2803 po-

1232 2820 1311 2836 mmus
1325 2830 1332 2842 ,
1354 2818 1380 2836 ut
1391 2810 1533 2846 publicavit
1546 2811 1689 2837 Lambinus
1701 2830 1709 2842 ‚
1721 2810 1763 2836 sed
1773 2811 1885 2836 alterum
1897 2809 1973 2834 restat
1983 2808 2008 2834 in
2020 2806 2114 2833 ceteris
2126 2803 2184 2832 mis.

1232 2847 1316 2882 prima
1329 2856 1390 2872 iero
1399 2846 1482 2872 editio
1492 2846 1599 2882 prccfcrt
1611 2865 1619 2878 ,
1629 2848 1654 2872 de
1664 2848 1797 2879 cont-Iustam
1806 2847 1905 2872 dicemus
1917 2862 1926 2876 ,
1937 2852 1966 2870 ut
1978 2843 2080 2870 fortean
2090 2841 2187 2869 ultima

1232 2882 1278 2908 illa
1292 2891 1341 2908 vox
1352 2882 1409 2915 ejici
1419 2882 1513 2908 debeat
1525 2901 1532 2913 ,
1544 2890 1666 2917 tauquam
1678 2881 1816 2908 adscititia.

1268 2918 1296 2943 6.
1315 2919 1420 2950 'transire
1430 2920 1532 2943 breviter
1541 2917 1777 2951 aigumcniariones]
1798 2914 1920 2941 Placebat
1929 2912 2059 2943 Lambino
2070 2912 2184 2939 aliorum

1232 2954 1357 2987 trarql‘ss'cre
1365 2965 1372 2979 :
1382 2953 1423 2979 sed
1434 2961 1524 2979 contra
1534 2952 1694 2987 exemplaria
1707 2952 1805 2979 vetusta
1816 2962 1822 2976 z
1835 2960 1919 2985 neque
1931 2950 1997 2975 ratio
2007 2947 2130 2984 postulat.

1267 2996 1294 3023 7.
1314 2992 1348 3013 Et
1357 2990 1462 3014 reducere
1480 2991 1505 3016 in
1523 2988 1679 3021 memoriam]
1693 2986 1809 3014 Pal.1ec.
1819 2996 1848 3012 ac
1858 2992 1922 3013 tert.
1933 2985 2092 3011 redufiurum.
2112 2981 2184 3019 quod

1232 3033 1340 3050 mouere
1351 3024 1430 3051 viliim
1443 3024 1489 3050 est.

1268 3059 1295 3085 8.
1313 3061 1375 3085 Illud
1381 3060 1498 3085 docuimus
1510 3077 1517 3090 ,
1528 3060 1587 3084 illud
1590 3060 1690 3090 planum
1694 3057 1821 3091 ficimus]
1833 3057 1874 3083 Sic
1884 3056 1941 3082 Pal.
1951 3065 1992 3091 pr.
2000 3054 2088 3085 aesec.
2099 3062 2185 3089 neque

1231 3094 1317 3121 abibat
1329 3094 1474 3122 editionum
1485 3095 1570 3130 prima
1582 3114 1589 3125 ‚
1600 3094 1647 3120 nisi
1657 3093 1727 3131 quod
1738 3093 1844 3119 haberet
1855 3111 1864 3123 ‚
1874 3092 1933 3118 illud
1939 3093 2068 3124 docuimus,
2082 3091 2187 3122 hocpla-

1232 3132 1341 3166 nnmfic.
1364 3131 1485 3169 vulgata:
1497 3133 1620 3159 Donamus
1631 3131 1670 3158 hoc
1682 3149 1690 3163 ,
1700 3130 1759 3157 illud
1761 3132 1831 3162 plan.
1835 3129 1885 3165 sec.
2134 3162 2157 3185 P

2101 3169 2126 3188 ι.
2158 3168 2182 3187 er
