2379 3400
176 861 210 886 11

234 133 355 175 1270
630 109 696 156 Μ.
780 105 1143 151 Τσιιιι

228 194 350 236 longius
361 194 392 223 in
402 190 534 221 amicitia
541 186 677 229 prove&
689 183 794 219 essent,
804 193 906 216 tamen
917 184 990 225 saepe
1002 182 1182 218 labefaffliri,

231 236 252 266 fi
264 247 294 266 in
305 235 427 265 honoris
435 232 664 261 contentionem
677 225 865 258 incidissent:
886 235 1014 256 res-rem
1025 228 1108 256 enim
1121 234 1184 255 ma-

229 278 325 318 jorem
335 273 391 304 ess'e
402 273 515 302 nullam
527 272 558 300 in
568 270 711 300 amicitiis
722 288 731 302 ,
750 270 841 309 quarn
852 270 885 298 in
894 269 1042 309 plerisque
1050 276 1185 308 pecunia!

231 317 424 356 cupiditatem
437 324 442 342 2
455 316 488 343 in
507 314 632 351 optimis
649 311 818 352 quibusque
828 312 952 340 honoris
961 318 1129 341 certamen,
1151 309 1185 339 δε

229 359 339 399 gloriae:
352 365 391 386 ex
401 365 462 396 quo
472 355 651 384 inimicitias
663 354 812 382 maximas
821 352 893 391 saepe
905 352 984 381 iuter
993 349 1188 381 amiciffimos

231 396 381 429 exstitisse.
405 406 513 437 magna
524 397 608 425 enirn
619 393 756 427 discidia,
777 393 810 423 δε
819 392 1080 434 plerumquejusta
1093 391 1184 424 uasti,

229 441 300 470 cum
312 438 423 479 aliquid
434 438 470 467 ab
480 438 586 467 amicis
602 456 610 470 ‚
630 436 710 477 quod
721 434 837 465 reEI’um
850 445 913 464 non
925 433 994 465 effer
1005 454 1013 468 ‚
1024 433 1188 474 postulare-

231 491 294 511 tur:
315 489 345 510 ut
364 479 559 510 autlibidinis
570 477 701 508 ministri
711 497 719 511 ‚
736 486 785 507 aut
795 476 942 513 adjutores
951 475 1045 507 effent
1054 476 1091 506 ad
1103 476 1188 514 inju-

230 526 315 552 riam.
339 521 421 562 quod
434 523 486 562 qui
499 520 682 553 recusarent,
700 516 1105 560 quamvuhoneste'idfacerent
1118 537 1126 550 ,
1138 517 1188 555 jus

232 569 332 593 tamen
347 564 486 596 amicitia:
505 562 635 592 deserere
644 570 832 602 arguerentur
843 560 879 590 ab
888 562 935 593 iis,
945 560 1054 600 quibus
1066 558 1188 598 obsequi

233 605 353 635 nollent
369 615 374 633 :
390 604 459 634 illos
478 612 576 634 autem
589 622 597 636 ,
618 605 670 643 qui
688 602 808 643 quidvis
825 602 861 631 ab
869 611 969 631 amico
982 601 1123 631 auderent
1134 609 1190 639 po-

237 646 342 676 stulare
356 667 364 679 ‚
383 645 584 686 postulatione
602 645 662 684 ipsa
684 642 836 684 profiteri,
858 645 963 673 omnia
974 641 1190 674 seamicicausa

234 686 291 718 esse
311 687 453 718 faCturos.
474 696 579 717 corum
597 690 606 705 ¹
623 685 741 726 querela
752 687 911 715 inveterata
921 695 984 714 non
997 683 1092 714 modo
1100 682 1192 713 fami-

234 730 374 759 liaritates
385 728 537 770 exstingui
549 728 642 758 solere
657 747 664 761 ‚
678 727 726 757 sed
738 729 855 757 etiam·²
865 727 933 756 odia
942 728 1025 768 gigni
1038 727 1191 765 sempiter-

236 781 283 801 na.
308 773 380 801 Haec
399 772 438 800 ita
458 770 571 801 multa.
592 767 672 810 quasi
681 768 738 798 fata
750 789 758 802 ,
785 767 1110 808 impendeieamicu'i‘is
1123 786 1131 799 ‚
1159 774 1191 794 ut

236 814 341 842 omnia
352 811 553 853 subterfugere
565 821 628 841 non
644 810 738 840 modo
749 810 898 850 sapientiae
909 829 918 843 ‚
931 810 980 840 sed
993 811 1082 839 etiarn
1094 807 1192 838 felici-

237 856 304 884 tatis
314 854 422 884 diceret
432 852 485 883 sibi
495 852 600 882 videri.
620 851 827 894 Qamobrem
839 852 869 882 id
880 853 1011 891 primum
1024 850 1193 881 videamus,

237 894 257 924 fi
279 896 390 934 placet,
413 902 551 936 quatenus
564 898 576 921 3
587 904 665 923 amor
676 895 704 922 in
716 894 849 922 amicitia
855 892 978 933 progredi
989 891 1092 921 debeat.
1119 900 1193 920 num

237 935 258 966 fi
268 937 446 968 Coriolanus
457 936 560 967 habuit
569 939 684 966 amicos
700 955 709 969 ‚
729 935 804 964 ferre
815 943 916 965 contra
926 943 1046 974 patriam
1059 943 1139 964 arma
1151 933 1196 962 illi

236 988 307 1008 cum
319 979 481 1018 Coriolano
494 977 646 1007 debuere?
666 987 742 1007 num
752 976 953 1007 Viscellinum
967 977 1057 1006 amici
1070 983 1195 1016 regnum

238 1016 448 1059 appetentem,
462 1029 534 1049 num
546 1022 594 1059 Sp.
606 1019 742 1049 Maelium
758 1017 1034 1055 debueruntjuvare
1046 1020 1056 1046 ?
1067 1019 1117 1047 Ti.
1129 1017 1196 1056 qui·

240 1063 310 1091 dem
323 1063 489 1091 Gracchum
502 1070 596 1100 remp.
608 1069 768 1090 vexantem
781 1080 789 1094 ,
809 1060 824 1090 a
835 1061 893 1101 Q.
906 1059 1069 1089 Tuberone
1079 1078 1087 1091 ‚
1099 1067 1196 1098 aequa-

240 1103 375 1143 libusque
386 1104 491 1132 amicis
502 1101 678 1132 derelieium
690 1101 877 1132 videbamus.
890 1105 930 1131 At
944 1103 975 1131 C.
990 1098 1124 1133 moinus,
1137 1101 1197 1129 Cu-

242 1154 349 1174 manus
360 1164 368 1178 ‚
389 1144 495 1183 hospes
507 1143 631 1173 familiae
642 1142 743 1174 vestrae
759 1163 768 1176 ‚
780 1143 924 1177 Scaevola,
936 1141 1004 1172 cum
1016 1141 1051 1172 ad
1066 1151 1115 1170 mc
1126 1160 1133 1174 ,
1143 1141 1197 1180 qui

239 1185 357 1216 aderam
380 1186 493 1215 Laenati
512 1185 545 1215 &
563 1185 872 1225 Rupilioconsulibus
886 1186 917 1214 in
927 1182 1071 1216 consilio,
1095 1182 1198 1222 depre-

242 1237 340 1258 catum
354 1225 480 1256 venisset
489 1246 496 1259 ‚
511 1227 595 1260 hanc,
607 1236 638 1257 ut
649 1225 700 1256 fibi
712 1226 909 1267 ignoscerem,
922 1226 1037 1256 causam
1049 1222 1197 1256 afferebat,

240 1269 314 1310 quod
323 1269 402 1298 tanti
414 1269 459 1297 Ti.
471 1270 540 1297 Gra:
548 1267 742 1307 chumfeciffi’r
752 1287 760 1301 ,
775 1276 810 1296 ut
819 1288 827 1301 ‚
837 1267 979 1308 quidquid
987 1268 1030 1296 ille
1043 1266 1121 1295 vellet
1133 1263 1199 1305 ‚fibi

235 1311 533 1352 faciendumputaret.
557 1313 640 1339 Tum
652 1320 706 1350 ego
721 1330 730 1342 ,
749 1310 882 1341 Etiamne
894 1330 903 1342 ‚
919 1309 981 1349 fite
990 1309 1018 1336 in
1029 1310 1199 1348 Capitolium

237 1353 324 1390 faceu
336 1351 412 1390 serre
422 1353 524 1380 vellet?
545 1353 715 1392 Numquam
727 1371 735 1384 ,
756 1353 855 1392 inquit
866 1371 874 1384 ‚
896 1349 1062 1388 volutffetid
1074 1347 1198 1390 quidem.

239 1398 258 1419 4-
268 1393 336 1426 Sed,
352 1392 518 1433 fivolutffiir
530 1396 540 1422 ἓ
565 1392 728 1431 Paruiffiem.
751 1395 867 1423 Videtis
878 1412 887 1426 ‚
898 1392 987 1433 quam
1006 1391 1117 1422 nefaria
1127 1400 1198 1420 vox.

243 1435 276 1466 &
295 1435 394 1464 hercle
414 1436 453 1465 ita
471 1434 562 1469 fecit,
581 1435 629 1464 vel
648 1434 716 1475 plus
726 1435 817 1464 etiam
828 1435 917 1475 quam
930 1434 1017 1464 dixit.
1038 1441 1101 1462 non
1115 1434 1199 1462 enim

242 1478 342 1516 paruit
359 1476 413 1506 ille
435 1478 486 1506 Ti.
507 1477 636 1506 Gracchi
657 1477 836 1511 temeritati,
856 1475 905 1506 sed
925 1475 1058 1515 praefuit:
1081 1477 1094 1502 5
1106 1483 1159 1503 nec
1173 1473 1200 1503 se

243 1519 391 1547 comitem
413 1518 497 1547 illius
514 1517 625 1547 furoris
645 1537 653 1550 ,
678 1518 726 1548 sed
745 1518 853 1548 ducem
871 1517 1005 1557 praebuit.
1027 1519 1130 1555 Itaque
1149 1516 1202 1544 hac

245 1560 377 1588 amentia
389 1578 398 1591 ,
421 1558 583 1598 quaestione
604 1569 683 1588 nova
693 1561 863 1598 perterritus
874 1578 882 1592 .
904 1560 937 1588 in
949 1556 1047 1587 Asiam
1056 1556 1201 1596 profugit,

244 1599 283 1629 ad
303 1598 402 1629 hostes
420 1600 446 1628 se
458 1599 588 1629 contulit
598 1619 606 1632 ,
626 1609 729 1639 peenas
741 1602 816 1639 reip.
827 1601 941 1638 graveis
952 1618 961 1632 ,
978 1597 1125 1638 Justasque
1137 1607 1203 1636 per-

245 1641 346 1671 solvit.
371 1643 493 1670 NuLLA
514 1650 568 1670 nsr
581 1642 668 1682 igitur
679 1641 829 1671 excusatio
841 1642 950 1680 peccati
962 1660 971 1673 ,
992 1638 1111 1669 siamici
1122 1637 1204 1668 causa

247 1684 423 1722 peccaveris.
448 1692 517 1711 nam
529 1702 537 1714 ,
549 1681 619 1711 eum
632 1683 823 1712 conciliatrix
833 1683 972 1712 amicitiae
988 1701 996 1714 ,
1007 1681 1126 1711 virtutis
1137 1682 1202 1718 opi-

249 1725 301 1753 nio
312 1723 400 1753 fuerit
413 1743 420 1756 ‚
435 1722 559 1753 difficile
571 1722 612 1752 est
623 1725 787 1754 amicitiam
801 1733 932 1755 manere,
947 1722 967 1751 si
981 1723 996 1752 a
1006 1724 1112 1751 virtute
1122 1720 1203 1750 defe-

246 1767 329 1795 ceris.
360 1764 449 1804 Quod
469 1763 488 1793 s1
500 1764 615 1794 recium
627 1764 816 1795 statuerimus
827 1784 835 1798 ‚
856 1765 904 1794 vel
914 1763 1077 1793 concedere
1085 1763 1202 1794 amicis,

247 1806 394 1846 quidquid
415 1805 528 1839 velint,
555 1807 602 1835 vel
622 1807 779 1845 impetrare
797 1806 833 1835 ab
852 1807 888 1835 iis
897 1804 1045 1845 quidquid
1056 1804 1200 1836 velimus,

248 1848 263 1868 ⁶
276 1847 407 1887 perfecsta
417 1847 541 1887 quidem
552 1847 691 1887 sapientia
702 1848 765 1877 sum
772 1857 817 1880 us,
830 1845 850 1876 fi
860 1847 936 1876 nihil
949 1847 1051 1877 habeat
1061 1855 1105 1875 res
1115 1846 1181 1874 vitii
1197 1855 1202 1873 :

247 1889 295 1920 sed
307 1890 462 1929 loquimur
472 1888 508 1919 de
519 1890 556 1918 iis
565 1891 682 1922 amicis,
693 1891 821 1930 quiante
832 1888 937 1919 oculos
948 1889 1025 1921 sunt,
1036 1897 1111 1927 quos
1119 1885 1203 1916 vide—

247 1937 316 1961 inus
328 1950 336 1964 ,
349 1940 398 1961 aut
409 1930 445 1960 de
455 1931 564 1971 quibus
575 1934 755 1961 memoriam
767 1932 935 1970 accepimus
946 1949 954 1964 ,
967 1938 1016 1959 aut
1025 1938 1103 1969 quos
1116 1930 1203 1957 novit

246 1982 307 2002 vita
329 1973 517 2002 communis.
541 1982 578 2002 ex
598 1973 656 2002 hoc
667 1982 794 2002 numero
809 1972 896 2001 nobis
907 1971 1046 2010 exempla
1058 1969 1201 2000 sumenda

247 2014 316 2044 sunt
328 2024 333 2042 2
344 2013 376 2044 δε
389 2024 495 2043 eorum
505 2014 629 2054 quidem
640 2014 788 2047 maxime,
799 2015 850 2054 qui
860 2013 896 2043 ad
907 2014 1083 2052 sapientiam
1098 2013 1202 2051 proxi-

249 2058 301 2085 me
309 2055 461 2086 accedunt.
483 2060 497 2084 7
514 2055 661 2085 Videmus
672 2058 786 2095 Papum
798 2055 961 2085 AEmilium
972 2056 1005 2085 C.
1020 2053 1152 2084 Luscino
1160 2051 1202 2082 fa—

289 2173 312 2190 1.
331 2166 433 2197 Qerela
450 2168 589 2190 inveterata
601 2183 609 2196 ‚
627 2173 671 2190 nim
691 2165 752 2189 moeso
766 2165 958 2197 familiaritates
976 2162 1124 2196 exstingui]
1145 2163 1209 2188 Non

249 2199 371 2235 displicet
383 2201 427 2226 Pal
435 2220 440 2226 .
451 2200 500 2226 sec.
511 2203 661 2225 inveteratas
671 2209 716 2225 mn
726 2200 859 2234 modofani,
869 2201 920 2230 εἴγε.

287 2245 316 2262 2.
336 2237 395 2262 Odia
416 2239 477 2269 gigni
489 2235 663 2269 sempiterna]
682 2236 724 2261 Sic
737 2236 803 2261 Pali.
814 2235 869 2261 sex.
882 2234 915 2260 sic
926 2234 1021 2270 viginti
1031 2234 1134 2269 aliquot
1146 2232 1210 2259 Aldi

250 2272 367 2308 Nepotis
380 2291 387 2304 ‚
397 2272 430 2298 sic
440 2271 500 2298 edd.
511 2281 620 2298 avorum
632 2290 641 2303 ,
652 2270 732 2307 usque
742 2271 774 2297 ad
785 2271 998 2297 Camerarianam
1012 2290 1020 2302 ,
1040 2279 1097 2306 quae
1106 2269 1211 2296 admisit

253 2316 380 2342 praeterea
391 2327 399 2340 ,
410 2311 474 2341 gigni
491 2310 597 2334 maxima
606 2316 679 2341 atque
692 2308 846 2340 fimpitcrna.
868 2307 1091 2341 reperiunturque
1102 2305 1208 2341 quidem

253 2344 280 2370 iii
292 2344 394 2379 aliquot
415 2343 471 2370 mff.
483 2342 524 2369 sed
538 2343 606 2369 male
619 2362 627 2375 ,
647 2352 706 2369 meo
725 2342 832 2378 quidem
848 2342 951 2377 judicio
964 2361 972 2375 ‚
991 2342 1112 2377 quamvis
1127 2351 1210 2377 neque

253 2378 422 2415 displicerent
439 2379 598 2405 Gulielmio.
791 2384 793 2387 ’

293 2424 318 2451 3.
338 2420 422 2443 eAmor
438 2417 466 2441 in
475 2418 583 2441 amicitia
600 2414 728 2448 progredi]
750 2414 817 2441 Pall.
829 2414 908 2450 prim.
928 2413 1032 2440 secund.
1045 2413 1132 2449 quint.
1147 2415 1210 2439 ami-

254 2455 348 2477 cm'am.
781 2472 784 2473 ν

291 2495 319 2519 4.
339 2488 420 2520 sedfi
435 2487 563 2519 volmffit?
586 2487 752 2520 Parmffem]
782 2485 882 2512 Immisi
901 2485 1138 2519 interrogationem
1152 2503 1160 2515 ‚
1181 2491 1210 2510 ut

255 2522 344 2558 priora
358 2523 406 2549 sint
419 2523 493 2549 Laelii
506 2541 514 2554 ‚
534 2521 630 2548 ultima
638 2522 728 2549 Bloffii
742 2541 749 2553 ‚
769 2521 992 2558 quemadmodum
1008 2520 1060 2546 fuit
1070 2520 1094 2546 in
1107 2521 1210 2555 aliquot

257 2557 315 2584 mss.
328 2557 391 2584 Aldi
402 2559 527 2594 Nepotis.
548 2560 575 2583 ἔκ*
587 2557 735 2584 vcrolimile
745 2557 787 2590 fit,
798 2558 870 2584 ultro
881 2557 933 2584 tale
944 2557 1010 2584 nihil
1021 2555 1155 2588 extulisse,
1167 2555 1209 2582 scd

258 2594 471 2629 interrogatione
481 2593 602 2620 maecum
609 2614 614 2619 .

294 2638 319 2662 5.
339 2634 387 2656 Nec
399 2631 424 2663 se
436 2630 634 2663 comitemsuivris
650 2630 741 2664 illim]
762 2629 826 2656 Non
837 2628 947 2656 absurde
967 2628 1071 2664 proi-sus
1092 2627 1151 2655 Pal.
1160 2627 1210 2655 sec.

257 2667 415 2699 illim-furori.

296 2703 324 2726 6.
333 2703 450 2735 sPerfeHa
459 2701 549 2735 quidem
552 2701 673 2734 sapientia
677 2701 761 2734 fiamus·
772 2719 780 2731 ‚
793 2702 815 2734 si
822 2702 884 2726 nihil
891 2702 977 2726 haheat
987 2709 1024 2725 rcs
1033 2702 1092 2725 virli
1098 2700 1117 2733 ]
1139 2701 1212 2726 Can-

260 2742 332 2762 terus
351 2737 396 2762 lib.
409 2747 464 2763 vii.
477 2738 582 2763 Novar.
602 2736 731 2771 lefhcap.
746 2744 786 2769 14.
806 2737 872 2771 legit
891 2735 967 2762 valde
987 2735 1159 2771 probabiliter
1172 2737 1215 2769 ,fi

254 2773 340 2804 fimus,
351 2774 515 2798 iiiiillhabeat.
535 2771 616 2807 idque
626 2772 705 2798 secuti
717 2771 776 2798 sunt
787 2772 916 2799 Sust'ri'dus
928 2781 956 2798 ac
968 2771 1111 2798 Lambinus
1123 2781 1131 2802 3
1144 2772 1212 2797 arri-

256 2806 389 2841 ·debatquc
401 2808 547 2834 Gnlielniio
560 2827 567 2839 ,
580 2807 620 2834 led
632 2816 723 2834 contra
734 2817 826 2834 omnes
838 2808 894 2834 mss‘.
907 2815 995 2834 tamen
1008 2817 1016 2838 3
1038 2817 1103 2843 quon
1114 2816 1210 2843 propu-

260 2850 326 2877 gnat
339 2843 422 2869 Aldus
433 2844 535 2878 Nepos.
665 2847 668 2850 ’

298 2885 325 2910 7.
345 2878 449 2903 Wdcmm
465 2883 557 2911 ‘Papum
575 2880 748 2913 flatilium]
770 2879 905 2914 Rogerius
925 2878 1038 2906 malebat
1057 2877 1123 2906 istud
1142 2883 1152 2905 1
1158 2879 1213 2904 'ide-

263 2922 335 2952 γεω]
355 2912 433 2946 idque
452 2915 536 2940 statim
556 2915 667 2950 arripuit
680 2915 823 2941 Lambinus
835 2934 843 2946 ,
863 2924 948 2950 neque
966 2914 999 2941 ab
1017 2924 1048 2941 eo
1057 2914 1213 2941 abhorrebat

262 2948 424 2988 Gulielmius
438 2968 444 2988 3
464 2950 581 2984 quamvis
602 2951 765 2977 contrairent
783 2961 855 2977 omn.
875 2951 935 2976 libri
949 2960 957 2981 3
987 2951 1013 2977 iii
1032 2950 1126 2985 quibus
1147 2951 1213 2976 mdi-

259 2993 325 3045 ΞΜ.
346 2993 444 3019 requiri
455 2986 566 3010 alterum
576 2985 642 3011 bene
652 2986 765 3013 ostendit
776 2987 910 3022 Rogerius
923 3005 931 3018 ‚
951 2996 1002 3013 uon
1015 2996 1066 3014 uno
1077 2986 1215 3013 Ciceronis

293 3028 334 3045 co.

299 3055 326 3081 8.
345 3056 401 3080 Tim
410 3054 439 3084 ὁ]
448 3064 498 3080 cum
508 3055 568 3088 hin]
590 3056 632 3080 Sic
642 3065 732 3083 omncs
743 3058 883 3084 Gulielmii
895 3057 973 3084 codd.
993 3067 1077 3093 neque
1096 3056 1215 3084 dissentit

261 3090 332 3116 ullus
343 3090 536 3124 Palatium-uni.
558 3090 628 3124 prius
639 3092 763 3126 impressi,
774 3101 823 3118 tum
832 3102 903 3118 emim
913 3103 965 3119 cum
974 3094 1019 3119 his.
1040 3093 1110 3129 quod
1122 3093 1214 3119 eodem

261 3126 369 3162 quidem
381 3126 461 3154 redit.
476 3125 518 3154 scd
528 3134 578 3152 cui·
590 3125 705 3165 feramus
715 3128 815 3163 aliquid
824 3129 976 3157 audior-ibus
987 3128 1047 3157 addi
1059 3139 1110 3157 uon
1121 3128 1146 3156 su
1152 3139 1195 3158 uui
1206 3131 1216 3157 ?

1223 105 1766 151 Crcsskouxs

1228 185 1378 216 miliarem
1390 182 1476 214 fuisse
1487 182 1537 222 (fic
1546 183 1561 214 a
1570 183 1701 224 pati-ibus
1711 184 1888 224 accepimus)
1894 185 1946 216 bis
1957 184 2016 217 una
2026 195 2083 217 con
2089 185 2105 216 s
2101 185 2176 219 ules,

1231 227 1263 257 &
1281 226 1409 269 collegas
1427 228 1458 256 in
1478 225 1617 256 censura:
1635 220 1651 245 ⁸
1665 225 1916 260 tum&cumiis,
1938 228 2094 259 &inter-se
2103 237 2180 257 con-

1225 267 1428 308 junffiffimos
1438 266 1524 297 fuisse
1535 286 1543 300 ‚
1556 270 1599 297 M.
1611 268 1735 297 Curium
1747 286 1756 299 ‚
1769 267 1802 297 &
1813 270 1851 298 T.
1867 270 2102 302 Coruncanium,
2115 278 2181 299 me-

1230 312 1334 341 moriae
1352 308 1506 349 proditum
1516 308 1567 339 est.
1588 310 1677 348 igitur
1685 318 1723 338 ne
1733 308 1871 348 suspicari
1879 309 2001 349 quidem
2011 309 2180 350 postumus,

1230 361 1413 392 quemquam
1436 352 1545 381 horum
1557 350 1594 380 ab
1603 351 1704 380 amico
1711 351 1866 390 quippiam
1876 350 2060 382 contendisse
2070 372 2079 386 ,
2098 352 2182 393 quod

1228 402 1333 424 contra
1353 392 1443 423 fidem
1466 412 1474 425 ‚
1493 401 1596 423 contra
1610 391 1820 432 jusjurandum
1842 409 1850 425 ‚
1870 400 1972 422 contra
1989 402 2082 432 remp.
2101 392 2182 423 efl'et.

1231 445 1300 465 nam
1323 436 1381 464 hoc
1397 434 1521 475 quidem
1540 435 1572 463 in
1595 433 1704 463 talibus
1720 434 1794 462 viris
1811 432 1886 474 quid
1904 435 2009 463 attinet
2027 434 2144 464 dicere?
2158 434 2186 480 fi

1231 475 1405 514 contendzffitt
1416 496 1425 508 ,
1443 476 1501 515 scio
1512 476 1717 516 imperaturum
1726 473 1867 514 nonfuiffi
1875 485 1885 508 ·‚
1908 473 1978 504 cum
1989 474 2033 504 illi
2047 475 2184 505 sanciiffi·

1234 520 1278 548 mi
1296 519 1353 548 viri
1363 518 1476 547 fuerint
1489 528 1494 545 2
1510 526 1609 556 AEQE
1621 525 1720 546 autern
1734 516 1816 546 nefas
1826 515 1931 549 sit,tale
1941 516 2053 556 aliquid
2064 516 2096 546 &
2108 516 2185 547 facc-

1232 570 1262 589 re
1274 568 1408 600 rogatum
1417 579 1431 592 ‚
1445 559 1477 588 &
1486 568 1594 599 rogare.
1620 561 1658 588 At
1668 557 1740 587 vero
1751 559 1800 587 Ti.
1812 558 1980 588 Gracchum
1993 557 2185 597 sequebantur

1233 604 1265 631 C.
1277 601 1374 631 Carbo
1388 621 1396 633 ‚
1412 602 1447 630 C.
1458 602 1531 630 Cato
1541 619 1548 633 ,
1561 604 1576 626 9
1588 600 1621 630 &
1636 601 1786 629 minimus
1796 607 1860 628 tum
1869 598 1993 639 quidem
2004 600 2094 633 Caius
2102 598 2187 629 frater

1233 652 1314 672 nunc
1324 642 1405 672 idem
1415 644 1585 672 acerrimus.
1609 643 1681 671 Haec
1690 642 1779 681 igitur
1788 641 1838 670 lex
1849 642 1880 670 in
1890 642 2019 670 amicitia
2031 640 2183 673 sanciatur,

1236 693 1267 714 ut
1279 694 1375 725 neque
1386 693 1525 723 rogemus
1536 692 1580 712 res
1591 685 1715 723 turpeis‚
1729 692 1785 712 nec
1793 681 1935 711 faciamus
1944 683 2047 722 rogati.
2068 690 2188 711 ruurxs

1237 727 1321 756 enim
1336 726 1487 756 excusatio
1497 724 1539 754 est
1552 744 1560 758 ‚
1572 724 1604 754 &
1616 723 1746 754 minime
1757 723 1926 763 accipienda
1938 742 1946 756 ‚
1959 724 2029 753 cum
2041 725 2072 752 in
2085 724 2189 753 ceteris

1235 768 1360 808 peccatis
1374 787 1383 801 ‚
1404 775 1469 797 tum
1490 764 1509 795 fi
1519 767 1586 806 quis
1599 774 1703 796 contra
1714 766 1849 804 rempub.
1862 765 1889 794 se
1900 767 1988 794 amici
1999 765 2080 795 causa
2092 762 2191 795 feciss‘e

1233 809 1366 839 fateatur.
1390 808 1512 839 Etenim
1531 818 1568 838 eo
1583 808 1669 839 loco,
1681 809 1776 836 Fanni
1791 826 1800 839 ‚
1824 806 2016 839 &Scaevola,
2043 807 2129 836 locati
2141 806 2190 836 su-

1237 861 1304 881 mus
1316 871 1325 883 ,
1345 859 1378 880 ut
1397 860 1454 880 nos
1477 850 1567 891 longe
1580 849 1748 889 prospicere
1757 857 1892 888 oporteat
1903 847 2107 878 futui-oscasus
2115 849 2188 887 reip.

1236 901 1402 922 οεηεκιτ
1413 894 1495 922 enim
1508 892 1571 929 jam
1581 890 1799 931 aliquantulum
1810 889 1846 919 de
1859 890 1953 929 spatio
1965 910 1973 923 ,
1985 890 2192 930 curriculoque

1236 933 1425 965 consuetudo
1444 933 1606 972 majorum.
1626 935 1666 963 T.
1689 933 1841 962 Gracchus
1851 941 1976 973 regnum
1987 941 2130 971 occupare
2138 940 2191 960 co-

1238 985 1324 1006 natus
1347 975 1409 1008 est,
1428 975 1477 1005 vel
1497 975 1629 1015 regnavit
1648 975 1673 1003 is
1691 973 1815 1014 quidem
1834 982 1942 1012 paucos
1954 974 2080 1003 menses.
2104 975 2191 1002 Num

1238 1016 1310 1058 quid
1326 1015 1423 1046 simile
1433 1026 1501 1056 pop·
1515 1019 1554 1046 R.
1568 1015 1709 1049 audierat,
1722 1024 1771 1044 aut
1781 1014 1909 1044 viderat:
1926 1017 2017 1045 Hunc
2025 1015 2114 1044 etiam
2125 1013 2192 1054 post

1239 1067 1371 1088 mortem
1384 1058 1474 1088 secuti
1489 1060 1590 1091 amici,
1603 1057 1635 1087 &
1646 1057 1824 1096 propinqui,
1835 1056 1907 1096 quid
1922 1058 1954 1085 in
1967 1059 1998 1087 Ρ.
2018 1058 2192 1096 Scipionem

1239 1098 1415 1133 effecerint,
1436 1098 1495 1129 fine
1515 1099 1675 1139 lachrymis
1696 1108 1760 1128 non
1778 1107 1857 1138 queo
1877 1097 1984 1132 dicere.
2004 1108 2071 1128 nam
2082 1097 2193 1127 Carbo-

1240 1151 1312 1171 nem
1334 1151 1458 1182 quoquo
1479 1141 1573 1170 modo
1581 1141 1734 1180 potuimus
1746 1159 1754 1172 ‚
1779 1148 1897 1180 propter
1911 1148 2060 1169 recentem
2071 1147 2192 1178 poenam

1241 1186 1281 1213 T.
1292 1184 1428 1215 Gracchi.
1442 1182 1647 1213 sustinuimus.
1673 1184 1718 1211 De
1729 1183 1766 1211 C.
1782 1182 1907 1211 Gracchi
1918 1189 2016 1211 autem
2028 1181 2191 1212 tribunatu.

1241 1224 1313 1265 quid
1326 1224 1508 1264 exspeRem,
1527 1234 1590 1254 non
1601 1223 1674 1254 libet
1683 1224 1827 1263 augurari.
1844 1223 1931 1263 serpit
1939 1222 2049 1252 deinde
2058 1231 2103 1251 res
2114 1232 2119 1250 τ
2129 1231 2195 1262 quae

1241 1266 1404 1307 proclivius
1414 1266 1448 1296 ad
1459 1267 1623 1306 perniciem
1633 1284 1641 1299 ‚
1655 1264 1725 1295 cum
1737 1265 1828 1294 semel
1839 1267 1930 1304 coep'it
1942 1283 1950 1298 ,
1964 1264 2079 1294 labitur.
2100 1263 2194 1293 Vide-

1243 1310 1282 1339 tis
1293 1310 1324 1338 in
1336 1307 1440 1338 tabella
1449 1309 1507 1345 jam
1520 1307 1587 1338 ante
1597 1317 1706 1348 quanta
1718 1304 1749 1335 sit
1758 1305 1833 1336 facil-a
1843 1306 1921 1335 labes
1937 1325 1945 1339 ,
1957 1304 2057 1345 primo
2066 1305 2194 1336 Gabinia

1241 1350 1304 1390 lege
1317 1369 1326 1382 ,
1341 1349 1468 1379 biennio
1478 1358 1576 1379 autem
1587 1348 1665 1389 post,
1677 1346 1776 1379 Caffia.
1795 1351 1907 1377 Vinea
1914 1348 1999 1386 i-:jam
2008 1346 2101 1376 videor
2112 1349 2196 1388 '0170-

1240 1392 1344 1433 pulum
1362 1387 1379 1419 t‘z
1394 1392 1498 1431 senatu
1516 1389 1686 1430 disjunc‘tum
1705 1409 1714 1423 ,
1745 1389 1994 1429 multitudim'fiyue
2010 1388 2128 1417 arbitrio
2154 1397 2195 1417 rec

1241 1434 1381 1462 maximas
1394 1433 1451 1473 agi.
1468 1432 1559 1474 plures
1577 1433 1650 1461 emm
1666 1432 1788 1471 distent,
1807 1430 2039 1472 quemadmodum
2049 1429 2192 1468 hastam,

1241 1485 1330 1516 quam
1340 1474 1572 1515 quemadmodum
1581 1474 1624 1502 his
1632 1473 1777 1513 resistatur.
1803 1473 1954 1513 (Qorsum
1965 1473 2027 1501 haec
2037 1474 2047 1499 ?
2063 1472 2133 1510 quia
2137 1470 2195 1510 fine

1239 1516 1316 1555 chiu
1327 1526 1419 1545 nemo
1429 1516 1592 1555 quidquam
1603 1515 1659 1544 talc
1669 1523 1801 1544 conatur.
1814 1512 2047 1552 Praecipiendum
2057 1511 2099 1542 est
2107 1515 2196 1551 igitur

1244 1557 1334 1586 bonis
1345 1576 1353 1589 ,
1374 1565 1407 1586 ut
1421 1575 1430 1588 ‚
1443 1555 1462 1584 si
1472 1559 1504 1585 in
1515 1555 1665 1594 ejusmodi
1674 1557 1818 1584 amicitias
1831 1556 1922 1593 ignari
1931 1554 1996 1583 casu
2005 1553 2106 1593 aliquo
2117 1554 2197 1582 inci-

1242 1598 1352 1630 derint,
1364 1607 1396 1626 ne
1405 1595 1562 1632 existiment
1571 1617 1579 1630 ,
1593 1597 1673 1635 irase
1684 1597 1823 1636 alligatos,
1834 1603 1867 1624 ut
1882 1595 1918 1623 ab
1929 1595 2023 1624 amicis
2033 1614 2041 1628 ‚
2054 1597 2080 1614 Μ
2093 1595 2121 1622 in
2130 1603 2194 1623 ma-

1239 1649 1329 1679 gnam
1338 1638 1468 1679 aliquam
1478 1648 1536 1667 rem
1541 1636 1719 1678 peccantibus
1728 1657 1737 1671 ,
1757 1648 1807 1666 non
1818 1637 1955 1676 discedant
1965 1647 1976 1663 :
1989 1635 2133 1676 improbis
2143 1645 2195 1665 au-

1245 1690 1305 1710 tem
1326 1690 1415 1720 poena
1435 1679 1587 1709 statuenda
1602 1679 1661 1709 est:
1679 1688 1735 1708 nec
1744 1678 1818 1708 verb
1829 1681 1932 1707 minor
1942 1680 1978 1707 iis
1990 1696 1998 1710 ‚
2019 1680 2071 1717 qui
2082 1678 2197 1717 sequuti

1245 1731 1331 1751 erunt
1349 1721 1474 1750 alterurn
1489 1740 1497 1754 ,
1518 1729 1608 1760 quam
1628 1722 1683 1752 iis,
1706 1724 1758 1760 qui
1770 1718 1821 1759 ipsi
1830 1718 1940 1749 fuerint
1951 1719 2101 1759 impietaru
2109 1722 2196 1747 duces.

1244 1764 1320 1801 Quis
1338 1763 1443 1792 clarior
1466 1763 1498 1791 in
1509 1763 1621 1791 Graecia
1633 1760 1860 1791 Themistocle?
1877 1762 1945 1801 quis
1955 1761 2128 1798 potentior?
2145 1761 2199 1799 qui.

1245 1803 1316 1834 cum
1341 1806 1503 1844 imperator
1512 1803 1594 1832 bello
1605 1801 1718 1833 Persico
1733 1803 1871 1832 servitute
1883 1803 2028 1832 Graeciam
2039 1800 2197 1834 liberasset,

1245 1854 1425 1885 propterque
1437 1844 1585 1874 invidiam
1601 1847 1634 1874 in
1643 1843 1782 1874 exsilium
1793 1842 1898 1873 miffus
1908 1841 1979 1872 effet
1991 1863 2000 1876 ‚
2019 1844 2136 1883 ingratae
2147 1851 2198 1882 pa-

1248 1888 1314 1917 triae
1332 1888 1474 1925 injuriam
1488 1896 1550 1916 non
1563 1886 1653 1919 tulit,
1672 1895 1760 1927 quam
1770 1885 1845 1925 ferre
1861 1884 1978 1914 debuit:
1999 1887 2027 1905 ¹²
2037 1883 2198 1914 fecitidem

1246 1927 1327 1969 quod
1346 1938 1402 1958 xx.
1412 1928 1499 1958 annis
1508 1927 1576 1958 ante
1586 1927 1664 1967 apud
1674 1937 1730 1957 nos
1739 1928 1847 1957 iecerat
1856 1927 2046 1956 Coriolanus.
2068 1935 2090 1955 11
2098 1935 2127 1955 ιε
2139 1934 2200 1955 Ao-

1245 1979 1348 2008 Juroa
1366 1980 1469 2000 conti-a
1483 1979 1610 2009 patriam
1631 1970 1775 1999 inventus
1785 1967 1826 1998 est
1836 1978 1939 1998 nemo.
1963 1969 2058 2008 itaque
2068 1976 2201 1997 mortem

1245 2011 1297 2041 sibi
1309 2021 1431 2052 uterque
1441 2011 1598 2048 conscivit.
1610 2014 1707 2049 Quare
1719 2012 1783 2041 talis
1793 2008 1976 2051 improborum
1986 2008 2125 2049 confienfio,
2137 2018 2202 2038 non

1245 2053 1341 2084 modo
1361 2053 1552 2084 excusatione
1575 2054 1718 2083 amicitia:
1737 2053 1861 2093 tegenda
1884 2061 1948 2082 non
1958 2050 2020 2085 est,
2039 2051 2088 2081 sed
2098 2048 2202 2090 potius

2113 2100 2201 2122 omm

1288 2170 1315 2197 9.
1337 2165 1372 2188 Er
1380 2165 1491 2189 minirum
1500 2170 1550 2187 rum
1559 2162 1650 2195 quidem
1658 2165 1686 2187 C.
1691 2162 1771 2194 frater
1781 2179 1790 2192 ‚
1807 2170 1871 2186 nunc
1888 2161 1949 2186 idem
1959 2160 2116 2194 acerrimum]
2136 2158 2204 2186 Vuli-

1252 2199 1306 2233 gati
1319 2199 1402 2234 prius,
1419 2200 1523 2230 minimi,
1532 2200 1587 2224 item
1596 2200 1727 2223 acerrimus·
1734 2197 1800 2229 hostis
1808 2207 1816 2221 :
1835 2196 1935 2222 Verum
1946 2195 2110 2222 Mauriciana
2119 2195 2205 2222 isthaec

1231 2258 1233 2269 4
1254 2234 1336 2260 lectio
1346 2233 1478 2270 perspicue
1489 2235 1524 2261 est
1536 2242 1596 2260 vera
1607 2252 1615 2265 ,
1631 2233 1647 2259 si
1658 2232 1721 2268 quid
1729 2232 1842 2266 judicio,
1852 2232 1906 2268 post
1917 2232 2012 2258 caedem
2025 2231 2115 2258 fratris
2126 2240 2204 2269 agra-

1253 2270 1319 2296 riam
1339 2270 1426 2305 legem
1440 2269 1549 2304 jaEtasse
1577 2271 1611 2296 C.
1629 2269 1778 2295 Gracchum
1790 2288 1799 2301 ‚
1819 2267 1935 2303 locuples
1954 2267 2047 2294 aii-stoi·
2068 2268 2205 2303 Appianas

1253 2306 1300 2332 lib.
1315 2315 1337 2332 1.
1357 2305 1571 2332 belrcivilium:
1590 2314 1637 2339 nec
1655 2303 1785 2330 diffitetur
1806 2304 1943 2338 Langius5
1964 2313 2041 2339 quem
2055 2311 2204 2330 tamennon

1248 2341 1325 2376 juvat
1338 2362 1346 2374 ,
1365 2341 1436 2378 quod
1448 2351 1498 2368 non
1506 2340 1697 2377 perseveravit.
1715 2340 1764 2365 hoc
1772 2340 1841 2366 enim
1854 2340 1889 2366 est
1900 2349 1945 2366 cui·
1957 2339 2055 2365 Laelius
2065 2348 2123 2366 eum
2135 2337 2207 2365 dicat

1253 2378 1392 2404 minimum
1412 2387 1503 2404 eorum
1515 2378 1561 2413 qui
1571 2376 1719 2403 Gracchum
1730 2375 1810 2402 secuti
1821 2376 1879 2402 sunt
1891 2395 1899 2407 ,
1911 2376 1959 2401 lioc
1969 2375 2004 2401 est
2015 2395 2023 2407 ‚
2034 2374 2206 2406 leniffimum,

1254 2414 1362 2440 minime
1375 2414 1556 2439 vehementem
1569 2423 1575 2439 :
1590 2415 1617 2439 8<
1628 2412 1710 2447 potest
1719 2411 1750 2437 ad
1760 2418 1864 2438 :etatem
1877 2410 2022 2447 respexisse.
2036 2412 2128 2437 verum
2140 2410 2208 2437 illud

1254 2450 1336 2485 magis
1347 2449 1441 2485 probat
1453 2469 1461 2481 ‚
1480 2449 1549 2482 quod
1560 2448 1652 2482 adjicit
1663 2467 1671 2480 .,
1690 2457 1751 2473 nnnc
1769 2448 1828 2473 iei'em
1846 2450 1989 2473 acerrimus.
2010 2447 2106 2481 Langii
2127 2446 2208 2473 Ιεξὶίο

1253 2493 1320 2517 erat,
1330 2487 1359 2516 (If
1369 2486 1461 2510 minim&
1471 2493 1530 2511 tunc
1538 2485 1629 2518 quidrm
1639 2496 1647 2516 ‚-
1667 2492 1742 2519 quam
1756 2484 1783 2509 &
1794 2482 1846 2519 ipse
1864 2483 1890 2509 in
1902 2481 2004 2509 duobus
2016 2482 2089 2509 libris
2102 2482 2186 2518 reperi
2197 2491 2204 2509 :

1254 2521 1296 2547 scd
1310 2522 1396 2548 minus
1407 2521 1501 2557 probo,
1513 2528 1542 2547 ut
1554 2520 1681 2547 liistor'icae
1693 2519 1799 2545 veritati
1811 2525 2001 2555 repugnantem
2011 2539 2016 2544 .
2038 2519 2092 2544 liaec
2101 2517 2208 2544 Guliel-

1255 2558 1322 2584 mius
1334 2577 1342 2589 ,
1362 2557 1436 2591 cujus
1449 2557 1578 2582 voluntati
1592 2556 1650 2582 heic
1669 2555 1805 2581 obsecutus
1816 2554 1870 2580 sum
1883 2574 1891 2586 ,
1911 2553 2050 2581 retinendo
2060 2553 2126 2580 illud
2137 2555 2209 2579 mini-

1253 2604 1320 2625 mus‚·
1342 2595 1404 2619 cum
1423 2592 1541 2627 alioquin
1561 2592 1631 2618 inter
1641 2601 1732 2617 omncs
1744 2591 1850 2617 criticos
1871 2591 2001 2617 constaret
2013 2609 2022 2622 ‚
2041 2590 2128 2616 locum
2139 2589 2208 2615 hunc

1253 2630 1363 2656 minime
1374 2628 1473 2655 linium.
1492 2628 1519 2654 &
1530 2629 1557 2654 in
1569 2628 1677 2663 reliquis
1688 2627 1841 2654 conveniret
1850 2626 1874 2653 ci
1894 2636 1953 2652 cum
1965 2625 2032 2652 Pau.
2043 2632 2205 2652 ceterorum-

1253 2675 1304 2701 que
1315 2665 1427 2699 scriptis.
2112 2693 2116 2696 ξ

1293 2710 1334 2728 ιο.
1354 2703 1467 2734 Populum
1477 2699 1492 2724 ἡ
1500 2704 1590 2726 senam
1600 2697 1767 2732 dii-junffum]
1780 2699 1823 2725 Sic
1834 2697 1913 2725 nostri
1927 2697 1984 2724 inss'.
1994 2694 2205 2732 expresseratque

1253 2737 1325 2772 prius·
1336 2737 1419 2763 editio
1429 2736 1554 2761 Vieiorii.
1575 2735 1709 2761 Palatinus
1720 2734 1803 2760 solum
1814 2733 1864 2760 sec.
1874 2733 1951 2760 habet
1961 2733 2077 2766 divuh‘iem
2087 2750 2095 2763 ‚
2116 2739 2205 2757 vocem

1254 2772 1377 2808 profeEto
1390 2772 1499 2798 mininie
1511 2772 1623 2807 ineptam
1636 2771 1695 2796 liuic
1705 2770 1775 2796 loco.

1295 2818 1334 2834 11.
1353 2811 1382 2834 In
1393 2816 1500 2840 magnam
1513 2809 1620 2841 aliquam
1639 2816 1686 2831 rem
1700 2805 1879 2839 peccantum]
1899 2806 1938 2831 Ita
1948 2802 2056 2829 omnino
2066 2801 2207 2836 legendum

1256 2853 1316 2870 cum
1328 2843 1481 2870 weronam
1492 2842 1521 2868 ed
1545 2850 1591 2868 aut
1603 2845 1628 2867 in
1639 2852 1686 2867 rem
1695 2844 1816 2875 publicam
1829 2842 1997 2874 peccantibu55
2018 2836 2151 2872 quomodo
2161 2834 2209 2868 est,

1256 2881 1281 2906 in
1294 2880 1350 2906 Pal.
1362 2880 1411 2905 sec.
1421 2888 1449 2905 ac
1460 2886 1548 2914 quart.
1562 2887 1620 2904 iiam
1633 2885 1748 2913 quatuor
1758 2877 1839 2902 ceteri
1852 2895 1860 2907 ‚
1879 2879 1905 2901 in
1915 2883 2022 2906 magnam
2031 2875 2136 2906 aliquam
2149 2883 2212 2898 rem-

1252 2918 1391 2948 puhhpecc.
1411 2915 1519 2950 Vulgati
1529 2913 1733 2948 adluncamplius
1746 2931 1754 2944 ,
1771 2915 1798 2937 in
1810 2920 1895 2944 magna
1908 2912 1989 2943 aliqua
2009 2918 2033 2934 re
2051 2912 2076 2934 in
2096 2910 2208 2942 rempubl.

1253 2953 1417 2984 peccantibus.
1754 2977 1756 2980 .
1787 2975 1791 2980 .

1298 2996 1339 3013 η.
1359 2990 1422 3012 Fecit
1439 2986 1497 3012 idem
1516 2986 1577 3019 qnod
1593 2994 1640 3011 xx.
1651 2983 1720 3009 annis
1737 2988 1792 3006 ante
1808 2981 1874 3013 apud
1890 2989 1931 3006 κω·
1942 2980 2213 3041 fecerachriolamua

1259 3023 1374 3049 Verbum
1390 3025 1482 3055 fecerat
1493 3040 1501 3052 ‚
1524 3020 1626 3046 videtur
1641 3017 1780 3044 delendum
1794 3026 1801 3045 ς
1822 3020 1893 3042 certi.-
1906 3025 1955 3042 uon
1968 3016 2003 3042 est
2013 3016 2038 3041 in
2052 3016 2107 3041 l’al.
2119 3025 2158 3052 pr.
2169 3015 2192 3042 se

1260 3068 1307 3085 nec
1324 3059 1385 3084 Idem
1405 3063 1540 3091 comparet
1558 3056 1584 3080 in
1597 3054 1653 3080 Pal.
1674 3060 1737 3080 tert.
1755 3060 1910 3088 poteratque
1928 3051 2006 3078 etiam
2026 3050 2119 3077 abesse.
2138 3051 2214 3079 Infra

1259 3103 1364 3129 quoque
1375 3094 1474 3128 legitur
1483 3092 1508 3118 in
1520 3090 1622 3116 duobus
1634 3091 1660 3115 S.
1672 3088 1788 3115 Viam-is
1799 3088 1950 3123 niff.fi‹rura
1962 3106 1971 3121 ,
1984 3086 2055 3121 quam
2065 3088 2142 3122 qualis
2149 3088 2215 3113 laodic

1251 3132 1285 3164 fir
1296 3149 1306 3163 ‚
1318 3140 1370 3158 non
1384 3129 1515 3158 videocur
1524 3125 1552 3155 id
1563 3125 1794 3164 uon-recipiamus.
1810 3154 1812 3157 ,
2114 3157 2117 3160 ,
2133 3161 2173 3186 Λ

2100 3167 2141 3185 1.·
2171 3168 2216 3184 nu-
