2360 3400
522 98 606 131 οε
670 83 1024 130 NATURA
1103 83 1148 130 D

188 169 304 203 idcirco
311 169 418 199 cerere
425 164 498 200 nati,
509 165 662 197 nominati
670 165 738 196 sunt
746 165 850 200 Liber,
863 165 896 196 &
907 165 1024 197 Libera:
1039 166 1050 185 ¹
1060 164 1143 205 quod

186 214 225 244 in
238 211 345 243 Libera
353 208 489 242 servant,
506 209 540 237 in
551 207 662 238 Libero
683 217 749 238 non
766 209 850 238 item.
875 209 958 239 Hinc
975 209 1066 238 etiam
1078 209 1144 236 Ro—

190 253 293 284 mulus
303 271 312 285 ,
322 260 415 293 quem
425 249 549 291 quidem
560 248 692 280 eundem
703 248 760 279 esse
769 250 935 288 Quirinum
944 257 1056 290 putant:
1065 258 1144 288 quo-

185 303 258 326 rum
269 291 341 324 cum
359 300 547 323 remanerent
556 291 651 321 animi
661 310 670 324 ,
691 299 779 332 atque
788 292 948 321 aeternitate
960 290 1140 322 fruerentur,

185 335 233 366 dii
242 333 297 366 rite
305 334 373 365 sunt
386 333 480 364 habiti
493 344 500 363 :
521 331 593 363 cum
605 333 639 363 δε
648 333 758 373 optimi
769 331 880 366 essent,
896 332 929 363 &
938 333 1053 362 aeterni.
1075 331 1144 361 Alia

183 386 309 418 quoque
318 385 357 406 ex
367 377 480 406 ratione
491 395 500 409 ,
521 374 554 405 &
563 374 686 415 quidem
695 373 804 416 phyfica
813 394 822 408 ‚
847 383 954 414 magna
963 372 1054 404 fluxit
1063 372 1145 402 mul-

183 418 285 449 titudo
294 417 421 448 deorum
434 428 439 446 :
459 418 513 458 qui
533 417 634 447 induti
655 416 752 456 specie
771 417 905 446 humana
923 414 1037 445 fabulas
1047 414 1144 454 po’e'tis

183 459 464 500 suppeditaverunt,
485 460 650 489 hominum
665 466 768 488 autern
775 459 868 488 vitam
873 455 1064 497 superstitione
1073 465 1143 486 om-

183 501 416 533 nireferserunt.
439 504 536 542 Atque
555 501 604 530 hic
614 500 698 530 locus
708 499 725 529 a
735 500 861 529 Zenone
871 498 1009 529 tractatus
1021 519 1030 532 ,
1050 496 1116 539 post
1126 496 1142 528 a

183 543 334 574 Cleanthe
342 562 352 577 ,
372 544 406 573 &
424 540 586 582 Cliryfippo
596 562 606 575 ,
633 541 768 581 pluribus
785 540 885 571 verbis
904 540 1069 580 explicatus
1088 538 1140 569 est.

185 587 269 616 Nam
288 594 374 615 vetus
395 586 456 615 haec
466 586 573 624 opinio
583 584 728 614 Graeciam
738 583 872 623 opplevit
883 602 892 616 ‚
912 581 1066 612 exseekum
1077 583 1141 611 Cae-

182 627 250 658 lum
261 626 276 658 a
286 626 351 657 filio
363 629 488 657 Saturno
499 646 508 660 ‚
527 625 666 655 vinetum
687 633 786 654 autem
797 627 958 655 Saturnum
970 624 1067 663 ipsum
1079 622 1094 653 a
1105 621 1142 652 fi-

179 669 227 699 lio
241 670 329 710 Jove.
352 665 470 708 Phyfica
488 668 565 698 ratio
575 676 640 697 non
651 666 804 705 inelegans
814 666 926 696 inclusa
936 664 978 695 est
989 667 1021 695 in
1033 666 1140 705 impias

178 710 304 742 fabulas.
327 713 342 730 ²
355 718 542 739 CAELESTEM
555 709 640 738 enim
654 728 663 742 ,
675 706 844 738 altiffimam
858 708 1077 748 aethereamque
1088 716 1141 737 na-

182 761 280 784 turam
290 772 299 786 ‚
309 751 342 782 id
352 750 395 782 est
405 771 413 785 ‚
424 753 542 792 igneam
552 769 560 784 ‚
574 759 641 791 quae
651 759 702 789 per
711 749 770 779 sese
780 750 887 779 omnia
897 750 1043 789 gigneret,
1053 758 1141 779 vaca-

179 804 213 824 re
226 794 389 824 voluerunt
408 802 440 822 ea
455 801 535 832 parte
545 793 697 830 corporis,
711 800 777 831 quae
788 791 856 830 conj
862 790 1007 820 unffione
1015 790 1139 820 alterius

116 847 166 880 425
181 845 279 877 egeret
288 835 324 866 ad
332 833 562 875 procreandum.
584 836 779 863 sni-uanum
789 841 890 862 autem
902 851 911 866 ,
931 841 1002 861 eum
1013 830 1072 861 effe
1082 841 1137 861 vo—

178 879 323 909 luerunt,
333 876 386 916 qui
393 874 512 905 cursum
522 892 531 906 ‚
543 873 577 902 &
585 871 811 903 conversionem
824 874 1002 912 spadorum,
1014 883 1047 904 ac
1059 881 1137 904 tem-

173 927 289 958 porum
296 916 484 947 contineret?
497 916 550 954 qui
561 913 633 945 deus
640 913 746 944 Graece
758 913 787 944 id
799 915 896 954 ipsum
908 924 1023 945 nomen
1037 914 1136 946 habet.

177 959 279 994 Κρόνῳ·
290 959 375 988 enim
393 956 522 991 dicitur;
540 955 735 997 quiestidem
748 957 843 989 7:95⁹&
855 975 864 990 ‚
883 955 913 986 id
924 955 966 987 est
976 976 985 990 ,
1008 956 1134 996 spatium

174 1001 332 1042 temporis.
355 1001 496 1029 Saturnus
514 1007 616 1028 autem
636 996 679 1028 est
700 997 861 1037 appellatus
872 1017 881 1031 ,
901 997 983 1038 quod
994 998 1137 1030 saturetur

173 1046 276 1074 annis.
298 1051 336 1071 ex
346 1040 375 1070 se
386 1041 469 1070 enim
483 1049 567 1070 natos
580 1037 710 1069 comesse
720 1037 843 1081 fingitur
854 1040 958 1070 solitus
970 1059 978 1074 ,
991 1041 1061 1080 quia
1070 1051 1132 1070 con-

169 1086 265 1127 sumit
273 1090 337 1113 atas
347 1081 599 1124 temporumspatia
609 1100 617 1114 ‚
635 1082 782 1122 annisque
792 1082 946 1121 praeteritis
956 1082 1135 1112 insaturabi-

170 1129 242 1158 liter
261 1125 406 1168 expletur.
429 1123 558 1153 Vinstus
569 1121 717 1153 estantem
728 1123 827 1164 aJove
838 1143 847 1157 ‚
866 1133 904 1154 ne
915 1123 1134 1155 immoderatos

170 1170 274 1201 cursus
284 1167 404 1199 haberet
415 1185 425 1199 ‚
439 1173 530 1206 atque
541 1173 573 1195 ut
582 1174 653 1195 eum
664 1162 792 1195 siderum
801 1165 912 1195 vinclis
919 1165 1061 1206 alligaret.
1072 1166 1129 1197 Sed

171 1211 236 1252 ipse
248 1211 366 1253 Jupiter
374 1228 383 1242 ,
397 1208 427 1238 id
438 1206 482 1238 est
492 1227 501 1242 ,
516 1208 624 1246 juvans
629 1214 710 1248 pater
722 1226 730 1241 ‚
752 1216 844 1248 quem
861 1206 1010 1237 conversis
1020 1206 1132 1238 casibus

170 1254 358 1294 appellamus
368 1250 383 1280 a
393 1249 529 1288 Juvando
549 1250 658 1291 Jovem
670 1267 679 1282 ‚
697 1248 713 1279 a
722 1250 819 1290 poetis
825 1256 906 1291 parer
913 1247 1072 1291 divumque
1082 1250 1132 1279 ho-

169 1296 338 1336 minumque
347 1291 458 1322 dicitur
468 1301 474 1320 τ
486 1291 501 1322 a
512 1290 677 1330 majoribus
684 1299 784 1321 autem
796 1290 903 1321 nostris
914 1291 1036 1332 optimus
1046 1311 1054 1325 ,
1066 1301 1130 1320 ma-

169 1337 269 1374 ximus
280 1349 289 1370 3
301 1336 334 1366 &
343 1333 465 1375 quidem
474 1333 544 1363 ante
553 1334 689 1372 optimus
701 1352 710 1365 ‚
721 1333 751 1362 id
761 1332 804 1363 est
814 1352 823 1366 ‚
833 1331 1130 1368 beneficentissimus,

165 1387 168 1389 ’
192 1377 262 1408 uam
274 1384 444 1408 maximus,
467 1376 538 1414 quia
558 1382 667 1404 Minus
678 1384 733 1404 Esr
746 1394 755 1407 ,
773 1382 912 1415 certeque
920 1376 1029 1416 gratius
1040 1395 1050 1409 ‚
1060 1384 1130 1414 pro-

163 1388 252 1451 §effe
268 1417 433 1449 omnibus,
452 1415 544 1456 quam
565 1424 638 1454 opes
658 1425 778 1456 magnas
796 1415 911 1446 habere.
936 1418 1028 1447 Hunc
1036 1418 1129 1458 igitur

168 1463 290 1493 Ennius
300 1479 309 1492 ‚
320 1468 354 1489 ut
362 1456 446 1499 supra
455 1457 539 1489 dixi,
556 1465 709 1496 nuncupat
718 1458 757 1486 ita
766 1456 882 1489 dicens,

261 1500 387 1541 Adspice
409 1499 458 1528 hoc
472 1496 594 1539 sublime
610 1496 725 1533 candens
745 1516 755 1532 2
785 1507 869 1537 quem
886 1497 1021 1529 invocant
1038 1509 1128 1529 omnes

411 1541 530 1581 Jovem.
820 1545 823 1546 ⁷

161 1584 344 1626 manino-pie
358 1583 419 1615 alio
438 1583 508 1614 loco
521 1582 618 1617 idem,

158 1627 160 1629 '
261 1631 275 1655 3
287 1627 339 1657 Cui
348 1646 357 1661 ,
367 1626 444 1668 quod
453 1627 483 1655 in
493 1623 592 1696 mae-{3
601 1644 611 1659 ,
632 1622 788 1665 exsecrabor
798 1624 848 1655 hoc
856 1644 866 1660 ‚
877 1634 932 1665 quo
943 1623 1029 1659 lucet,
1040 1624 1127 1666 qnid-

432 1667 483 1697 uid
499 1678 513 1696 e
546 1689 552 1695 .

163 1712 248 1743 hunc
256 1711 346 1742 etiam
364 1678 489 1752 augqures
504 1708 599 1739 nostri
614 1720 623 1743 3
642 1708 743 1739 Arcum
762 1708 869 1739 dicunt
877 1727 886 1742 ,
907 1707 984 1746 Jove
983 1707 1125 1748 fulgente,

163 1761 280 1784 tonante
292 1763 298 1782 :
316 1752 422 1783 dicunt
440 1751 524 1781 enim
537 1772 547 1785 ,
568 1750 629 1780 calo
644 1750 775 1790 fulgente
785 1769 794 1783 ,
817 1755 941 1779 tonante.
965 1749 1126 1790 Euripides

162 1804 263 1827 autem
275 1814 284 1828 ‚
299 1803 333 1824 ut
343 1795 438 1824 multa
450 1792 587 1832 praeclare
600 1812 609 1826 ,
627 1790 664 1822 fic
675 1792 732 1821 hoc
740 1791 881 1824 breviter,

258 1837 338 1867 Vides
350 1834 474 1875 sublime
489 1833 592 1875 fusum
602 1854 610 1867 ‚
629 1832 845 1863 immoderatum
869 1832 980 1866 athera,

256 1878 324 1918 Qi
342 1885 430 1907 tenero
450 1883 557 1906 terram
574 1873 755 1914 circumjestu
777 1872 973 1916 amplestiturr

254 1921 339 1949 Hunc
360 1920 508 1959 summum
525 1917 622 1948 habeto
643 1916 747 1946 divum
763 1925 775 1944 :
801 1917 874 1946 hunc
900 1914 1038 1956 perhibeto
1066 1914 1124 1955 Jo-

421 1970 496 1990 vem.

96 2006 147 2043 ⁷26
166 2004 226 2036 A'e'r
234 2012 332 2035 autem
345 2022 355 2037 ‚
370 2011 404 2034 ut
415 2002 509 2033 Stoici
518 2002 670 2043 disputant
679 2022 689 2036 ‚
700 1999 874 2040 interjectus
886 1999 964 2030 inter
973 2008 1073 2033 mare,
1086 1998 1121 2030 δε

96 2050 99 2052 “
157 2047 269 2079 caelum
281 2066 290 2080 ,
311 2045 430 2084 Junonis
447 2047 576 2075 nomine
593 2043 800 2074 consecratur:
823 2051 889 2083 quae
906 2040 950 2072 est
963 2042 1046 2072 soror
1057 2060 1067 2075 ‚
1086 2041 1120 2071 &

159 2090 277 2128 conjux
294 2089 382 2130 Jovis
391 2106 400 2121 ,
425 2089 438 2114 5
446 2086 530 2127 quod
542 2086 575 2116 δε
585 2084 752 2115 fimilitudo
763 2083 805 2114 est
815 2084 930 2115 aetheris
940 2103 949 2118 ‚
960 2083 992 2113 &
1001 2093 1072 2114 cum
1082 2092 1120 2113 eo

157 2130 281 2162 summa
287 2128 476 2169 conjune'tio.
500 2126 731 2159 Effaeminarunt
738 2135 840 2156 autem
849 2135 934 2158 eum,
943 2126 1120 2166 Junonique

156 2171 330 2202 tribuerunt
339 2191 347 2205 ,
366 2170 448 2212 quod
466 2171 543 2200 nihil
558 2168 601 2200 est
609 2178 647 2198 eo
656 2168 793 2198 mollius.
816 2167 872 2198 Sed
880 2168 1036 2208 junonem
1047 2166 1062 2196 ὲ
1072 2168 1119 2202 ju-

157 2213 251 2243 vando
261 2213 350 2244 credo
360 2213 562 2243 nominatam.
585 2213 670 2251 Aqua
678 2209 803 2240 restabat
813 2228 822 2243 ,
833 2209 866 2239 &
876 2217 951 2239 terra
962 2228 972 2242 ‚
985 2217 1018 2239 ut
1025 2206 1119 2240 effent

157 2265 199 2287 ex
213 2255 325 2286 fabulis
343 2256 396 2286 tria
415 2252 617 2295 regnadivisa.
639 2254 757 2284 Datum
768 2250 812 2283 est
820 2248 936 2293 igitur⁶
950 2259 1116 2287 unm-uno,

194 2387 207 2406 1
214 2399 220 2406 .
239 2380 339 2412 Quin
348 2380 438 2405 Libera
440 2378 543 2413 finan
554 2398 562 2411 ,
573 2381 599 2405 in
607 2380 691 2405 Libero
699 2388 744 2406 mm
751 2379 833 2413 Imm]
854 2378 898 2406 Sic
907 2378 965 2405 mss.
976 2378 1056 2406 nostri
1068 2398 1077 2411 ‚
1086 2379 1115 2404 δε
1133 2390 1137 2408 l

154 2414 344 2446 Gulielmiani;
356 2415 389 2441 fic
397 2415 463 2441 editi
475 2417 490 2442 :i
500 2414 634 2442 Vi&orio.
645 2424 705 2442 nam
716 2414 803 2442 Aldus
813 2422 926 2451 uterque
936 2415 1048 2450 aliique,
1058 2415 1119 2450 quod

153 2453 182 2478 in
192 2453 277 2478 Libero
280 2451 394 2484 somme,
405 2454 431 2477 in
442 2452 531 2477 Libera
538 2460 585 2481 ¹mm
594 2453 659 2477 item.
678 2452 758 2487 quum
770 2451 843 2478 ιἐἐὶὲ
856 2470 864 2482 ,
876 2450 923 2486 ipsi
935 2450 1064 2478 viderint.

192 2496 222 2513 2.
241 2488 353 2520 Coeleflem
361 2490 433 2519 enine,
443 2486 510 2521 ἐγὼ]
532 2486 651 2524 Qidam
662 2489 677 2513 ὲ
686 2487 793 2520 uostris,
804 2488 923 2521 eoeltstzim,
934 2494 980 2514 aut
989 2489 1117 2521 caeleffium.

152 2522 242 2550 nescio
252 2523 331 2558 quim
343 2521 420 2550 bene.
441 2522 521 2550 libuit
531 2530 617 2550 tamen
629 2521 756 2550 indicare.

190 2567 204 2594 3
212 2579 218 2584 .
228 2560 284 2585 ‘Cui
297 2558 358 2599 quod
364 2561 390 2584 in
400 2568 435 2585 me
443 2560 489 2591 eff,
500 2559 635 2593 exsecrabor
646 2578 655 2591 ‚
666 2561 705 2585 hoc
713 2559 776 2594 quod
782 2560 855 2591 lucer,
863 2558 980 2594 quidquid
987 2559 1049 2594 effi]
1071 2558 1115 2585 Sic

153 2594 214 2622 ruff.
225 2594 279 2621 nost
285 2603 304 2620 ri
318 2594 442 2622 meliores
453 2605 459 2621 π
483 2603 543 2621 nam
554 2603 620 2621 unus
630 2593 762 2626 deterior,
772 2604 815 2630 qno
824 2597 895 2626 lucet,
906 2594 1044 2630 quomodo
1054 2594 1115 2621 vnl-

150 2630 209 2666 gati
222 2640 230 2662 3
253 2629 371 2667 placebat
391 2639 423 2656 ue
433 2629 583 2657 Gulielmio
595 2649 603 2662 ‚
613 2630 659 2666 qui
671 2639 798 2667 praeterea
810 2649 819 2664 ,
837 2632 881 2657 cui
891 2630 1011 2658 vertebat
1020 2631 1045 2658 in
1057 2632 1114 2665 ἕξεί.
1130 2637 1132 2662 ξ

1176 98 1449 132 nonum
1529 86 1678 133 L1n.
1748 86 1812 132 11.
2029 103 2149 154 ¹¹29

1188 167 1282 198 altero
1292 169 1375 199 Iovis
1386 188 1395 202 ,
1406 176 1438 199 ut
1446 167 1555 199 volunt
1567 188 1576 202 ‚
1586 167 1687 202 fratri.
1700 169 1891 201 maritimum
1903 176 1998 200 omne
2006 174 2146 213 regnum:

1190 219 1365 251 nomenque
1376 209 1559 250 produsturn
1571 230 1580 244 ,
1592 219 1624 241 ut
1632 213 1786 242 Portunus
1795 210 1811 242 a
1821 221 1926 242 Poxu'u
1937 231 1946 246 .
1957 210 2000 252 fic
2005 216 2019 241 7
2030 215 2062 243 N
2064 222 2150 254 eptu·

1190 250 1269 281 nusa
1282 261 1396 282 nanno
1408 272 1417 286 ‚
1428 252 1563 292 paullum
1575 254 1680 293 primis
1690 253 1797 283 litterit
1811 254 1992 284 immutatis·
2016 256 2151 288 Terrena

1189 301 1289 322 autem
1302 295 1347 323 vis
1357 294 1473 328 omnis,
1484 302 1572 335 atque
1583 302 1685 325 natura
1695 304 1773 325 mn
1783 297 1857 335 patri
1865 295 1997 326 dedicata
2007 295 2058 327 est:
2071 292 2085 316 ⁸
2095 300 2150 339 qui

1191 343 1284 364 mvns
1294 354 1302 368 ‚
1322 343 1355 365 ut
1373 335 1450 375 apud
1462 337 1582 366 Graecos
1592 339 1691 362 πλέων
1702 360 1710 373 ,
1728 338 1799 377 quia
1818 336 1993 367 &recidant
2001 340 2106 370 omnia
2115 340 2150 371 in

1191 383 1290 409 terras,
1306 375 1339 406 ὃς
1348 379 1482 407 oriantur
1490 377 1507 407 ὲ
1519 379 1614 408 tertis.
1634 381 1650 405 9
1661 381 1689 409 Is
1699 379 1794 418 rapuit
1803 387 2054 413 PROfflRt’fflAM,
2065 380 2150 421 quod

1190 418 1365 447 Graecorum
1387 428 1502 449 nomen
1520 418 1579 449 est:
1599 429 1633 450 ea
1650 421 1733 450 enim
1744 419 1805 454 est,
1826 430 1893 461 quae
1902 422 2030 456 πιςτεφὸνιι
2044 422 2150 454 Graece

1190 459 1374 489 nominatur:
1384 469 1473 500 quam
1483 459 1527 490 fru
1551 471 1602 491 um
1614 461 1716 492 semen
1727 460 1784 492 effe
1794 462 1913 496 volunt,
1924 462 2150 494 absconditam-

1187 510 1245 540 que
1257 502 1361 546 'quaeri
1381 501 1397 530 a
1414 510 1507 531 matre
1528 471 1654 543 fingunt.
1678 505 1775 534 Mater
1792 512 1891 534 autem
1916 503 1958 535 est
1975 504 1990 535 a
2009 505 2149 545 gerendis

1184 541 1323 588 frugibus
1334 551 1435 572 canas
1448 563 1457 576 ,
1478 552 1619 584 tanquam
1635 554 1730 585 geres:
1747 545 1873 586 casuque
1885 547 1982 585 prima
1993 547 2087 577 littera
2095 547 2151 577 itio

1187 583 1257 614 dem
1270 592 1428 614 immutata
1438 604 1446 617 ,
1470 585 1525 615 uta
1542 587 1663 616 Graecis.
1687 596 1757 617 nam
1778 586 1814 617 ab
1825 587 1886 617 illis
1896 597 2017 628 quoque
2026 589 2147 623 nuntie.

1185 624 1264 666 quasi
1276 626 1389 659 γημῆτηε
1402 643 1409 655 ,
1424 628 1579 657 nominata
1591 626 1644 657 est.
1666 630 1727 658 Iam
1740 630 1792 669 qui
1802 638 1906 668 magna
1920 637 2056 664 verteret,
2077 640 2147 661 MA«

1188 676 1286 697 vous:
1307 669 1446 697 Minerva
1456 676 1568 701 autem,
1581 671 1685 709 ¹0quae
1692 671 1739 699 vel
1751 671 1889 700 minueret
1900 689 1909 704 ,
1919 671 1968 701 vel
1978 671 2144 701 minaretur.

1188 711 1327 749 Cumque
1337 711 1369 739 in
1380 708 1525 739 omnibus
1535 709 1621 739 rebus
1631 713 1696 740 vim
1706 711 1847 742 haberent
1856 714 2025 743 maximam
2034 714 2142 754 prima.

1186 750 1220 780 δε
1231 759 1366 781 extrema
1376 770 1385 784 ,
1405 752 1573 790 principem
1592 753 1625 780 in
1645 751 1832 783 sacrificando
1845 762 1958 785 ιΑΝυΜ
1968 752 2025 785 effe
2038 755 2146 786 volue-

1184 799 1255 822 runt
1267 802 1272 821 :
1292 792 1374 833 quod
1387 793 1423 822 ab
1432 792 1518 821 eundo
1529 802 1645 823 nomen
1655 792 1698 824 est
1707 793 1833 824 duflum
1847 805 1853 823 2
1876 805 1914 825 ex
1923 806 1984 837 quo
1997 795 2147 827 tmnfitio-

1184 843 1238 864 nes
1270 836 1392 874 perviae,
1420 834 1495 873 Jani
1514 845 1520 863 z
1549 833 1688 875 foresque
1714 837 1745 865 in
1774 836 1933 867 liminibus
1951 837 2146 877 profanarum

1181 875 1294 906 aediurn
1308 877 1416 915 ,janua
1424 877 1630 906 nominantur.
1655 879 1734 907 Nam
1746 886 1857 907 VESTAE
1869 888 1984 910 nomen
1993 879 2009 910 ὲ
2020 882 2146 912 Graeciaez

1183 927 1217 947 ea
1229 916 1271 947 est
1280 918 1378 951 enim,
1389 928 1455 959 quae
1465 917 1500 948 ab
1511 917 1572 947 illis
1581 918 1631 947 ἑςῖοι
1641 918 1761 948 dicitur.
1784 921 1830 949 vis
1839 928 1934 949 autem
1948 922 2013 960 ejus
2024 921 2058 953 ad
2069 932 2141 956 aras·

1183 957 1311 989 &focos
1328 962 1467 999 pertinet.
1491 961 1591 1000 itaque
1611 962 1644 991 in
1661 970 1693 990 ea
1711 960 1764 990 dea
1776 980 1784 993 ‚
1807 970 1872 1000 quae
1881 960 1923 992 est
1932 972 2030 993 rerum
2041 963 2143 995 custos

1181 1002 1363 1035 intimarum
1376 1021 1384 1035 ,
1398 1003 1500 1031 omnis
1511 1002 1543 1031 δε
1554 1004 1683 1041 precatio
1695 1022 1703 1035 ,
1719 1002 1752 1032 δε
1762 1001 1934 1033 sacrificatio
1944 1013 2077 1035 extrema
2086 1004 2139 1036 est.

1184 1045 1251 1073 Nec
1260 1043 1351 1085 longe
1370 1042 1476 1073 absunt
1484 1043 1521 1073 ab
1534 1044 1586 1074 hac
1595 1049 1626 1075 vi
1638 1043 1680 1074 dii
1691 1053 1837 1074 PENATES
1847 1063 1856 1077 ‚
1877 1043 1935 1075 five
1945 1045 2037 1088 apertu
2047 1046 2140 1078 du&o

1183 1086 1314 1115 nomine
1324 1105 1332 1119 ,
1345 1083 1401 1124 (est
1411 1086 1494 1115 enim
1507 1094 1600 1116 omne
1610 1106 1619 1119 ,
1632 1095 1693 1126 quo
1701 1085 1860 1116 vescuntur
1869 1087 2012 1118 homines
2022 1107 2030 1121 ,
2043 1090 2143 1127 penus)

1180 1124 1239 1156 five
1250 1127 1286 1157 ab
1296 1137 1332 1157 eo
1341 1145 1350 1160 ‚
1370 1125 1454 1167 quod
1462 1128 1698 1168 penitus-infidam
1708 1137 1719 1154 .-
1740 1136 1780 1157 ex
1791 1137 1852 1168 quo
1865 1130 1954 1158 etiam
1965 1130 2115 1170 penetrales
2126 1130 2144 1162 ὲ

1179 1169 1278 1208 poetis
1295 1178 1454 1199 vocantur.
1478 1171 1543 1199 Iam
1563 1177 1746 1199 APOLLINIS
1764 1178 1878 1199 nomen
1890 1189 1899 1202 ,
1921 1169 1964 1200 est
1983 1164 2138 1202 Graecum.-

1179 1219 1272 1251 quem
1287 1211 1381 1241 solem
1392 1209 1451 1241 esse
1458 1211 1568 1241 volunt
1578 1221 1583 1240 z
1595 1213 1726 1241 Dianam
1736 1219 1836 1241 autem
1848 1230 1856 1243 ‚
1868 1211 1902 1241 &
1912 1213 2030 1242 Lunam
2046 1233 2054 1246 ,
2067 1222 2142 1243 ean-

1180 1253 1250 1282 dem
1261 1251 1319 1282 effe
1328 1260 1449 1292 putant:
1468 1251 1540 1283 curn
1546 1252 1591 1292 fil
1608 1251 1707 1284 diibus
1716 1250 1749 1282 sit
1762 1272 1772 1286 ,
1792 1252 1840 1283 vel
1850 1253 1920 1293 quia
1930 1253 2011 1284 solus
2021 1263 2060 1284 ex
2069 1264 2140 1285 om-

1179 1293 1270 1324 nibus
1281 1293 1424 1325 fideribus
1434 1293 1478 1325 est
1488 1302 1587 1325 tantus
1597 1314 1605 1328 ‚
1630 1295 1677 1324 vel
1687 1295 1757 1335 quia
1767 1313 1777 1328 ,
1788 1293 1860 1324 cum
1869 1293 1913 1324 est
1921 1304 2048 1326 exortus
2059 1315 2068 1328 .
2082 1296 2137 1326 ob-

1177 1336 1297 1366 scuratis
1314 1337 1460 1367 omnibus
1479 1336 1560 1366 solus
1577 1334 1694 1376 apparet
1708 1346 1714 1365 ι
1733 1335 1969 1368 ιυκΑὲίοεσηάο
1981 1338 2141 1370 nominata

1178 1377 1222 1407 sit.
1243 1377 1348 1409 eadem
1367 1378 1412 1409 est
1434 1379 1519 1408 enim
1536 1378 1640 1407 lucina.
1663 1379 1762 1418 itaque
1771 1397 1779 1412 ‚
1803 1386 1837 1407 ut
1844 1377 1921 1418 apud
1931 1380 2054 1417 Graeeoa
2062 1381 2140 1410 Dit-

1175 1429 1247 1450 nam
1257 1439 1266 1453 ‚
1280 1428 1407 1460 eamque
1416 1419 1588 1451 Luciferam
1602 1439 1611 1454 ‚
1632 1419 1669 1450 fic
1679 1419 1756 1459 apud
1768 1418 1886 1449 nostros
1895 1419 2039 1458 Jumnem
2048 1422 2139 1452 Luci-

1174 1471 1242 1490 nam
1251 1463 1284 1491 in
1293 1461 1437 1500 patiendo
1447 1463 1599 1492 invocant:
1607 1471 1674 1502 quae
1680 1461 1783 1491 eadem
1795 1464 1940 1492 numne.
1949 1470 2020 1491 Αιικ
2027 1471 2138 1493 ivnon

1176 1501 1268 1533 dicitu
1274 1513 1295 1535 r,
1308 1512 1373 1532 non
1383 1503 1399 1533 a
1411 1503 1535 1532 venando
1549 1524 1559 1537 ,
1571 1503 1618 1533 sed
1629 1503 1712 1542 quod
1721 1504 1753 1531 in
1764 1501 1877 1541 septem
1888 1511 2063 1533 numeratur
2072 1511 2141 1534 tan-

1174 1553 1267 1584 quam
1275 1544 1464 1584 vagantibus.
1487 1545 1587 1574 Diana
1598 1543 1688 1576 dieta,
1699 1544 1770 1583 quia
1779 1542 1872 1572 nonu
1885 1541 1965 1583 quasi
1973 1543 2058 1574 diem
2069 1543 2140 1575 effi-

1174 1594 1265 1615 ceret.
1287 1585 1458 1616 Adhibetur
1477 1594 1579 1616 autem
1599 1584 1637 1615 ad
1651 1593 1750 1624 partus
1761 1603 1771 1617 ‚
1788 1582 1871 1624 quod
1891 1586 1914 1613 ii
1932 1585 2139 1617 maturescunt

1175 1635 1225 1658 aut
1252 1627 1365 1667 septem
1387 1636 1622 1667 nonnumquam
1633 1645 1642 1660 ,
1668 1634 1719 1656 aut
1735 1625 1902 1665 plerunque
1918 1634 2035 1656 novem
2056 1626 2138 1658 lunae

1174 1667 1309 1700 cursibus
1320 1678 1326 1698 :
1348 1671 1400 1710 qui
1414 1671 1485 1710 quia
1496 1668 1599 1699 mensa
1609 1668 1703 1708 spacia
1710 1665 1879 1698 conficiunt
1892 1686 1903 1700 .
1922 1668 2026 1707 menses
2033 1670 2141 1700 nomi-

1173 1719 1292 1741 nantur.
1315 1713 1534 1753 Concinneque
1544 1730 1553 1744 ,
1573 1719 1606 1741 ut
1620 1710 1715 1740 multa
1726 1728 1735 1742 ,
1754 1710 1911 1739 Timaeus:
1952 1709 1984 1739 ui
2005 1708 2080 1740 cum
2100 1712 2136 1742 in

1173 1751 1297 1783 historia
1308 1751 1431 1783 dixiffet
1445 1773 1454 1787 ‚
1475 1762 1533 1794 qua
1541 1750 1632 1782 noa-e
1641 1760 1728 1781 natus
1738 1749 1911 1781 Alexander
1919 1759 1934 1780 e
1961 1758 2009 1785 et,
2028 1749 2137 1783 eadem

1173 1795 1280 1824 Dianae
1289 1792 1422 1834 Ephefiae
1433 1793 1582 1834 templum
1593 1788 1792 1834 deflagraviffe
1802 1810 1821 1832 .v
1832 1791 1972 1831 adjunxit
1983 1811 1992 1826 ‚
2018 1793 2137 1823 minime

1172 1835 1204 1863 id
1211 1833 1260 1872 ff:
1270 1835 1431 1864 mirandum
1441 1855 1451 1868 ,
1475 1834 1550 1876 quiid
1557 1835 1675 1867 Diana,
1699 1831 1764 1863 cam
1773 1833 1803 1862 in
1810 1840 1898 1874 partu
1906 1832 2075 1875 Offmpiadis
2082 1834 2137 1864 ad-

1171 1875 1220 1913 ff
1233 1875 1374 1914 volmffet,
1380 1880 1389 1896 ¹
1395 1879 1408 1897 ²
1417 1875 1549 1915 abfuiffit
1556 1876 1644 1904 domo.
1656 1877 1732 1913 Quae
1739 1883 1839 1905 autem
1849 1874 1904 1905 dea
1911 1876 1948 1906 ad
1955 1885 2003 1906 res
2012 1879 2136 1908 omneis

1170 1918 1305 1952 veniret,
1328 1926 1493 1948 vam-:nam
1512 1916 1605 1947 nostri
1615 1918 1852 1948 nominaverunt
1861 1935 1870 1950 ‚
1887 1925 1974 1958 atque
1984 1926 2024 1947 ex
2033 1927 2067 1948 ea
2076 1927 2134 1958 po-

1171 1959 1231 1989 tius
1241 1958 1380 1990 venustas
1391 1979 1400 1993 ,
1410 1960 1502 2000 quam
1512 1961 1616 1989 Venus
1624 1968 1665 1989 ex
1674 1968 1753 1988 venu
1759 1956 1837 1989 state.
1861 1956 2019 1990 Videtisne
2028 1960 2129 2000 igitur,
2150 1964 2192 1998 22

1170 2009 1202 2032 ut
1211 2000 1227 2032 a
1235 1999 1363 2041 physicis
1374 2001 1462 2032 rebus
1470 2021 1479 2035 ,
1500 2001 1577 2031 bene
1585 2020 1596 2034 ‚
1614 2008 1702 2041 atque
1712 2000 1826 2030 utiliter
1834 2001 1968 2031 inventis
1979 2020 1989 2034 ‚
2003 2004 2032 2027 ¹3
2040 1999 2132 2033 tra&

1169 2044 1246 2073 ratio
1254 2041 1288 2073 fit
1306 2042 1342 2073 ad
1361 2044 1607 2076 commentitios,
1632 2042 1665 2073 ὃς
1685 2040 1773 2072 fletos
1786 2041 1879 2072 deos?
1896 2051 1962 2083 quae
1972 2044 2133 2084 resgenuit

1166 2083 1253 2115 falsas
1263 2086 1426 2124 opiniones
1436 2104 1445 2118 ,
1457 2084 1627 2125 erroresque
1637 2083 1827 2114 turbulentos
1839 2103 1848 2118 ‚
1861 2083 1895 2114 &
1906 2082 2130 2124 superstitiones

1167 2126 1252 2166 paene
1262 2126 1370 2157 anileis
1381 2147 1390 2160 ‚
1402 2127 1435 2157 &
1443 2125 1549 2157 formae
1560 2128 1644 2156 enim
1656 2125 1745 2156 nobis
1753 2124 1883 2156 deorum
1893 2145 1902 2159 ,
1918 2125 2062 2157 &aetates
2071 2145 2080 2160 ‚
2094 2127 2130 2157 δε

1167 2167 1293 2198 vestitus
1305 2188 1313 2201 ,
1325 2168 1505 2209 ornatusque
1516 2170 1582 2199 noti
1593 2167 1677 2199 sunt:
1692 2176 1801 2208 genera
1808 2175 1947 2207 praeterea
1957 2187 1967 2202 ‚
1975 2168 2130 2208 conjugia,

1166 2211 1361 2251 cognationes
1372 2229 1380 2243 ‚
1400 2210 1566 2251 omniaque
1585 2207 1718 2241 tradu&a
1735 2207 1771 2239 ad
1789 2207 2019 2239 similitudinem
2030 2210 2133 2240 imbe-

1164 2253 1299 2284 cillitatis
1319 2253 1472 2284 human-ae.
1493 2260 1566 2283 nam
1574 2250 1610 2283 &
1618 2250 1796 2294 perturbatis
1811 2251 1923 2282 animis
1933 2248 2127 2282 inducuntur:

2045 2302 2128 2324 acci-

1195 2385 1223 2411 7.
1242 2374 1391 2411 Neptumaaei
1403 2375 1506 2410 nanim]
1528 2376 1572 2402 Sic
1581 2374 1662 2402 etiarn
1676 2373 1747 2401 Pall.
1757 2371 1806 2399 nifi
1837 2372 1887 2398 uod
1898 2371 2012 2407 primus,
2021 2374 2125 2406 thu-

1154 2414 1277 2439 nanando.
1298 2412 1400 2449 Lipfius
1412 2412 1437 2438 in
1449 2411 1525 2438 libris
1539 2411 1721 2438 Saturnalium
1736 2380 1894 2436 emem‘iabat
1905 2427 1913 2439 ‚
1926 2409 1941 2433 ἐι
1951 2407 2065 2437 nubendo,
2079 2403 2121 2432 vel

1154 2457 1241 2510 Zuptu.
1260 2448 1303 2476 sed
1312 2448 1391 2476 nando
1400 2448 1531 2485 repetitur
1541 2448 1631 2475 nostro
1641 2446 1712 2475 infra
1721 2445 1768 2473 lib.
1781 2453 1832 2472 ιιι.
1842 2452 1899 2479 cap.
1909 2450 1958 2476 24.
1974 2442 2049 2469 nullo
2060 2440 2120 2468 mss‘.

1177 2492 1321 2513 lvertente.

1190 2521 1218 2548 8.
1238 2523 1286 2555 Qi
1294 2519 1396 2554 Dives]
1417 2519 1549 2548 Publicati
1558 2519 1610 2546 Dis.
1630 2518 1674 2545 sed
1683 2517 1798 2545 alterum
1808 2521 1866 2544 erat
1876 2515 1903 2544 in
1914 2513 1973 2542 mff.
1983 2513 2078 2542 nostris
2088 2513 2118 2544 ὅς

1157 2557 1274 2585 Victorii
1286 2558 1416 2584 editione.
2030 2586 2036 2591 ·

1211 2614 1217 2619 .
1237 2596 1261 2620 Is
1271 2596 1352 2626 rapuit
1362 2593 1537 2626 Proserpinam,
1546 2591 1607 2625 quod
1618 2589 1772 2623 Grecomm]
1793 2589 1835 2615 Ita
1844 2586 1869 2615 sc
1879 2587 1966 2615 locum
1977 2586 2118 2626 restituere

1153 2628 1178 2660 ia
1210 2637 1238 2656 at
1249 2649 1257 2662 ‚
1276 2633 1291 2656 'c
1304 2629 1400 2656 Maffaei
1414 2628 1484 2654 libro
1494 2627 1602 2654 Paullus
1614 2625 1762 2652 Manutius.
1782 2624 1826 2651 sed
1838 2623 1871 2651 fic
1881 2623 1939 2651 mss‘.
1951 2622 2018 2650 nulli
2032 2622 2114 2649 nostri

275 2666 280 2672 ⁵
1130 2669 1133 2684 ¹
1152 2665 1212 2692 sane
1223 2675 1276 2693 uno
1287 2674 1333 2691 ore
1344 2664 1463 2696 iix-uiant,
1474 2664 1545 2689 terris
1556 2665 1594 2689 eui
1601 2663 1778 2696 ‘Prosit-pinam,
1789 2660 1858 2695 quod,
1868 2659 1920 2690 &a
1939 2658 2075 2696 quomodo
2085 2657 2115 2683 δε

152 2667 221 2694 bene
231 2668 356 2694 ultimum
368 2667 376 2693 i
391 2665 436 2692 lud
448 2675 457 2697 ς
478 2675 539 2693 meo
548 2665 778 2702 quidemjudicio.
797 2684 799 2688 ι

186 2710 217 2736 4.
237 2706 295 2729 Cum
305 2702 388 2729 dicunt
397 2721 407 2735 ‚
415 2704 586 2737 Jovefielgeme
596 2709 722 2735 ,tonante
743 2703 824 2730 dicum
832 2704 893 2729 enim
905 2721 914 2734 ‚
932 2703 982 2728 calo
994 2704 1112 2737 fidgente,

149 2740 276 2775 venante]
297 2739 380 2765 Voces
391 2739 506 2775 quinque
546 2739 685 2766 osteriores
695 2748 747 2766 non
768 2738 896 2765 habentur
914 2738 940 2764 ii:
953 2739 984 2764 P.
993 2746 1041 2766 aut
1052 2738 1112 2766 Pal.

151 2773 204 2803 sec.
215 2784 328 2811 quorum
340 2775 382 2802 hic
394 2794 402 2807 ‚
420 2775 509 2811 priora
532 2782 618 2802 ormat
637 2774 670 2802 ad
688 2775 754 2802 hanc
764 2774 860 2802 faciem
872 2784 878 2801 :
902 2776 954 2807 Qi
963 2775 1045 2800 dicunt
1061 2776 1113 2800 love

145 2811 251 2845 sussrenre
259 2818 364 2838 tonante.
384 2811 523 2844 Euripides,
534 2811 581 2837 ille
593 2831 601 2842 ,
613 2810 663 2836 ciam
672 2811 754 2837 dicunt
762 2812 845 2845 Jovem
846 2810 974 2845 fulgentem
983 2817 1111 2836 tonantem.

151 2847 289 2881 Euripides.
309 2847 353 2875 Est
364 2848 390 2874 in
402 2846 470 2874 Pall.
481 2856 522 2883 pr.
533 2847 583 2873 τὴν·
592 2847 674 2873 dicum
681 2850 766 2881 Jovem
779 2846 905 2879 fidgenrem
913 2852 1034 2872 rvnaentem
1045 2865 1053 2877 ‚
1073 2846 1112 2871 di-

149 2890 209 2909 cum
217 2885 278 2910 enim
287 2884 449 2917 melofidgeme
456 2889 562 2910 tonante.
581 2882 668 2919 sicque
678 2883 758 2910 etiam
768 2889 833 2910 tert.
844 2881 892 2909 nifi
901 2881 972 2918 quod
981 2882 1015 2914 is,
1030 2883 1113 2908 dr‘cunt

150 2920 213 2951 Jove
221 2920 326 2953 fidgente
341 2926 447 2945 tonante.

191 2962 218 2987 5.
235 2955 339 2988 Qud&
350 2955 477 2989 similitudo
494 2957 529 2982 ef!
545 2954 660 2988 aetherit]
681 2954 815 2981 Adrianus
826 2953 927 2991 Junius
939 2952 1109 2985 rescribebat,

148 2990 213 3025 quod
226 2993 248 3016 ei
259 2991 314 3025 fin.
332 2990 380 3017 lib.
390 3000 433 3018 iv.
453 2991 506 3018 Ani
512 2991 707 3019 madversorum
719 3000 774 3028 cap.
786 2998 832 3017 20.
843 2999 895 3017 non
906 2990 1007 3026 inepte.
1027 2990 1109 3017 nostri

149 3032 241 3053 tamen
252 3025 317 3053 nihil
330 3026 442 3053 vai-iant.
475 3034 477 3036 ·

185 3062 215 3088 6.
234 3065 342 3095 Neptuno
351 3080 360 3094 ,
369 3062 443 3089 nrm
451 3063 520 3096 :ravis
528 3070 556 3089 m
564 3063 760 3100 volumffuri]
781 3063 901 3099 Antique
912 3061 956 3089 sed
966 3061 1000 3090 fic
1007 3060 1105 3089 diserte

145 3103 207 3125 ‘rflt
223 3096 332 3139 iuPallg
348 3104 391 3134 μ’,
402 3098 431 3124 8:
442 3104 506 3125 oert.
521 3098 786 3130 imi-*Gulieliniauo
801 3100 835 3129 P.
846 3098 947 3136 vulgati
960 3117 971 3134 ,
987 3100 1106 3132 alterum,-

147 3133 222 3171 quod
232 3132 379 3164 Lambinus
389 3134 504 3164 mutavit
512 3134 539 3164 iu
549 3136 634 3165 alr-ri.

1151 2700 1237 2728 edidit
1247 2700 1386 2729 ViCtorius
1400 2720 1408 2733 ‚
1428 2700 1526 2726 &ante
1536 2707 1597 2726 eum
1609 2697 1695 2725 Aldus
1708 2705 1772 2724 avus
1785 2715 1795 2729 ‚
1813 2696 1876 2733 quia
1884 2694 1985 2723 scilicet
1995 2694 2116 2722 steinve-

1152 2736 1247 2765 niffent
1259 2737 1284 2764 in
1296 2737 1371 2763 libris
1383 2737 1482 2763 calamo
1492 2734 1620 2762 exaratis.
1644 2741 1650 2745 ·

1192 2774 1201 2799 i
1205 2782 1232 2799 0.
1242 2775 1297 2806 Q:
1305 2775 1350 2798 vel
1355 2771 1495 2805 minueret]
1518 2770 1616 2797 Forian
1627 2775 1727 2795 moneret
1737 2778 1746 2800 5
1762 2774 1809 2795 aut
1819 2767 1903 2796 limile
1911 2765 1987 2804 quid.
1998 2764 2042 2794 sed
2052 2764 2114 2793 vul·

1149 2815 1258 2846 gamin,
1275 2810 1372 2835 iterum
1383 2807 1497 2835 recurrit
1507 2806 1576 2833 libro
1589 2814 1638 2832 ιιι.
1649 2804 1720 2831 infra
1731 2814 1788 2841 cap.
1798 2811 1847 2837 24.

1189 2854 1230 2872 ιι.
1251 2848 1332 2871 Diana
1349 2843 1500 2878 anni-uagas]
1522 2842 1590 2869 Pall.
1602 2841 1694 2869 nostri.
1715 2839 1897 2876 editionesque
1905 2838 1993 2876 priscae
2005 2856 2013 2870 ‚
2032 2839 2110 2864 onmi-

1148 2888 1223 2915 vaga.
1243 2881 1286 2907 scd
1305 2880 1435 2917 produxit
1453 2879 1567 2906 alterum
1577 2887 1612 2905 ex
1631 2877 1720 2904 Probo
1738 2875 1965 2912 Adriau.Junius
1984 2874 2054 2901 libro
2066 2882 2110 2900 iv.

1149 2917 1295 2944 Animadv.
1311 2926 1367 2952 cap.
1379 2925 1426 2942 20.
1445 2915 1596 2951 recepitque
1608 2913 1766 2946 Lambinus,
1776 2914 1888 2944 Brutus,
1898 2911 1955 2938 alii.
1975 2910 2108 2946 idernJu-

1148 2954 1207 2980 nius
1217 2962 1251 2980 ex
1261 2952 1354 2980 eodeni
1368 2952 1455 2980 Probo
1464 2951 1550 2979 statim
1561 2950 1616 2986 post
1625 2949 1693 2986 legit
1704 2968 1713 2982 ‚
1731 2951 1758 2976 in
1769 2949 1858 2983 sepum
1866 2954 1975 2982 vagatur
1984 2953 2109 2982 tamquam

1146 2991 1305 3016 venantibus.

1187 3034 1230 3052 υ..
1248 3024 1363 3059 Abfiaiffit
1381 3023 1469 3058 domm]
1489 3023 1554 3050 Non
1574 3021 1643 3050 male
1658 3020 1766 3059 PaLpr.
1777 3020 1875 3056 abjiuffe
1883 3019 1954 3047 domo.
1974 3017 2022 3047 nifi
2032 3015 2107 3055 quod

1145 3060 1242 3090 stribat
1255 3060 1367 3094 ‘ffusffii
1385 3059 1456 3096 quod
1466 3067 1525 3087 erat
1533 3060 1627 3093 asmffi.
1868 3080 1871 3082 .

1185 3106 1194 3123 ι
1201 3104 1214 3132 3
1221 3116 1227 3123 .
1246 3098 1334 3123 Trana
1344 3100 1406 3125 ratio
1415 3097 1476 3133 [εὶ]
1496 3096 1591 3123 Monet
1600 3092 1766 3123 “Gulielmius
1776 3091 1831 3130 legi
1840 3091 1912 3130 aput}
1920 3090 2109 3132 gaietanum,

1145 3134 1312 3163 era-haram.

1469 3165 1660 3198 Ddddddd
2013 3161 2106 3191 μωηι
