2360 3400
503 104 591 136 1›n
661 89 711 136 1<
740 104 770 135 A
798 103 831 135 T
859 103 892 135 u
921 103 955 134 R
983 103 1014 133 A

153 175 235 207 nino
252 175 263 194 ¹
274 170 408 205 ufitatas.
432 169 641 211 perceptasque
650 169 841 211 cognitiones
850 167 989 200 deorum.
1008 176 1107 208 neque

155 218 242 248 enim
260 216 391 257 Jovem,
409 221 507 253 neque
529 212 701 253 junonem,
727 221 826 252 neque
845 209 987 244 Vestam,
1011 218 1110 250 neque

155 265 339 299 quemquam
354 274 363 289 ‚
382 256 435 296 qui
444 255 484 284 ita
492 254 657 294 appelletur
666 274 676 288 ,
690 254 724 284 in
734 253 862 284 deorum
872 252 960 283 habet
969 260 1109 282 numero:

154 299 205 331 sed
214 297 302 328 rebus
311 297 457 327 inanimis
469 316 478 330 ,
489 305 574 337 atque
583 298 686 330 mutis,
698 305 749 336 per
758 294 908 337 quandam
920 292 1112 335 significatio-

153 348 227 372 nem
239 340 301 370 haec
312 338 400 369 docet
410 338 518 368 tributa
528 340 665 368 nomina.
678 338 771 377 Cujus
781 336 920 376 discipuli
932 344 1113 366 Anu-roms

154 391 220 413 non
231 379 337 411 minus
346 382 499 421 magnoin
510 390 607 412 errore
616 381 762 412 sententia
770 378 822 409 est:
832 379 885 419 qui
895 387 966 418 neq;
979 376 1111 407 formam

154 423 206 454 dei
220 422 348 465 intelligi
358 421 439 463 poffe
448 423 565 453 censeat
574 442 584 456 ,
598 432 697 463 neque
705 423 739 452 in
747 421 805 451 diis
814 420 935 451 sensum
947 417 1005 449 effe
1014 419 1093 450 dicat
1106 430 1112 448 :

154 465 331 506 dubitetque
350 466 483 495 omnino
498 486 506 498 ,
518 464 584 493 deus
594 465 724 494 animans
735 484 744 497 ‚
755 473 834 492 necne
837 462 888 503 fit.
911 464 1111 492 CLEANrnEs

153 516 256 538 autem
267 527 275 541 ,
283 508 337 548 qui
351 507 512 538 Zenonem
523 507 639 537 audivit
647 506 706 536 una
717 515 789 536 cum
797 514 834 535 eo
843 523 851 538 ,
863 513 954 544 quem
968 503 1109 549 proxime

153 550 334 582 nominavi,
352 552 367 569 2
387 558 452 580 tum
472 549 571 589 ipsum
581 548 736 582 mundum,
760 547 852 578 deum
864 544 1025 580 dicitesse,
1044 553 1110 575 tum

151 592 247 622 totius
257 600 367 622 naturae
377 593 485 624 menti,
495 600 581 632 atque
590 593 706 625 animo,
717 590 822 620 tribuit
831 590 889 619 hoc
899 597 1013 618 nomen
1025 597 1032 616 2
1043 595 1109 617 tuni

150 633 299 664 ultimum
315 653 324 667 ,
344 634 378 664 δε
396 631 570 664 altiffimum
583 651 591 667 ‚
619 642 706 673 atque
727 631 862 672 undique
878 628 1109 663 circumfusum,

151 675 187 705 &
200 683 374 706 extremum
385 678 491 706 omnia
499 677 671 716 cingentem
683 694 692 708 ,
712 683 740 704 at
763 683 799 704 ue
810 672 1009 718 complexum
1021 670 1111 701 ardo-

151 725 218 747 rem
237 737 245 751 ‚
265 719 319 758 qui
337 718 428 747 aether
446 719 641 750 nominetur,
657 718 729 747 certi
768 725 853 746 mum
872 716 964 745 deum
981 713 1109 753 judicat,

150 758 299 799 Idemque
318 758 398 800 quasi
417 758 546 789 delirans
565 761 596 788 in
615 760 652 788 iis
673 758 758 788 libris
770 777 778 791 ,
797 766 874 798 quos
885 754 1110 795 scripfitcontia

150 801 339 841 voluptatem
351 821 360 835 ,
379 809 446 831 tum
467 799 555 841 fingit
571 799 704 830 formam
726 799 876 840 quandam
890 817 898 832 ,
920 797 954 827 δε
977 797 1108 837 speciem

147 841 278 873 deorum
289 862 298 876 ,
310 851 374 872 tum
384 842 575 872 divinitatem
587 851 715 870 omnem
725 841 830 871 tribuit
838 839 920 871 astris
930 859 939 873 ,
951 848 1016 869 tum
1026 838 1107 869 nihil

146 885 264 914 ratione
282 883 382 914 censet
399 881 456 912 effe
477 882 625 912 divinius.
648 885 692 912 Ita
711 881 762 915 fit,
786 890 819 911 ut
841 881 913 911 deus
922 881 995 914 ille,
1014 890 1107 922 quem

146 934 250 955 mente
268 925 444 957 noscimus,
462 932 549 964 atque
567 925 600 953 in
618 924 716 954 animi
736 926 864 954 notione
877 942 886 957 ‚
906 931 1048 963 tanquam
1072 923 1106 952 iri

143 965 272 1008 vestigio
283 985 292 1000 ,
312 966 456 996 volumus
473 975 637 1005 reponere,
656 966 807 1006 nusquam
826 964 946 1005 prorsus
963 972 1107 1004 appareat.

88 1010 131 1042 15
147 1010 188 1038 At
206 1017 346 1038 PERSEUS
359 1027 368 1042 ,
387 1007 523 1047 ejusdem
543 1008 678 1038 zenonis
697 1007 834 1041 auditor,
859 1010 872 1034 3
891 1016 944 1036 eos
964 1007 1038 1037 dicit
1047 1004 1106 1036 effe

144 1049 266 1080 habitos
282 1049 356 1080 deos
366 1069 374 1084 ,
395 1049 410 1080 a
428 1049 538 1091 quibus
555 1059 660 1090 magna
678 1048 842 1079 urilirasad
850 1049 916 1078 vita
924 1047 1034 1078 cultum
1045 1047 1108 1086 effer

142 1092 263 1122 inventa
272 1102 284 1119 :
298 1091 432 1132 ipsasque
440 1101 484 1121 res
494 1092 595 1122 utileis
605 1112 614 1125 ‚
637 1092 670 1122 &
680 1092 826 1126 saiutares‚
839 1090 969 1121 deorum
980 1089 1038 1120 effe
1048 1100 1105 1120 vo-

143 1133 258 1165 cabulis
269 1143 468 1174 nuncupatas:
483 1143 515 1163 ut
525 1143 563 1163 ne
576 1134 633 1164 hoc
642 1133 766 1174 quidem
777 1132 887 1163 diceret
896 1152 905 1166 ,
920 1132 972 1162 illa
982 1133 1107 1163 inventa

142 1166 203 1206 effe
211 1175 340 1206 deorum
354 1195 362 1209 ,
382 1175 432 1206 sed
443 1175 503 1215 ipsa
514 1175 629 1205 divina.
651 1178 722 1218 Qo
736 1174 809 1216 quid
817 1174 972 1205 absurdius
983 1194 991 1207 ‚
1010 1173 1102 1214 quam

141 1226 194 1248 aut
214 1227 259 1248 res
270 1217 401 1248 sordidas
412 1237 420 1251 ‚
440 1226 525 1257 atque
537 1217 702 1248 deformeis
711 1217 838 1248 deorum
851 1217 968 1247 honore
978 1215 1104 1250 afficere,
1124 1238 1126 1256 ἶ

141 1267 195 1290 aut
204 1260 348 1290 homines
354 1260 416 1300 jam
429 1268 528 1289 morte
541 1259 668 1293 deletos,
679 1269 822 1299 reponere
833 1260 866 1289 in
877 1258 960 1292 deos,
973 1268 1106 1299 quorum
1124 1258 1125 1264 ¹

142 1303 249 1332 omnis
266 1301 365 1332 cultus
390 1299 463 1331 effer
477 1300 640 1331 futurusin
653 1300 757 1331 luEtu?
775 1302 844 1342 Jam
859 1298 930 1331 verb
943 1310 1106 1330 cnRst'-

141 1352 203 1374 Pus
213 1362 223 1377 ,
242 1344 296 1383 qui
304 1344 476 1374 Stoicorum
488 1343 679 1373 somniorum
689 1342 869 1373 vaferrimus
878 1342 1001 1373 habetur
1010 1345 1105 1373 inter-

141 1394 222 1425 pres,
241 1394 382 1426 magnam
391 1384 508 1414 turbam
523 1394 680 1426 congregat
692 1386 850 1424 ignotorum
859 1385 986 1415 deorum
999 1404 1008 1418 ,
1018 1393 1105 1425 atque

141 1431 185 1457 ita
211 1427 372 1467 ignotorum
387 1445 397 1459 ,
423 1434 457 1455 ut
473 1435 526 1455 eos
546 1435 584 1455 ne
603 1427 777 1465 conjectura
792 1426 917 1466 quidem
935 1425 1104 1457 informare

142 1466 304 1509 poffimus,
326 1466 399 1497 cum
422 1476 511 1497 mens
533 1466 633 1497 nostra
640 1467 763 1507 quidvis
772 1468 908 1498 videatur
919 1469 1102 1508 cogitatione

140 1507 226 1550 poss'e
244 1508 416 1549 depingere.
438 1509 479 1538 ait
497 1510 583 1538 enim
600 1528 609 1542 ,
630 1511 695 1538 vim
716 1509 854 1539 divinam
877 1510 911 1539 in
922 1511 1037 1539 ratione
1047 1508 1105 1539 effe

138 1548 279 1592 positam,
291 1550 325 1580 &
335 1550 482 1581 universae
491 1559 602 1581 naturae
611 1553 717 1581 animo
727 1570 736 1585 ,
747 1559 836 1591 atque
845 1558 950 1580 mente
961 1561 967 1579 :
983 1552 993 1580 i
1017 1551 1100 1580 sum-

140 1601 201 1633 que
220 1591 395 1626 mundum,
413 1591 505 1623 deum
525 1591 600 1623 dicit
615 1591 675 1622 effe
686 1613 695 1626 ,
729 1594 835 1633 &ejus
844 1594 941 1622 animi
951 1591 982 1622 fu
997 1602 1101 1622 ionem

138 1634 311 1666 universam
324 1644 331 1663 ε
351 1643 418 1665 tum
428 1635 493 1674 ejus
508 1633 597 1674 ipsius
607 1636 810 1675 principatum
822 1654 830 1669 ‚
847 1636 900 1676 qui
910 1635 944 1664 in
952 1643 1056 1665 mente
1067 1634 1101 1664 δε

136 1678 255 1708 ratione
266 1676 407 1710 versetur,
415 1685 679 1717 communemque
689 1687 789 1707 rerum
799 1676 1102 1711 naturammniverfii,

135 1726 226 1759 atque
244 1719 350 1749 omnia
359 1719 569 1749 continentem
582 1727 589 1747 :
606 1727 674 1748 tum
682 1718 803 1749 fatalem
815 1718 954 1748 umbram
966 1737 976 1751 ,
1001 1718 1035 1748 ec
1046 1728 1101 1750 ne-

136 1759 299 1792 ceffitatem
308 1769 409 1790 rerum
418 1759 586 1790 futurarum
597 1769 604 1789 :
615 1762 718 1801 ignem
728 1760 913 1800 praeterea,&
923 1769 1099 1800 eum,quem

137 1811 224 1834 antea
241 1802 329 1836 dixi,
352 1803 481 1833 aethera:
502 1810 568 1832 tum
579 1811 626 1835 ea,
650 1811 717 1842 quae
727 1811 831 1832 natura
843 1800 994 1835 fluerent,
1013 1810 1101 1842 atque

138 1853 298 1875 manarent
307 1864 315 1878 ,
327 1852 360 1874 ut
372 1844 532 1885 &aquam,
544 1843 706 1878 &terram‚
720 1844 754 1874 δε
766 1845 847 1877 a‘e'ra3
860 1843 971 1876 solem,
982 1843 1102 1876 lunam,

139 1885 231 1917 fidera
241 1906 250 1920 ,
278 1884 563 1927 universitatemque
572 1895 671 1916 rerum
685 1906 694 1919 ,
718 1895 776 1926 qua
786 1887 893 1915 omnia
903 1886 1100 1915 contineren-

138 1936 187 1959 tur
195 1939 205 1962 3
224 1937 311 1969 atque
330 1928 473 1958 homines
483 1931 574 1958 etiam
583 1937 652 1961 eos,
669 1929 721 1968 qui
731 1927 995 1957 immortalitatem
1005 1925 1101 1957 ess'ent

136 1970 302 2001 consecuti.
325 1968 473 2011 Idemque
492 1970 641 2009 disputat,
660 1970 769 2000 aethera
778 1967 835 1999 ess‘e
845 1978 928 2002 eum,
940 1978 1032 2009 quem
1042 1970 1100 1999 ho-

137 2013 240 2043 mines
255 2013 368 2052 Jovem
389 2011 590 2052 appellarent:
608 2012 721 2052 quique
733 2013 782 2042 aEr
791 2021 843 2051 per
852 2013 944 2041 maria
953 2019 1097 2044 manaret,

135 2061 209 2085 eum
216 2053 276 2085 effe
286 2056 468 2094 Neptunum
482 2064 488 2082 ε
503 2062 673 2094 terramque
681 2063 747 2083 eam
765 2052 824 2084 effe
833 2063 900 2094 quae
909 2054 999 2082 Ceres
1014 2052 1098 2083 dice-

133 2105 226 2128 retur.
248 2094 402 2137 fimilique
419 2097 534 2126 ratione
556 2096 741 2136 persequitur
749 2095 895 2126 vocabula
907 2095 1094 2135 reliquorum

136 2138 276 2169 deorum.
299 2138 447 2179 Idemque
465 2139 556 2168 etiam
575 2138 649 2177 legis
659 2147 807 2177 perpetuae
818 2157 827 2171 ,
846 2137 879 2167 &
889 2145 1006 2168 aeternae
1016 2138 1094 2170 vim,

133 2190 202 2222 quae
217 2179 302 2223 quast
311 2180 373 2209 dux
389 2181 457 2209 vita
474 2179 510 2212 ὼ·
527 2177 663 2220 magtstra
680 2179 832 2219 officiorum
843 2177 886 2212 sir,
899 2180 1012 2220 Jovem
1021 2178 1096 2209 dicit

133 2222 204 2257 efle,
212 2223 403 2263 eandemque
405 2221 533 2261 fatalem
543 2220 726 2260 neceffltatem
733 2222 870 2262 appellat,
882 2221 1092 2261 sempiternam

133 2274 238 2296 rerum
255 2263 423 2295 futurarum
443 2265 598 2294 veritatem
612 2273 618 2292 :
631 2273 764 2304 quorum
775 2263 855 2293 nihil
866 2263 921 2293 tale
931 2262 974 2293 est
985 2283 994 2297 ‚
1015 2271 1048 2293 ut
1062 2264 1094 2293 in

133 2316 172 2338 eo
191 2308 237 2337 vis
253 2306 359 2336 divina
376 2303 470 2336 inesse
485 2305 630 2335 videatur.
653 2307 691 2335 Et
709 2306 774 2336 haec
793 2305 918 2346 quidem
938 2307 972 2335 in
990 2306 1092 2345 primo

132 2348 215 2379 h'bro
241 2348 274 2378 de
289 2355 394 2377 natura
410 2347 542 2376 deorum:
560 2349 594 2377 in
612 2347 745 2378 secundo
765 2357 865 2378 autem
885 2347 952 2378 vult
968 2348 1092 2387 Orphei,

132 2391 242 2421 Musaei
255 2409 266 2424 ,
288 2388 412 2420 Hefiodi
436 2390 625 2430 Homerique
632 2387 755 2420 fabellas
765 2389 995 2421 accommodare
1004 2389 1040 2420 ad
1050 2399 1093 2423 ea,

132 2441 200 2473 quae
218 2432 280 2472 ipse
297 2433 398 2472 primo
418 2431 498 2461 libro
515 2431 553 2462 de
572 2432 631 2462 diis
649 2431 878 2463 immortalibus
896 2431 1008 2467 dixerit
1032 2441 1038 2460 :
1058 2440 1094 2462 ut

131 2476 224 2504 etiam
245 2475 399 2504 veterrimi
417 2474 531 2513 poetae,
551 2476 603 2515 qui
614 2474 678 2504 haec
688 2484 726 2504 ne
740 2474 876 2515 suspicati
884 2473 1011 2515 quidem
1023 2471 1090 2508 fint,

132 2517 226 2546 Stoici
248 2514 337 2546 fuiss'e
347 2515 514 2546 videantur.
538 2517 640 2557 Qem
659 2517 814 2558 Diogenes
824 2516 1009 2556 Babylonius
1017 2525 1093 2547 con-

134 2558 260 2598 sequens
279 2559 312 2588 in
331 2567 369 2587 eo
378 2557 458 2587 libro
470 2577 480 2591 ,
499 2557 736 2598 quiinscribitur
747 2558 785 2588 de
795 2560 953 2593 Minerva,
970 2566 1091 2598 partum

131 2600 238 2641 Jovis‚
259 2608 422 2640 ortumque
429 2600 557 2640 virginis
564 2599 599 2629 ad
611 2598 828 2641 physiologiam
838 2600 995 2631 traducens
1009 2619 1019 2634 ,
1037 2600 1089 2630 de-

77 2654 90 2679 1
101 2644 121 2678 6
130 2643 233 2683 jungit
253 2640 387 2672 a2fabula.
410 2641 546 2680 Exposui
558 2639 620 2671 fere
631 2650 696 2671 non
706 2642 958 2682 philosophorum
966 2641 1090 2682 judicia,

69 2685 75 2691 “
135 2684 184 2715 sed
195 2683 381 2712 delirantium
386 2683 508 2722 sbmnia.
521 2693 577 2713 nec
585 2686 670 2713 enim
683 2683 782 2714 multo
791 2684 959 2715 absurdiora
969 2684 1037 2714 sunt
1046 2694 1091 2718 ea,

133 2735 202 2767 quae
211 2726 368 2765 poetarum
377 2725 505 2756 vocibus
517 2724 580 2755 fusa
591 2744 600 2758 ,
619 2725 680 2765 ipsa
690 2725 831 2756 suavitate
842 2735 1010 2757 nocuerunt
1022 2727 1091 2766 :qui

130 2769 169 2798 &
177 2769 218 2798 ira
229 2765 435 2799 inflammatos
445 2786 454 2800 ,
473 2767 645 2798 &libidine
655 2766 800 2797 furenteis
810 2767 998 2798 induxerunt
1007 2767 1089 2798 deos:

133 2808 328 2850 feceruntque
338 2818 371 2840 ut
381 2816 487 2840 eorum
499 2809 586 2840 bella,
597 2817 722 2850 pugnas,
734 2810 838 2849 proelia
849 2830 859 2844 ,
872 2810 996 2840 vulnera
1005 2810 1090 2840 vide-

133 2859 236 2882 remus
249 2862 259 2886 ;
283 2851 352 2882 odia
361 2860 517 2892 praeterea,
531 2850 653 2882 discidia
662 2870 671 2884 ,
685 2850 846 2882 discordias
859 2872 867 2885 ,
879 2861 976 2886 ortus,
987 2853 1091 2882 interi—

133 2899 198 2927 tus,
209 2894 343 2935 querelas
352 2913 362 2929 ,
372 2894 604 2925 lamentationes
615 2914 624 2928 ,
634 2891 740 2924 effusas
748 2895 781 2924 in
790 2895 879 2925 omni
887 2895 1089 2935 intemperan-

1096 90 1196 137 [22
1225 105 1451 139 oxatrtr
1534 95 1692 144 L.rn.
1754 99 1784 145 L

2002 117 2126 166 ¹1¹5

1158 169 1198 198 na
1207 168 1353 216 libidines
1362 191 1371 206 ,
1384 172 1537 208 adulteria,
1549 175 1680 211 vincula,
1692 186 1765 208 cum
1776 178 1913 211 humano
1921 188 2030 222 genere
2046 192 2125 214 con-

1156 210 1287 246 cubituS,
1300 214 1513 257 mortaleisque
1523 226 1562 246 ex
1572 218 1743 250 immortali
1754 229 1933 260 procreatos.
1957 225 2036 265 Cum
2046 225 2124 266 poe-

1154 260 1254 283 tarum
1271 263 1372 301 autern
1395 266 1494 288 errore
1517 263 1701 301 coniungere
1719 262 1787 293 licet
1800 271 1931 304 portenta
1949 275 2097 307 magorum
2108 287 2121 302 .

1158 295 1432 345 AEgyptioru'mque
1450 301 1483 330 in
1493 300 1600 331 eodem
1611 312 1721 344 genere
1736 304 1922 338 dementiam
1936 315 2018 339 :tum
2031 309 2123 340 etiarn

1155 337 1239 382 vulgi
1258 347 1440 384 opiniones,
1461 352 1527 382 quae
1545 344 1579 373 in
1597 346 1730 376 maxima
1750 347 1951 380 inconstantia
1963 369 1972 384 ,
1988 352 2122 382 veritatis

1155 387 1343 423 ignoratione
1357 383 1517 414 versantur.
1540 388 1582 416 Ea
1591 386 1820 426 quiconfideret
1831 409 1840 423 ,
1861 391 1953 432 quam
1965 393 2122 423 inconsul-

1156 427 1185 465 te
1205 429 1238 450 ac
1262 423 1374 453 temere
1394 424 1549 460 dicantur,
1573 431 1705 458 venerari
1719 433 1902 470 Epicurum,
1923 433 1998 464 &in
2010 444 2119 466 eorum

1154 461 1289 500 ipsomm
1313 473 1442 495 numero
1453 487 1462 501 ,
1483 468 1521 498 de
1528 469 1639 509 quibus
1651 471 1714 501 haec
1727 472 1852 513 quaestio
1864 473 1906 505 est
1918 494 1928 509 ‚
1946 475 2055 507 habere
2064 476 2120 507 de-

1155 502 1231 550 beat.
1257 504 1337 552 solus
1355 509 1440 553 enim
1451 509 1529 540 vidit
1540 530 1548 543 ,
1573 511 1710 551 primum
1722 512 1779 544 effe
1790 514 1862 545 deos
1874 536 1883 549 ,
1902 516 1986 557 quod
2003 519 2036 548 in
2049 528 2122 549 om·

1154 554 1244 574 nium
1272 556 1385 577 animis
1408 559 1515 581 eorum
1538 555 1700 584 notionem
1720 555 1907 596 impreffiss'et
1926 559 1986 598 ipsa
2005 569 2118 591 natura.

1154 588 1239 628 QAE.
1259 597 1315 618 asi·
1334 598 1429 620 mrim
1442 601 1524 623 onus
1539 613 1547 627 ,
1569 605 1618 625 aut
1628 596 1709 636 quod
1720 608 1816 639 genus
1827 600 1990 631 hominum
2003 620 2011 634 ,
2035 601 2118 642 quod

1153 638 1219 658 non
1239 629 1344 660 habeat
1362 630 1423 662 fine
1444 634 1580 666 doctrina
1590 639 1824 678 anticipationem
1832 642 1979 682 quandam
1987 643 2117 674 deorum?

1151 679 1244 718 quam
1253 672 1380 711 appellat
1386 677 1514 720 ’πρόληψιν
1525 680 1670 717 Epicurus
1681 700 1689 713 ‚
1703 681 1732 711 id
1744 681 1786 712 est
1796 703 1804 716 ,
1816 692 2001 724 anteceptam
2011 687 2117 715 animo

1151 721 1194 742 rei
1214 713 1365 753 quandam
1384 715 1637 750 informationem
1650 741 1658 754 ,
1679 720 1738 752 fine
1749 734 1807 764 qua
1821 735 1876 755 nec
1886 726 2014 767 intelligi
2025 727 2118 768 quid-

1150 763 1240 794 quam
1256 774 1264 789 ,
1275 765 1331 803 nec
1340 759 1442 796 quaeri,
1454 768 1509 790 nec
1519 760 1658 801 disputari
1669 764 1774 802 potest.
1799 768 1892 806 Cujus
1903 770 2029 798 rationis
2037 770 2113 803 vim,

1148 805 1236 837 atque
1247 798 1407 844 utilitatem
1415 809 1454 829 ex
1464 801 1518 831 illo
1525 802 1640 833 coelesti
1651 806 1782 844 Epicuri,
1793 807 1830 837 de
1841 810 2113 850 regula,&judicio

1149 838 1310 887 volumine
1328 843 1510 881 accepimus.
1542 845 1634 885 Qiod
1655 848 1746 887 igitur
1764 847 2001 882 fundamentum
2024 853 2116 892 hujus

1151 879 1326 928 quaestionis
1345 881 1389 912 est
1403 902 1412 916 ‚
1437 884 1468 914 id
1486 886 1625 925 praeclare
1644 887 1759 927 jaStum
1782 890 1904 921 videtis.
1931 892 2009 924 Cum
2029 896 2113 925 enim

1148 932 1213 970 non
1231 922 1369 954 instituto
1391 925 1492 966 aliquo
1506 947 1516 960 ,
1537 938 1587 959 aut
1605 938 1691 960 more
1703 950 1712 964 ,
1731 940 1782 961 aut
1800 932 1862 974 lege
1875 932 1908 963 sit
1922 937 2029 968 opinio
2038 928 2117 967 con-

1152 962 1255 995 stituta
1272 985 1282 999 ,
1301 975 1480 1008 maneatque
1500 969 1535 999 ad
1556 980 1653 1001 unum
1675 975 1820 1004 omnium
1843 973 1929 1006 firma
1947 976 2112 1009 consenfio:

1152 1006 1282 1055 intelligi
1292 1007 1410 1038 necess'e
1420 1009 1474 1044 est,
1489 1011 1622 1049 effixdeos,
1643 1017 1791 1055 quoniam
1803 1015 1903 1047 infitas
1913 1027 2019 1048 eorum
2035 1039 2043 1053 ,
2066 1020 2116 1051 vel

1146 1057 1250 1089 potius
1259 1059 1376 1081 innatas
1384 1054 1574 1092 cognitiones
1586 1054 1742 1087 habemus.
1775 1060 1828 1087 DE
1840 1067 1907 1098 Qo
1918 1068 2035 1090 Ani-EM
2048 1071 2114 1092 ou-

1152 1100 1248 1121 Niuivi
1260 1101 1402 1122 NATURA
1415 1103 1611 1131 σοΝεεΝτιτ,
1625 1107 1661 1127 in
1674 1107 1794 1130 vanum
1808 1109 1880 1130 ESSE
1891 1111 2032 1133 uacasse
2043 1113 2110 1134 εετ.

1150 1131 1216 1163 Effe
1244 1135 1336 1173 igitur
1353 1133 1426 1165 deos
1445 1135 1656 1169 confitendum
1678 1139 1732 1170 est.
1772 1141 1863 1180 Quod
1883 1146 2029 1183 quoniam
2048 1145 2114 1176 fere

1148 1173 1264 1221 constat
1281 1177 1361 1206 inter
1383 1181 1504 1209 omneis
1523 1189 1587 1210 non
1605 1181 1803 1222 philosophos
1815 1184 1914 1215 solum
1926 1205 1936 1219 ,
1957 1186 2006 1216 sed
2021 1190 2113 1218 etiam

1148 1215 1292 1264 indoe'tos
1305 1228 1311 1246 :
1330 1217 1618 1253 fateamurconstare
1629 1223 1706 1254 illud
1719 1226 1810 1255 etiam
1822 1244 1831 1258 ,
1853 1227 1928 1257 hanc
1939 1236 1997 1257 nos
2007 1228 2115 1258 habere

1150 1256 1211 1288 five
1229 1260 1476 1299 anticipationem
1497 1282 1507 1298 ,
1533 1273 1566 1294 ut
1587 1265 1655 1295 ante
1677 1265 1742 1296 dixi
1767 1287 1777 1300 ,
1809 1266 1867 1297 five
1887 1271 2112 1308 praenotionem

1147 1299 1286 1348 deorum.
1310 1302 1379 1333 sunt
1402 1306 1486 1334 enim
1506 1306 1595 1336 rebus
1613 1309 1704 1338 novis
1731 1317 1813 1339 nova
1823 1310 1964 1349 ponenda
1974 1314 2112 1346 nomina,

1147 1350 1180 1371 ut
1198 1345 1345 1383 Epicurus
1362 1345 1425 1385 ipse
1436 1347 1558 1381 πςὸλκψιν
1569 1349 1732 1388 appellavit
1744 1369 1754 1383 ‚
1774 1360 1865 1392 quam
1876 1360 1961 1382 antea
1971 1362 2065 1384 nemo
2076 1363 2115 1384 eo

1145 1384 1239 1415 verbo
1249 1388 1523 1418 nominarat-Hanc
1532 1390 1625 1430 igitur
1633 1391 1827 1426 habemus,ut
1836 1393 1896 1423 deos
1905 1392 2047 1429 baton&
2058 1397 2117 1424 im-

1147 1426 1287 1456 mortaleu
1295 1436 1435 1468 putemus.
1456 1431 1532 1471 Qae
1538 1433 1625 1463 enim
1636 1433 1727 1463 nobis
1741 1443 1843 1465 natura
1856 1434 2111 1468 informationem

1146 1467 1275 1498 deorum
1284 1470 1419 1509 ipsorum
1430 1471 1514 1502 dedit
1526 1492 1536 1505 ,
1557 1474 1660 1504 eadem
1672 1475 1825 1516 insculpsit
1835 1479 1867 1507 in
1879 1478 2035 1509 mentibus
2045 1498 2055 1513 ,
2078 1488 2111 1509 ut

1144 1518 1198 1539 eos
1211 1519 1351 1545 aeternOS,
1364 1512 1397 1542 &
1408 1512 1510 1543 beatos
1521 1514 1708 1546 haberemus.
1729 1518 1820 1556 Quod
1831 1517 1852 1547 si
1861 1520 1902 1548 ita
1911 1518 1964 1552 est,
1975 1520 2046 1549 vere
2056 1530 2113 1551 ex-

1144 1549 1238 1590 posita
1248 1552 1299 1581 illa
1310 1553 1456 1583 sententia
1466 1553 1509 1584 est
1518 1556 1555 1585 ab
1566 1558 1707 1596 Epicuro,
1721 1558 1810 1598 Qud
1817 1566 1958 1592 aternum,
1972 1559 2115 1602 beatumq,

1139 1592 1182 1633 fit
1192 1611 1201 1626 ,
1213 1592 1244 1621 id
1251 1603 1299 1622 nec
1308 1592 1405 1622 habere
1414 1596 1505 1635 ipsum
1513 1598 1617 1636 negotii
1631 1599 1791 1640 quidquam
1800 1619 1809 1633 ,
1824 1609 1872 1629 nec
1879 1600 2005 1630 exhibere
2015 1595 2112 1631 alterii

1146 1635 1246 1680 itaque
1254 1644 1342 1676 neque
1351 1636 1399 1665 ira
1410 1655 1419 1670 ,
1428 1647 1516 1678 neque
1519 1645 1622 1678 gratia.
1631 1642 1718 1669 reneri·
1728 1662 1737 1675 ‚
1756 1640 1833 1682 quod
1839 1661 1849 1676 ‚
1859 1651 1918 1683 qux
1932 1643 2008 1672 talia
2019 1643 2112 1681 efflant,

1143 1676 1284 1706 imbecilla
1304 1676 1385 1714 effint
1401 1679 1506 1708 omnia.
1529 1682 1559 1710 Si
1581 1682 1660 1711 nihil
1675 1682 1757 1712 aliud
1771 1693 1992 1724 quaereremus,
2012 1685 2068 1716 nifi
2081 1696 2115 1717 ut

1144 1717 1218 1748 deos
1227 1718 1279 1765 pie
1289 1720 1462 1751 coleremus
1474 1741 1482 1755 ‚
1499 1721 1532 1752 &
1542 1731 1575 1753 ut
1586 1723 1796 1763 superstitione
1806 1725 2003 1756 liberaremur
2013 1747 2024 1760 ,
2045 1727 2114 1758 satis

1145 1768 1208 1790 erat
1227 1759 1355 1791 dietum.
1379 1771 1451 1792 nam
1466 1763 1500 1792 &
1510 1763 1650 1803 praestaris
1658 1766 1785 1796 deorum
1800 1775 1904 1797 natura
1916 1787 1925 1801 ‚
1943 1768 2111 1801 hominum

1142 1803 1251 1840 pietate
1261 1802 1412 1833 coleretur
1421 1823 1430 1837 ,
1452 1803 1525 1834 cum
1537 1805 1570 1836 δε
1582 1815 1691 1837 aeterna
1701 1806 1783 1842 effer,
1798 1808 1831 1838 &
1842 1807 2018 1841 beatissima.
2029 1810 2115 1841 imber

1143 1843 1219 1871 enim
1226 1845 1433 1874 venerationem
1442 1844 1549 1883 justam
1558 1848 1702 1888 quidquid
1709 1850 1818 1879 excellit
1826 1860 1838 1877 ··
1850 1850 1883 1881 &
1893 1860 1994 1882 metus
2004 1855 2112 1883 omnis

1143 1883 1160 1914 a
1175 1886 1208 1913 vi
1225 1892 1312 1925 atque
1330 1887 1373 1915 ira
1393 1886 1522 1917 deorum
1543 1889 1647 1927 pulsus
1668 1888 1750 1920 effet-
1773 1892 2049 1933 intelligiturenim
2062 1914 2071 1929 ,
2093 1895 2109 1925 a

1120 1926 1122 1932 ’
1143 1924 1226 1956 beata
1238 1945 1247 1959 ,
1266 1928 1494 1968 immortalique
1505 1939 1607 1961 natura
1618 1931 1651 1961 δε
1662 1932 1737 1962 iram
1749 1951 1757 1965 2
1778 1933 1943 1975 &gratiam
1955 1934 2108 1976 segregari:

1141 1968 1256 2008 quibus
1264 1971 1401 2004 remotis,
1417 1971 1522 2001 nullos
1534 1971 1550 2002 a
1563 1973 1675 2012 superis
1685 1975 1861 2014 impendere
1871 1985 1982 2007 metus.
2004 1978 2061 2008 Sed
2071 1978 2106 2009 ad

1140 2011 1216 2039 hauc
1233 2009 1476 2042 confirmandam
1497 2015 1680 2053 opinionem
1699 2019 1717 2042 4
1726 2019 1858 2057 anquirit
1867 2020 1989 2049 animus
2000 2018 2106 2050 &For-

1140 2061 1223 2098 inam
1236 2072 1245 2084 ,
1269 2052 1303 2083 &
1313 2056 1406 2083 vitam
1419 2074 1428 2086 ‚
1452 2054 1486 2085 δε
1495 2055 1649 2087 aaronem
1661 2059 1773 2088 mentis
1784 2078 1793 2092 ,
1805 2068 1892 2100 atque
1908 2056 2107 2101 agitationem

1139 2103 1174 2124 in
1192 2093 1259 2124 deo.
1283 2097 1327 2124 Ac
1348 2095 1384 2125 de
1398 2095 1498 2127 forma
1505 2098 1631 2138 quidem
1641 2101 1749 2139 partim
1762 2108 1869 2130 natura
1878 2111 1936 2132 nos
1947 2102 2103 2138 admonet.

1118 2148 1119 2151 ¹
1138 2137 1248 2176 partim
1277 2137 1349 2166 ratio
1369 2137 1466 2168 docet.
1490 2149 1561 2170 nam
1583 2140 1600 2171 a
1619 2149 1722 2172 natura
1737 2142 1884 2174 habemus
1905 2153 2014 2175 omnes
2033 2155 2104 2176 om-

1139 2180 1227 2208 nium
1236 2181 1375 2219 gentium
1390 2179 1519 2220 speciem
1529 2182 1646 2213 nullam
1659 2183 1749 2214 aliam
1759 2183 1818 2214 nisi
1829 2186 1993 2216 humanam
2006 2207 2014 2222 ‚
2028 2187 2105 2218 deo—

1137 2229 1215 2250 rum.
1239 2230 1305 2261 quae
1328 2222 1414 2251 enim
1431 2222 1595 2256 aliaforma
1605 2228 1734 2256 occurrit
1749 2236 1896 2268 umquam
1905 2237 1955 2258 aut
1965 2230 2105 2270 vigilanti

1138 2263 1296 2303 cuiquam,
1316 2272 1366 2293 aut
1387 2263 1575 2296 dormienti?
1595 2266 1652 2298 Sed
1666 2287 1674 2301 ‚
1695 2277 1734 2298 ne
1751 2270 1857 2300 omnia
1874 2279 2055 2301 revocentur
2064 2271 2100 2302 ad

1136 2306 1249 2344 primas
1267 2307 1428 2341 notiones,
1448 2309 1523 2338 ratio
1543 2310 1602 2339 hoc
1621 2309 1775 2351 idemipsa
1785 2310 1921 2342 declarat.
1945 2322 2017 2343 nam
2027 2312 2101 2344 cum

1136 2345 1404 2386 praestantiffimam
1427 2357 1564 2381 naturam
1586 2371 1595 2385 ‚
1621 2352 1672 2382 vel
1682 2354 1752 2393 quia
1769 2352 1851 2384 beata
1869 2352 1913 2384 est
1931 2373 1940 2387 ,
1962 2354 2011 2384 vel
2029 2357 2102 2395 quia

2137 864 2177 898 ¹7

2126 2149 2163 2183 18

1135 2389 1493 2429 iempiterna‚convenire
1503 2392 1638 2424 videatur
1647 2394 1774 2425 eandem
1784 2393 1843 2425 effe
1853 2395 2101 2436 pulcherrimam,
2124 2410 2127 2411 ⁷

1134 2440 1199 2472 quae
1208 2430 1389 2472 compofitio
1399 2434 1612 2466 membrorum
1621 2455 1630 2470 ,
1642 2446 1709 2477 quae
1721 2435 1918 2468 confirmatio
1930 2438 2101 2469 lineamen-

1134 2481 1236 2504 torum
1247 2493 1256 2508 ‚
1274 2484 1340 2515 quae
1349 2473 1441 2516 figura
1452 2495 1460 2510 ‚
1483 2486 1548 2518 quae
1561 2477 1669 2517 species
1682 2497 1691 2512 ,
1712 2478 1843 2509 humana
1852 2477 1950 2520 potest
1961 2478 2020 2510 effe
2031 2480 2104 2520 pul-

1132 2516 1234 2546 chrior
1254 2518 1265 2546 ?
1298 2526 1353 2547 vos
1370 2517 1497 2558 quidem
1509 2538 1519 2553 ,
1541 2520 1639 2550 Lucili
1652 2539 1661 2554 ,
1681 2520 1784 2550 soletis
1801 2520 1811 2559 (
1823 2530 1894 2551 nam
1916 2523 2002 2552 Cotta
2011 2531 2100 2553 meus

1134 2556 1230 2588 modo
1249 2559 1308 2589 hoc
1320 2579 1329 2593 ,
1347 2559 1444 2590 modo
1460 2560 1558 2601 illud)
1575 2560 1649 2592 cum
1658 2560 1818 2593 artificium
1829 2561 1972 2604 effingitis
1983 2583 1992 2598 ,
2008 2562 2103 2595 fabri-

1134 2609 1261 2641 camque
1269 2600 1408 2632 divinam
1419 2621 1428 2636 ,
1449 2603 1542 2643 quam
1552 2601 1609 2633 fint
1618 2605 1725 2634 omnia
1735 2605 1768 2634 in
1778 2605 1916 2635 hominis
1927 2603 2021 2645 figura
2030 2615 2097 2637 non

1134 2642 1230 2672 modo
1239 2642 1278 2671 ad
1286 2643 1369 2682 usum
1380 2663 1388 2677 ‚
1408 2653 1515 2674 verum
1525 2646 1617 2675 etiam
1636 2645 1675 2675 ad
1692 2644 1869 2682 venustatem
1887 2655 1951 2687 apra
1962 2667 1971 2681 ,
1993 2647 2113 2678 deseri—¹

1131 2683 1210 2714 bere.
1234 2683 1327 2726 de
1349 2684 1369 2715 si
1386 2687 1531 2716 omnium
1549 2689 1753 2719 animantium
1769 2687 1903 2719 formam
1923 2691 2020 2720 vincit
2038 2691 2095 2720 ho-

1135 2728 1230 2755 minis
1249 2727 1359 2767 figura,
1387 2727 1460 2757 deus
1489 2736 1591 2759 autem
1610 2731 1750 2760 animans
1770 2729 1813 2760 est
1833 2741 1838 2759 ;
1861 2740 1894 2761 ea
1914 2729 2007 2772 figura
2029 2741 2101 2772 pro-

1131 2767 1213 2798 fecit)
1226 2767 1280 2802 est,
1293 2778 1358 2809 quae
1368 2769 1570 2808 pulcherrima
1581 2768 1614 2801 fit
1628 2773 1773 2802 omnium
1786 2774 2011 2814 :quoniamque
2019 2774 2096 2804 deos

1134 2808 1320 2840 beatiffimos
1336 2809 1395 2841 esse
1417 2810 1552 2846 constat,
1573 2811 1670 2842 beatus
1687 2821 1784 2843 autem
1798 2813 1847 2852 effi
1858 2814 1918 2856 fine
1926 2817 2039 2845 virture
2048 2826 2098 2846 ne-

1134 2861 1178 2881 mo
1185 2851 1279 2893 porei?
1288 2871 1298 2886 ,
1328 2862 1385 2883 nec
1403 2855 1497 2884 virtus
1516 2852 1576 2884 fine
1586 2857 1701 2886 ratione
1710 2855 1844 2887 constare
1855 2876 1864 2890 ‚
1891 2867 1951 2888 nec
1963 2859 2039 2888 ratio
2049 2857 2101 2888 us-

1133 2903 1225 2934 quam
1245 2892 1355 2930 ineffe,
1378 2893 1434 2926 nifi
1456 2898 1488 2927 in
1509 2896 1646 2928 hominis
1658 2895 1769 2940 figura:
1787 2899 1927 2930 hominis
1938 2897 1997 2930 efl'e
2007 2900 2104 2941 specie

2028 2942 2103 2973 deos

175 3009 199 3027 i.
216 3000 320 3034 Ufitaras
331 3001 536 3042 praeceptafigicej
566 3002 597 3027 P.
615 3002 754 3028 Manutius
773 3009 806 3027 ex
828 3000 926 3027 Maffaei
946 2999 1015 3027 libro
1029 3020 1036 3033 ‚
1056 3003 1097 3026 in-
1136 3010 1189 3029 non
1205 3003 1364 3034 voluptatem,
1375 3002 1416 3029 scd
1428 3005 1586 3032 voluntatem.

130 3037 204 3072 first«,
214 3034 286 3071 quod
296 3036 324 3062 δί
337 3035 413 3062 'inice
423 3044 538 3073 arripiat
546 3037 705 3065 Lambinus.
723 3037 804 3065 nostri
815 3036 873 3064 mss‘.
891 3036 1024 3064 adhaerent
1038 3037 1097 3063 vul·
1175 3046 1202 3073 3.
1221 3040 1268 3065 Eos
1279 3039 1336 3064 dici}
1352 3040 1394 3074 esse
1412 3041 1503 3066 habitos
1512 3042 1597 3077 Dran]
1619 3042 1679 3069 vox
1689 3041 1748 3069 &cit
1765 3051 1819 3070 non
1839 3042 1933 3070 visitur
1952 3042 1979 3070 in
1993 3041 2052 3069 Pal.
2062 3050 2106 3078 pr,

129 3079 357 3142 'ga;(l.=flcm>ipfiaem
365 3107 477 3134 mundum
487 3127 496 3140 ,
516 3112 591 3136 Deum
608 3111 667 3137 dicae
682 3110 751 3146 ff]
770 3110 854 3146 Triga
865 3109 933 3137 Pall.
953 3108 1045 3136 ordine
1056 3109 1098 3137 in·
1139 3073 1341 3145 secsslaissnghim
1351 3113 1476 3148 animus]
1497 3113 1541 3140 Sic
1550 3112 1634 3142 editio
1644 3114 1759 3142 Victorii
1772 3134 1781 3147 ‚
1799 3115 1834 3143 fic
1843 3115 1930 3144 Palat.
1939 3116 2020 3153 prim,
2030 3122 2105 3141 acce—

135 3144 210 3174 verso
221 3163 236 3198 ,¹
248 3151 298 3171 tum
305 3145 380 3180 ipsam
390 3147 462 3172 Deum
472 3145 584 3173 mundum
594 3165 603 3180 ‚
612 3147 665 3180 &a
687 3156 750 3177 mox
761 3156 868 3185 quoque
877 3146 959 3177 iidem
971 3145 1100 3176 exhibent
1139 3145 1234 3183 <utque
1244 3146 1351 3178 secund.
1360 3149 1389 3179 in
1399 3153 1582 3216 quogcgcgrg'tb
1589 3151 1682 3216 ffilgg.
1692 3153 1805 3189 inquirit.
2027 3194 2050 3215 ι.
2062 3183 2108 3212 Sd
