2297 3389
29 1312 76 1338 21

639 140 908 185 ORArro
963 152 1086 184 PRO
1143 137 1194 184 A.
1234 138 1534 189 CAEcruA.

91 233 168 257 ‘mm
177 244 186 259 ‚
198 229 234 254 ut
242 222 341 254 servos
349 229 414 253 non
424 227 554 251 numero
564 218 759 260 distinguant,
772 220 820 250 sed
830 219 982 259 appellent
992 228 1055 248 uno

99 267 226 298 familiae
236 267 364 296 nomine
375 274 382 293 z
399 263 436 293 de
445 262 546 292 liberis
554 271 655 292 autern
664 262 798 302 quisquis
808 261 867 294 est',
881 270 1054 300 procurato-

100 311 142 340 ris
151 309 279 338 nomine
287 305 466 346 appelletur:
486 313 551 333 non
560 303 623 345 quo
633 313 742 333 omnes
752 302 809 332 sint
816 322 824 336 ‚
843 312 894 333 aut
903 302 1055 341 appellen-

94 359 150 380 πυτ
157 356 377 390 procuratores,
397 347 450 386 qui
459 347 574 386 negotii
592 344 687 375 nostri
702 344 814 385 aliquid
824 352 941 386 gerant:
961 342 1055 372 sedin

101 392 157 422 hac
165 400 212 424 re,
233 389 350 429 cognita
358 388 503 417 sententia
515 386 668 417 interdiEti
680 406 689 420 ‚
709 389 719 405 ¹
731 386 820 416 verba
838 385 985 430 subtiliter
1001 393 1055 431 eit-

101 433 181 474 quiri
189 432 294 460 omnia
310 430 484 459 noluerunt.
519 431 595 459 Non
604 430 688 458 enim
698 428 755 459 alia
764 428 846 458 causa
857 425 899 456 est
908 434 1056 466 aequitatis

100 476 134 504 in
145 482 206 503 uno
215 471 300 502 servo
309 491 318 505 ‚
330 471 363 501 &
373 473 406 501 in
416 470 552 510 pluribus
564 481 569 500 ε
584 480 649 501 non
658 471 715 501 alia
724 472 798 500 ratio
806 470 881 509 juris
890 471 924 498 in
934 469 991 497 hoc
1000 477 1051 514 ξεῖ

99 524 170 545 nere
180 513 322 544 duntaxat
331 533 339 547 ‚
357 511 459 543 utrum
469 522 520 542 me
530 522 598 543 tuus
610 520 782 552 procurator
790 511 931 550 dejecerit
940 512 966 539 is
974 528 982 542 ,
997 519 1050 549 qui

97 554 237 597 legitime
243 563 416 594 procurator
423 554 534 584 dicitur
542 556 685 584 omnium
696 564 795 584 rerum
805 554 879 593 ejus,
889 553 941 593 qui
952 553 984 597 in
995 553 1053 580 Ita-

98 597 139 627 lia
147 606 211 626 non
219 594 267 630 fit,
284 595 392 627 absitve
402 598 474 635 reip.
485 597 569 627 causa
578 616 588 630 ,
604 595 683 637 quasi
693 595 816 637 quidam
825 593 895 636 ριεηὲ
903 595 1031 640 dominus
1042 612 1050 625 5

93 640 157 669 hoc
170 637 229 671 est,
240 638 348 677 alieni-i
353 640 412 668 uris
424 640 566 668 vicarius:
579 648 616 669 an
627 648 694 668 tuus
704 640 832 668 colonus
844 656 852 670 ‚
864 645 912 666 aut
921 644 1050 681 vicinus,

99 686 149 711 aut
158 680 264 714 cliens,
275 689 323 710 aut
332 680 465 714 libertus,
475 689 524 710 aut
532 682 643 721 quivis,
654 681 707 720 qui
717 679 801 709 illam
812 680 876 708 vim
886 697 894 710 2
907 677 942 707 de
945 675 1053 715 Jcffio-

93 731 232 762 :nemque
246 731 298 751 tuo
312 731 413 763 rogatu
424 742 432 756 ‚
447 730 497 752 aut
513 731 565 752 tuo
576 724 703 751 nomine
717 721 829 750 fecerit.
853 722 908 760 Q

98 773 171 793 curn
181 762 399 794 restituendum
408 784 416 797 ‚
428 766 480 804 qui
490 766 520 794 vi
529 762 662 803 dejectus
675 762 718 793 est
728 782 736 795 ‚
752 761 878 801 eandem
890 763 954 790 vim
966 759 1053 789 habet

91 807 246 846 aequitatis
259 807 333 835 ratio
345 816 349 834 z
369 815 402 835 ea
411 804 562 836 intelledlm
572 825 580 838 ‚
601 804 679 834 certe
691 804 769 834 nihil
779 803 815 834 ad
825 813 888 833 rem
900 805 1028 842 pertinet
1040 821 1048 834 ‚

97 857 165 887 quae
174 847 334 877 verborum
345 849 390 877 vis
401 846 434 877 sit
442 867 451 881 ,
463 857 495 877 ac
504 848 679 877 nominum.
703 849 781 876 Tam
791 844 925 875 restitues
935 864 943 877 ,
954 842 973 872 si
985 852 1053 893 tuus

99 899 150 918 me
163 888 286 919 libertus
299 889 456 928 dejecerit,
469 888 548 929 nul—li
561 897 613 918 tuo
628 887 799 928 praepofitus
810 888 944 927 negotio,
960 893 1051 925 quam

91 929 118 959 fi
129 939 299 970 procurator
307 930 462 969 dejecerit:
481 940 544 960 non
564 929 625 971 quo
645 939 755 960 omnes
773 928 830 959 sint
843 934 1031 968 procuratores
1043 946 1050 973 3

97 974 150 1012 qui
162 970 276 1013 aliquid
291 970 387 1001 nostri
397 973 511 1012 negotii
521 980 645 1012 gerunt:
665 971 713 1002 sed
722 969 806 1012 quod
816 973 848 1000 in
856 971 910 999 hac
919 980 951 999 re
959 977 1051 1012 quaeri

97 1013 298 1044 nihilattinet.
323 1016 401 1043 Tam
411 1013 562 1047 restitues,
583 1012 604 1042 si
616 1023 693 1043 unus
703 1013 854 1046 servulus,
871 1011 962 1053 quarn
976 1010 1049 1039 lifa-

96 1055 184 1085 milia
192 1055 332 1094 dejecerit
340 1056 478 1086 universa
489 1066 494 1084 :
509 1059 523 1075 ²
533 1065 598 1085 non
608 1054 670 1096 quo
679 1054 762 1085 idem
773 1053 806 1084 sit
815 1054 947 1084 servulus
960 1061 1050 1099 unus,

93 1096 180 1139 quod
189 1096 304 1127 familia
315 1108 320 1126 :
334 1096 442 1127 verum
452 1099 522 1138 quia
537 1107 601 1127 non
611 1117 619 1131 ,
631 1097 740 1138 quibus
753 1096 851 1127 verbis
860 1095 991 1136 quidque
1002 1094 1049 1141 di-

95 1147 178 1175 catur
187 1158 195 1172 ‚
206 1140 348 1180 quaeritur
356 1159 365 1173 ‚
384 1139 434 1169 sed
445 1149 510 1180 quae
520 1149 565 1169 res
575 1148 682 1180 agatur.
706 1141 804 1169 Etiam
815 1140 916 1178 utjam
928 1137 1051 1176 longius

95 1179 213 1211 &verbo
223 1180 395 1211 recedamus
405 1200 413 1214 ,
435 1182 472 1211 ab
490 1183 626 1222 aequitate
643 1191 680 1211 ne
694 1181 853 1211 tantulum.
865 1178 989 1220 quidem
1002 1175 1052 1226 ³..fi

96 1230 166 1253 tuus
176 1222 273 1252 servus
283 1223 385 1252 nullus
395 1222 485 1252 fuerit
495 1243 502 1256 ‚
515 1223 564 1253 sed
574 1232 682 1253 omnes
691 1223 799 1255 alieni,
812 1232 844 1252 ac
855 1230 1030 1251 mercenarii
1043 1230 1048 1248 ι

95 1273 197 1294 tamen
207 1264 240 1294 δε
248 1263 300 1303 ipfi
312 1284 320 1297 ‚
340 1274 396 1294 tuae
405 1264 528 1295 familiae
540 1264 688 1307 &genere
699 1285 707 1298 ,
728 1264 761 1294 &
771 1265 900 1294 nomine
913 1263 1052 1292 contine-

96 1305 218 1336 buntur.
241 1309 330 1348 Perge
339 1305 429 1346 porro
439 1307 496 1336 hoc
509 1306 591 1336 idem
608 1305 804 1336 interdistum
822 1307 923 1346 sequi,
945 1313 1051 1350 norri-

96 1357 199 1378 mnus
218 1357 372 1378 comus.
394 1350 563 1378 Neminem
574 1346 784 1390 coege1·is:ipfi
794 1347 1013 1378 convenerints
1017 1354 1052 1374 ua

96 1389 213 1430 sponte.
235 1390 314 1419 certe
330 1391 445 1430 cogitis
456 1409 464 1423 ‚
484 1392 704 1432 quicongregat
712 1391 871 1422 homines,
893 1388 1051 1417 &convo-

96 1440 152 1462 cat.
175 1429 265 1460 coam
277 1431 394 1464 santii,
410 1433 462 1472 qui
473 1432 509 1461 ab
518 1432 619 1473 aliquo
632 1432 700 1462 sunt
713 1440 808 1461 unum
820 1433 853 1460 in
864 1432 965 1460 locum
975 1438 1049 1458 con·

95 1474 216 1514 greg-ati.
238 1474 269 1503 Si
285 1483 350 1503 non
358 1471 455 1503 modo
464 1475 620 1504 convocati
632 1484 696 1503 non
705 1473 771 1503 sunt
782 1493 789 1507 ‚
813 1472 862 1503 sed
881 1482 918 1502 ne
935 1481 1049 1501 conve-

96 1522 210 1545 nerunt
225 1514 348 1555 quidem
360 1525 365 1544 ε
385 1514 434 1545 sed
452 1516 475 1544 ii
493 1514 589 1546 modo
609 1515 732 1545 fuerunt
740 1535 748 1549 ‚
772 1517 825 1556 qui
840 1517 931 1544 etiam
947 1521 1050 1558 antea,

93 1566 162 1587 non
173 1575 182 1589 2
193 1565 240 1586 vis
250 1565 283 1586 ut
293 1555 377 1586 fieret
385 1576 394 1590 ,
405 1555 512 1587 verum
523 1557 644 1588 colendi
657 1578 665 1591 ‚
679 1566 729 1588 aut
737 1557 876 1597 pascendi
884 1555 978 1589 causa,
992 1553 1050 1584 esse

95 1601 131 1629 in
148 1608 164 1628 a
184 1607 218 1628 ro
235 1599 450 1629 consueverant
468 1609 473 1627 z
497 1598 641 1630 defendes
652 1620 660 1633 ‚
683 1601 723 1629 ho
729 1601 829 1629 mines
848 1597 966 1629 coaetos
986 1606 1051 1626 non

92 1640 141 1671 fui
166 1650 200 1669 e:
218 1640 251 1670 ὃς
261 1640 354 1670 verbo
363 1641 489 1681 quidem
500 1641 646 1681 superabis
657 1661 665 1675 ,
686 1651 736 1671 me
747 1641 811 1681 ipso
817 1640 935 1681 judice:
956 1649 986 1669 re
1000 1648 1052 1668 au—

97 1691 159 1713 tem
168 1701 177 1715 ‚
189 1691 227 1712 ne
239 1681 377 1712 consistes
391 1683 515 1724 quidem
527 1683 709 1720 ullojudice.
732 1686 806 1712 Vim
815 1684 901 1712 enirn
913 1681 1054 1711 multitu-

74 1749 80 1753 ,
98 1723 180 1754 dinis
189 1722 303 1754 restitui
312 1725 474 1755 voluerunt
483 1745 491 1759 ‚
513 1735 577 1755 non
587 1724 688 1755 solum
698 1734 870 1755 convocatae.
880 1722 1053 1753 multitudi-

96 1767 147 1796 nis
158 1776 164 1795 :
175 1765 224 1795 sed
233 1785 240 1799 ‚
253 1768 322 1806 quia
327 1766 492 1808 plerumque
501 1787 510 1801 ‚
523 1767 576 1797 ubi
587 1767 783 1797 multitudine
794 1776 869 1807 opus
880 1764 937 1799 est,
952 1766 1054 1795 homi-

96 1817 151 1838 nes
168 1809 236 1847 cogi
250 1807 366 1842 solent,
386 1807 457 1838 ideo
474 1808 510 1838 de
524 1808 635 1839 mefitis
644 1807 847 1849 compositum
857 1806 1054 1838 interdi&um

94 1848 143 1880 cst
155 1860 160 1878 :
178 1848 260 1889 quod
271 1869 280 1883 ‚
295 1851 386 1880 etiam
394 1850 418 1879 fi
427 1850 520 1880 verbo
529 1849 646 1881 differre
658 1851 827 1884 videbitur,
847 1860 878 1881 re
887 1859 989 1880 tamen
1000 1851 1056 1878 erit

98 1900 198 1921 unum
207 1910 216 1924 ,
238 1890 271 1921 Sc
281 1891 426 1921 omnibus
436 1894 470 1922 in
477 1891 567 1922 caufis
580 1893 662 1923 idem
677 1893 788 1923 valebit
797 1912 804 1925 ‚
825 1894 859 1922 in
868 1891 978 1933 quibus
986 1900 1055 1931 per-

98 1932 222 1972 spicitur
239 1942 315 1965 una,
333 1942 418 1973 atque
431 1933 534 1963 eadem
554 1935 637 1964 causa
655 1936 810 1975 aequitatis.
835 1937 1052 1963 ARMArrst.

100 1974 184 2014 Qid
196 1973 354 2003 dicemus?
372 1982 514 2008 armatos,
532 1974 671 2005 siLatine
691 1978 777 2016 loqui
792 1976 952 2008 volumus,
977 1983 1053 2014 quos
1075 1986 1076 1990 ¹

99 2015 246 2056 appellare
255 2016 323 2045 vere
333 2014 510 2055 poffumus?
528 2018 639 2057 opinor
648 2026 699 2046 eos
710 2037 718 2051 ‚
738 2018 791 2057 qui
801 2017 890 2047 scutis
899 2036 907 2049 ‚
929 2016 1053 2055 telisque

97 2058 188 2097 parati
200 2077 208 2089 ‚
227 2060 382 2098 ornatique
399 2058 476 2088 sunt.
508 2058 589 2098 Qid
601 2060 710 2099 igitur?
727 2057 748 2088 fi
758 2059 859 2099 glaebis
867 2078 879 2091 ,
899 2067 949 2087 aut
958 2057 1034 2087 saxis
1044 2077 1052 2090 ,

98 2107 150 2129 aut
159 2097 287 2129 fustibus
296 2099 474 2139 aliquem'de
485 2099 582 2129 fundo
591 2101 773 2140 praecipitem
786 2101 878 2141 egeris
890 2109 895 2128 :
906 2101 913 2140 j
919 2098 1056 2140 uffusque

100 2138 137 2170 sis
147 2160 155 2174 ,
175 2150 267 2181 quem
283 2141 460 2171 hominibus
471 2143 589 2171 armatis
599 2141 741 2181 dejeceris
751 2161 759 2175 ‚
784 2141 935 2171 restituere
947 2152 952 2170 2
972 2140 1055 2171 resti-

100 2180 187 2212 tuiffe
203 2191 231 2211 te
251 2181 352 2212 dices?
370 2183 466 2213 Verba
476 2181 497 2212 si
507 2184 624 2213 valent:
642 2182 663 2212 fi
674 2184 766 2213 causae
778 2193 841 2213 non
852 2185 965 2213 ratione
975 2203 983 2216 ,
1004 2183 1053 2212 sed

98 2223 226 2254 vocibus
235 2223 439 2262 ponderantur
450 2235 455 2253 ;
466 2234 516 2254 me
525 2223 645 2254 andstore
655 2224 763 2255 dicito.
787 2227 890 2255 vinces
904 2223 1053 2264 profe&o‚

100 2275 166 2296 non
178 2263 265 2295 fuifl'e
274 2274 401 2296 armatos
411 2275 462 2296 eos
472 2285 481 2300 ,
501 2268 553 2307 qui
564 2267 630 2296 saxa
636 2266 766 2306 jacerent
776 2287 784 2299 ,
796 2276 862 2308 quae
872 2266 909 2296 de
919 2276 993 2296 terra
1002 2265 1055 2306 ipsl

100 2307 256 2338 tollerent:
270 2316 333 2336 non
344 2306 401 2337 effe
410 2317 490 2338 arma
498 2308 637 2347 caespites,
649 2318 745 2349 neque
753 2308 861 2349 glaebas
873 2319 878 2337 z
892 2318 955 2337 non
966 2306 1053 2338 fuill'e

100 2357 229 2380 armatos
239 2358 290 2378 eos
299 2351 350 2389 qui
359 2358 569 2389 praeteremtes
583 2360 700 2380 ramum
713 2350 914 2390 defringerent
924 2350 1036 2379 arboris
1048 2360 1054 2378 z

99 2401 181 2420 arma
191 2388 249 2420 effe
258 2391 319 2420 suis
329 2391 507 2421 nominibus
515 2411 523 2425 ‚
534 2392 591 2421 alia
600 2392 635 2422 ad
646 2391 818 2433 tegendum,
829 2392 885 2422 alia
894 2391 929 2421 ad
941 2401 1056 2421 nocen-

101 2432 174 2463 dum
187 2443 193 2461 1
209 2442 276 2473 quae
288 2434 340 2473 qui
356 2443 420 2463 non
433 2433 590 2463 habuerint
602 2453 610 2466 ‚
632 2443 683 2463 eos
692 2435 835 2463 iuermeis
844 2431 931 2463 fuifi'e
941 2435 1054 2463 vinces.
1074 2443 1076 2449 .

99 2474 217 2504 Verum
228 2473 372 2515 fiquidem
383 2476 438 2504 erit
453 2484 606 2505 armorum
620 2475 788 2515 judicium:
806 2484 871 2505 tum
886 2474 939 2504 ista
949 2475 1051 2505 dicito.

56 2538 60 2540 -
94 2517 172 2557 juris
184 2515 336 2556 judicium
347 2515 418 2546 cum
426 2518 482 2546 erit
490 2536 499 2550 ‚
516 2517 548 2546 &
557 2519 720 2557 aequitatis:
743 2527 812 2547 cave
823 2519 856 2547 in
865 2515 919 2547 ista
930 2527 989 2547 tam
1001 2516 1054 2546 fri-

97 2557 183 2598 gida,
204 2567 263 2588 tam
281 2558 383 2598 jejuna
399 2558 551 2589 calumnia
566 2558 728 2589 delitescas.
751 2569 815 2588 non
825 2561 909 2588 enim
926 2561 1053 2599 reperies

98 2609 283 2640 quemquam
291 2599 425 2638 judicem
437 2619 446 2634 ‚
459 2609 509 2631 aut
518 2609 754 2640 recuperatorem
765 2621 773 2634 ,
789 2602 840 2641 qui
852 2621 860 2633 ,
881 2609 1022 2641 tanquam
1032 2600 1053 2630 fi

98 2651 180 2672 arma
189 2641 296 2670 militis
313 2641 483 2681 inspiciunda
498 2640 554 2672 sint
563 2662 570 2676 ,
583 2644 621 2672 ita
633 2642 738 2682 probet
747 2651 894 2673 armatum
906 2653 911 2671 2
930 2642 979 2672 sed
988 2652 1056 2682 per-

101 2682 173 2713 inde
182 2682 309 2717 valebit,
320 2682 400 2723 quafi
409 2682 587 2714 ornatiffimi
599 2683 722 2718 fuerint,
734 2683 755 2714 fi
764 2686 947 2724 reperientur
956 2686 996 2715 ita
1004 2694 1056 2724 pa-

40 2741 90 2766 22
103 2733 160 2755 rata
169 2723 255 2754 fuiffe
266 2745 274 2757 ,
290 2733 324 2754 ut
333 2726 398 2755 vim
408 2727 477 2755 vitae
487 2746 496 2759 ,
514 2735 563 2756 aut
571 2728 689 2766 corpori
702 2728 855 2766 potuerint
864 2724 977 2756 afferre.
1000 2729 1054 2756 At-

103 2775 160 2807 que
171 2786 180 2800 ,
201 2775 233 2796 ut
244 2768 337 2808 magis
346 2767 495 2808 intelligas
504 2787 512 2801 ,
531 2767 623 2808 quam
634 2768 722 2798 verba
731 2768 809 2797 nihil
823 2768 938 2798 valeant
950 2778 955 2797 :
974 2770 1004 2798 Si
1023 2776 1054 2798 tu

102 2808 183 2839 solus
193 2829 202 2842 ,
219 2817 270 2839 aut
277 2810 377 2850 quivis
388 2818 466 2839 unus
474 2819 545 2840 cum
555 2810 637 2840 scuto
644 2830 655 2844 ,
671 2820 741 2840 cum
752 2810 852 2852 gladio
860 2811 1011 2850 impetum
1022 2812 1054 2841 in

884 728 966 751 uare,
987 716 1051 747 fiad
1073 732 1074 738 κ

1097 228 1146 248 me
1165 218 1279 250 feciffes
1289 241 1298 254 ‚
1316 229 1402 262 atque
1412 232 1468 263 ego
1478 224 1518 254 ita
1526 221 1661 263 dejeEtus
1672 220 1765 255 effein
1778 232 1784 253 :
1801 223 1963 256 auderesne
1973 226 2052 256 dice*

1095 270 1125 290 re
1136 280 1145 293 ‚
1158 261 1354 292 interdiEfflm
1365 262 1423 294 effe
1434 263 1471 294 de
1481 267 1597 295 armatis
1609 266 1803 296 hominibus:
1825 266 1876 297 hic
1885 274 1983 297 autem
1995 268 2053 298 ho-

1097 304 1213 332 minem
1226 313 1374 334 armatum
1384 316 1479 336 unum
1490 306 1597 338 fuisse?
1616 310 1709 342 Non,
1727 310 1855 348 opinor,
1872 318 1934 339 tarn
1951 311 2053 349 impu-

1096 342 1170 372 dens
1180 343 1262 374 esses.
1293 349 1385 386 Atqui
1399 348 1468 377 vide
1478 368 1486 382 ‚
1502 358 1540 378 ne
1560 349 1660 379 multo
1678 358 1760 380 nunc
1778 349 1813 380 fis
1831 350 2050 391 impudentior.

1096 393 1167 413 nam
1178 394 1242 415 tum
1253 387 1378 427 quidem
1390 391 1509 419 omneis
1519 391 1672 421 mortaleis
1683 392 1843 432 implorare
1852 391 1958 433 posses,
1968 392 2051 434 quod

1094 425 1237 455 homines
1260 438 1293 457 m
1315 437 1368 458 tuo
1390 433 1513 471 negotio
1536 433 1643 462 Latine
1666 433 1751 474 loqui
1772 434 2021 465 obliviscerentur
2040 446 2051 468 ;

1092 469 1103 493 3
1117 465 1199 506 quod
1210 469 1341 513 inermes
1351 474 1455 501 armati
1470 473 1690 511 judicarentur:
1710 475 1793 516 quod
1803 496 1812 509 ‚
1834 475 1906 506 cum
1924 475 2052 507 interdi-

1094 507 1177 537 Ctum
1197 508 1267 539 esset
1285 510 1321 540 de
1339 512 1474 549 pluribus
1488 534 1495 546 ‚
1517 515 1676 546 commista
1689 526 1733 546 res
1744 516 1812 547 esset
1824 518 1860 547 ab
1869 528 1953 552 uno3
1971 527 2051 548 unus

1092 550 1189 580 homo
1199 551 1299 590 plures
1307 551 1365 582 effe
1375 554 1516 584 homines
1523 556 1738 594 judicarentur.
1753 558 1870 589 Verum
1882 562 1914 590 in
1924 561 1970 590 his
1980 570 2049 590 cau-

1094 590 1128 620 fis
1144 601 1209 622 non
1219 592 1307 623 verba
1318 596 1447 624 veniunt
1458 597 1648 635 injudiciurn
1660 619 1668 632 ‚
1686 599 1734 629 sed
1745 610 1776 630 ea
1786 611 1830 630 res
1841 622 1849 635 ‚
1869 603 1955 641 cujus
1964 602 2049 632 causa

1092 633 1181 675 verba
1191 635 1253 664 haec
1261 635 1295 664 in
1306 635 1500 667 inreffissstum
1511 639 1647 677 conjects
1656 641 1735 671 sunt.
1744 644 1897 683 Vim,quae
1906 643 1944 672 ad
1953 650 2050 684 caput.

1095 675 1129 707 (y
1144 674 1182 703 ad
1198 678 1294 721 vitqm
1310 679 1456 717 pertinet,
1476 678 1591 710 restitui
1611 680 1670 710 sine
1685 683 1745 712 ulla
1755 688 1931 724 exceptione
1941 689 2048 715 volue-

1094 726 1172 746 runt.
1197 720 1238 748 Ea
1248 719 1282 748 lit
1289 720 1468 760 plerumque
1481 730 1532 760 per
1542 723 1683 752 homines
1693 724 1812 754 coastos
1825 748 1831 758 ,
1843 727 2046 768 armatosque:

1093 768 1159 798 quae
1169 757 1189 787 fi
1199 760 1258 789 alio
1268 759 1394 790 consilio
1405 781 1413 794 ‚
1435 763 1545 792 eodem
1562 766 1695 803 periculo
1711 764 1787 796 facta
1797 765 1845 797 fit:
1864 768 1972 798 eodem
1985 770 2049 805 jure

1072 824 1073 829 ,
1092 799 1148 830 eil'c
1160 801 1332 832 voluerunt.
1365 805 1442 832 NON
1457 813 1547 834 ENIM
1563 806 1659 845 major
1671 806 1847 845 estinjuria,
1870 808 1890 838 si
1903 819 1951 840 tua
1960 806 2050 840 fami<

1092 842 1132 872 lia
1143 862 1151 876 ‚
1162 843 1253 883 qu‘arn
1266 842 1285 872 fi
1297 853 1364 874 tuus
1375 845 1514 875 villicus:
1533 856 1598 876 non
1614 845 1634 876 si
1644 850 1687 877 tui
1699 848 1773 878 servi
1784 869 1792 881 ‚
1804 851 1893 890 quam
1906 850 1925 880 si
1935 852 2024 881 alieni
2038 870 2047 885 ,

1093 894 1125 914 ac
1138 887 1313 915 mercenarii
1326 896 1332 915 :
1351 895 1434 920 non,
1455 885 1476 916 fi
1489 897 1556 917 tuus
1567 898 1740 928 procurator
1750 911 1757 923 .
1778 901 1870 930 quam
1880 891 1900 921 si
1912 894 2028 922 vicinus
2039 914 2049 926 2

1091 935 1141 955 aut
1151 926 1275 956 libertus
1288 937 1371 957 tuus:
1394 938 1457 958 non
1470 949 1478 962 ‚
1492 928 1512 959 fi
1522 930 1633 960 coafitis
1645 932 1824 961 hominibus
1836 954 1843 965 ‚
1865 933 1956 973 quum
1968 933 1987 964 sl
1998 944 2055 964 vo·-

1093 967 1228 998 luntariis
1237 988 1245 1001 ,
1257 978 1307 998 aut
1317 971 1407 1000 etiam
1419 969 1536 1001 assiduis
1546 992 1554 1005 ‚
1574 982 1606 1001 ac
1620 972 1810 1003 domesticis:
1829 984 1894 1004 non
1905 996 1912 1007 ‚
1926 973 1946 1004 si
1956 985 2054 1006 arma-

1092 1011 1129 1038 tis
1141 1030 1149 1042 ‚
1171 1010 1260 1050 quiim
1277 1009 1475 1042 siinermibus
1486 1033 1494 1046 ‚
1516 1015 1568 1054 qui
1581 1016 1644 1043 vim
1655 1015 1798 1046 haberent
1814 1026 1997 1047 armatorum
2017 1017 2053 1047 ad

1091 1051 1281 1082 nocendum:
1302 1063 1380 1087 non,
1392 1052 1411 1083 fi
1421 1055 1569 1093 pluribus,
1581 1065 1669 1097 quam
1683 1055 1701 1085 sl
1712 1067 1774 1086 uno
1783 1067 1907 1088 armato.
1933 1059 2052 1098 Qibus

1092 1095 1175 1122 enim
1187 1094 1274 1124 rebus
1283 1095 1462 1136 plerumque
1472 1099 1519 1126 vis
1530 1095 1581 1131 fit,
1601 1098 1752 1137 ejusmodi
1762 1101 1806 1130 hae
1816 1109 1860 1129 res
1870 1101 2054 1140 appellantur

1092 1135 1265 1165 interdieta
1290 1135 1310 1165 si
1320 1146 1372 1176 per
1381 1138 1450 1168 alias
1460 1148 1504 1168 res
1514 1139 1618 1169 eadem
1632 1138 1708 1179 ἱειᾶξῑι
1724 1142 1770 1171 vis
1788 1141 1848 1172 est:
1866 1152 1898 1171 ea
1908 1162 1915 1176 ‚
1937 1140 2050 1172 tametfi

1092 1177 1191 1206 verbis
1211 1178 1365 1208 interdicii
1384 1189 1449 1209 non
1462 1181 1654 1211 concluditur
1665 1202 1672 1214 ‚
1694 1190 1795 1213 tamen
1805 1184 2028 1224 sententiajuris
2040 1202 2049 1217 s

1090 1219 1385 1260 *ratqueauetoritate
1395 1223 1549 1252 retinetur.
1573 1225 1674 1253 Venio
1695 1234 1776 1254 nunc
1794 1225 1829 1255 ad
1849 1225 1925 1255 illud
1944 1235 2050 1256 tuum:

1094 1264 1171 1291 Nou
1185 1271 1299 1299 DEJr-:cr
1311 1282 1319 1295 ‚
1339 1261 1360 1291 fi
1370 1273 1432 1293 non
1446 1262 1497 1293 sivi
1507 1264 1652 1294 accedere.
1685 1268 1761 1296 Puto
1778 1267 1917 1307 teipsum
1929 1287 1937 1300 ,
1959 1268 2025 1298 Piso
2039 1288 2046 1300 ‚

1092 1304 1254 1343 perspicere
1264 1324 1273 1337 ‚
1286 1314 1397 1345 quanto
1408 1304 1461 1335 ista
1472 1303 1504 1336 sit
1513 1306 1664 1348 angustior
1672 1327 1679 1340 ‚
1695 1309 1887 1348 iniquiorque
1897 1308 2029 1339 defenfio
2039 1329 2048 1342 ‚

1092 1345 1182 1385 quarn
1197 1344 1218 1374 si
1235 1346 1286 1375 illa
1294 1355 1422 1376 uterere:
1443 1349 1506 1376 Non
1514 1348 1636 1387 ficerunt
1651 1357 1756 1378 armati
1766 1361 1776 1377 .·
1795 1359 1866 1380 cum
1875 1350 2004 1381 fustibus
2019 1351 2052 1381 &

1093 1389 1169 1417 fixis
1177 1386 1309 1417 fuerunt.
1335 1390 1365 1418 Si
1376 1390 1548 1420 mehercule
1559 1392 1637 1420 mihi
1649 1411 1658 1424 ,
1679 1401 1742 1421 non
1752 1393 1876 1432 copioso
1885 1393 2006 1422 homini
2017 1393 2052 1423 ad

1090 1429 1253 1459 dicendum
1267 1450 1275 1462 ,
1287 1432 1372 1469 optio
1383 1430 1484 1464 detur,
1496 1440 1599 1461 utrum
1612 1432 1719 1463 malim
1729 1433 1901 1467 defendere,
1919 1444 1982 1464 non
1994 1433 2052 1464 esl'e

1091 1470 1242 1510 dejeEtum
1264 1481 1334 1501 eum
1345 1491 1353 1505 ‚
1374 1475 1421 1502 cui
1436 1475 1467 1502 vi
1479 1473 1611 1504 &armis
1625 1476 1657 1504 in
1679 1475 1806 1505 redienti
1823 1475 1856 1506 sit
1873 1477 2029 1506 occursum
2045 1487 2050 1504 t

1093 1523 1130 1543 an
1141 1533 1148 1546 ,
1169 1522 1297 1543 armatos
1317 1523 1381 1543 non
1396 1513 1483 1544 fuisse
1499 1525 1551 1545 eos
1562 1536 1570 1549 ‚
1593 1518 1645 1557 qui
1656 1485 1716 1546 igine
1732 1518 1820 1547 scutis
1832 1539 1841 1550 ,
1861 1528 1893 1548 ac
1903 1516 1963 1548 sine
1972 1517 2051 1548 ferro

1092 1554 1222 1585 fuerint:
1241 1557 1373 1585 omnino
1389 1555 1424 1586 ad
1443 1557 1652 1596 probandum,
1674 1567 1829 1600 utramque
1847 1569 1912 1589 rem
1931 1560 2053 1590 videam

1093 1595 1258 1630 infirmam,
1270 1599 1517 1639 nugatoriamque
1528 1598 1584 1628 effe
1598 1611 1602 1628 :
1615 1599 1650 1630 ad
1661 1600 1826 1631 dicendum
1835 1611 1935 1632 autem
1948 1621 1955 1635 ,
1969 1604 2000 1632 in
2011 1602 2055 1632 al·

1094 1648 1154 1669 tera
1162 1638 1350 1669 videarmihi
1360 1640 1472 1680 aliquid
1483 1643 1609 1680 reperire
1617 1640 1700 1681 poss'e
1711 1662 1719 1676 ,
1739 1652 1803 1672 non
1822 1642 1908 1673 fuisse
1925 1652 2053 1674 armatos

1096 1690 1146 1711 eos
1157 1701 1164 1715 ‚
1184 1683 1236 1722 qui
1246 1691 1344 1722 neque
1354 1680 1423 1711 ferri
1436 1682 1600 1723 quidquam
1614 1704 1622 1716 ,
1646 1693 1743 1725 neque
1754 1685 1870 1715 scutum
1881 1685 1980 1715 ullum
1999 1687 2051 1716 ha-

1096 1723 1232 1753 buerint:
1252 1722 1300 1753 hic
1309 1722 1381 1752 vero
1391 1724 1516 1754 haeream
1526 1744 1534 1757 ,
1547 1723 1568 1753 si
1578 1726 1656 1754 mihi
1666 1725 1893 1756 defendendum
1904 1726 1938 1757 fit
1947 1747 1954 1761 ‚
1967 1736 2050 1761 eum,

1095 1767 1146 1806 qui
1157 1764 1260 1805 pulsus
1269 1785 1277 1799 ,
1289 1763 1463 1807 fugatusque
1473 1765 1524 1800 sit,
1543 1776 1607 1796 non
1616 1765 1674 1797 effe
1683 1767 1845 1807 deje&um.
1870 1772 1968 1810 Atque
1977 1770 2054 1800 illud

1094 1810 1128 1837 in
1139 1815 1200 1838 tota
1216 1806 1389 1837 defensione
1401 1817 1449 1838 tua
1462 1810 1540 1838 mihi
1553 1808 1688 1839 maxime
1700 1812 1813 1840 mirum
1829 1810 2004 1844 videbatur,
2026 1820 2055 1842 te

1094 1849 1190 1879 dicere
1203 1868 1210 1882 ,
1215 1848 1362 1888 jnrtfions‘
1355 1849 1480 1879 ultorum
1491 1849 1662 1879 austeritati
1672 1848 1853 1891 obtemperari
1863 1863 1913 1881 non
1925 1861 2053 1894 oportere.

1097 1891 1188 1933 Qod
1198 1901 1254 1932 ego
1265 1911 1273 1924 ,
1289 1890 1403 1921 tametsi
1411 1902 1475 1922 non
1485 1902 1566 1921 nunc
1574 1891 1709 1931 primum
1719 1913 1728 1925 ,
1753 1903 1851 1934 neque
1864 1896 1898 1924 in
1908 1896 1961 1924 hac
1968 1896 2055 1926 causa

1094 1932 1197 1963 solum
1213 1932 1321 1966 audio,
1341 1941 1443 1963 tamen
1459 1933 1625 1964 admodum
1644 1935 1786 1968 mirabar,
1807 1935 1857 1965 abs
1868 1944 1897 1966 te
1914 1946 2004 1977 quam
2015 1936 2056 1967 ob

1096 1984 1160 2004 rem
1171 1974 1326 2004 diceretur.
1350 1984 1421 2004 nam
1435 1977 1525 2006 ceteri
1543 1983 1609 2005 tum
1625 1975 1661 2005 ad
1676 1975 1763 2006 istam
1781 1978 1984 2008 hortationem
2003 1978 2057 2008 de-

1095 2024 1218 2046 currunt
1229 2036 1237 2048 ‚
1261 2013 1333 2045 cum
1350 2016 1378 2045 se
1395 2018 1428 2045 in
1444 2017 1528 2046 causa
1535 2026 1641 2056 putant
1651 2017 1757 2048 habere
1768 2028 1877 2060 aequmn
1887 2020 1921 2051 ὼ·
1932 2017 2033 2048 bonum
2042 2039 2054 2053 ,

1095 2057 1177 2098 quod
1193 2056 1364 2087 defendant.
1387 2056 1408 2086 fi
1418 2058 1520 2088 contrii
1529 2058 1626 2088 verbis
1638 2059 1776 2089 &literis
1788 2081 1796 2094 ‚
1818 2061 1850 2090 δε
1868 2062 1922 2099 (ut
1935 2061 1996 2091 dici
2008 2062 2057 2091 so-

1095 2099 1177 2139 lent)
1190 2099 1301 2138 summo
1310 2099 1376 2137 jure
1392 2099 1600 2129 contenditur:
1619 2101 1717 2131 solent
1735 2102 1885 2141 ejusmodi
1903 2104 2057 2143 iniquitati

1097 2141 1171 2171 boni
1183 2161 1191 2174 ‚
1205 2141 1237 2171 ὃς
1249 2143 1326 2181 aequi
1339 2151 1452 2171 nomen
1463 2161 1471 2174 ‚
1483 2141 1721 2183 dignitatemque
1731 2153 1897 2183 opponere.
1919 2147 2004 2174 Tum
2015 2146 2055 2174 il-

1096 2182 1146 2212 lud
1159 2202 1166 2216 ‚
1189 2186 1202 2209 5
1213 2183 1293 2223 quod
1303 2182 1429 2216 dicitur,
1451 2192 1524 2212 srvr:
1534 2203 1542 2216 ,
1566 2193 1647 2213 ›11ssss
1657 2205 1666 2217 ‚
1687 2185 1831 2215 irrident:
1852 2195 1918 2216 tum
1932 2189 2056 2226 aucupia

1094 2224 1465 2257 verborum‚&literarum
1477 2225 1640 2255 tendiculas
1650 2228 1682 2256 in
1693 2227 1840 2258 invidiam
1850 2237 1959 2258 vocant
1969 2239 1973 2257 :
1985 2237 2052 2259 tum

1095 2265 1313 2300 vociferantur,
1334 2275 1378 2297 Ex
1395 2275 1496 2306 AEQo
1512 2267 1544 2297 &
1562 2267 1644 2297 bono
1655 2288 1662 2301 ‚
1686 2277 1750 2298 non
1761 2279 1798 2299 ex
1807 2269 1935 2304 callido,
1952 2271 2056 2300 versu-

1095 2308 1258 2348 toquejure
1268 2307 1467 2347 remjudicari
1482 2317 1634 2348 oportere:
1654 2310 1797 2350 scripmm
1811 2311 1912 2352 sequi,
1933 2312 2050 2342 calum-

1094 2351 1219 2379 niatoris
1228 2348 1285 2379 effe
1297 2360 1302 2378 :
1314 2349 1505 2390 bonijudicis
1517 2371 1524 2383 ‚
1536 2351 1723 2381 voluntatem
1734 2353 1885 2392 scriptoris
1895 2374 1903 2386 ,
1920 2354 2051 2383 auctori-

1094 2401 1244 2432 tatemque
1254 2390 1424 2422 defendere.
1454 2395 1491 2422 In
1502 2391 1554 2422 ista
1563 2392 1635 2423 vero
1646 2394 1728 2423 causa
1738 2415 1746 2427 ‚
1768 2394 1840 2424 curn
1850 2404 1881 2424 tu
1895 2393 1930 2424 sis
1941 2398 1964 2425 is
1974 2416 1982 2428 ,
2000 2398 2053 2436 qui

1095 2442 1122 2464 te
1132 2434 1224 2463 verbo
1236 2453 1244 2466 ,
1256 2433 1396 2474 literaque
1408 2433 1549 2464 defendas
1561 2446 1566 2462 τ
1586 2433 1656 2465 cum
1668 2444 1725 2466 tuae
1738 2435 1794 2466 sint
1804 2438 1847 2466 hae
1858 2446 1950 2476 partes
1961 2457 1969 2470 ,
1981 2440 2050 2467 Un-

1073 2485 1075 2488 ’
1094 2475 1130 2505 de
1142 2475 1275 2515 dejefims
1286 2478 1335 2504 es?
1357 2485 1395 2504 an
1409 2475 1496 2509 inde,
1520 2475 1581 2516 quo
1591 2478 1759 2516 prohibitus
1773 2488 1802 2507 es
1814 2478 1970 2508 accedere?
1989 2479 2052 2519 eje-

1095 2517 1161 2547 &us
1172 2527 1217 2550 es,
1234 2527 1300 2547 non
1311 2516 1455 2552 dejeffiis.
1482 2527 1554 2547 cum
1565 2528 1612 2548 tua
1623 2517 1655 2548 sit
1670 2520 1732 2548 haec
1743 2521 1837 2549 oratio
1847 2539 1855 2554 ,
1869 2521 1973 2550 Fateor
1983 2541 1991 2554 ,
2004 2531 2055 2550 me

1094 2560 1236 2588 homines
1247 2557 1374 2600 coegisse
1386 2569 1391 2587 2
1402 2557 1505 2592 fateor,
1517 2558 1639 2589 armasse
1651 2570 1656 2588 :
1670 2560 1773 2593 fateor,
1786 2561 1841 2591 tibi
1852 2571 1982 2592 mortem
1995 2561 2054 2592 csse

1097 2603 1290 2631 minitatum:
1308 2600 1417 2634 fateor,
1438 2601 1495 2630 hoc
1514 2601 1675 2631 interdi&o
1691 2605 1825 2642 praetoris
1843 2603 2008 2637 vindicari,
2029 2603 2050 2633 si

1097 2643 1234 2673 voluntas
1245 2642 1409 2682 &aequitas
1419 2643 1530 2671 valeat:
1554 2642 1602 2673 scd
1622 2653 1677 2684 ego
1697 2646 1824 2674 invenio
1839 2646 1873 2674 in
1891 2644 2055 2676 interdi6w

1096 2684 1214 2714 verbum
1230 2694 1335 2717 unum,
1358 2682 1406 2712 ubi
1423 2684 1601 2722 tler'itefiam:
1621 2695 1684 2714 non
1703 2685 1796 2726 dejeci
1817 2695 1845 2717 te
1860 2697 1899 2717 ex
1914 2698 1950 2718 eo
1961 2688 2031 2718 Ioco
2042 2708 2051 2722 ,

1096 2737 1187 2768 quern
1203 2728 1235 2756 in
1250 2726 1351 2755 locum
1362 2725 1504 2765 prohibui
1516 2736 1553 2755 ne
1565 2730 1692 2756 venires.
1719 2730 1755 2757 In
1765 2727 1818 2758 ista
1827 2727 2000 2759 defenfione
2010 2740 2057 2761 ac-

1097 2769 1180 2799 cusas
1190 2778 1241 2798 eos
1252 2787 1260 2800 ‚
1271 2770 1323 2808 qui
1335 2767 1552 2801 consuluntur,
1567 2767 1650 2808 quod
1660 2771 1807 2810 aequitatis
1815 2771 1954 2801 censeant
1964 2773 2054 2802 ratio-

1097 2818 1189 2845 nem,
1210 2820 1273 2841 non
1283 2810 1384 2843 verbi,
1402 2809 1503 2839 haberi
1514 2811 1668 2850 oportere?
1689 2814 1727 2841 Et
1739 2812 1876 2843 hocloco
1885 2814 2051 2844 Scaevolam

140 2952 165 2971 x.
184 2946 258 2972 Verba
269 2945 391 2979 salvilirer
399 2950 493 2982 exquiri
500 2951 578 2974 omnia
594 2950 743 2983 noluerunt]

102 2988 164 3042 epiri}
174 2981 293 3022 fiebu'lg'ter
311 2991 439 3020 repertam
451 2985 478 3011 in
489 2985 546 3011 Pal.
556 2984 606 3011 sec.
617 2986 645 3011 δί
655 2986 814 3021 Turingico.
835 2985 898 3014 facit
908 2988 979 3015 enim
991 2990 1058 3016 miri:

102 3023 118 3041 a
157 3024 311 3045 ententiarn.

139 3061 167 3080 2.
187 3059 307 3091 Non-quod
321 3059 416 3093 idemfit
424 3060 539 3093 ser-vulm-
547 3061 635 3096 anun]
657 3060 811 3089 Die'tionem
821 3070 885 3089 unm·
895 3062 1000 3090 admovi
1011 3073 1059 3090 au-

103 3088 230 3118 &oritate
239 3093 397 3129 codicisjam
408 3096 507 3123 laudati
519 3097 634 3133 Turiug.

133 3136 169 3168 ¹3.
188 3130 658 3172 Qudinermesarmafljudicaremnr.]
675 3137 732 3166 Pal.
743 3137 793 3166 sec.
802 3140 887 3166 inermi
897 3158 906 3172 ‚
917 3139 1001 3167 veteri
1012 3138 1060 3167 de-

105 3166 247 3193 clinatione
252 3187 258 3194 .

765 2949 915 2977 Excludere
927 2952 1000 2978 nolui
1013 2961 1060 2979 vo-

1955 2854 2059 2886 dixisti

1137 2959 1165 2984 4.
1184 2955 1274 2986 ejsuque
1284 2954 1424 2977 ‹infler-itate
1433 2951 1572 2987 minctum]
1583 2954 1689 2978 Retinere
1698 2953 1768 2979 euim
1779 2953 1814 2980 est
1825 2954 2059 2991 comprehendere,

1102 2997 1134 3015 ne
1144 2987 1211 3014 elabi
1223 2987 1309 3024 possit.
1330 2986 1398 3013 unde
1409 2990 1551 3013 retinacula.

1140 3033 1166 3057 5.
1186 3024 1252 3056 Qud
1259 3023 1346 3048 dicitur
1357 3043 1365 3054 ,
1384 3025 1431 3049 διν
1440 3032 1455 3048 r.
1468 3042 1475 3054 ‚
1496 3033 1572 3050 Nini:
1585 3043 1593 3053 ,
1610 3025 1737 3060 irridens]
1759 3025 1825 3052 Hoec
1843 3027 1878 3053 est
1897 3026 1978 3054 lectio
1988 3028 2057 3055 Pali.

1101 3059 1215 3086 duorum
1229 3079 1236 3090 ‚
1247 3060 1311 3085 item
1323 3059 1436 3086 alioruin
1447 3059 1505 3085 mss.
1526 3060 1688 3087 Gulielmius
1701 3062 1727 3088 in
1739 3062 1860 3088 Afinaria
1871 3063 1958 3090 Plauti
1970 3074 2055 3100 capg).

1102 3101 1162 3124 Nilac
1171 3098 1294 3134 scriptum
1306 3107 1354 3134 pro
1364 3103 1426 3126 Nm·
1437 3119 1445 3132 ,
1457 3097 1605 3138 σφ’χεακῶς
1614 3121 1622 3134 ,
1636 3100 1720 3129 dicit:
1743 3101 1846 3138 respicit
1857 3111 1945 3130 autem
1956 3104 1988 3130 :id
1999 3103 2056 3130 fur-

1104 3138 1186 3164 mulas
1197 3137 1361 3174 sponsionum
1375 3158 1383 3171 ,
1393 3148 1504 3175 quarum
1515 3141 1623 3168 initium
1637 3161 1644 3174 ‚
1660 3151 1687 3169 sx
1700 3162 1709 3176 ‚
1721 3151 1788 3170 sivi:
1800 3164 1808 3178 ‚
1824 3152 1858 3171 Ni
1871 3163 1880 3178 ‚
1893 3153 1979 3171 Nive.
2002 3143 2061 3172 vii:

1103 3173 1263 3202 Briffomum
1275 3174 1322 3202 lib.
1333 3184 1359 3202 v.
1369 3174 1402 3203 dc
1413 3177 1558 3205 Forruulls.

2044 3217 2061 3224 .-

1569 3214 1619 3242 Vv
1641 3222 1657 3240 2
2006 3224 2072 3241 La:
