2379 3400
227 137 350 182 ,252
615 109 682 158 M.
775 104 1139 152 Tunzii

223 210 350 245 quorum
362 196 450 240 quide

1232 95 1781 146 Cicanonrs

455 203 484 225 m
500 191 602 223 restem
614 197 677 220 non
689 184 876 217 mediocrem
890 202 898 215 ‚
920 180 968 213 sed
980 178 1056 210 haud
1068 178 1128 209 scio
1138 186 1175 208 an
1217 175 1288 208 forti
1309 176 1375 206 viro
1392 175 1541 224 visxpoffit
1553 176 1698 208 adhiberi.
1721 180 1780 209 Cur
1790 178 1879 219 igitur
1887 178 1921 211 ad
1933 179 2066 211 senatum
2077 178 2174 221 profi*-

226 240 426 285 grstviffimum
438 256 445 270 ‚
458 234 608 274 Regulum
621 250 629 264 2
643 229 735 259 nolite
748 248 755 261 ‚
766 225 865 267 qua-,so
875 243 884 258 ‚
895 225 1066 262 vituperare.
1082 229 1173 260 quem
1218 218 1380 249 cisccbatur
1391 237 1400 251 ‚
1417 227 1488 248 curn
1507 218 1670 259 pra-,sertim
1687 218 1724 249 de
1744 221 1867 258 captivis
1884 220 2062 253 dissuasurus
2080 218 2174 252 esset?

228 288 311 315 enim
330 279 558 319 locupletiorem
600 273 759 302 uzei-imus,
779 269 1051 312 quatriprincipem
1072 261 1177 302 populi

229 329 321 355 Rom.
334 323 384 362 qui
397 316 542 349 retinendi
555 284 743 345 olliciiciusa
757 330 764 343 ‚
785 313 967 338 'cruCiatuni
984 304 1105 349 subierit
1124 311 1178 331 vo-

228 362 411 396 luntarium?
435 362 514 390 Nam
525 355 605 398 quod
617 356 698 394 ajunt
708 372 715 386 ‚
733 358 873 382 ΜιΝιΜΑ
884 357 926 378 DE
943 355 1049 376 MALis
1060 364 1068 378 ,
1085 344 1115 374 id
1126 342 1179 377 est,

230 417 261 437 ut
271 413 392 436 tiiroitci·
402 400 502 442 potius
514 419 521 432 ‚
533 398 624 439 quum
635 392 825 426 calamitose:
849 400 869 420 A
880 399 900 418 N
915 398 942 436 ,Ε
951 398 991 418 sr
1010 387 1107 432 ullum
1120 394 1181 414 ma—

231 450 275 481 ius
290 433 402 476 malum
419 442 601 482 turpitudine
613 438 623 464 ?
640 446 707 477 quae
718 434 737 464 si
750 437 780 464 in
790 431 979 476 deformitate
990 436 1123 471 corporis
1135 427 1183 474 lia-

229 490 278 519 bet
294 485 406 528 aliquid
422 481 597 515 offensionis
609 500 617 514 ‚
637 476 806 520 quintailla
814 474 984 514 depravatio
995 490 1008 518 '.
1023 467 1186 517 &ineditas

230 528 386 561 turoificati
405 526 501 556 :inimi
519 524 628 554 debet?
650 523 769 560 ltaque,
789 513 942 547 nervosius
959 523 1011 553 qui
1031 511 1082 541 ista
1096 507 1185 540 disse-

229 559 319 604 runt,
341 573 355 589 ²
368 567 466 600 solum
484 565 593 596 audent
613 563 728 592 malum
747 559 845 589 dicere
865 556 895 586 id
911 576 919 589 ,
939 553 1021 594 quod
1036 562 1118 592 turpe
1133 550 1182 580 sit:

230 615 284 653 qui
293 621 392 642 autem
404 606 563 640 remissius,
580 607 609 635 hi
621 612 722 636 tamen
733 610 795 632 non
807 597 945 630 dubitant
956 596 1110 633 summum
1121 602 1183 623 ina-

233 656 296 685 lum
310 654 414 684 dicere.
440 653 521 680 Nam
537 647 609 678 illud
621 645 743 687 quidem
757 663 765 677 ‚
830 683 834 686 ι
885 682 889 686 .

280 699 291 724 3
304 698 403 735 Neque
412 692 472 722 dedi
486 711 494 724 ‚
504 700 587 731 neqnc
596 688 718 727 a'ofidcm
730 683 833 724 infideli
844 691 978 722 cuiquam
989 691 997 713 3

231 738 345 769 'idcirco
364 734 443 765 reere-
456 736 470 764 ᾗ
481 734 588 773 po'e'ta3
606 733 692 770 quia,
710 727 780 758 cum
793 724 961 770 [tristaretur
971 725 1078 751 Atreus
1089 739 1097 752 ‚
1117 727 1182 763 per:

232 781 314 810 sona:
329 775 517 808 serviendum
528 773 597 803 fuit.
620 770 676 801 Sed
688 769 706 798 si
719 771 775 798 hoc
786 766 837 796 sibi
851 767 989 796 sumunt.
1012 762 1117 790 nnllam
1135 759 1183 795 eJJe

235 821 314 850 fidem
327 840 335 853 ,
356 829 415 860 qua
431 816 534 856 infideli
553 815 622 843 dara
634 812 670 854 sii
683 823 693 837 .·
714 810 843 840 videaur.
868 816 906 836 nc
918 813 1063 849 qiiaeiatur
1076 802 1186 849 latebra

232 847 372 902 perjurio.
393 858 442 890 Est
451 857 604 895 autemjus
614 864 703 884 etiam
715 851 841 880 &filicum
851 870 859 882 ‚
873 846 1186 894 fideiquejurisjuran-

233 905 264 934 di
277 904 351 943 saepe
360 911 429 932 cum
442 898 525 930 hoste
537 896 683 928 servanda.
708 897 794 932 Quo
804 902 823 921 n
837 892 920 920 enim
935 898 972 918 ita
983 895 1114 926 juratum
1132 883 1185 916 est,

232 954 267 975 ut
280 954 364 975 mens
373 945 542 981 conciperet
552 938 615 968 fieri
627 945 777 976 oportere,
795 933 824 962 id
837 930 1013 977 servandum
1025 927 1081 957 est:
1104 925 1186 966 quod

233 988 340 1020 aliter-5
361 985 392 1015 id
403 983 421 1014 si
433 993 495 1013 non
506 982 609 1011 feceris
619 999 627 1013 ‚
640 979 759 1008 nullum
769 974 811 1005 est
821 981 995 1014 perjurium.
1020 979 1070 1002 ut,
1083 967 1103 997 si
1112 977 1186 1007 prae-

235 1028 367 1058 donibus
377 1024 496 1066 pastum
508 1033 561 1063 pro
571 1023 664 1061 capite
677 1028 738 1049 non
750 1016 894 1048 attuleris,
906 1013 987 1043 nulla
995 1011 1073 1041 fraus
1083 1009 1136 1042 est,
1148 1018 1185 1037 ne

233 1069 254 1099 fi
271 1071 385 1110 juratus
403 1066 526 1107 quidem
546 1065 577 1094 id
594 1072 657 1092 non
670 1060 785 1091 feceris.
809 1067 879 1087 nam
890 1058 979 1095 pirata
991 1063 1054 1101 non
1065 1050 1189 1098 estp4ex

232 1111 434 1152 perduellium
455 1115 584 1137 numero
603 1103 762 1134 definitus:
782 1098 829 1129 sed
850 1104 1026 1143 communis
1044 1092 1137 1123 hostis
1155 1102 1189 1120 o-

235 1155 368 1183 mnium.
390 1160 460 1182 curn
480 1150 536 1178 hoc
552 1156 607 1177 nec
624 1144 696 1175 fides
713 1142 820 1174 debet,
840 1135 1115 1183 necJusJurandum
1130 1132 1188 1163 ess‘e

236 1203 412 1225 commune.
444 1194 504 1221 No
518 1200 538 1219 Ν
562 1199 581 1218 E
593 1198 612 1217 Ν
628 1198 638 1217 1
652 1197 678 1216 M
700 1184 806 1215 falsum
827 1183 940 1216 iurare3
958 1187 1107 1224 perjurare
1125 1175 1187 1205 est:

236 1237 284 1267 sed
295 1256 304 1270 ‚
325 1234 406 1276 quod
418 1243 456 1264 ex
467 1233 560 1263 animi
573 1232 615 1260 tui
627 1226 885 1263 sententiajuraris
896 1242 904 1255 ,
914 1220 993 1268 .s¹c,u⁵
1003 1219 1102 1249 verbis
1111 1227 1187 1270 conf

236 1281 346 1318 eipitur
362 1286 447 1307 more
468 1272 571 1304 nostro
583 1291 592 1305 ,
609 1271 641 1301 id
651 1280 716 1300 non
726 1267 817 1298 facere
828 1285 837 1300 ‚
858 1271 1023 1304 perjurium
1033 1259 1085 1291 est.
1107 1263 1186 1290 §cite

235 1323 321 1350 enim
333 1316 509 1358 Euripides:
665 1355 669 1360 ⁷
695 1354 701 1361 ”

278 1362 389 1400 Juravi
399 1361 500 1399 lingua
509 1377 518 1392 ,
530 1363 648 1385 mentem
658 1359 815 1393 numatam
822 1359 898 1390 gero.
952 1389 957 1393 .

238 1404 375 1444 Regulus
385 1401 456 1432 vero
467 1409 528 1430 non
539 1398 643 1429 debuit
652 1396 844 1427 conditiones
854 1411 863 1424 ‚
883 1387 1093 1435 pafiionesque
1105 1385 1192 1415 5bel-

236 1445 309 1475 licas
320 1464 329 1478 ‚
341 1444 374 1474 &
384 1442 520 1473 hostileis
532 1439 698 1481 perturbare
708 1436 849 1477 periurio.
871 1441 941 1462 cum
951 1429 1031 1469 justo
1041 1438 1123 1458 enim
1136 1448 1145 1460 ‚
1158 1427 1191 1457 &

237 1487 272 1517 ὅ(
287 1488 424 1526 legitimo
444 1483 526 1514 hoste
544 1491 589 1512 res
607 1480 777 1522 gerebarum
798 1474 936 1521 adversus
947 1470 1083 1517 quem&
1095 1478 1192 1514 totum

237 1528 286 1568 jus
296 1527 395 1557 fetiale
406 1546 414 1559 ‚
427 1526 460 1555 &
470 1524 564 1555 multa
575 1523 643 1553 sunt
653 1523 713 1559 jura
723 1525 909 1550 communia.
925 1513 1008 1554 quod
1018 1523 1050 1542 ni
1061 1521 1099 1558 ita
1109 1509 1191 1558 estet,

241 1577 407 1608 numquam
418 1569 512 1596 ciaros
528 1566 609 1594 viros
624 1565 737 1594 senatus
750 1558 871 1590 vinetos
881 1555 1015 1603 hostibus
1025 1550 1190 1583 dedidisset.

184 1610 227 1644 30
242 1613 280 1641 At
292 1608 363 1640 vero
373 1611 410 1639 T.
425 1608 565 1637 Veturius
576 1625 585 1639 ,
604 1605 637 1635 &
647 1607 692 1644 Sp.
704 1601 877 1633 Postumius
887 1617 895 1631 ,
915 1605 989 1626 cum
1003 1603 1110 1624 iterum
1122 1602 1194 1622 con-

241 1652 320 1684 sules
339 1648 449 1682 essent,
470 1650 558 1689 quia,
577 1647 649 1676 cum
668 1645 746 1674 maie
764 1648 928 1683 pugnarum
945 1636 1022 1677 apud
1034 1634 1192 1686 Claudium

241 1691 313 1724 ess'et
324 1712 333 1726 ,
345 1690 516 1732 legionibus
527 1687 634 1718 nostris
643 1687 808 1726 subjugum
822 1678 914 1712 miffis
926 1699 934 1712 ‚
947 1687 1050 1718 pacem
1061 1685 1130 1723 cum
1143 1681 1194 1706 ba-

246 1733 396 1766 mnitibus
414 1732 562 1763 fecerant,
583 1730 677 1759 dediti
695 1728 762 1757 sunt
783 1726 846 1754 his:
865 1732 875 1751 1
888 1731 926 1759 NJ
937 1729 1026 1749 ussu
1039 1727 1123 1778 {nim
1138 1726 1191 1756 po-

239 1767 325 1818 puli,
346 1774 519 1814 senatusque
536 1770 677 1801 fecerant.
701 1768 870 1811 eodemque
888 1770 1024 1801 tempore
1064 1761 1115 1788 Ti.
1127 1760 1193 1800 Nu-

240 1820 372 1850 mimus,
395 1814 602 1856 Q Mae1ius,
624 1803 978 1852 quitumtribuniplebis
992 1809 1093 1833 erant,
1112 1798 1196 1844 quod

240 1869 345 1890 eorum
358 1857 530 1888 aufi'oritate
541 1863 596 1894 pax
607 1862 666 1883 erat
674 1850 750 1882 salita
758 1869 766 1883 ,
777 1848 869 1879 dediti
881 1846 958 1892 sunt,
970 1852 1002 1872 ut
1012 1851 1067 1882 pax
1076 1844 1195 1888 Samni-

241 1904 318 1931 tium
330 1899 542 1940 repudiaretur.
560 1898 658 1935 Atque
670 1894 759 1932 hujus
767 1885 999 1934 deditionis-ipse
1011 1882 1194 1930 Postumius,

240 1945 292 1983 qui
304 1941 481 1973 <ie-debatur,
494 1938 590 1969 suasor
599 1937 631 1967 &
642 1934 745 1966 auetor
753 1933 821 1963 fuit.
839 1928 922 1976 quod
934 1928 1013 1974 idem
1026 1927 1131 1972 multis
1140 1933 1194 1955 an-

240 1994 290 2015 nis
308 1982 375 2024 post
394 1984 419 2012 C
442 1984 618 2011 Mancinus:
639 1979 691 2018 qui
704 1996 712 2010 ,
734 1977 994 2005 utNumantinis‚
1013 1967 1193 2014 quibuscum

242 2023 304 2055 fine
316 2026 432 2056 senatus
442 2022 615 2053 auctoritate
625 2019 723 2050 foedus
732 2016 857 2049 fecerat,
877 2011 1051 2057 dederetur,
1067 2018 1181 2050 rogatio

242 2077 315 2098 nem
329 2064 411 2096 suasit
427 2074 493 2095 eam
504 2083 513 2097 ‚
533 2071 622 2104 quam
633 2064 668 2091 L.
680 2061 786 2091 Furius
799 2077 807 2091 ,
827 2057 858 2086 δε
869 2059 938 2086 Sex.
951 2051 1060 2082 Atilius
1072 2061 1111 2100 eit
1126 2060 1195 2098 sse.

241 2108 390 2139 ferebant:
405 2117 461 2147 quii
469 2114 585 2145 accepta
594 2123 603 2137 ‚
615 2102 656 2133 est
667 2100 801 2132 hostibus
810 2099 941 2129 deditus·
959 2092 1125 2138 Honestius
1135 2094 1197 2126 hic,

241 2160 332 2191 quam
344 2152 402 2190 Q.
414 2148 574 2186 Pompejus
585 2166 594 2179 ,
604 2154 675 2186 quo,
686 2153 755 2174 curn
768 2145 799 2171 in
811 2140 914 2170 eadem
925 2136 1009 2182 causa
1018 2133 1111 2165 essent
1123 2155 1131 2167 ,
1144 2134 1195 2182 de·-

241 2200 399 2232 precante‚
420 2197 537 2228 accepta
559 2189 608 2218 lex
620 2196 683 2217 non
702 2184 755 2215 est.
778 2181 827 2212 hic
836 2192 885 2215 ea,
901 2188 966 2221 quae
976 2177 1131 2225 videbatui·
1142 2186 1198 2206 uti-

240 2235 307 2263 litas
318 2252 327 2267 ,
339 2233 405 2273 plus
413 2232 524 2264 valuit,
537 2230 626 2270 quam
640 2226 776 2258 honestas
789 2224 881 2264 :apud
892 2224 1054 2262 superiores
1065 2238 1074 2252 ,
1085 2218 1199 2248 utilita-

241 2277 281 2305 tis
296 2273 406 2314 species
421 2272 490 2303 falsa
502 2291 511 2305 ,
530 2272 566 2301 ab
578 2269 739 2300 honestatis
749 2266 921 2297 :metor-itate
933 2265 1061 2301 superata
1071 2259 1121 2289 est.
1144 2262 1198 2289 .At

241 2327 295 2346 non
305 2314 402 2346 debuit
412 2321 510 2344 rarum
519 2312 578 2351 effe,
592 2312 667 2354 quod
674 2318 732 2340 erat
741 2307 839 2338 aetum
845 2316 892 2349 per
901 2307 972 2336 vim.
988 2305 1094 2341 Quasi
1109 2311 1197 2332 veno

283 2423 307 2440 1.
326 2404 468 2442 Criieiatum
481 2414 581 2447 subierit
590 2413 756 2436 <voluntarium
768 2410 801 2442 ?]
820 2408 878 2434 Pal.
888 2406 957 2434 'idem
969 2405 1202 2444 cruciat.st{>iferat

242 2452 408 2476 voluntarium
418 2461 425 2475 :
444 2458 502 2484 qua:
511 2447 647 2474 diversitas
662 2445 757 2481 scriptu
763 2454 796 2471 rae
807 2454 857 2471 non
869 2442 976 2470 videtur
987 2448 1138 2467 temeraria.

283 2496 309 2512 2.
328 2489 403 2512 Solum
413 2486 501 2511 madent
518 2486 606 2509 malum
616 2482 718 2515 ditem]
739 2483 797 2507 Vox
818 2480 914 2506 ultima
933 2487 984 2505 non
1006 2477 1079 2503 estin
1092 2475 1200 2512 PaLpr.
1224 2492 1225 2518 Χ

245 2522 274 2548 8<
288 2523 350 2549 vero
371 2523 420 2550 ὰπὸ
438 2526 470 2548 τέ
486 2526 551 2548 ιιειινὶςΔ
567 2519 638 2546 belle
657 2517 821 2552 subintelligi
833 2516 916 2552 potest
928 2534 936 2547 ,
958 2515 1017 2540 cum
1029 2521 1091 2539 mox
1102 2512 1201 2539 iterum

247 2567 394 2595 repetatur.

286 2603 299 2629 3
307 2614 312 2620 .
332 2598 410 2628 Neque
420 2592 472 2619 dedi
481 2601 553 2627 neque
562 2591 665 2626 dosidem
677 2609 685 2622 ,
695 2589 761 2622 εἶχε]
785 2588 922 2615 senarium
934 2585 994 2612 inde
1004 2585 1068 2612 facit
1080 2585 1202 2611 Muretus
1223 2586 1224 2591 ¹

249 2629 404 2666 transpositu
418 2629 557 2655 verborum
571 2646 580 2658 ‚
596 2631 676 2661 Neque
685 2627 710 2652 Ao
719 2626 811 2658 infideli
827 2627 937 2658 cuiquam
947 2641 956 2655 ‚
975 2630 1048 2658 neque
1056 2621 1108 2648 dedi
1119 2621 1203 2655 fidem.

250 2665 292 2691 sed
304 2666 361 2701 quis
373 2664 504 2701 praestabit
513 2671 668 2700 germanum
680 2661 730 2688 effe
744 2661 836 2687 Attii?

288 2709 315 2733 4.
337 2705 376 2728 Ex
387 2702 536 2733 perduellium
553 2708 646 2725 numero
664 2697 810 2731 definitus]

250 2736 403 2770 glosslitore.
423 2745 495 2763 certe
507 2736 628 2761 Romana
639 2733 722 2760 editio
739 2733 824 2768 prima
835 2732 888 2759 tale
900 2730 963 2767 quid
983 2730 1039 2757 fere
1049 2730 1139 2765 arguit
1150 2748 1159 2762 ‚
1176 2728 1203 2755 iii

254 2780 316 2806 qua,
326 2775 360 2797 ef}
366 2773 509 2804 pei-duellum
517 2780 623 2801 numero,
633 2771 760 2802 deffinitur.

293 2815 318 2840 5.
338 2809 433 2832 neuim
443 2808 471 2838 ρ’)-
487 2807 602 2840 hqftiles]
626 2807 688 2832 Non
701 2804 778 2831 habet
790 2803 847 2830 Pal.
858 2812 899 2839 pr.
919 2802 1026 2829 voculas
1043 2800 1107 2827 duas
1117 2799 1205 2837 poste—

253 2842 357 2871 riores;
378 2845 403 2868 ἃ
415 2845 530 2878 ambigat
540 2842 598 2878 quis
609 2840 668 2868 ihne
683 2850 746 2867 num
758 2841 807 2866 suit
820 2839 949 2865 austoris.
1098 2872 1103 2877 .
1141 2872 1147 2877 ι
1183 2871 1189 2876 ·

290 2877 320 2904 6.
338 2881 373 2903 Ti.
382 2881 514 2912 Qmiciut
525 2897 533 2909 ‚
552 2881 587 2909 ‘Q
597 2877 717 2910 Malean]
741 2876 797 2902 Pal.
808 2875 894 2902 noster
913 2883 964 2902 uon
974 2873 1031 2900 abit
1041 2872 1073 2899 ab
1082 2882 1119 2899 eis
1130 2871 1205 2899 libris

254 2913 300 2949 qui
311 2912 455 2949 praeferunt
463 2915 498 2938 75.
510 2915 645 2944 lizinia-im,
655 2916 689 2945 “2-
701 2914 840 2940 stmilsm.
1083 2935 1088 2939 ,

291 2958 319 2984 7.
337 2949 447 2974 Indicant
457 2950 582 2982 notiones]
604 2948 646 2974 sic
655 2947 717 2974 edd.
727 2949 827 2984 priniae,
839 2946 993 2982 posteriores
1004 2947 1134 2971 notationes
1146 2955 1152 2970 ;
1163 2942 1205 2969 sed

253 2991 348 3012 contra
357 2982 414 3010 mss.
425 2984 469 3018 qui
479 2983 632 3009 catervatim
642 2984 754 3010 alterum
766 2991 887 3013 tuentur,
897 2983 1056 3018 poniturque
1066 2981 1209 3017 prejudicio

253 3030 283 3048 exc
294 3021 427 3053 cognitione.
447 3018 541 3044 Noster
556 3027 602 3054 pro
614 3019 717 3045 Domo:
736 3019 815 3045 Omnis
833 3021 894 3044 notio
903 3019 1041 3052 ‘Pontificum
1058 3017 1099 3049 effi
1117 3017 1206 3041 debuit.

254 3056 294 3082 De
306 3054 396 3091 provin
403 3074 409 3080 .
419 3055 513 3080 Clodius
522 3055 646 3087 censimum
649 3055 767 3088 judicium
776 3055 805 3085 ὼ·
813 3057 925 3080 notionem
934 3062 962 3081 ac
976 3062 1058 3079 morem
1066 3052 1205 3085 illumscu-

252 3094 362 3130 rffmum
379 3089 546 3124 Jiqslu.'1'r,·;{*c.

286 3126 313 3154 8.
332 3126 540 3162 Adolescensfiim
551 3144 560 3159 ‚
577 3126 688 3158 negotium
698 3126 802 3151 exbiberi
810 3126 904 3161 [κενὴ]
926 3125 984 3154 Pal.
994 3123 1067 3154 idem
1084 3124 1205 3158 exhibere,

832 2694 946 2722 Videtur
966 2702 1018 2720 vox
1038 2692 1169 2730 postrema
1187 2693 1203 2719 :i
1223 2684 1225 2710 ἶ

1223 259 1313 301 Qud
1332 261 1505 290 maximum
1524 261 1556 289 in
1576 270 1613 290 eo
1630 259 1694 293 est,
1713 260 1743 290 id
1760 262 1987 300 reprehenditis.
2011 274 2074 294 non
2086 265 2172 294 eri-'im

1225 301 1277 332 suo
1294 302 1411 339 judicio
1430 300 1525 334 stetit,
1549 301 1595 332 sed
1607 301 1732 341 suscepit
1744 302 1878 336 causam,
1899 312 1931 333 ut
1945 303 2173 342 ess'etjudicium

1225 342 1339 373 senatus
1352 353 1357 370 ε
1370 343 1418 372 cui
1428 341 1483 372 nisi
1493 343 1553 382 ipse
1564 342 1665 374 anaor
1674 341 1775 373 fuiffet
1785 362 1794 376 ‚
1810 345 1919 383 captivi
1928 345 2062 384 profesto
2074 348 2176 377 Poenis

1225 384 1332 414 redditi
1345 383 1450 414 essent.
1474 385 1514 414 ita
1530 384 1694 414 incolumis
1711 386 1743 414 in
1763 387 1853 425 patria
1867 386 1999 426 Regulus
2017 386 2176 418 restitifl‘et.

1225 425 1306 466 quod
1319 427 1388 466 quia
1399 427 1498 465 patriae
1509 435 1572 456 non
1586 427 1659 456 utile
1672 429 1786 466 putavit
1796 445 1805 460 ,
1825 426 1936 457 idcirco
1950 425 2003 457 sibi
2015 428 2176 459 honestum

1228 468 1260 497 &
1271 468 1378 497 sentire
1390 468 1454 500 illa,
1468 467 1501 497 δε
1512 469 1570 507 pati
1579 467 1714 497 credidit.
1736 470 1815 497 Nam
1825 468 1905 508 quod
1916 468 2017 508 ajunt,
2028 469 2176 510 quod-val-

1224 507 1257 537 de}
1266 507 1379 549 utilefit
1390 528 1398 541 ‚
1412 508 1441 537 id
1444 507 1508 546 fieri
1517 507 1673 544 honestum:
1684 508 1783 538 immo
1795 508 1868 539 vero
1878 508 1935 540 ess'e
1946 528 1955 543 ‚
1966 520 2029 540 non
2041 508 2112 540 fieri.
2134 509 2177 542 est

1227 552 1311 580 enim
1323 551 1400 579 nihil
1412 551 1485 579 utile
1494 550 1575 590 quod
1586 550 1667 580 idem
1679 560 1742 580 non
1753 550 1931 583 honestum:
1949 562 2004 582 nec
2014 553 2082 592 quia
2093 553 2176 585 utile,

1229 590 1388 620 honestum
1400 591 1460 622 est:
1478 591 1528 622 sed
1538 594 1606 632 quia
1616 591 1775 622 honestum
1789 611 1798 625 ‚
1812 593 1896 623 utile.
1918 595 2017 635 Qare
2025 601 2064 622 ex
2074 593 2178 623 multis

1230 632 1418 662 mirabilibus
1436 635 1585 673 exemplis
1598 652 1606 666 ‚
1627 634 1702 664 haud
1713 633 1798 664 facile
1807 635 1875 675 quis
1886 634 1997 664 dixerit
2008 635 2065 664 hoc
2075 643 2180 664 exem-

1228 675 1280 713 plo
1293 684 1342 704 aut
1352 674 1531 704 laudabilius
1541 694 1550 708 ‚
1561 684 1609 705 aut
1619 673 1810 715 praestantius.
1844 675 1902 706 sed
1912 686 1950 706 ex
1961 685 2020 706 tota
2030 676 2084 706 hac
2093 675 2179 706 laude

1230 717 1337 756 Reguli
1351 735 1360 749 ,
1381 725 1476 746 unum
1488 716 1563 746 illud
1574 716 1616 746 est
1627 717 1824 747 admiratione
1833 717 1959 759 dignum
1971 737 1979 751 ‚
1999 716 2082 758 quod
2092 719 2185 757 capti·

1227 767 1282 787 vos
1299 757 1475 787 retinendos
1492 758 1648 788 censuerit.
1681 768 1751 788 nam
1769 757 1851 799 qul->d
1870 760 1977 793 rediit,
1995 759 2083 789 nobis
2102 768 2182 790 nunc

1230 799 1365 829 mirabile
1375 799 1493 829 videtur
1504 810 1509 826 τ
1520 800 1581 829 illis
1591 799 1713 840 quidem
1726 801 1911 840 temporibus
1921 799 2107 831 aliter-facere
2118 810 2185 832 non

1229 842 1336 880 potuit.
1360 844 1458 881 itaque
1481 851 1491 870 1
1503 851 1516 870 s
1527 852 1546 871 τ
1558 850 1579 870 Α
1600 850 1651 871 LA
1663 852 1680 871 u
1692 851 1705 871 s
1724 851 1788 872 non
1808 840 1849 872 est
1871 843 2006 872 hominis
2017 862 2026 876 ,
2045 842 2092 872 sed
2105 851 2184 872 tem-

1227 892 1349 922 porum.
1372 883 1493 912 nullum
1514 885 1596 913 enim
1612 883 1768 914 vinculum
1786 883 1821 914 ad
1837 883 2077 926 adstringendam
2092 882 2184 915 fidem

1226 924 1420 963 jureiurando
1433 925 1560 964 majores
1570 924 1680 955 arEkius
1693 923 1751 955 esse
1764 926 1933 956 voluerunt.
1957 926 1988 957 id
2000 925 2185 956 indicantle-

1228 975 1279 1006 ges
1290 969 1322 996 in
1332 975 1369 995 xx
1380 975 1405 995 i.
1418 966 1511 996 tabul.
1524 966 1658 996 indicant
1668 967 1741 997 sacra
1753 985 1761 999 2
1782 966 1916 997 indicant
1925 967 2037 998 foedcra
2047 987 2055 1001 ‚
2073 967 2187 1008 quibus

1230 1009 1321 1037 etiam
1339 1017 1410 1037 cum
1430 1006 1514 1037 hoste
1531 1009 1701 1037 devincitur
1721 1007 1793 1038 fides
1813 1018 1818 1037 :
1841 1012 1856 1036 7
1876 1009 2008 1040 indicant
2029 1012 2186 1042 notiones,

1229 1047 1556 1089 animadversionesque
1565 1049 1723 1079 censorum
1737 1060 1746 1082 3
1755 1050 1808 1089 qui
1818 1050 1901 1080 nulla
1911 1050 1948 1080 de
1957 1060 1986 1080 re
1996 1049 2184 1090 diligentius,

1231 1090 1321 1131 quam
1332 1089 1592 1130 dejurejurando,
1612 1091 1791 1129 judicabant.
1814 1093 1850 1121 L.
1862 1093 1997 1125 Manlio,
2021 1093 2092 1122 Auli
2104 1091 2184 1126 filio.

1232 1131 1303 1162 cum
1323 1131 1451 1162 di&ator
1468 1130 1568 1162 fuiffet
1580 1151 1590 1166 ‚
1609 1134 1654 1162 M.
1666 1134 1854 1172 Pomponius
1873 1152 1882 1166 ,
1906 1133 2046 1164 tribunus
2064 1133 2160 1173 plebis
2172 1153 2183 1167 ‚

1231 1173 1314 1203 diem
1324 1173 1403 1203 dixit
1414 1194 1423 1207 ,
1442 1172 1525 1214 quod
1540 1176 1565 1203 is
1577 1183 1684 1213 paucos
1697 1173 1749 1204 sibi
1763 1174 1826 1204 dies
1838 1174 1875 1205 ad
1888 1174 2063 1205 diaaturam
2077 1184 2186 1218 geren·

1233 1215 1302 1245 dam
1313 1215 1468 1246 addidisset
1478 1226 1483 1244 ;
1493 1216 1707 1247 criminabatur
1715 1219 1817 1249 etiam,
1827 1216 1901 1257 quiid
1910 1216 2120 1255 Titumfilium‚
2130 1217 2185 1258 qui

1232 1256 1332 1297 postea
1340 1257 1382 1287 est
1392 1261 1565 1298 Torquatus
1575 1258 1736 1298 appellatus
1747 1278 1755 1291 ,
1769 1257 1805 1287 ab
1813 1256 1969 1288 hominibus
1978 1258 2116 1298 relegaffit
2126 1279 2134 1292 ,
2147 1258 2183 1291 &-

1235 1299 1295 1328 ruri
1312 1297 1440 1329 habitare
1449 1299 1575 1339 juffiffit.
1598 1299 1679 1340 quod
1694 1299 1765 1330 cum
1778 1296 2136 1331 audiviss'etfiadoiescens
2151 1298 2187 1330 fi-

1230 1342 1288 1371 lius
1299 1361 1307 1375 ‚
1319 1351 1476 1382 negotium
1487 1342 1623 1372 exhiberi
1632 1343 1706 1382 patri
1719 1353 1725 1371 ε
1740 1339 1892 1372 accurriss‘e
1902 1344 2034 1373 Romam
2046 1361 2055 1376 ‚
2067 1342 2100 1372 &
2108 1351 2184 1372 curn

1233 1385 1329 1423 prima
1342 1384 1408 1413 luce
1420 1382 1583 1423 Pomponii
1593 1383 1724 1413 domum
1734 1382 1846 1414 veniss'e
1857 1383 1974 1414 dicitur.
1998 1383 2128 1414 cuicum
2140 1383 2185 1414 es-

1233 1426 1274 1455 set
1287 1426 1460 1455 nuntiatum
1472 1446 1481 1460 ‚
1501 1424 1582 1465 quod
1598 1426 1685 1455 illum
1699 1428 1805 1455 iratum
1815 1425 1973 1455 allaturum
1985 1425 2020 1455 ad
2034 1426 2062 1456 se
2070 1423 2185 1465 aliquid

1234 1476 1337 1497 contra
1346 1477 1457 1506 patrem
1469 1467 1672 1497 arbitraretur:
1692 1465 1842 1496 surrexit&
1852 1465 1981 1500 leotulo,
2000 1467 2185 1507 remotisque

1232 1508 1350 1538 arbitris
1360 1528 1369 1542 ,
1389 1509 1424 1538 ad
1437 1508 1462 1538 se
1474 1507 1691 1538 adolescentem
1699 1505 1779 1546 juffit
1788 1509 1900 1537 venire.
1923 1510 1963 1538 At
1972 1508 2022 1538 ille
2035 1528 2044 1541 .
2063 1512 2122 1538 9ut
2134 1511 2185 1537 in-

1231 1547 1342 1590 gtess'us
1359 1548 1401 1578 est
1412 1568 1420 1581 ‚
1439 1547 1598 1578 confestim
1609 1548 1743 1589 gladium
1755 1547 1927 1582 distrinxit,
1943 1550 2113 1589 juravitque
2123 1568 2133 1582 ,
2154 1548 2184 1578 se

1234 1590 1322 1620 illum
1333 1589 1430 1620 statim
1441 1588 1668 1620 interfeeturum
1680 1609 1688 1623 ‚
1702 1588 1973 1629 nifijusjurandum
1985 1589 2038 1620 fibi
2048 1588 2186 1624 dedisset,

1234 1632 1261 1662 se
1273 1641 1385 1670 patrem
1398 1630 1521 1661 missum
1532 1629 1590 1661 effe
1597 1630 1760 1661 faoiurum.
1779 1632 1894 1672 Juravit
1903 1651 1912 1665 ,
1931 1633 1988 1662 hoc
1996 1631 2116 1662 coaQus
2126 1640 2188 1662 ter-

1235 1683 1298 1703 rore
1309 1674 1509 1712 Pomponius.
1533 1675 1634 1702 ¹0rem
1645 1674 1680 1702 ad
1694 1676 1838 1711 populum
1851 1672 1974 1703 detulit:
1991 1675 2095 1703 docuit
2105 1693 2114 1707 ,
2132 1681 2186 1702 cut

1235 1713 1289 1743 sibi
1307 1715 1392 1744 causa
1410 1712 1545 1743 desistere
1564 1711 1679 1743 necesse
1696 1712 1782 1743 efl‘et:
1804 1714 1955 1744 Manlium
1968 1712 2092 1744 missum
2104 1713 2187 1744 fecit.

1232 1764 1350 1785 tantum
1371 1754 1556 1794 temporibus
1574 1754 1633 1784 illis
1646 1755 1847 1794 jusjurandum
1865 1755 1988 1786 valebat.
2020 1759 2118 1797 Atque
2137 1756 2189 1785 hic

1235 1799 1274 1827 T.
1286 1796 1418 1826 Manlius
1428 1799 1454 1826 is
1463 1795 1505 1826 est
1516 1816 1525 1830 ‚
1536 1798 1588 1836 qui
1598 1796 1632 1826 ad
1645 1797 1794 1826 Anienem
1807 1797 1885 1827 Galli
1895 1816 1904 1831 ‚
1923 1807 2014 1838 quem
2023 1797 2060 1827 ab
2070 1808 2107 1827 eo
2115 1806 2190 1837 pro·

1237 1847 1356 1869 vocatus
1366 1838 1522 1871 occiderat,
1537 1846 1641 1878 torque
1652 1837 1783 1868 detraEio
1794 1858 1804 1871 ‚
1813 1848 1987 1880 cognomen
1995 1837 2126 1869 invenit.
2135 1847 2190 1868 cu-

1232 1882 1281 1919 jus
1294 1889 1381 1911 tertio
1393 1879 1548 1911 consulatu
1561 1881 1661 1910 Latini
1671 1879 1706 1910 ad
1717 1880 1850 1910 Veserim
1863 1879 1917 1910 fusi
1929 1900 1937 1915 ,
1958 1881 1990 1912 &
1999 1880 2102 1922 fugari.
2124 1888 2191 1910 ma-

1234 1931 1312 1963 gnus
1321 1923 1366 1952 vir
1377 1925 1408 1952 in
1419 1923 1541 1962 primis,
1554 1922 1586 1952 &
1601 1930 1655 1961 Qu
1668 1932 1679 1951 t
1694 1921 1905 1963 perindulgens
1917 1925 1950 1953 in
1960 1931 2082 1962 patrem.
2105 1921 2191 1953 idem

1235 1964 1336 1994 acerbe
1355 1965 1474 1994 severus
1494 1967 1526 1994 in
1546 1962 1658 1994 filium.
1701 1963 1757 1994 Sed
1777 1972 1809 1994 ut
1827 1964 1992 1995 laudandus
2004 1964 2138 2006 Regulus
2156 1965 2188 1993 in
2211 1971 2255 2006 32

1234 2006 1439 2037 conservando
1457 2005 1648 2045 jurejurando
1659 2025 1667 2039 ,
1689 2004 1726 2036 fic
1745 2005 1850 2036 decem
1865 2007 1931 2040 illi,
1950 2015 2027 2047 quos
2036 2005 2101 2046 post
2111 2006 2191 2035 Can·

1240 2048 1365 2079 uensem
1376 2051 1533 2090 pugnam‚¹
1541 2051 1549 2067 ¹
1559 2049 1674 2087 juratos
1684 2047 1719 2078 ad
1730 2047 1863 2078 senatum
1876 2047 1954 2078 misit
1964 2047 2108 2081 Annibal,
2119 2046 2191 2077 sein

1237 2090 1326 2121 castra
1336 2092 1482 2121 redituros
1492 2109 1501 2122 ‚
1515 2099 1546 2119 ea
1558 2109 1567 2123 ‚
1586 2099 1716 2130 quorum
1727 2091 1815 2129 potiri
1825 2098 1906 2119 erant
1917 2092 2000 2120 Poeni
2011 2110 2020 2123 ‚
2034 2087 2087 2119 nifi
2098 2088 2135 2119 de
2145 2097 2194 2118 re-

1239 2132 1392 2162 dimendis
1400 2132 1524 2172 captivis
1534 2129 1783 2171 impetravissent:
1795 2129 1816 2161 fi
1827 2140 1890 2161 non
1901 2132 2064 2163 redierunt,
2074 2133 2193 2170 vitupe-

1239 2175 1334 2205 randi.
1357 2177 1404 2204 De
1423 2174 1533 2214 quibus
1547 2182 1611 2202 non
1624 2182 1732 2203 omnes
1750 2183 1812 2203 uno
1828 2173 1932 2203 modo.
1954 2182 2025 2204 nam
2035 2172 2192 2212 Polybius,

1241 2217 1337 2247 bonus
1356 2214 1458 2246 auc-201·
1476 2225 1509 2244 in
1529 2217 1654 2254 primis,
1676 2214 1795 2248 scribit,
1816 2223 1853 2243 ex
1866 2214 1970 2246 decem
1986 2212 2196 2250 nobiliffimis,‘
2233 2248 2237 2253 ἱ

1239 2262 1290 2299 qui
1304 2268 1369 2289 tum
1381 2267 1463 2288 erant
1474 2254 1551 2286 miffi
1563 2275 1571 2290 ,
1593 2266 1705 2287 novem
1717 2254 1868 2287 revertisse
1878 2257 1893 2287 ἔι
1903 2256 2003 2286 senatu
2014 2266 2044 2286 re
2059 2265 2122 2286 non
2133 2256 2198 2284 im-

1237 2309 1362 2341 petrata:
1383 2309 1479 2331 unum
1493 2308 1531 2329 ex
1542 2298 1645 2329 decem
1656 2317 1665 2333 ‚
1685 2301 1737 2339 qui
1750 2297 1852 2339 paullo
1863 2297 1931 2339 post
1940 2316 1949 2332 ,
1967 2298 2057 2339 quam
2069 2293 2200 2338 egreffus

2135 2346 2202 2370 erat

1244 2409 1370 2429 aiiiiotatu
1376 2411 1452 2437 mque
1463 2401 1526 2428 alias
1541 2400 1593 2435 legi
1607 2419 1614 2430 ‚
1629 2402 1698 2434 filii5
1720 2407 1776 2434 quae
1787 2398 1915 2434 scriptura
1933 2406 1985 2423 non
2003 2394 2050 2421 dis
2061 2395 2125 2422 licet
2136 2413 2144 2426 ,
2168 2398 2200 2420 ut

1224 2434 1226 2463 l
1243 2437 1361 2464 doluerit
1372 2437 1529 2464 adolescenti
1543 2436 1715 2471 Pomponium
1727 2434 1795 2470 patri
1813 2434 1917 2497 erfiaefiere
1930 2433 1974 2468 jus
1985 2441 2020 2472 qu
2069 2440 2115 2467 per
2124 2430 2199 2470 leges

1244 2473 1354 2501 habebat
1372 2475 1397 2500 in
1417 2473 1502 2500 filium
1525 2472 1649 2498 ramirus.
1671 2470 1791 2498 videatur
1801 2471 1834 2497 Su
1861 2469 1932 2496 ridus
1943 2469 2026 2495 Petri.
2046 2475 2108 2494 nam
2115 2473 2198 2493 ceter}

1223 2526 1225 2532 ι
1243 2517 1468 2536 commentatores
1480 2509 1537 2535 heic
1548 2515 1646 2534 tacent.

1223 2537 1225 2583 j
1278 2555 1308 2582 9.
1328 2549 1357 2571 Ut
1369 2546 1480 2579 ingreffm
1490 2546 1550 2579 eff.)
1571 2544 1658 2579 Magis
1668 2542 1725 2569 fere
1735 2541 1844 2578 probem
1856 2539 1927 2577 quod
1938 2540 1974 2568 est
1988 2539 2015 2567 in
2025 2539 2145 2567 Palatino
2153 2546 2197 2574 pr.

1243 2591 1270 2609 m
1281 2582 1408 2616 congrtffics
1418 2585 1460 2607 εέἵ,

1223 2619 1224 2682 ἱ
1284 2627 1325 2644 io.
1345 2621 1401 2644 Rem
1418 2617 1452 2643 ad
1465 2617 1572 2651 populum
1591 2615 1683 2642 detulit.
1693 2615 1708 2650 ]
1729 2613 1891 2641 Gulielmius
1909 2611 2102 2640 emendandum
2121 2614 2199 2646 putat

1246 2656 1333 2682 retum.

1287 2700 1296 2718 i
1306 2699 1314 2716 i
1323 2710 1329 2716 .
1366 2692 1469 2724 Juratos
1478 2687 1512 2713 ad
1518 2691 1631 2714 Senatum
1637 2688 1696 2720 milit
1705 2686 1837 2717 Hannibal,
1847 2684 1915 2719 ἀνι]
1926 2683 2030 2710 Vellem
2042 2683 2070 2709 8<
2078 2680 2136 2708 heic
2144 2679 2198 2706 Al-

1223 2729 1225 2747 ῑ
1244 2726 1307 2754 dum
1319 2727 1452 2761 Nepotem
1465 2722 1616 2760 produxisse
1628 2724 1757 2749 variantes
1767 2722 1907 2756 {cripturas
1918 2719 2128 2746 membranarum
2139 2714 2198 2742 sua-

1224 2779 1225 2783 «
1247 2772 1317 2794 runi,
1328 2763 1391 2788 item
1404 2759 1561 2791 soffridum,
1570 2757 1697 2794 aliosque.
1713 2758 1755 2784 sed
1766 2756 1831 2793 quid
1843 2757 1852 2782 ?
1862 2765 1953 2782 omnes
1962 2755 1994 2782 ad
2005 2762 2084 2783 unum
2096 2758 2198 2782 tacent·,

1224 2786 1225 2824 l
1243 2800 1271 2826 iii
1282 2798 1341 2824 loco
1353 2805 1440 2824 tamen
1452 2796 1538 2822 minus
1557 2795 1674 2829 integro.
1694 2794 1790 2831 quippe
1801 2793 1934 2819 Palatinus
1945 2790 2030 2818 noster
2046 2786 2199 2824 pr.solurn-

1224 2825 1225 2859 l
1245 2834 1324 2860 modo
1336 2831 1454 2869 agnoscit
1466 2851 1474 2862 ,
1486 2834 1540 2866 jur,
1552 2831 1588 2856 ad
1591 2834 1703 2856 Senatum
1712 2831 1786 2863 ’'ff’‘
1799 2848 1807 2859 ,
1817 2830 1843 2854 in
1853 2829 1931 2860 eastra
1940 2826 2053 2852 redimus
2064 2831 2095 2849 ea
2101 2832 2200 2857 quorum

1243 2873 1315 2901 Peni,
1325 2871 1370 2903 nist
1377 2869 1403 2894 Δι’
1414 2867 1551 2894 redimendis
1561 2885 1570 2898 ,
1589 2866 1639 2899 (ἕης.
1653 2866 1702 2892 sec.
1714 2867 1770 2900 jur.
1789 2864 1823 2890 ad
1828 2870 1942 2891 Senatum
1949 2863 1976 2887 in
1993 2861 2074 2892 castra
2082 2859 2198 2884 redituros

1225 2902 1229 2937 ἶ
1244 2915 1273 2932 ea
1281 2915 1378 2940 quorum
1388 2911 1457 2930 erant
1466 2905 1503 2928 tui
1511 2905 1584 2933 Peni,
1594 2904 1649 2935 nist,
1659 2903 1711 2933 &a
1723 2902 1815 2927 Romae
1826 2896 1936 2925 excusus
1947 2905 2019 2922 cccc
2030 2903 2116 2921 inx.
2128 2903 2197 2936 prze-

1246 2942 1317 2968 fert:
1332 2944 1430 2975 juratos
1449 2942 1474 2964 in
1484 2941 1564 2971 castra
1574 2938 1689 2963 redituros
1699 2936 1715 2963 ὰ
1728 2936 1815 2969 senatu
1826 2945 1832 2959 .·
1850 2941 1878 2958 m
1887 2940 1983 2972 quarunt
1995 2938 2064 2957 erant
2081 2931 2182 2963 ustvem
2191 2941 2200 2955 .-

1227 2973 1228 2979 ’
1245 2979 1290 3010 nist
1298 2977 1325 3002 de
1337 2995 1345 3008 ,
1361 2976 1413 3006 &c-
1435 2973 1582 3008 Moguntiae
1592 2972 1666 2999 cusiis
1677 2981 1744 2998 anno
1762 2976 1858 3005 quarto
1877 2974 2006 2995 maturius
2024 2966 2119 2992 habet:
2140 2967 2199 2999 mist:

1225 3012 1226 3026 ¹
1245 3014 1370 3039 Hannibal
1379 3031 1387 3043 ‚
1405 3013 1432 3037 in
1442 3012 1519 3043 castra
1537 3009 1653 3035 redituros
1663 3016 1691 3033 ea
1707 3014 1802 3040 quorum
1812 3011 1882 3030 erant
1892 3005 1952 3029 Peni
1963 3022 1971 3034 ‚
1989 3004 2033 3036 m'fi
2041 3002 2077 3028 de.
2101 3010 2135 3028 cx
2145 3010 2202 3037 quo

1245 3048 1323 3075 facilc
1334 3048 1460 3074 faciamus
1472 3065 1480 3077 ,
1490 3050 1602 3070 senatum
1612 3044 1669 3076 misit
1677 3043 1785 3069 Annibal
1795 3059 1802 3071 ‚
1813 3042 1840 3066 in
1850 3041 1929 3071 castra
1938 3040 2055 3065 redituros
2065 3046 2093 3063 ea
2102 3046 2202 3076 quorum

1243 3092 1314 3110 erant
1320 3086 1391 3117 potiti
1402 3102 1411 3114 ,
1428 3082 1480 3115 nifi.
1501 3081 1528 3106 Sc
1540 3078 1686 3105 verosimile
1704 3077 1774 3104 enim
1785 3085 1878 3102 omnes
1889 3076 1933 3106 has
1944 3074 2033 3106 turbas
2052 3072 2201 3101 lestioiium

1241 3127 1314 3152 ortas
1325 3119 1358 3151 ab
1367 3116 1490 3150 insolenti
1501 3115 1650 3150 locutione,
1661 3115 1735 3148 potiri
1745 3114 1885 3148 castrorum.

2095 3152 2107 3173 ι
2114 3164 2120 3172 .
2129 3146 2208 3172 Frate
