2297 3389
14 42 27 67 ἒ.

18 81 24 91 7

0 157 88 247 -x

649 143 988 188 ·ORAT10
1048 154 1186 186 PRO
1245 138 1293 186 Ρ.
1339 141 1600 189 SU‘LLA.

157 225 215 259 efl‘e
227 236 275 258 me
286 246 294 261 ,
312 227 344 258 in
353 235 443 269 quem
457 233 488 256 tu
499 243 507 258 ‚
522 232 590 254 cum
604 231 724 262 cuperes
733 241 743 255 ,
762 221 879 251 nullam
889 221 1106 252 contumeliam

155 270 166 309 J'
171 280 250 300 acere
260 271 400 310 potueris,
412 277 476 308 quae
489 275 553 296 non
563 264 598 294 ad
609 265 777 294 maximam
786 272 898 303 partem
909 265 1024 293 civium
1034 273 1105 292 con-

120 308 138 343 8
157 313 283 341 veniret.
306 310 362 340 Sed
375 318 474 340 tamen
484 315 513 337 te
522 306 538 337 a
551 316 602 336 me
611 325 620 339 ,
634 316 689 346 pro
699 307 815 347 magnis
832 303 921 335 caufis
933 303 1040 334 nostrae
1055 314 1109 333 ne—

156 351 337 383 cessitudinis
346 370 355 384 ,
369 348 560 380 monendum
573 346 632 377 effe
650 349 739 378 etiam
751 357 837 388 atque
850 348 939 377 etiam
951 354 1033 385 puto.
1056 355 1109 374 mm

153 393 265 436 pofficnt
275 402 362 421 omnes
371 389 419 428 effi
432 390 559 432 patricii.
583 388 605 419 fi
616 399 722 419 verum
732 391 838 430 quaeris
851 408 859 422 ,
881 398 918 417 ne
927 395 1031 417 curant
1041 388 1108 426 qui-

157 436 227 466 dem
241 445 246 463 :
269 443 324 463 nec
334 433 362 463 se
376 432 501 473 aequales
510 433 572 465 tui,
587 441 708 471 propter
717 432 802 461 istam
814 430 941 462 causam,
956 428 1007 458 abs
1017 436 1044 458 te
1055 437 1108 457 an-

156 478 221 507 teiri
238 482 350 514 putant.
376 477 419 505 Ac
429 495 437 508 ‚
457 473 477 503 fi
498 473 556 504 tibi
574 483 632 503 nos
646 474 784 515 peregrini
800 471 940 502 videmur
949 490 958 504 ,
977 479 1107 511 quorum

150 518 216 558 jam
228 517 260 546 δε
269 526 384 546 nomen
394 536 403 551 ‚
425 517 457 546 ὃς
467 516 566 545 honos
578 535 586 549 ‚
598 517 776 546 inveteravit
788 514 820 544 &
832 514 902 543 huic
911 512 996 545 urbi,
1009 512 1042 542 ὃς
1051 512 1108 541 ho-

152 560 273 589 minum
283 557 370 588 famae
383 578 391 592 ,
404 568 435 588 ac
445 557 634 588 sermonibus
647 568 652 586 :
676 556 770 598 quam
782 556 837 586 tibi
849 555 917 585 illos
926 555 1108 593 competito-

152 610 198 630 res
210 609 288 633 tuos,
298 602 470 640 peregrinos
479 599 575 629 videri
584 597 699 629 necesse
709 601 765 628 erit
773 618 782 632 ‚
794 599 846 638 qui
857 598 917 635 jam
929 605 966 626 ex
977 604 1037 625 tota
1048 597 1108 624 Ita-

150 641 191 671 lia
202 640 322 674 delesti,
334 649 434 672 tecum
444 642 480 672 de
492 643 608 671 honore
620 662 628 674 ,
641 641 674 671 &
683 639 719 671 de
729 642 818 670 omni
827 638 972 677 dignitate
982 644 1107 666 conten-

152 683 249 713 dunt?
270 693 400 724 quorum
416 694 484 715 cave
502 692 533 713 tu
551 693 736 724 quemquam
754 681 945 721 peregrinum
966 678 1106 717 appelles,

150 734 189 755 ne
198 727 425 766 peregrinorum
443 727 461 756 s
458 723 587 766 uffiagiis
605 725 739 754 obruare.
764 723 816 762 qui
835 719 856 749 fi
875 719 1026 750 attulerint
1039 728 1108 748 ner-

150 775 225 800 VOS,
247 767 280 796 &
293 767 488 798 industriam:
512 765 685 796 mihicrede
701 765 858 794 excutient
869 761 924 790 tibi
941 760 1030 791 istam
1040 770 1107 790 ver—

149 807 464 848 borumjaEtationem
475 829 484 844 ,
503 809 536 838 δε
546 817 573 838 te
583 816 621 837 ex
631 807 740 836 somno
751 805 826 844 saepe
835 802 1026 833 excitabunt:
1051 812 1108 832 nec

147 852 298 890 patientur
309 870 318 884 ,
332 851 359 881 se
369 851 419 881 abs
430 860 457 881 te
468 871 477 884 ‚
497 849 551 890 ms?
557 849 667 877 virtute
676 847 841 879 vincentur,
859 846 955 873 honore
966 845 1106 886 fiiperari.

147 895 193 922 Ac
204 913 212 925 ‚
224 890 244 921 fi
255 911 264 926 ,
271 893 283 932 j
289 892 387 922 udices
396 912 405 926 ,
419 893 523 922 ceteris
534 890 663 930 patriciis
671 899 720 918 me
732 908 741 922 ‚
763 888 796 919 ὃς
810 897 865 918 vos
877 888 1050 927 peregrinos
1061 888 1107 916 vi-

146 933 211 963 deri
228 942 394 973 oporteret,
420 938 430 953 ¹
449 933 632 972 aTorquato
650 939 753 961 tamen
762 931 819 960 hoc
829 930 940 959 vitium
961 928 1103 957 sileretur.

146 974 189 1005 est
198 977 301 1005 enimi
325 976 352 1005 se
362 974 377 1005 a
388 984 524 1005 materno
535 983 641 1013 genere
651 993 659 1006 ‚
672 971 876 1011 municipaliS,
891 968 1101 1003 honestiffimi,

145 1027 179 1047 ac
188 985 366 1046 nobilitiimi
375 1018 492 1057 generis
504 1036 512 1049 ,
532 1015 581 1045 sed
593 1023 694 1045 tamen
704 1014 854 1044 Asculani.
877 1015 938 1042 Aut
952 1013 1040 1053 igitur
1050 1011 1105 1041 do-

146 1067 209 1088 ceat
219 1077 229 1091 ,
249 1060 395 1088 Picenteis
405 1059 485 1088 solos
501 1067 564 1087 non
574 1055 631 1086 effe
640 1058 813 1097 peregrinos
826 1075 834 1089 ,
856 1063 904 1084 aut
912 1053 1037 1094 gaudeat
1051 1053 1068 1083 s
1066 1064 1104 1083 uo

143 1100 247 1140 generi
257 1103 271 1118 ²
282 1109 332 1129 me
341 1110 446 1130 meum
456 1109 523 1130 ante
540 1108 604 1128 non
614 1108 738 1138 ponere.
765 1100 861 1139 Qare
879 1106 977 1136 neque
988 1105 1036 1125 me
1054 1105 1106 1135 pe-

143 1142 299 1182 regrinum
312 1141 432 1181 posthac
446 1141 558 1171 dixeris
573 1160 582 1174 ,
603 1150 640 1170 ne
651 1141 769 1181 gravius
780 1137 908 1169 refutere
920 1149 926 1166 :
949 1147 1046 1178 neque
1057 1148 1105 1168 re-

144 1192 226 1224 gern,
237 1193 274 1213 ne
284 1182 443 1214 derideare.
466 1181 522 1213 nisi
530 1181 609 1212 forte
632 1192 654 1211 R
664 1192 684 1211 r.
694 1191 715 1210 G
731 1192 741 1211 1
754 1192 776 1211 u
789 1192 816 1211 M
837 1180 893 1210 tibi
908 1179 1026 1210 videtur
1038 1200 1046 1212 ‚
1066 1181 1106 1209 ita

142 1227 257 1259 vivere,
269 1234 302 1255 ut
311 1235 375 1255 non
386 1225 482 1256 modo
491 1225 613 1255 homini
624 1225 753 1256 nemini,
765 1223 812 1253 sed
826 1232 863 1252 ne
874 1221 1106 1262 cupiditatiqui-

142 1266 214 1297 dem
227 1267 281 1296 ulli
291 1267 398 1298 servias
411 1279 415 1296 :
438 1276 634 1298 contemnere
648 1264 922 1295 omneislibidines
935 1274 939 1292 :
955 1273 1019 1293 non
1030 1265 1103 1297 auri,

143 1318 209 1339 non
220 1311 347 1349 argenti,
359 1319 423 1339 non
434 1317 596 1339 ceterarum
610 1317 710 1337 rerum
722 1306 854 1347 indigere
866 1316 871 1335 ;
883 1307 916 1335 in
926 1306 1028 1336 senatu
1039 1305 1104 1335 sen-

143 1352 198 1381 tire
207 1350 317 1380 libere:
341 1352 445 1391 populi
456 1350 577 1380 utilitati
589 1351 682 1390 magis
693 1349 845 1378 consulere
857 1367 867 1380 ,
887 1347 978 1388 quam
993 1346 1105 1376 volun-

144 1394 210 1423 tati:
233 1394 352 1422 nemini
364 1392 467 1422 cedere
479 1411 487 1425 ,
509 1391 614 1421 multis
624 1388 773 1420 obfistere.
793 1388 814 1419 fi
824 1390 883 1418 hoc
893 1398 978 1428 putas
993 1387 1049 1417 ess'e
1059 1399 1104 1418 re—

141 1436 227 1476 gium
239 1445 248 1468 3
259 1444 310 1463 me
318 1443 419 1475 regem
429 1432 487 1464 effe
497 1431 654 1463 confiteor.
678 1431 721 1461 fin
731 1441 758 1461 te
768 1433 900 1471 potentia
913 1440 980 1460 mea
989 1450 999 1463 ‚
1013 1428 1033 1459 fi
1047 1429 1103 1460 do—

142 1476 272 1506 minatio
285 1495 294 1509 ,
313 1474 334 1504 s1
345 1477 475 1517 denique
486 1474 609 1515 aliquod
627 1473 745 1505 diffitum
760 1483 896 1514 arrogans
908 1492 916 1506 ,
936 1481 986 1503 aut
1003 1472 1104 1511 super-

143 1517 219 1548 bum
230 1524 349 1548 movet:
372 1520 448 1559 quin
459 1527 492 1548 tu
512 1518 542 1547 id
559 1519 660 1556 potius
678 1515 791 1556 profers
803 1535 812 1549 ,
831 1514 922 1556 quam
934 1512 1012 1543 verbi
1024 1514 1103 1542 invi-

141 1559 219 1589 diam
228 1579 236 1593 ,
253 1560 532 1600 contumeliamque
544 1557 719 1589 malediffl?
742 1561 806 1598 Ego
823 1558 912 1587 tantis
923 1556 938 1586 a
949 1566 998 1586 me
1010 1555 1102 1586 bene-

139 1599 219 1632 ficiis
228 1603 261 1631 in
271 1602 372 1641 repub.
388 1600 490 1642 positis
500 1621 509 1635 ,
519 1599 539 1630 fi
549 1600 671 1631 nullum
682 1599 761 1630 aliud
773 1600 851 1629 milii
860 1600 1020 1639 praemium
1032 1598 1048 1628 a
1057 1598 1101 1628 se-

148 1652 221 1673 natu
234 1663 243 1678 ,
264 1644 439 1685 populoque
448 1646 593 1674 Romano
603 1663 612 1677 ,
625 1640 680 1673 nifi
690 1641 852 1672 honestum
862 1644 960 1670 otium
971 1639 1102 1680 postula-

138 1695 204 1716 rem
215 1704 224 1719 ,
243 1687 312 1726 quis
333 1695 399 1716 non
416 1685 615 1716 concederet?
637 1683 691 1714 fibi
709 1684 852 1714 haberent
871 1683 1003 1716 honores
1015 1702 1023 1715 ‚
1045 1680 1099 1711 fibi

138 1729 276 1767 imperia,
288 1725 341 1757 fibi
349 1729 521 1768 provincias
532 1748 540 1762 ,
553 1726 606 1757 fibi
617 1727 787 1767 triumphos
798 1746 807 1759 ,
827 1723 881 1755 fibi
891 1725 947 1756 alia
955 1724 1100 1765 praeclarae

137 1769 236 1799 laudis
245 1767 385 1811 insignia:
408 1771 488 1800 mihi
502 1770 604 1800 liceret
614 1771 676 1809 ejus
696 1768 778 1799 urbis
791 1788 800 1802 ‚
820 1778 912 1809 quam
930 1767 1100 1798 conservas-

139 1812 205 1841 sem
214 1830 224 1844 ,
235 1811 398 1851 conspeetu
409 1832 418 1846 ,
430 1812 595 1852 tranquillo
610 1813 715 1842 animo
725 1832 734 1846 ,
748 1811 780 1842 &
790 1813 893 1852 quieto
902 1809 963 1840 frui
974 1812 986 1839 ?
1004 1808 1099 1851 Qid,

137 1851 161 1882 fi
172 1853 231 1882 hoc
241 1862 305 1882 non
316 1852 436 1893 postulo
447 1856 459 1883 ἓ
482 1852 503 1883 fi
511 1853 656 1884 illelabor
666 1864 751 1884 meus
761 1851 904 1893 pristinus
914 1872 923 1885 2
936 1850 957 1881 fi
965 1852 1100 1882 solicitu—

142 1894 183 1925 do
193 1913 202 1927 ,
214 1892 234 1923 fi
245 1893 344 1925 officia
353 1915 362 1929 ,
375 1893 394 1925 fi
405 1905 513 1936 operae,
527 1894 546 1925 fi
557 1895 666 1936 vigiliae
679 1895 851 1925 deserviunt
859 1895 963 1924 amicis
973 1913 981 1927 ,
992 1892 1099 1933 praesto

137 1936 208 1966 sunt
217 1936 381 1966 omnibus?
404 1936 532 1977 fineque
542 1939 632 1967 amici
650 1939 683 1967 in
706 1936 773 1966 foro
792 1938 948 1976 requirunt
964 1935 1099 1966 studium

138 1987 257 2011 meum,
269 1988 367 2018 neque
377 1978 449 2018 resp.
459 1980 493 2008 in
502 1980 582 2008 curia
593 1982 604 2007 ἓ
623 1977 644 2008 fi
654 1989 704 2008 me
714 1988 779 2008 non
789 1976 884 2007 modo
894 1987 995 2007 rerum
1006 1976 1100 2017 gesta-

136 2029 207 2049 rum
220 2020 335 2049 vacatio
348 2039 357 2054 ‚
380 2020 428 2050 {ed
450 2029 548 2060 neque
564 2020 711 2053 honoris,
730 2029 827 2060 neque
845 2022 937 2049 aetatis
949 2018 1100 2048 excusatio

136 2061 278 2091 vendicat
287 2061 303 2091 Ξι
312 2061 432 2091 labore?
453 2060 475 2091 fi
484 2062 623 2092 voluntas
636 2071 702 2091 mea
712 2081 720 2095 ‚
733 2059 753 2090 fi
763 2059 910 2090 industria
920 2080 929 2093 ‚
941 2058 962 2088 fi
975 2059 1096 2094 domus,

114 2100 117 2101 ⁷
138 2101 160 2131 fi
171 2104 307 2137 animus,
328 2101 349 2132 fi
364 2112 447 2133 aures
455 2112 558 2144 patent
571 2103 718 2133 omnibus
733 2106 744 2133 ἓ
768 2100 788 2132 fi
798 2103 925 2132 mihine
941 2101 977 2131 ad
991 2111 1024 2131 ea
1032 2102 1101 2142 qui-

135 2143 209 2178 dem
222 2164 231 2178 ,
244 2154 310 2185 quae
320 2154 374 2185 pro
383 2146 474 2176 salute
492 2146 637 2175 omnium
647 2143 718 2187 geffi
728 2165 736 2179 ,
757 2143 936 2175 recordanda
946 2164 954 2177 ‚
975 2143 1100 2184 &cogi-

137 2185 226 2216 tanda
244 2186 411 2228 quidquam
436 2188 620 2228 relinquitur
646 2187 818 2227 temporis?
849 2195 950 2216 tamen
974 2186 1032 2215 hoc
1052 2195 1099 2215 re-

136 2237 232 2270 gnum
241 2226 437 2268 appellabstur
449 2231 460 2258 ?
481 2230 566 2268 cujus
576 2229 703 2258 vicaria,-
713 2230 766 2270 qui
783 2229 858 2259 velit
867 2226 943 2260 effe,
967 2228 1100 2257 inveniri

138 2279 234 2300 nemo
243 2269 349 2310 potest.
373 2273 386 2298 3
398 2269 489 2312 longe
500 2270 581 2301 abest
597 2272 681 2311 regni
693 2271 834 2311 suspicio.
857 2271 888 2300 Si
899 2270 1005 2310 quaeris
1019 2289 1028 2303 ,
1048 2271 1100 2310 qui

133 2309 312 2342 fintRomae
332 2322 459 2354 regnum
479 2322 622 2353 occupare
640 2315 739 2343 conati
751 2332 759 2346 ,
780 2321 813 2342 ut
824 2321 861 2341 ne
873 2313 997 2351 replices
1009 2321 1101 2341 anna-

134 2353 215 2384 lium
229 2357 412 2385 memoriam
425 2374 434 2389 ,
444 2364 481 2384 cx
493 2353 667 2385 domesticis
676 2353 861 2395 imaginibus
871 2351 1017 2383 invenies.
1040 2355 1102 2383 Res

103 2392 107 2394 ’
135 2397 222 2425 enim
233 2395 330 2437 gestae,
342 2396 442 2430 credo,
454 2406 541 2430 meae,
551 2406 602 2426 me
610 2398 706 2426 nimis
716 2395 902 2428 extulerunt,
913 2405 945 2425 ac
957 2396 1036 2424 mihi
1046 2404 1101 2424 ne-

136 2437 199 2467 scio
210 2447 287 2478 quos
305 2438 424 2478 spiritus
439 2439 614 2469 attuleruut.
637 2438 746 2479 quibus
768 2437 804 2468 de
817 2437 905 2467 rebus
924 2445 984 2467 tam
1002 2437 1099 2470 claris,

135 2487 198 2509 tam
208 2480 433 2510 immortalibus
443 2500 451 2514 ,
469 2480 580 2517 iudices
591 2500 599 2514 ‚
620 2481 678 2510 hoc
688 2478 807 2520 poss'urn
822 2479 919 2510 dicere
930 2488 980 2509 me
992 2500 1000 2512 ,
1020 2481 1073 2520 qui
1083 2479 1099 2509 ἐ

135 2521 265 2552 summis
286 2523 448 2561 eripuerim
469 2523 610 2562 periculis
629 2522 735 2552 urbem
758 2523 835 2552 hanc
853 2541 862 2555 ‚
896 2522 930 2552 ὃ(
948 2522 1045 2552 vitam
1066 2531 1101 2551 o-

135 2565 262 2593 mnium
281 2565 420 2599 civium3
444 2564 510 2594 satis
528 2564 669 2604 adeptum
686 2562 770 2598 fore,
794 2562 816 2593 si
834 2573 873 2593 ex
892 2564 952 2592 hoc
972 2572 1055 2593 tanto
1066 2565 1100 2592 in

136 2606 259 2635 omneis
269 2606 423 2636 mortaleis
432 2605 581 2636 beneficio
591 2606 713 2636 nullum
724 2607 757 2636 in
768 2615 816 2635 me
821 2605 978 2645 periculum
989 2605 1100 2635 redun-

137 2646 223 2678 darit.
244 2649 379 2682 Etenim,
391 2649 423 2678 in
432 2658 490 2690 qua
498 2649 617 2679 civitate
627 2657 672 2678 res
683 2657 776 2679 tantas
786 2645 938 2688 gess'erim,
953 2648 1098 2681 memini,

2016 156 2113 208 437

1130 235 1135 277 Ι
1151 225 1169 248 4
1179 220 1255 251 &in
1264 231 1321 262 qua
1331 222 1402 253 urbe
1414 223 1520 256 verser,-
1532 223 1682 265 intelligo.
1704 223 1830 263 plenum
1841 224 1942 255 forum
1954 223 1996 255 (st
2006 232 2113 256 eorum

1158 264 1322 294 hominum
1332 283 1340 297 ,
1353 274 1428 305 quos
1440 275 1495 306 ego
1505 265 1521 295 ii
1530 264 1634 295 vesti-is
1642 265 1806 296 cervicibus
1816 266 1916 306 depuli
1928 286 1937 299 ‚
1947 265 2061 303 judices
2075 285 2082 295 .
2098 265 2113 293 a

1159 306 1236 333 meis
1249 315 1313 334 non
1323 309 1452 337 removi.
1477 305 1530 336 msl
1542 317 1613 337 vero
1621 317 1731 348 paucos
1739 306 1826 338 fuiffe
1836 308 2018 338 arbitramini
2034 328 2042 340 ‚
2061 317 2111 347 qm

1158 348 1257 375 conari
1270 366 1277 379 ,
1291 356 1339 376 aut
1349 348 1460 387 sperare
1469 347 1586 388 pollent
1596 369 1604 383 ‚
1625 350 1652 379 se
1663 358 1778 379 tantum
1789 351 1916 390 imperiu
1922 359 1950 378 m
1969 347 2048 389 poffe
2060 349 2113 378 de-

1130 408 1133 430 t
1157 385 1225 415 lere·
1251 389 1370 418 Horum
1382 399 1436 430 ego
1445 389 1534 419 faceis
1543 392 1656 430 eripere
1667 391 1702 421 de
1713 391 1853 421 manibus
1865 411 1875 425 ‚
1887 391 1920 421 &
1932 390 2047 432 gladios
2057 400 2111 420 ex-

1156 435 1292 471 torquere
1304 433 1410 467 potui,
1432 429 1502 461 ficut
1518 431 1575 461 feci
1589 443 1594 460 τ
1622 432 1781 462 voluntates
1798 443 1871 463 vero
1890 432 2112 465 consceleratas,

1154 478 1186 498 ac
1196 471 1321 514 nefarias
1340 481 1394 501 nec
1414 473 1509 502 sanare
1522 476 1625 512 potui,
1646 484 1701 504 nce
1714 474 1830 505 tollere.
1854 477 1952 516 Qare
1970 484 2035 504 non
2045 474 2112 504 sum

1153 510 1270 540 nescius
1281 530 1289 543 ,
1313 520 1424 551 quanto
1438 515 1572 552 periculo
1582 517 1684 545 vivam
1703 517 1824 547 intanta
1842 516 2041 546 multitudine
2052 517 2113 545 im-

1152 552 1318 591 proborum
1331 572 1339 585 ‚
1358 563 1426 582 curn
1441 556 1518 583 mihi
1530 565 1653 586 unicum
1665 557 1809 587 omnibus
1827 557 1974 598 improbis
1983 565 2112 586 aternum

1152 633 1230 664 forre
1242 636 1381 665 invides:
1408 636 1460 670 &,
1480 636 1542 666 fiea
1561 638 1615 667 tibi
1626 641 1704 680 regia
1720 641 1860 671 videntur
1872 662 1880 675 ‚
1898 641 1982 682 quod
2001 651 2112 671 omncs

1129 694 1132 724 ἱ
1154 676 1228 705 boni
1247 679 1391 707 omnium
1412 688 1577 718 generum,
1600 688 1684 720 atque
1702 681 1844 712 ordinum
1858 703 1865 716 ,
1885 683 1968 713 suam
1988 683 2113 713 salutem

1153 727 1224 747 curn
1239 728 1306 749 mea
1315 720 1522 761 conjungunt:
1548 721 1699 751 consolare
1711 732 1738 752 te
1749 743 1757 755 ‚
1776 724 1857 764 quod
1870 735 1919 754 om
1926 726 2013 754 nium
2025 734 2114 754 men-

1155 768 1198 789 tes
1211 761 1422 800 improborum
1434 763 1512 791 mihi
1524 764 1577 792 uni
1588 763 1722 793 maxime
1733 764 1799 795 sunt
1811 765 1932 796 infensa:
1945 787 1953 800 ‚
1966 767 1998 796 ὃς
2007 766 2113 796 adver-

1127 772 1131 837 *
1154 801 1200 831 sae.
1224 804 1276 842 qui
1288 813 1337 833 me
1348 813 1413 833 non
1424 804 1524 833 solum
1535 804 1648 834 idcirco
1658 804 1786 836 oderunt
1797 826 1805 839 2
1817 808 1899 847 quod
1907 818 2013 838 eorum
2021 818 2115 838 cona-

1154 852 1200 872 tus
1221 846 1353 884 impios,
1379 845 1412 875 &
1429 845 1563 875 furorem
1579 846 1817 877 consceleratum
1839 847 1953 888 repressi
1971 860 1978 878 ·.
2007 849 2057 880 sed
2077 857 2114 879 eo

1153 886 1244 929 etiarn
1255 888 1351 927 magis
1361 907 1369 920 ,
1386 887 1468 928 quod
1478 888 1557 917 ni'nil
1566 889 1629 927 jam
1649 889 1677 918 se
1691 887 1788 918 simile
1800 910 1811 922 ,
1830 900 1879 919 me
1900 893 1971 920 vivo
1983 911 1991 924 ‚
2013 892 2114 920 conari

1151 925 1234 966 poste
1246 928 1435 959 arbitrantur.
1460 933 1499 959 At
1508 940 1582 960 vero
1605 939 1661 969 Qu
1676 941 1687 960 1
1700 941 1720 960 n
1742 940 1762 960 E
1773 940 1794 960 G
1803 941 1821 960 o
1844 933 1949 966 miror,
1962 931 1982 961 fi
1991 932 2111 972 quid-1¹0

1152 969 1301 1008 improbis
1314 970 1351 1000 de
1362 981 1412 1001 me
1425 971 1565 1012 improbe
1577 971 1706 1006 dicitur3
1725 982 1797 1003 cum
1806 975 1842 1002 L.
1854 976 2038 1013 Torquatus,
2051 984 2113 1014 pri-

1154 1020 1241 1040 mum
1252 1012 1313 1051 ipse
1328 1013 1374 1042 his
1384 1012 1592 1044 fundamentis
1603 1014 1809 1045 adolescentiae
1817 1013 1905 1054 jaRis
1915 1035 1923 1048 ‚
1943 1026 1975 1045 ea
1984 1016 2030 1055 spe
2041 1025 2111 1055 pro-

1151 1051 1243 1091 posita
1252 1053 1438 1093 amplissimae
1450 1055 1603 1097 dignitatis
1615 1077 1623 1089 ,
1637 1055 1746 1086 deinde
1756 1059 1793 1086 L.
1806 1059 1972 1098 Torquati,
1993 1054 2114 1086 fortissi-

1153 1095 1196 1123 mi
1206 1095 1339 1125 consulis
1351 1117 1359 1130 ,
1369 1097 1597 1127 constantiffimi
1611 1099 1763 1132 senatoris,
1776 1099 1889 1139 semper
1899 1101 2010 1138 optimi
2025 1100 2113 1130 civis.

1152 1134 1244 1170 filius,
1259 1138 1413 1168 interdum
1428 1139 1560 1180 efferatur
1579 1140 1830 1171 immoderatione
1849 1141 2014 1171 verborum
2028 1143 2039 1169 ?
2060 1149 2115 1180 qui

1151 1187 1222 1207 cum
1230 1179 1373 1220 fitppreffiz
1387 1192 1450 1211 voce
1462 1182 1497 1212 de
1511 1183 1616 1212 scelere
1627 1185 1657 1212 P.
1670 1183 1805 1216 Lentuli,
1823 1182 1858 1212 de
1871 1183 1991 1213 audacia
2004 1183 2115 1222 conju-

1151 1229 1283 1250 ratorum
1309 1225 1454 1254 omnium
1473 1222 1617 1257 dixisset,
1637 1224 1853 1255 tantummodb
1868 1234 1901 1255 ut
1913 1235 1969 1255 vos
1983 1245 1991 1258 ,
2015 1227 2067 1264 qui
2081 1233 2115 1252 ea

1150 1261 1280 1301 probatis
1291 1265 1433 1295 exaudire
1442 1264 1580 1306 pofl'etis:
1604 1265 1640 1296 de
1651 1267 1796 1306 supplicio
1808 1270 1837 1297 P.
1851 1267 1994 1301 Lentuli,
2005 1266 2042 1296 de
2051 1276 2114 1295 car-

1151 1314 1226 1337 cere,
1240 1314 1356 1345 magna,
1376 1307 1409 1337 &
1418 1307 1606 1348 queribunda
1617 1318 1692 1338 voce
1704 1308 1830 1339 dicebat.
1853 1311 1887 1339 in
1900 1319 1961 1349 quo
1971 1311 2109 1349 primum

1151 1345 1227 1375 illud
1245 1356 1303 1376 erat
1313 1347 1473 1379 absurdum
1485 1370 1494 1384 ,
1505 1349 1587 1390 quod
1597 1370 1605 1384 ,
1616 1349 1688 1380 cum
1698 1361 1730 1380 ea
1740 1370 1749 1384 ,
1763 1354 1776 1378 5
1785 1361 1850 1392 quae
1861 1351 1967 1381 leviter
1983 1350 2110 1383 dixerat,

1150 1387 1238 1417 vobis
1246 1388 1370 1428 probare
1382 1391 1500 1422 volebat
1515 1402 1520 1420 2
1545 1402 1596 1422 eos
1606 1401 1706 1422 autem
1719 1412 1728 1426 ,
1751 1395 1804 1433 qui
1821 1394 1937 1423 circum
1955 1392 2112 1432 judicium

1149 1428 1281 1464 stabant,
1307 1431 1408 1462 audire
1428 1433 1564 1464 nolebat:
1588 1444 1652 1463 non
1666 1434 1870 1476 intelligebat,
1888 1444 1940 1468 ea,
1961 1443 2026 1474 quae
2037 1431 2112 1462 clare

1149 1470 1280 1506 diceret,
1297 1474 1339 1503 ita
1348 1474 1418 1503 illos
1428 1475 1600 1509 audituros,
1619 1475 1730 1517 quibus
1747 1477 1775 1506 se
1788 1476 1981 1510 venditabat,
2004 1485 2037 1506 ut
2053 1484 2111 1504 vos

1148 1523 1268 1554 quoque
1278 1515 1434 1550 audiretis,
1443 1519 1496 1557 qui
1507 1517 1537 1547 id
1549 1527 1612 1547 non
1622 1518 1764 1558 probatis.
1778 1518 1900 1548 Deinde
1910 1517 2111 1556 alterumjam

1146 1558 1269 1585 oratoris
1283 1558 1412 1591 vitium,
1433 1569 1498 1588 non
1516 1559 1618 1589 videre
1630 1579 1638 1593 ³
1661 1560 1734 1600 quid
1754 1570 1880 1601 quaeque
1901 1559 1986 1590 causa
2005 1557 2111 1599 postu-

1146 1596 1200 1626 lct.
1224 1600 1256 1627 N
1269 1608 1279 1627 1
1292 1608 1315 1628 H
1327 1609 1338 1628 1
1351 1609 1371 1628 L
1393 1599 1436 1630 est
1454 1602 1538 1630 enim
1558 1610 1617 1631 tam
1636 1603 1773 1632 alienum
1783 1602 1819 1632 ab
1836 1612 1873 1632 eo
1884 1621 1893 1636 ,
1914 1603 1966 1643 qui
1981 1602 2110 1631 alterum

1145 1639 1363 1678 conjurationis
1383 1643 1498 1673 accuset
1521 1663 1529 1677 ‚
1560 1644 1652 1684 quam
1675 1637 1773 1674 videri
1790 1644 2017 1683 conjuratorum
2046 1652 2113 1682 poe—

1146 1690 1237 1715 nam,
1253 1691 1445 1725 mortemque
1458 1685 1569 1725 lugere.
1593 1683 1606 1704 6
1619 1685 1709 1727 Qod
1720 1685 1792 1716 cum
1811 1688 1837 1716 is
1853 1686 1992 1716 tribunus
2011 1685 2051 1725 pl.
2064 1684 2111 1715 fa-

1145 1725 1187 1754 cit
1215 1743 1224 1758 ,
1257 1726 1310 1766 qui
1330 1735 1408 1756 unus
1441 1727 1559 1757 videtur
1577 1737 1616 1758 ex
1636 1730 1698 1757 iilis
1718 1728 1753 1758 ad
1775 1727 1921 1768 lugendos
1939 1734 2112 1767 conjuratos

1146 1764 1268 1797 rebeliis
1280 1787 1288 1801 ‚
1307 1777 1373 1798 non
1391 1770 1506 1799 mirum
1526 1768 1577 1800 est.
1601 1768 1724 1801 difficile
1744 1769 1787 1800 est
1805 1772 1890 1800 enim
1910 1777 2017 1803 tacere,
2035 1767 2110 1799 cum

1148 1808 1257 1851 doleas.
1288 1818 1316 1840 te
1328 1830 1336 1845 ,
1350 1810 1370 1840 fi
1381 1811 1454 1852 quid
1466 1811 1616 1852 ejusmodi
1627 1811 1700 1843 facis
1710 1833 1719 1847 ,
1739 1822 1807 1842 non
1824 1811 1920 1842 modo
1936 1812 2027 1842 talem
2037 1810 2111 1840 ado-

1147 1850 1307 1881 lescentem
1318 1872 1326 1885 ‚
1350 1853 1398 1883 sed
1411 1855 1444 1884 in
1454 1864 1486 1884 ea
1495 1855 1577 1885 causa
1589 1874 1598 1888 ,
1623 1856 1656 1884 in
1673 1865 1731 1895 qua
1749 1864 1776 1885 te
1796 1854 1952 1884 vindicem
1970 1854 2110 1890 conjura-

1148 1894 1242 1923 tionis
1252 1894 1327 1923 velis
1337 1893 1395 1924 effe
1407 1916 1416 1929 ,
1434 1897 1631 1926 vehementer
1644 1897 1787 1926 admiror.
1809 1895 1857 1926 sed
1869 1895 2054 1936 reprehendo
2068 1904 2112 1925 ta-

1148 1944 1221 1964 men
1230 1935 1308 1965 illud
1320 1937 1455 1967 maxime
1467 1957 1476 1971 ‚
1495 1938 1578 1978 quod
1590 1937 1648 1968 isto
1658 1939 1783 1978 ingenio
1796 1957 1805 1971 ‚
1827 1937 1860 1967 &
1870 1937 2025 1977 prudentia
2034 1946 2110 1976 pra:-

1147 1976 1227 2006 ditus
1238 1996 1246 2010 ,
1258 1978 1374 2007 causam
1384 1979 1511 2018 reipubl.
1523 1989 1586 2010 non
1599 1988 1681 2009 tenes
1693 2000 1701 2014 ‚
1717 1981 1769 2020 qui
1780 1979 1918 2009 arbitrere
1929 2000 1938 2013 ‚
1950 1979 2031 2019 plebi
2041 1980 2110 2008 Ro-

1123 2029 1126 2056 5
1148 2027 1245 2048 mana:
1256 2027 1300 2047 res
1311 2028 1357 2048 eas
1367 2029 1432 2049 non
1441 2020 1560 2060 probari
1571 2031 1663 2060 ,quas
1677 2041 1686 2054 ‚
1712 2031 1761 2050 me
1770 2022 1894 2051 consule
1906 2041 1915 2055 ‚
1933 2030 2042 2051 omnes
2053 2019 2109 2049 bo-

1148 2061 1180 2088 ni
1199 2068 1253 2098 pro
1269 2060 1362 2090 salute
1381 2065 1543 2091 communi
1557 2062 1717 2103 gess'erunt.
1743 2065 1779 2093 Et
1788 2073 1880 2103 quem
1894 2065 2045 2093 tuborum
2056 2063 2108 2102 qui
2130 2063 2141 2087 Ι
2157 2063 2169 2087 I

1148 2100 1255 2130 adsunt
1277 2122 1286 2135 ‚
1319 2102 1428 2143 quibus
1451 2112 1477 2133 te
1495 2113 1598 2134 contra
1615 2104 1750 2144 ipsorum
1767 2105 1955 2136 voluntatem
1971 2103 2111 2135 vendita-

1148 2142 1199 2172 bas
1211 2163 1220 2176 ,
1239 2152 1288 2173 aut
1299 2152 1358 2174 tam
1372 2145 1546 2175 sceleratum
1559 2145 1659 2176 statuis
1668 2145 1756 2176 fuiffe
1768 2167 1776 2181 ,
1795 2156 1829 2176 ut
1846 2148 1909 2177 hece
1928 2148 2032 2177 omnia
2042 2155 2110 2185 per—

1148 2185 1189 2214 ire
1199 2185 1332 2215 voluerit
1341 2205 1350 2219 ,
1373 2195 1422 2217 aut
1431 2195 1492 2217 tam
1504 2188 1649 2218 miserum
1662 2208 1670 2221 ,
1688 2198 1720 2218 ut
1732 2189 1764 2218 ὃς
1775 2189 1801 2219 se
1813 2191 1907 2229 perire
1919 2197 2055 2228 cuperet,
2073 2187 2108 2218 Sc

1148 2227 1357 2257 nihilhaberet
1368 2247 1376 2261 ‚
1395 2229 1476 2269 quod
1495 2229 1610 2259 salvum
1627 2228 1684 2260 effe
1693 2231 1805 2260 vellet?
1827 2234 1877 2261 An
1895 2229 1968 2261 vero
1985 2229 2107 2260 clarissi-

1149 2278 1236 2298 mum
1245 2270 1346 2298 virum
1355 2272 1471 2310 generis
1481 2270 1582 2305 vestri,
1597 2282 1629 2301 ac
1639 2274 1787 2306 nominis,
1800 2283 1894 2303 nemo
1905 2272 2106 2313 reprehendit,

1147 2312 1201 2350 qui
1212 2310 1313 2349 filium
1320 2311 1412 2350 suum
1423 2313 1489 2341 vita
1497 2314 1633 2353 privavit
1644 2335 1652 2348 ,
1670 2323 1702 2344 ut
1711 2317 1744 2344 in
1753 2317 1858 2344 ceteris
1868 2313 1998 2345 firmaret
2008 2316 2072 2354 imp
2078 2324 2109 2344 e-

1148 2356 1229 2382 rium
1242 2363 1248 2381 :
1271 2362 1303 2382 tu
1312 2363 1407 2394 remp.
1420 2356 1612 2394 reprehendis
1624 2376 1632 2389 >
1647 2367 1713 2397 quae
1722 2356 1905 2387 domesticos
1916 2356 2026 2386 hosteis
2039 2378 2047 2389 ‚
2069 2368 2107 2387 ne

1148 2394 1184 2424 ab
1194 2396 1231 2423 iis
1241 2395 1303 2435 ipsa
1312 2405 1474 2431 necaretur,
1486 2398 1623 2428 necavit?
1645 2401 1746 2439 Itaque
1756 2399 1873 2429 attende
1885 2400 1956 2434 iam,
1969 2401 2108 2439 Torqua-

1150 2446 1188 2470 te,
1200 2441 1214 2465 7
1223 2437 1313 2478 quam
1325 2447 1380 2479 ego
1390 2438 1545 2480 defugiam
1555 2440 1763 2470 auetoritatem
1773 2437 1942 2471 consulatus
1957 2442 2029 2470 mei.
2041 2450 2108 2471 ma-

1147 2480 1235 2510 xima
1243 2489 1330 2512 voce,
1341 2491 1488 2511 utomnes
1499 2482 1638 2511 exaudire
1646 2481 1765 2522 possint,
1777 2483 1846 2513 dico
1857 2502 1865 2516 ,
1878 2483 2050 2523 semperque
2061 2482 2108 2512 di-

1150 2531 1215 2551 cam
1227 2532 1232 2550 :
1256 2520 1386 2552 adestote
1396 2533 1504 2553 omnes
1514 2525 1635 2557 animis,
1648 2526 1699 2565 qui
1708 2523 1813 2554 adestis
1823 2525 1996 2563 corporibus
2008 2544 2016 2558 ,
2029 2534 2107 2564 quo-

1147 2573 1216 2592 rum
1228 2573 1282 2604 ego
1291 2563 1455 2605 frequentia
1465 2575 1644 2605 magnopere
1652 2568 1751 2595 laetor:
1774 2568 1878 2606 erigite
1888 2568 2016 2596 menteis
2027 2586 2036 2600 ,
2054 2577 2108 2597 au—

1148 2606 1263 2646 reisque
1271 2604 1378 2636 vestras
1390 2626 1399 2639 ‚
1420 2606 1453 2636 &
1469 2617 1519 2635 me
1530 2607 1567 2636 de
1582 2607 1725 2648 invidiosis
1734 2605 1812 2636 rebus
1822 2627 1830 2640 ,
1841 2617 1872 2638 ut
1884 2608 1933 2638 ille
1944 2617 2045 2648 putat,
2057 2608 2105 2639 di-

1148 2657 1268 2679 centem
1282 2647 1434 2679 attendite.
1457 2651 1521 2690 Ego
1535 2649 1660 2682 consul,
1674 2648 1746 2679 cum
1757 2651 1904 2680 exercitus
1917 2650 2104 2690 perditorum

1972 2702 2103 2726 civium,

177 2758 187 2775 1
195 2768 201 2775 .
221 2751 380 2784 &Torquato
389 2758 467 2776 tamen
477 2753 516 2777 hoe
525 2751 755 2785 virdumfilcrctur]
768 2750 930 2777 Gulielmius
941 2750 1052 2778 inclinat
1063 2751 1102 2777 le-

135 2793 199 2820 gere
211 2804 220 2817 ,
238 2788 365 2812 con-rmum
387 2805 395 2818 ,
415 2786 486 2823 quod
505 2787 588 2823 ipsum
609 2796 714 2823 quoquc
733 2788 760 2813 in
779 2795 896 2813 mentem
916 2787 989 2813 venit
1008 2786 1103 2813 Rube-

136 2821 182 2847 nio
192 2821 239 2848 lib.
252 2831 279 2848 ι.
291 2821 411 2849 Kleitor.
422 2833 478 2859 cap.
490 2831 517 2859 3.
535 2823 578 2850 sed
593 2823 765 2850 necessarium
776 2833 829 2850 non
848 2823 884 2850 est
894 2830 923 2849 ut
934 2823 998 2859 quid
1016 2830 1105 2850 mute-

138 2865 209 2884 mus.

174 2902 203 2919 2.
222 2897 265 2920 Me
273 2904 349 2920 meum
359 2901 413 2920 ante
423 2905 466 2921 non
479 2896 591 2930 poneres]
613 2897 654 2923 Ita
664 2895 732 2923 Pau.
751 2896 789 2922 ita
799 2895 880 2922 Busb.
891 2895 929 2921 ita
939 2895 966 2920 S.
975 2893 1048 2920 Vici.
1065 2893 1104 2922 ita

138 2927 220 2955 Grut.
230 2939 287 2965 quae
299 2931 386 2957 tmesis
398 2932 523 2958 Ciceroni
536 2942 586 2959 nou
597 2932 633 2958 est
645 2941 722 2959 nova.
745 2932 862 2967 vulgata,
873 2941 918 2957 nun
928 2938 1077 2963 anteponere.

175 2972 202 2999 3.
221 2966 294 2999 Longe
304 2968 372 2993 ahef?
387 2968 403 2993 ὴ
422 2977 457 2993 me
476 2971 540 3001 regni
551 2969 677 3003 sicspicio.]
700 2967 846 2994 Lambinus
865 2968 960 2994 frustra
971 2966 1102 2993 laboravit

134 2998 164 3026 in
175 3000 354 3029 constituenda
364 3002 504 3036 sententia,
515 3003 685 3031 distinetione
696 3004 746 3031 alia
763 3024 771 3037 ‚
783 3004 919 3040 verbisque
930 3002 1102 3039 interpositis.

137 3042 257 3062 veterem
265 3036 420 3074 scripturam
440 3039 542 3075 reposui
555 3049 696 3076 veramque
721 3043 734 3066 ὲ
747 3041 900 3076 Turingicis
911 3041 939 3065 &
950 3039 1007 3066 Pal.
1019 3049 1100 3065 nono.

174 3078 203 3104 4.
224 3075 257 3097 Et
265 3074 290 3098 in
299 3083 347 3107 qua
364 3076 421 3100 urbe
433 3075 517 3110 ver-fier
536 3077 659 3110 intelligo]
680 3075 843 3103 Addidimus
864 3086 898 3104 ex
919 3074 1011 3102 iisdem
1031 3075 1100 3102 binis

139 3106 299 3134 membranis
309 3111 399 3143 verser.
418 3119 495 3138 autea
505 3113 585 3138 etiarn
596 3111 852 3147 iistlemjubentibus
866 3111 1022 3148 rescriptum
1035 3131 1044 3144 ,
1064 3121 1102 3137 re—

139 3143 266 3174 dundarit,
276 3153 324 3179 pro
335 3145 443 3181 vulgato
453 3147 606 3174 redundabit.

175 3187 202 3214 5.
224 3179 278 3214 Q:
289 3182 373 3209 meter
381 3182 504 3220 dixer-an]
528 3185 590 3214 Hoc
600 3185 637 3215 est
645 3183 779 3227 summisse
789 3184 817 3212 δί
826 3183 922 3221 press‘c·
941 3193 1027 3222 neque
1038 3192 1104 3221 opus
1119 3212 1122 3222 Ι

1128 2771 1129 2774 ,
1146 2751 1278 2778 utini-itis
1291 2751 1363 2777 libris
1375 2751 1493 2778 intrudat
1505 2751 1648 2777 Lambinus
1666 2754 1758 2778 leniter.
1777 2752 1849 2778 idem
1870 2760 1983 2789 utroque
2003 2753 2104 2789 signifi-

1144 2789 1197 2814 cari
1207 2787 1284 2813 docet
1295 2787 1419 2815 Catullus
1430 2798 1436 2814 t
1459 2789 1597 2815 eAadibant
1607 2788 1684 2813 cadem
1693 2790 1737 2814 haec
1745 2790 1828 2814 leniter
1837 2789 1865 2820 <25-
1874 2790 1968 2815 leviter.

1181 2824 1209 2850 6.
1229 2825 1295 2857 Qod
1304 2834 1354 2849 cum
1364 2824 1383 2849 ῖς
1395 2843 1403 2855 ,
1413 2825 1480 2858 ὡς]
1501 2825 1591 2849 Mutat
1601 2823 1645 2849 hic
1658 2824 1777 2860 quaedam
1789 2824 1933 2852 Lambinus
1946 2845 1954 2857 ,
1975 2825 2018 2852 sed
2030 2825 2104 2853 libris

1145 2860 1238 2887 uostris
1249 2860 1354 2887 invitis.
1373 2860 1391 2885 ii
1406 2859 1530 2886 tamenin
1543 2860 1591 2886 illo
1603 2879 1611 2891 ,
1630 2870 1675 2886 non
1684 2864 1769 2887 mirum
1778 2864 1814 2886 ef?
1823 2881 1831 2892 ‚
1851 2862 1917 2888 mire
1937 2861 2104 2890 dissentiunt.

1143 2906 1204 2923 nam
1216 2897 1272 2922 Pal.
1285 2906 1327 2932 pr.
1338 2903 1425 2931 quart.
1437 2896 1523 2931 quint.
1535 2894 1599 2931 sept.
1610 2895 1665 2922 onst.
1684 2906 1756 2931 neque
1765 2898 1803 2922 huc
1814 2900 1898 2923 animm
1908 2901 1951 2924 eff.
1972 2897 2022 2925 l'ec.
2032 2898 2102 2925 sext.

1143 2934 1170 2958 S.
1183 2932 1243 2959 Vi&
1251 2953 1256 2958 .
1266 2932 1346 2959 Βαδὺ.
1358 2933 1438 2958 Grut.
1452 2941 1476 2956 re
1496 2951 1601 2958 ......
1622 2942 1706 2959 nurum
1716 2936 1759 2959 eff.
1771 2941 1835 2960 tert.
1855 2935 1947 2960 minim}
1957 2936 2048 2969 quidam
2059 2938 2105 2960 mi-

1142 2978 1194 2994 rum
1205 2971 1248 2994 εξῗ.
1269 2967 1339 3001 quod
1351 2968 1377 2993 8<
1389 2968 1414 2993 in
1427 2977 1497 2993 nono
1509 2987 1517 2999 ‚
1536 2967 1578 2994 led
1589 2968 1641 2995 fine
1651 2971 1751 3002 quidem.
1768 2969 1838 3005 quod
1850 2970 1915 2996 milii
1934 2971 2095 2998 sauiiliznuiu

1142 3004 1265 3031 videtur:
1285 3003 1404 3039 quamvis
1415 3003 1576 3031 Gulielmius
1595 3005 1772 3042 amplenfitatur
1789 3016 1831 3032 nec
1850 3008 1938 3032 reHmn
1956 3009 2009 3039 eff,
2030 3006 2102 3043 quod

1142 3040 1220 3068 restat
1231 3041 1258 3067 in
1269 3040 1385 3066 editione
1399 3041 1521 3074 proxima
1530 3041 1631 3076 primae.

1178 3085 1205 3109 7.
1225 3075 1302 3109 εἰρήνη
1314 3086 1347 3108 ego
1366 3076 1480 3109 dcfiaegiam
1498 3079 1663 3103 aufforitatem
1680 3078 1814 3111 confidatur
1831 3079 1899 3112 mci]
1923 3079 1990 3106 Vere
2002 3080 2028 3105 Sc
2040 3088 2103 3105 eru-

1121 3119 1122 3127 *
1141 3112 1196 3138 dite
1210 3113 1241 3138 fic
1252 3111 1397 3138 Lambinus
1416 3112 1535 3139 correxit
1553 3116 1566 3139 ὲ
1578 3113 1636 3140 mff.
1656 3113 1707 3140 suls
1719 3133 1727 3145 ‚
1748 3124 1832 3150 neque
1851 3114 1929 3142 aliter
1941 3115 2007 3141 Pau.
2020 3115 2101 3141 Busb.

1145 3150 1172 3174 S.
1184 3148 1254 3174 Vift.
1267 3149 1348 3173 Grut.
1360 3148 1414 3174 imo
1427 3147 1488 3177 edd.
1508 3156 1561 3177 tres
1572 3157 1688 3185 quatuor
1698 3150 1824 3188 antiquae.
1844 3151 2004 3180 recentiores
2017 3150 2101 3182 enixu,

1143 3193 1213 3220 quam
1223 3193 1257 3219 ego
1267 3193 1312 3214 noa
1323 3183 1452 3222 dzjsugiam.

1545 3221 1628 3258 Iii3
1985 3222 2105 3257 rQbu-

1154 593 1273 623 videam
1284 592 1383 623 bellum
1396 594 1453 624 esse
1466 596 1644 635 susceptum.
1673 598 1763 639 Qiod
1774 598 1794 628 fi
1807 600 1867 629 illis
1879 601 1955 630 meis
1970 597 2111 639 praesidiis
2133 603 2183 640 13⁷
