2302 3353
589 132 684 174 ‘AD
750 127 818 173 M.
868 128 1206 173 Briva-vm
1271 125 1615 172 ORATOR.

146 210 200 254 qui
210 208 388 252 eloquentia.-
395 206 599 248 principatum
609 213 690 244 petet
697 225 705 239 ‚
727 204 759 234 ὃς
768 212 908 234 contenta
917 214 991 235 voce
1003 225 1011 237 ‚
1024 213 1103 234 atro-

147 256 220 284 citer
230 253 325 282 dicere
337 261 342 280 :
356 250 388 279 &
398 245 553 279 summiffa
562 267 570 280 ‚
583 247 703 277 leniter:
720 247 752 276 &
764 246 904 276 inclinata
913 265 922 278 ‚
934 245 1027 275 videri
1038 256 1102 285 gra—

146 296 193 324 vis
203 313 211 326 ,
224 294 256 323 &
265 291 376 322 inflexa
385 311 394 324 ‚
407 288 594 320 miserabilis.
618 290 696 318 Mira
706 287 748 318 est
757 289 840 317 enim
850 287 986 328 quaedam
998 295 1102 315 natum

144 336 216 364 vocis
226 345 232 364 2
242 333 327 372 cujus
336 332 460 374 quidem
471 351 479 364 ,
493 330 509 360 ὲ
520 330 614 360 tribus
624 331 754 360 omnino
765 327 846 359 sonis
857 347 866 361 ,
886 327 1003 357 inflexo
1012 348 1020 361 ,
1031 338 1100 357 acu-

142 385 175 406 to
186 396 194 409 ,
204 376 284 416 gravi
294 393 303 408 2
315 382 394 404 tanta
402 372 435 403 fit
446 395 455 406 ,
474 372 507 401 &
519 381 579 402 tam
590 372 685 402 suavis
696 372 818 402 varietas
827 369 956 411 perfecta
965 371 998 398 in
1009 371 1101 398 canti-

80 418 95 446 1
106 411 122 444 8
143 417 208 448 bus.
227 415 279 447 Est
288 424 389 446 autern
401 417 433 445 in
443 411 674 445 dicendo'etiam
686 407 809 454 quidam
821 421 924 442 cantus
934 411 1098 443 obscurior,

142 468 208 489 non
217 459 265 488 hic
274 457 290 487 ὲ
300 457 424 497 Phrygia
433 477 442 490 ‚
464 455 496 485 &
506 456 589 486 Caria
600 456 756 485 rhetorum
768 454 904 494 epilogus
914 473 922 486 ‚
933 452 1018 493 paene
1030 462 1101 482 can—

141 501 236 530 ticum
250 509 256 528 :
274 498 326 529 sed·
335 499 386 528 ille
396 518 404 532 ‚
425 507 516 539 quem
529 495 672 538 fignificat
680 495 904 527 Demosthenes
916 515 924 529 ‚
938 495 971 525 &
981 494 1100 524 AEschi-

142 550 196 572 nes
206 561 214 575 ,
233 539 306 571 cum
316 540 388 570 alter
395 540 478 571 alteri
488 539 595 576 objicit
610 540 695 569 vocis
706 538 864 568 flexiones.
890 540 899 555 ¹
921 537 1006 566 Dicit
1014 536 1100 576 plura

141 585 232 614 etiam
242 581 464 614 Demosthenes
475 598 488 613 ,·
496 581 644 622 illumque
654 581 727 620 saepe
736 580 809 610 dicit
818 589 884 608 voce
893 578 969 607 dulci
978 578 1013 610 ὼ
1022 577 1099 607 clara

139 623 238 656 fuiss'e.
260 628 298 654 In
307 634 368 665 quo
386 624 461 654 illud
474 624 562 653 etiam
580 622 749 653 notandum
768 620 974 651 mihividctur
990 619 1026 649 ad
1037 617 1099 648 stu·

141 665 229 697 dium
239 665 447 707 persequendae
457 666 606 695 suavitatis
621 667 654 695 in
663 664 799 693 vocibus.
820 662 881 702 ipsa
889 661 1096 693 enim'natura‚

139 706 220 750 quasi
237 707 441 738 modularetur
461 708 623 737 hominum
633 707 802 736 orationem
813 723 822 738 ,
846 705 880 733 in
897 704 986 733 omni
1004 701 1099 732 verbo

162 750 240 780 osuit
249 759 365 780 acutam
375 759 484 779 vocem
495 768 503 782 ‚
522 759 579 778 nec
588 757 646 778 una
655 746 722 786 plus
733 766 741 781 ‚
759 756 816 776 nec
826 745 842 776 ἒι
851 744 1002 785 postrema
1011 743 1099 784 sylla-

143 801 179 824 oa
188 793 259 822 citra
269 793 383 821 tertiam
399 801 404 820 :
424 800 485 832 quo
495 791 590 831 magis
600 798 737 819 naturam
748 788 857 818 ducem
867 786 902 817 ad
912 787 1030 816 aurium
1040 795 1097 816 vo-

138 833 284 874 luptatem
303 833 438 873 sequatur
446 830 598 862 industria.
622 834 667 861 Ae
676 832 760 860 vocis
781 829 905 870 quidem
924 826 1033 858 bonitas
1042 836 1097 866 op-

140 875 229 906 tanda
239 874 289 906 est.
308 884 373 905 non
389 873 431 903 est
447 874 530 903 enim
539 874 573 902 in
584 873 683 903 nobis.
695 872 744 902 sed
757 870 890 901 uastatio
901 890 909 904 ‚
929 879 1015 910 atque
1025 869 1097 899 usus

140 919 175 947 in
185 917 283 947 nobis.
305 919 382 956 Ergo
393 915 444 944 ille
454 916 591 954 princeps
601 913 745 947 variabit,
767 913 800 943 &
810 912 938 942 mutabit
947 932 955 946 ‚
975 912 1096 940 omneis

140 959 286 990 sonorum
296 966 361 987 tum
370 956 530 986 intendens
539 976 548 989 ,
570 966 635 986 tum
644 957 802 986 remittens
813 975 821 988 ‚
833 954 1024 994 persequetur
1033 962 1098 993 gra—

139 1000 196 1030 dus
216 1011 222 1029 :
245 999 387 1039 idemque
398 1007 484 1028 motu
496 996 533 1027 fic
545 1006 660 1032 utetur,
680 997 760 1026 nihil
770 994 932 1036 ut'supersit
949 997 982 1024 in
1000 993 1094 1036 gestu.

137 1042 242 1073 Status
252 1040 376 1073 ereetus,
388 1040 420 1070 &
428 1040 521 1070 celsus
531 1052 540 1074 5
550 1050 629 1070 rarus
639 1037 780 1072 incessus,
792 1048 846 1068 nec
856 1040 896 1067 ita
906 1037 1014 1077 longus
1025 1046 1030 1064 :
1041 1046 1097 1065 ex-

138 1081 233 1114 curfio
243 1082 394 1112 moderata
402 1101 410 1115 ‚
423 1092 515 1122 eaque
525 1092 584 1112 rara
595 1091 602 1111 :
615 1081 701 1111 nulla
710 1080 842 1110 mollitia
851 1081 1014 1111 cervicum,
1027 1077 1097 1107 nul-

139 1126 175 1156 1ae
187 1126 304 1166 argutiae
315 1123 480 1165 digitorum
491 1143 499 1157 ,
520 1134 584 1154 non
594 1123 629 1153 ad
648 1132 811 1153 numerum
821 1121 961 1151 articulus
978 1119 1095 1150 cadens:

138 1175 244 1198 trunco
255 1167 349 1206 magis
367 1174 431 1195 toto
448 1165 550 1205 seipse
569 1165 728 1195 moderans
740 1184 749 1198 ‚
768 1165 800 1194 ὃς
810 1163 893 1193 virili
904 1163 1031 1192 laterum
1042 1160 1096 1191 fle-

138 1211 232 1240 xione
240 1227 248 1242 ,
261 1207 368 1236 brachii
375 1206 563 1246 projeefione
572 1209 605 1237 in
615 1205 862 1237 contentionibus
872 1224 880 1238 ‚
891 1202 1097 1234 contractione

135 1250 172 1281 in
181 1247 316 1280 remiffis.
340 1248 441 1279 Vultus
450 1247 523 1278 verb
533 1268 542 1282 ,
563 1250 615 1289 qui
625 1248 792 1279 secundum
809 1256 918 1277 vocem
927 1246 1097 1285 plurimum

140 1291 255 1333 potest,
276 1298 417 1340 quantam
427 1288 512 1320 affert
529 1299 592 1320 tum
604 1290 799 1331 dignitatem,
811 1298 879 1319 tum
888 1286 1072 1318 venustatem
1085 1289 1096 1316 ?

137 1336 172 1364 in
182 1343 330 1375 quocum
341 1330 473 1362 effeceris
482 1352 490 1366 ,
503 1332 615 1373 nequid
625 1334 764 1371 ineptum
775 1351 784 1364 ,
803 1340 854 1360 aut
861 1329 1039 1360 vultuosum
1049 1327 1093 1363 fit,

137 1385 205 1406 tum
224 1376 380 1405 oculorum
399 1373 442 1404 est
456 1373 592 1414 quaedam
611 1383 718 1415 magna
736 1373 915 1403 moderatio.
930 1373 1020 1401 *Nam
1045 1373 1096 1401 Ur

141 1426 253 1447 ιΜΑῡο
270 1415 313 1446 est
323 1418 436 1449 animi,
448 1416 549 1445 vultus
561 1427 567 1445 ;
580 1414 618 1446 sle
627 1417 742 1446 indices
752 1415 834 1445 oculi
846 1426 851 1444 :
863 1423 992 1455 quorum
1005 1413 1036 1443 &
1047 1414 1095 1442 hi-

134 1459 273 1491 laritatis,
297 1456 466 1488 &viciffim
484 1457 610 1488 tristitiae
620 1458 749 1488 modum
766 1467 811 1487 res
829 1458 898 1497 ipsae
909 1476 916 1489 ‚
939 1455 974 1485 de
985 1455 1094 1496 quibus

73 1509 116 1542 19
138 1509 254 1542 agetur,
274 1500 492 1539 temperabunt.
516 1500 572 1530 Sed
587 1501 652 1540 jam
671 1500 753 1529 illius
763 1498 889 1539 perfefifi
899 1501 1043 1531 oratoris,
1059 1497 1092 1528 δε

133 1543 260 1574 summae
269 1541 450 1582 eloquentiae
462 1542 572 1581 species
581 1541 778 1581 exprimenda
787 1540 829 1571 est
841 1552 846 1569 z
856 1550 948 1581 quem
959 1541 1018 1569 hoc
1028 1549 1091 1569 uno

72 1598 87 1609 ο
133 1584 278 1615 excellere
289 1604 298 1617 ,
319 1583 351 1613 id
361 1582 404 1613 est
413 1585 549 1613 oratione
559 1603 567 1617 ‚
590 1593 684 1614 cetera
693 1585 726 1614 in
737 1593 773 1613 eo
783 1582 871 1613 latere
882 1603 891 1616 ,
912 1580 1024 1612 indicat
1034 1591 1091 1611 no-

133 1636 208 1657 men
224 1626 332 1666 ipsum.
348 1627 531 1655 -Non'enim-
544 1627 705 1659 inventor,
723 1635 772 1656 aut
780 1622 982 1664 compositor,
1002 1631 1053 1653 aut
1060 1633 1091 1653 a-

132 1667 200 1699 ἂοι·
210 1688 219 1701 ,
231 1669 295 1698 haec
304 1667 482 1707 complexus
493 1666 535 1697 est
544 1669 648 1698 omnia
658 1687 669 1701 ‚
678 1667 728 1697 sed
740 1668 773 1697 δε
783 1665 885 1696 Graece
896 1665 932 1696 ab
942 1665 1090 1706 eloquen-

130 1713 173 1744 do
190 1711 274 1752 ῥήτωρ
282 1733 292 1747 ,
314 1710 466 1743 &Latine
483 1712 607 1753 eloquens
624 1711 722 1742 dietus
740 1711 792 1742 est.
815 1714 986 1741 Ceterarum
1003 1712 1089 1740 enim

131 1765 231 1786 rerum
242 1775 251 1789 ‚
270 1765 336 1796 quae
345 1755 414 1784 sunt
429 1756 463 1784 in
481 1764 596 1785 oratore
608 1774 616 1788 ,
635 1764 749 1794 partem
760 1754 892 1794 aliquam
902 1751 956 1783 fibi
965 1753 1088 1793 quisque

131 1797 284 1828 vendicat:
296 1796 417 1826 dicendi
428 1804 527 1827 autern
539 1816 547 1830 ,
560 1796 591 1826 id
602 1796 645 1826 est
655 1796 818 1837 eloquendi
828 1796 962 1825 maxima
970 1796 1029 1827 vis,
1041 1795 1089 1825 so-

128 1839 154 1870 li
169 1840 241 1869 huic
259 1838 444 1869 conceditur.
467 1840 659 1879 Qiamquam
676 1842 761 1868 enim
779 1838 812 1868 δε
828 1836 1002 1877 philosophi
1019 1838 1088 1876 qui-

128 1880 200 1912 dam
210 1879 312 1910 ornate
323 1880 418 1910 locuti
428 1880 495 1909 sunt
505 1900 513 1914 ‚
526 1879 683 1920 (fiquidem
695 1881 728 1909 δε
738 1877 961 1918 Theophrastus
972 1878 1088 1908 divini—

126 1926 186 1954 t'ate
196 1921 341 1963 loquendi
358 1931 474 1951 nomen
483 1920 602 1951 invenit
612 1942 620 1955 ‚
641 1922 674 1951 &
684 1921 858 1951 Aristoteles
869 1921 1028 1950 Isocratem
1039 1922 1087 1960 ip-

129 1965 197 1995 sum
207 1961 356 1996 laceffivit‚
369 1963 402 1992 &
410 1963 624 2002 Xenophontis
631 1972 706 1993 voce
716 1963 820 2003 Musas
828 1960 908 2003 quafi
919 1961 1030 1991 locutas
1040 1962 1086 1991 fe—

126 2015 198 2036 runt
217 2016 223 2035 z
247 2005 280 2035 &
289 2004 380 2046 longe
390 2006 533 2034 omnium
543 2025 552 2038 ,
572 2006 755 2046 quicumque
765 2004 943 2043 scripserunt
951 2023 960 2037 ‚
979 2012 1027 2033 aut
1037 2004 1085 2032 lo-

125 2049 189 2078 cuti
199 2047 268 2077 sunt
277 2067 286 2080 ‚
310 2050 325 2066 ²
335 2045 449 2076 exstitit
465 2047 647 2087 &gravitate
659 2050 798 2087 princeps
809 2045 902 2086 Plato)
917 2053 1018 2075 tamen
1028 2046 1085 2075 ho-

125 2098 196 2119 rum
207 2090 301 2119 oratio
310 2098 407 2128 neque
417 2098 526 2118 nervos
536 2109 544 2122 ,
565 2099 662 2129 neque
680 2089 798 2119 aculeos
808 2089 954 2118 oratorios
963 2107 972 2121 ‚
993 2097 1025 2117 ac
1034 2085 1084 2117 fo-

123 2131 236 2162 renseis
245 2129 341 2160 habet.
366 2130 624 2170 Loquunturcum
636 2129 734 2160 doetis
744 2151 753 2163 ‚
773 2139 903 2171 quorum
913 2129 1010 2159 sedare
1020 2131 1084 2159 ani—

124 2181 196 2203 mos
205 2172 323 2202 malunt
332 2190 341 2205 ,
361 2171 451 2212 quam
463 2173 594 2201 incitare.
618 2170 655 2201 fic
674 2171 710 2201 de
719 2172 807 2201 rebus
824 2172 943 2211 placatis
953 2191 962 2204 ‚
981 2181 1012 2200 ac
1023 2173 1083 2201 mi-

125 2213 212 2245 nime
222 2213 403 2244 turbulentis
412 2233 421 2245 ‚
440 2212 570 2243 docendi
579 2214 662 2243 causa
671 2233 680 2247 ‚
702 2223 766 2243 non
775 2213 909 2253 capiendi
920 2232 928 2246 ‚
949 2213 1083 2253 loquun-

123 2264 174 2286 tur
185 2266 191 2285 :
208 2256 282 2285 utin
291 2264 328 2284 eo
337 2254 402 2295 ipso
412 2274 421 2288 ,
442 2253 523 2295 quod
533 2254 742 2284 delec‘iationem
750 2255 881 2325 aliquam
890 2254 1019 2285 dicendo
1031 2265 1083 2284 au-

123 2304 271 2338 cupentur
280 2316 288 2331 ,
298 2296 366 2336 plus
376 2296 536 2326 nonnullis
548 2316 557 2330 ‚
570 2296 659 2337 quam
671 2295 785 2327 necess'e
808 2306 839 2330 it,
851 2295 946 2326 facere
956 2296 1082 2327 videan-

124 2347 181 2370 tur.
202 2341 280 2380 Ergo
289 2339 325 2369 ab
334 2339 392 2368 hoc
401 2348 508 2380 genere
518 2348 583 2368 non
592 2337 716 2368 difficile
726 2338 769 2369 est
779 2339 855 2369 hanc
863 2336 1079 2379 eloquentiam,

124 2381 163 2412 de
174 2391 231 2422 qua
239 2390 321 2411 nunc
329 2382 424 2422 agitur
433 2401 443 2414 ,
465 2380 623 2411 secernere.
646 2381 752 2410 Mollis
762 2380 805 2410 est
815 2381 898 2411 enim
907 2383 1002 2411 oratio
1011 2382 1081 2420 phi-

123 2423 320 2463 losophorum
332 2442 342 2456 ‚
353 2423 386 2452 &
396 2422 564 2453 umbratilis
575 2443 583 2456 ‚
594 2432 650 2452 nec
660 2423 816 2453 sententiis
825 2442 834 2455 ,
857 2432 913 2452 nec
921 2423 1021 2452 verbis
1031 2424 1080 2452 in-

123 2463 232 2495 structa
249 2464 442 2504 popularibus
452 2484 461 2498 ,
479 2474 536 2494 nec
550 2463 656 2504 junEta
671 2466 807 2495 numeris
816 2484 825 2498 ,
839 2464 888 2494 sed
902 2464 996 2494 soluta
1005 2464 1082 2494 libe-

73 2531 75 2533 .
122 2504 195 2537 rius.
217 2506 295 2536 nihil
305 2508 413 2536 iratum
424 2505 530 2539 habet,
549 2507 627 2536 nihil
639 2506 780 2536 invidum
792 2527 800 2540 ‚
819 2506 1010 2539 nihilatimt,
1031 2507 1080 2535 ni—

123 2547 168 2578 hil
182 2548 318 2578 mirabile
329 2568 338 2581 ‚
359 2548 436 2577 nihil
453 2547 583 2578 astutum
597 2559 602 2577 1
622 2548 695 2579 casta
706 2568 714 2582 ,
733 2547 918 2581 verecunda,
938 2549 1080 2589 virgoinss

123 2597 260 2630 corrupta
277 2589 516 2631 quodammodo.
537 2591 639 2630 Itaque
657 2591 756 2620 sermo
764 2589 866 2630 potius
878 2610 886 2623 ‚
906 2589 1003 2630 quam>
1015 2600 1080 2620 ora-

123 2632 168 2661 tio
179 2651 187 2665 ‚
207 2631 325 2662 dicitur.
349 2634 539 2673 Qamquam
558 2634 642 2661 enirn
654 2635 757 2662 omnis
767 2633 882 2662 locutio
893 2652 902 2665 2
921 2633 1014 2662 oratio
1026 2630 1078 2665 est,

121 2681 225 2703 tamen
234 2674 324 2703 unius
334 2675 458 2703 oratoris
469 2673 584 2703 locutio
595 2693 604 2707 ‚
626 2674 814 2713 hocproprio
824 2672 935 2714 signata
952 2674 1079 2703 nomine

120 2713 174 2745 est.
197 2713 400 2754 sophistarum
412 2735 421 2748 ,
434 2714 470 2744 de
479 2715 588 2756 quibus
598 2714 681 2755 suprzi
691 2715 757 2745 dixi
768 2735 776 2749 ,
788 2717 881 2756 magis
893 2714 983 2744 distin
1005 2725 1080 2744 uen-

121 2755 159 2786 da
168 2754 333 2786 fimilitudo
342 2756 477 2790 videtur,
502 2759 553 2797 qui
571 2759 692 2787 omneis
710 2758 833 2789 eosdem
852 2756 961 2786 volunt
1002 2767 1078 2790 oreS,

121 2807 198 2839 quos
207 2797 333 2828 adhibet
339 2807 436 2828 orator
445 2800 478 2828 in
489 2797 577 2828 causis
589 2819 597 2832 ‚
616 2799 762 2839 persequi.
785 2799 841 2829 Sed
853 2799 911 2828 hoc
920 2797 1075 2832 differunt,
1087 2824 1089 2826 .

122 2837 205 2886 quod
214 2860 223 2874 ,
235 2838 308 2870 cum
317 2838 351 2870 fit
360 2840 409 2869 his
415 2839 601 2880 propositum
611 2850 674 2871 non
682 2841 850 2881 perturbare
861 2842 980 2870 animos
993 2860 1002 2874 ‚
1026 2839 1077 2870 sed

162 2986 186 3004 r.
204 2981 267 3004 Dicit
278 2980 353 3011 plura
362 2982 434 3005 eu‘am
441 2981 597 3014 Demosthenes
609 3000 616 3012 ,
628 2981 694 3015 dja]
718 2980 774 3006 Pal.
786 2980 876 3015 quint.
886 2980 932 3006 dici
944 2999 951 3011 ,
965 2988 1081 3015 moxque

121 3012 151 3040 δί
163 3013 232 3040 idem
242 3015 270 3040 &
280 3022 368 3050 quart.
378 3015 446 3042 sext.
460 3017 543 3047 ἄπαις
566 3016 610 3042 ubi
621 3016 699 3042 hodie
709 3016 745 3042 est
758 3035 765 3048 ‚
777 3017 843 3042 dicit.
864 3015 936 3041 locus
948 3016 983 3041 est
994 3016 1080 3041 minus

124 3048 209 3076 finus.
229 3049 373 3089 mebinus
384 3051 459 3078 nobis
470 3051 567 3086 objecit
579 3063 585 3079 z
606 3054 690 3087 objicit
701 3054 776 3086 plura
786 3055 857 3078 etiam
868 3053 991 3086 &Eschim'
1000 3054 1081 3078 Demo-

117 3086 222 3116 sthenes.
241 3085 283 3111 {ed
293 3096 344 3122 qua
352 3087 533 3116 auctoritate-2

162 3127 191 3146 2.
210 3123 298 3146 Extitit
307 3123 463 3155 &gra-vitate
477 3127 586 3158 prinecps
605 3125 699 3160 Plura]
720 3124 798 3151 Nihil
809 3124 867 3151 heic
876 3123 1012 3154 desider-05
1034 3123 1081 3150 fic-

124 3163 176 3189 que
185 3154 271 3185 Palat.
282 3165 368 3192 quart.
388 3160 415 3187 ὅτ
424 3159 493 3188 sext.
504 3161 531 3187 δε
542 3161 699 3191 Memmizm.
718 3170 778 3190 nam
789 3161 876 3196 quint.
886 3160 1044 3195 &finarum
1054 3166 1083 3192 Φ·

1155 203 1268 243 placare
1284 206 1386 244 potius
1406 215 1412 234 :
1436 214 1492 235 nec
1503 213 1561 235 tam
1570 203 1742 245 persuadere
1753 223 1761 237 ‚
1785 203 1876 245 quem
1887 203 2032 235 delestare
2051 215 2056 235 :
2081 205 2114 236 ὃς

1154 243 1282 285 apertius
1293 246 1323 275 id
1334 245 1448 276 faciunt
1458 266 1467 280 ,
1482 245 1572 288 quim
1582 256 1639 276 nos
1649 266 1658 280 ‚
1671 246 1703 276 δί
1712 245 1844 276 crebrius
1856 257 1861 275 1
1874 249 2036 277 concinnas
2048 257 2115 277 rna-

1150 289 1195 325 gis
1206 287 1365 317 sententias
1374 290 1538 328 exquirunt
1549 308 1568 321 ‚r
1578 286 1668 329 quam
1680 287 1859 328 probabileis
1872 299 1877 317 2
1895 288 1911 318 ὲ
1921 299 1950 318 re
1962 289 2036 329 saepe
2052 289 2111 319 dis-

1150 327 1271 361 cedunt,
1282 330 1423 359 intexunt
1431 329 1556 362 fabulas,
1573 329 1661 360 verba
1670 328 1798 369 apertius
1809 330 1988 360 transferunt
1998 351 2006 364 ,
2020 340 2111 371 eaque

1151 369 1192 398 ita
1211 369 1394 408 disponunt,
1414 379 1446 400 ut
1462 370 1577 407 pastores
1587 373 1757 402 varietatem
1768 373 1925 402 colorum·
1944 374 2023 412 paria
2031 374 2110 412 pari-

1150 408 1205 437 bus
1221 411 1353 440 referunt
1371 432 1379 444 ,
1407 412 1523 442 adversa
1541 414 1697 443 contrariis
1715 433 1724 447 ,
1744 412 1959 455 saepiffimeque
1974 413 2111 444 similiter

1150 491 1183 521 &
1193 501 1324 522 narratur
1334 495 1450 527 ornate,
1464 495 1496 524 &
1507 506 1587 536 reglo
1599 496 1681 536 set-pe,
1693 505 1742 526 aut
1751 507 1847 539 pugna
1858 497 2043 528 describitur:
2057 501 2106 527 in-

1147 541 1347 572 terponuntur
1362 537 1451 565 etiam
1469 540 1651 571 conciones,
1673 539 1915 569 &horu-itiones:
1939 540 1988 570 sed
2006 542 2038 570 in
2057 541 2106 569 his

1147 574 1236 605 tracta
1244 575 1380 616 quaedam
1393 596 1401 609 ,
1422 577 1455 606 ἃ
1465 576 1559 607 fluens
1569 582 1718 618 expetitur
1728 601 1736 614 ‚
1749 591 1813 610 non
1823 582 1885 612 haec
1895 591 2030 612 contorta
2038 601 2046 615 ,
2069 582 2104 612 δε

1147 617 1220 646 acris
1231 619 1337 646 oratio.
1364 617 1412 646 Ab
1421 618 1468 647 his
1478 628 1541 648 non
1560 623 1657 650 muito
1668 622 1748 651 secus
1760 642 1767 654 ,
1787 623 1877 663 quam
1890 623 1904 652 a
1913 624 1999 666 poem
2010 644 2017 656 ‚
2040 624 2104 653 haec

1147 658 1338 698 eloquentia,
1357 669 1448 699 quam
1468 662 1629 699 quaerimus
1641 682 1649 695 ‚
1670 663 1832 694 sevocandi
1849 664 1899 694 est<
1924 675 1993 695 nam
2009 667 2102 696 etiam

1146 699 1459 771 po‘e'taefguaestionem
1476 702 1655 735 attulerunt,
1674 705 1818 744 quidnam
1837 705 1907 736 essct
1925 707 1999 737 illud
2011 727 2019 741 ‚
2039 717 2102 747 quo

1144 739 1199 781 ipsi
1216 741 1246 771 di
1273 751 1368 772 errent
1380 742 1416 772 ab
1427 743 1602 772 oratoribus.
1622 742 1749 775 numero
1768 750 1902 778 maxime
1923 748 2103 779 videbantur

1146 791 1229 813 antea
1239 803 1247 817 ,
1260 783 1293 813 &
1303 784 1388 814 versu
1400 794 1405 812 t
1427 794 1509 813 nunc
1519 784 1594 824 apud
1606 794 1732 816 oratores
1750 788 1808 824 jam
1820 790 1879 828 ipse
1896 800 2039 820 numerus
2051 793 2101 820 in-

1145 824 1284 855 crebruit.
1296 825 1444 866 quidquid
1455 825 1498 855 est
1515 828 1598 855 enim
1611 846 1619 860 ,
1638 828 1720 867 quod
1731 829 1782 858 sub
1799 833 1916 860 aurium
1929 833 2100 862 mensuram

1145 866 1278 907 aliquam
1287 867 1383 902 cadit,
1402 869 1492 898 etiam
1512 866 1532 897 fi
1550 867 1654 899 abest-11
1666 870 1771 904 versu,
1789 870 1869 909 (narn
1881 873 1910 902 id
1929 873 2053 913 quidem
2064 884 2101 903 o-

1144 912 1268 941 rationis
1286 911 1330 942 est
1348 913 1471 953 vitium)
1490 922 1634 944 numerus
1648 923 1788 948 vocatur,
1807 918 1859 956 qui
1879 917 1980 947 Graece
1998 915 2101 955 ῥυθμός

1148 952 1266 983 dicitur.
1291 956 1392 994 Itaque
1409 954 1500 984 video
1510 955 1609 984 visum
1629 953 1686 985 effe
1697 958 1854 987 nonnullis
1866 979 1874 991 ‚
1895 959 2024 989 Platonis
2035 980 2043 993 ‚
2067 961 2101 991 ὃς

1145 996 1318 1025 Democriti
1336 997 1522 1026 locutionem
1536 1017 1544 1030 ,
1564 995 1614 1026 etsi
1633 996 1704 1028 absit
1723 998 1739 1028 ὲ
1753 999 1857 1033 versu,
1877 1008 1978 1030 tamen
1990 1021 1997 1033 ,
2019 1000 2102 1041 quod

1145 1035 1298 1066 incitatius
1307 1036 1416 1068 feratur
1426 1058 1434 1072 ,
1457 1039 1489 1068 &
1499 1037 1661 1068 clariffimis
1672 1040 1832 1070 verborum
1852 1041 2020 1071 luminibus
2040 1052 2103 1072 um-

1146 1085 1202 1111 tur,
1216 1077 1316 1118 potius
1324 1081 1435 1119 poema
1443 1079 1621 1120 putandum,
1633 1080 1723 1121 quam
1736 1084 1924 1112 comicorum
1935 1084 2100 1123 poetarum:

1145 1121 1222 1159 apud
1240 1131 1316 1161 quos
1326 1141 1334 1154 ,
1354 1120 1409 1150 nifi
1420 1120 1502 1162 quod
1512 1121 1646 1152 versiculi
1663 1124 1730 1154 sunt
1739 1144 1747 1158 ‚
1766 1125 1844 1154 nihil
1857 1124 1899 1154 est
1908 1125 1989 1155 aliud
1999 1128 2101 1166 quoti<

1146 1161 1229 1192 diani
1247 1161 1388 1192 dissimile
1405 1163 1561 1193 sermonis.
1586 1174 1641 1194 nec
1658 1173 1759 1195 tamen
1777 1166 1806 1195 id
1826 1166 1868 1197 est
1889 1168 1984 1207 poetae
2003 1169 2101 1196 maxi-

1145 1213 1225 1232 mum
1236 1215 1248 1231 .·
1264 1203 1314 1234 etsi
1324 1203 1367 1235 est
1377 1214 1413 1235 eo
1423 1205 1600 1235 laudabilior
1611 1227 1618 1239 ‚
1636 1206 1718 1247 quod
1734 1209 1858 1238 virtutes
1867 1211 1991 1238 oratoris
2002 1210 2101 1249 perse-

1143 1247 1262 1285 quitur,
1282 1245 1355 1276 cum
1364 1247 1449 1277 versu
1459 1246 1675 1278 firadstrffitior.
1700 1252 1763 1291 Ego
1772 1260 1871 1280 autern
1883 1253 1973 1280 etiam
1992 1250 2012 1280 fi
2024 1261 2101 1291 quo-

1144 1287 1271 1318 rundam
1281 1288 1399 1329 grandis
1411 1309 1419 1322 ‚
1441 1289 1474 1319 &
1484 1299 1585 1319 ornata
1595 1300 1655 1320 vox
1668 1290 1710 1321 est
1718 1293 1874 1331 poetarum
1886 1313 1894 1327 ‚
1915 1301 2016 1322 tamen
2027 1295 2058 1322 in
2068 1303 2101 1324 ea

1143 1327 1215 1359 cum
1227 1329 1380 1361 licentiam
1393 1330 1488 1361 statuo
1499 1333 1645 1371 majorem
1656 1331 1713 1362 effe
1722 1353 1731 1367 ,
1745 1334 1834 1374 quim
1846 1336 1878 1364 in
1890 1335 1977 1365 nobis
1987 1334 2100 1365 facien*—

1144 1370 1264 1406 dorum,
1277 1372 1564 1414 jungendorumque
1575 1374 1748 1409 verborum,
1760 1379 1772 1402 3
1786 1384 1851 1406 turn
1862 1378 1952 1406 etiam
1964 1377 2099 1406 nonnul-

1142 1413 1244 1444 lorum
1261 1416 1408 1455 voluptati
1429 1416 1556 1446 vocibus
1566 1419 1659 1456 magis
1672 1437 1680 1450 ,
1704 1418 1795 1458 quirin
1812 1417 1900 1448 rebus
1919 1419 2097 1448 inserviunt.

1146 1457 1214 1486 Nec
1223 1455 1297 1486 vero
1308 1478 1317 1491 ‚
1338 1456 1359 1487 fi
1368 1457 1440 1498 quid
1450 1457 1493 1487 est
1503 1468 1598 1487 unum
1609 1461 1746 1489 intereos
1756 1458 1852 1489 simile
1863 1480 1871 1492 ‚
1893 1459 1935 1499 (id
1946 1469 2044 1490 autem
2055 1459 2098 1490 cst

1136 1497 1290 1538 judicium
1300 1519 1309 1532 ‚
1331 1498 1499 1540 eleciioque
1517 1499 1678 1530 verborum
1690 1502 1699 1541 )
1718 1511 1869 1542 propterea
1877 1511 2039 1532 ceterarum
2051 1512 2098 1531 re-

1140 1549 1209 1569 rum
1221 1538 1642 1581 diffimilitudointelliginon
1651 1542 1764 1582 potest:
1783 1543 1832 1573 sed
1844 1543 1875 1573 id
1893 1553 1948 1573 nec
1966 1543 2097 1573 dubium

1140 1580 1184 1611 est
1193 1602 1202 1614 ,
1222 1582 1255 1612 &
1265 1602 1274 1616 ,
1294 1581 1387 1623 siquid
1398 1583 1486 1613 habet
1495 1583 1668 1624 quaestionis
1679 1605 1687 1618 ‚
1710 1586 1766 1615 hoc
1780 1594 1880 1615 tamen
1890 1586 1988 1625 ipsum
1999 1585 2074 1615 adid
2086 1604 2096 1619 2

1139 1623 1220 1663 quod
1231 1623 1414 1664 propositum
1426 1624 1479 1659 est,
1490 1635 1554 1654 non
1563 1625 1606 1655 est
1615 1625 1822 1656 necessarium.
1841 1626 1998 1664 Sejunel-us
2008 1629 2098 1668 igitur

1139 1674 1238 1695 orator
1246 1666 1262 1696 ἔν.
1271 1667 1524 1706 philosophorum
1535 1667 1706 1707 eloquentia
1714 1688 1722 1701 ,
1743 1668 1758 1698 a
1769 1668 1928 1708 sophistam
1934 1679 1964 1698 m
1975 1689 1983 1702 ,
2003 1670 2038 1699 ab
2049 1669 2066 1697 h
2072 1670 2098 1698 i-

1139 1705 1319 1738 storicorum
1330 1728 1339 1742 ,
1352 1708 1367 1738 ‘a
1376 1710 1534 1748 poetarum
1545 1729 1552 1742 ,
1565 1710 1759 1749 explicandus
1770 1711 1814 1741 est
1822 1710 1910 1740 nobis
1922 1731 1930 1744 ,
1941 1711 2036 1751 qualis
2045 1710 2094 1740 su-

1138 1792 1193 1820 nio
1203 1811 1211 1825 ,
1223 1793 1406 1834 quaerimus)
1426 1794 1450 1822 is
1462 1813 1469 1826 ,
1489 1795 1541 1833 qui
1552 1795 1586 1822 in
1594 1792 1664 1823 foro
1675 1814 1683 1827 ,
1695 1793 1842 1835 caufisque
1851 1794 1991 1824 civilibus
2002 1796 2040 1824 ita
2051 1794 2097 1824 di—

1136 1841 1182 1862 cet
1192 1853 1200 1866 ,
1213 1843 1246 1864 ut
1254 1834 1361 1874 probet
1371 1855 1379 1868 ‚
1393 1843 1426 1864 ut
1436 1833 1578 1868 ἀεῙεᾶεε,
1590 1844 1623 1865 ut
1633 1834 1745 1866 fleetat:
1767 1836 1890 1875 probare
1899 1856 1908 1870 ‚
1921 1834 2096 1866 ncceffitatis

1138 1874 1180 1904 est
1192 1885 1198 1903 2
1210 1875 1356 1906 dele-stare
1367 1896 1376 1909 2
1390 1877 1538 1906 suavitatis
1551 1886 1556 1904 z
1569 1875 1699 1910 fle&ere‚
1709 1877 1854 1907 vietoriae.
1874 1888 1944 1908 nam
1954 1877 1985 1907 id
1995 1888 2094 1908 unum

1137 1926 1175 1946 ex
1190 1917 1338 1947 omnibus
1355 1918 1390 1947 ad
1409 1917 1586 1948 obtinendas
1604 1919 1701 1948 causas
1718 1918 1815 1958 potest
1829 1919 2012 1959 plurimum.
2036 1919 2094 1950 Sed

1135 1968 1210 1998 quot
1227 1957 1328 1989 officia
1346 1961 1470 1989 oratoris
1482 1980 1490 1992 ‚
1514 1968 1559 1989 tot
1569 1960 1637 1989 sunt
1647 1970 1752 2000 genera
1771 1960 1902 1990 dicendi.
1933 1961 2046 1991 Subtile
2060 1963 2093 1990 in

1132 2000 1289 2040 probando
1300 2021 1310 2034 ,
1333 2001 1490 2031 modicum
1500 2002 1533 2030 in
1543 2000 1720 2031 dele-&endo
1730 2022 1738 2035 ,
1756 2003 1922 2032 vehemens
1932 2004 1964 2031 in
1975 2001 2094 2039 flesten—

1132 2041 1165 2071 do
1175 2043 1231 2072 :in
1240 2052 1300 2082 quo
1314 2053 1375 2073 uno
1385 2045 1431 2073 vis
1442 2044 1544 2073 omnis
1554 2045 1677 2073 oratoris
1689 2043 1741 2073 est.
1759 2045 1863 2085 Magni
1874 2043 2090 2085 igitur-judicii,

1133 2084 1151 2113 s
1148 2093 1260 2113 ummae
1269 2086 1359 2115 etiarn
1369 2084 1514 2115 facultatis
1524 2083 1581 2114 esse
1592 2085 1712 2115 debebit
1723 2086 1893 2116 moderator
1903 2085 1963 2119 ille,
1978 2086 2009 2115 δε
2019 2095 2092 2126 qua-

1132 2124 1152 2155 fi
1164 2135 1341 2166 temperator
1352 2127 1441 2166 hujus
1453 2129 1604 2166 tripertita:
1621 2129 1776 2157 varietatis.
1798 2138 1871 2157 nam
1883 2127 1915 2157 ὃς
1922 2127 2068 2166 judicabit
2079 2148 2088 2160 ‚

1131 2167 1204 2208 quid
1215 2170 1323 2208 cuique
1333 2178 1407 2208 opus
1419 2167 1452 2198 sit
1464 2179 1470 2198 z
1489 2169 1521 2198 &
1531 2171 1657 2208 poterit,
1676 2179 1868 2210 quocumque
1882 2169 1977 2199 modo
1988 2168 2091 2209 postu-

1131 2210 1205 2240 labit
1224 2211 1306 2240 causa
1316 2230 1325 2243 ,
1349 2211 1455 2240 dicere.
1489 2211 1544 2240 Sed
1556 2210 1599 2240 est
1610 2212 1805 2251 eloquentiae,
1828 2210 1900 2241 ficut
1910 2211 2089 2251 reliquarum

1130 2261 1248 2284 rerum,
1259 2251 1493 2282 fundamentum
1506 2272 1513 2285 2
1525 2253 1672 2292 sszpienrz‘a.
1697 2256 1748 2283 Ur
1765 2263 1856 2283 emm
1875 2255 1907 2282 in
1918 2254 1998 2285 vita,
2010 2250 2047 2282 fic
2058 2254 2091 2282 in

1131 2296 1265 2324 oratione
1277 2314 1285 2327 ‚
1298 2294 1376 2323 nihil
1386 2293 1428 2324 est
1439 2292 1593 2324 difficilius
1604 2314 1612 2328 ,
1628 2294 1718 2335 quum
1729 2315 1738 2328 ,
1756 2294 1829 2336 quid
1840 2294 1939 2325 deceat
1949 2314 1957 2328 ‚
1976 2294 2086 2325 videre.

1132 2338 1238 2374 ωρὲπυν
1247 2339 1395 2379 appellant
1405 2339 1464 2368 hoc
1474 2339 1569 2368 Graeci
1582 2348 1587 2367 ⁴.
1608 2348 1663 2367 nos
1678 2339 1812 2369 dicamus
1824 2339 1891 2369 san}
1912 2347 2087 2368 necoews.

1129 2380 1166 2410 de
1176 2391 1237 2422 quo
1246 2380 1383 2421 praeclare
1397 2401 1404 2414 ‚
1426 2380 1458 2410 &
1469 2380 1564 2410 multa
1581 2382 1792 2420 praecipiuntur
1802 2401 1810 2415 ,
1833 2381 1865 2410 &
1876 2390 1919 2410 res
1930 2379 1972 2409 est
1982 2389 2088 2420 cogui—

1129 2425 1212 2453 tione
1223 2421 1402 2463 dignissima.
1426 2423 1525 2462 Hujus
1536 2424 1721 2462 ignoratione
1731 2433 1794 2452 non
1804 2421 1899 2452 modo
1910 2424 1944 2451 in
1952 2421 2086 2454 vita‚1‘ed

1130 2463 1284 2504 saepiffime
1296 2465 1329 2494 8:
1339 2466 1372 2494 in
1382 2465 1528 2504 po'e'matis
1538 2484 1547 2496 ‚
1570 2464 1603 2493 ὀί
1613 2465 1645 2492 in
1655 2466 1788 2494 oratione
1799 2473 1942 2504 peccatur.
1976 2462 2026 2493 Est
2035 2473 2088 2493 au—

1129 2516 1191 2537 tem
1204 2527 1211 2539 ‚
1226 2506 1299 2547 quid
1308 2506 1425 2540 deceat,
1437 2507 1546 2536 oratori
1555 2504 1722 2535 videndum
1735 2525 1744 2539 ‚
1758 2508 1865 2535 nonin
1875 2506 2030 2535 sententiis
2040 2504 2088 2534 so-

1129 2547 1206 2582 lum,
1219 2548 1268 2578 sed
1278 2550 1410 2578 etiamin
1419 2548 1526 2577 verbis.
1550 2549 1626 2576 Nox
1644 2557 1734 2576 emm
1753 2548 1856 2577 omnis
1864 2546 1984 2576 fortuna
1994 2566 2002 2580 ‚
2022 2555 2086 2576 non

1129 2600 1232 2620 omnis
1242 2591 1341 2620 honos
1354 2610 1361 2623 ,
1374 2599 1438 2619 non
1447 2590 1550 2618 omnis
1560 2587 1718 2618 auctoritas
1729 2609 1738 2623 ‚
1756 2598 1819 2618 non
1829 2590 1931 2619 omnis
1942 2597 2018 2622 πως,
2031 2598 2086 2618 nee

1128 2642 1200 2662 vero
1211 2633 1294 2661 locus
1306 2651 1314 2665 ,
1325 2640 1375 2661 aut
1385 2640 1502 2670 tempus
1513 2651 1521 2663 ,
1531 2639 1580 2659 aut
1590 2630 1707 2660 auditor
1716 2633 1828 2664 omnis,
1840 2630 1948 2660 eodem
1959 2638 2008 2660 aut
2019 2640 2085 2659 ver-

1128 2674 1237 2704 borum
1248 2683 1353 2714 genere
1363 2671 1531 2702 [satiandus
1541 2670 1582 2701 est
1593 2691 1601 2704 ‚
1612 2681 1661 2701 aut
1672 2673 1885 2702 sententiarum
1897 2683 1902 2700 1
1915 2672 2089 2711 semperque

1129 2717 1162 2745 in
1172 2718 1259 2745 omni
1268 2724 1347 2754 parte
1358 2715 1502 2744 orationis
1512 2733 1520 2747 ,
1533 2716 1642 2743 utvitae
1652 2734 1660 2748 ‚
1680 2714 1753 2755 quid
1763 2714 1862 2744 deceat
1874 2734 1882 2748 ,
1899 2712 1941 2743 est
1951 2712 2087 2743 conside—

1129 2757 1274 2787 randum:
1297 2755 1378 2797 quod
1389 2756 1463 2785 &in
1475 2765 1504 2784 re
1516 2775 1523 2788 ‚
1544 2754 1580 2784 de
1591 2765 1648 2795 qua
1656 2759 1748 2797 agitur
1758 2776 1766 2788 ‚
1787 2754 1915 2795 positum
1929 2754 1970 2785 cst
1980 2775 1988 2789 ‚
2012 2755 2087 2784 &in

1129 2799 1264 2839 personis
1276 2798 1307 2828 δε
1318 2807 1436 2830 eorum,
1450 2799 1501 2837 qui
1511 2796 1628 2830 dicunt,
1641 2798 1673 2827 δε
1682 2807 1800 2830 eorum,
1812 2799 1862 2838 qui
1872 2797 2005 2827 audiunt.
2030 2798 2089 2825 Itu-

1130 2851 1187 2882 que
1198 2842 1278 2870 hunc
1288 2840 1391 2870 locum
1399 2859 1407 2873 ,
1429 2838 1519 2879 longe
1530 2859 1538 2872 ‚
1561 2838 1593 2868 &
1604 2839 1660 2869 late
1671 2848 1821 2879 patentem
1831 2850 1841 2873 ·,
1853 2839 2032 2908 philosophi1
2038 2837 2054 2867 s
2051 2847 2085 2866 o·

2035 2887 2086 2909 ent

1102 2979 1106 3007 1
1121 2980 1256 3011 graritate.
1277 2977 1358 3004 finxit
1368 2983 1456 3002 autem
1468 2974 1612 3002 Lambinus
1626 2994 1633 3008 ,
1648 2975 1974 3006 ozsbc1*ratc<3¹gra·⁷¹imtc‚-
1992 2972 2087 2998 frustra

1127 3022 1202 3050 puto.

1125 3088 1247 3111 voluntari
1258 3104 1266 3115 ,
1287 3084 1357 3120 quod
1369 3092 1425 3110 erat
1435 3085 1461 3110 in
1473 3084 1637 3110 Memmiano
1650 3092 1658 3113 3
1678 3092 1764 3118 neque
1774 3076 1852 3107 aliter
1865 3081 1946 3106 l’alat.
1958 3089 2004 3105 ncc
2015 3080 2085 3117 enirn

1128 3131 1218 3147 omnes
1238 3119 1320 3156 ipsum
1340 3124 1432 3156 pot-'ma
1444 3120 1524 3155 capit.
1536 3120 1631 3156 placet.
1651 3119 1740 3155 inepte
1760 3119 1845 3154 igme·
1855 3116 1998 3146 Lambinus
2011 3133 2019 3147 ‚
2039 3122 2084 3148 (ΓΜ

1126 3155 1248 3187 obtrudit
1259 3176 1268 3192 ‚
1278 3163 1330 3185 mm
1335 3160 1408 3190 <tiam
1417 3156 1553 3185 auditorum
1558 3158 1692 3221 {johanam

1351 3196 1358 3198 ξ
1374 3196 1379 3198 ⁷
1401 3196 1407 3197 ἶ
1606 3199 1617 3208 ἢ

1604 3209 1618 3228 2

1980 3195 2003 3214 i.
2017 3187 2085 3212 Iuor—

1150 458 1284 480 extrema
1293 451 1452 483 definiunt.
1474 456 1555 484 Huic
1568 457 1668 496 generi
1678 453 1792 491 historia
1802 454 1933 486 finitima
1942 456 1995 489 est,
2008 458 2040 486 in
2050 466 2106 496 qu‘!
2126 462 2172 486 20

1137 1757 1220 1779 turus
1231 1748 1273 1780 fit.
1305 1753 1369 1781 Erit
1386 1752 1477 1794 igitur
1487 1751 1632 1792 eloquens
1644 1751 1736 1791 (hunc
1746 1755 1829 1782 enim
1841 1773 1849 1786 ,
1868 1752 1988 1782 au&01·e
1999 1756 2096 1782 Anto·
2115 1761 2132 1785 2
2142 1760 2155 1784 ι

1164 3059 1190 3085 3.
1211 3050 1266 3075 “Tum
1275 3051 1348 3074 eriam
1357 3049 1517 3073 nonnullorum
1525 3047 1672 3081 voluptatI.]
1684 3047 1749 3073 Non
1760 3045 1914 3072 disolicebat
1926 3043 2086 3073 Gulielmio‚
2130 3058 2131 3061 =

2181 2146 2187 2161 t
