2379 3400
236 112 358 160 1¹44
633 90 1136 138 M.Tu1.t.11

234 178 368 209 beamur.
394 184 454 206 non
474 170 757 203 immortalitaribus.
779 169 861 210 quod
872 178 902 199 tu
917 177 1059 209 quoque,
1077 166 1178 201 Balbe,

232 221 313 249 visus
323 229 351 247 cs
362 218 434 246 dicei
442 226 466 243 υ.
488 217 556 252 Qo
568 212 660 241 modo
670 220 769 240 autem
781 220 865 250 potes
876 230 885 243 ‚
904 208 923 239 si
934 212 1081 240 Latonam
1091 208 1178 240 deam

232 270 314 300 putas
323 279 330 291 ‚
349 261 474 286 litt-,iteri
487 265 547 283 min
559 262 658 293 putare
669 273 676 285 ,
701 256 709 271 ¹
722 262 788 292 quae
798 261 892 281 matre
900 250 1012 281 Asteria
1023 249 1065 283 est
1077 272 1086 284 2
1097 250 1181 281 soro-

232 312 261 330 ic
274 301 412 329 Laironx?
432 307 469 325 an
490 297 548 324 hice
566 303 684 333 qnoque
703 293 756 322 dea
775 292 839 322 est?
859 291 994 322 vidimus
1012 293 1098 322 enim
1116 293 1182 331 ejus

235 350 292 370 ,πῆς
304 359 311 371 ,
332 333 508 369 <igniumque
523 339 552 364 iri
565 337 685 364 Graecia.
709 333 750 363 sin
762 336 825 364 haec
839 333 892 363 dea
905 332 965 367 est,
983 343 1035 364 cur
1045 343 1108 364 non
1119 336 1180 365 Eu-

233 380 387 411 menides?
408 370 472 418 qua}
487 376 504 406 fi
517 377 579 406 dcze
590 376 656 405 sunt
666 395 674 408 ,
694 385 817 416 quarum
830 375 861 404 &
872 376 999 405 Athenis
1009 374 1115 406 fanum
1126 374 1180 409 est,

233 424 263 451 ἃ
274 421 347 460 ⁸ipud
360 429 413 449 nos
426 440 433 452 ,
456 429 486 448 ut
497 428 550 458 ego
560 419 754 456 interpretor,
773 416 852 445 lucus
865 417 990 446 Farina:
1012 419 1105 448 Furiae
1118 417 1181 448 deae

232 464 318 494 sunt,
343 461 558 502 speculatrices,
577 459 665 488 credo
678 479 685 492 ,
705 459 737 488 &
754 459 889 488 vindices
909 457 1099 493 facinorum..
1120 459 1179 490 ²&

232 505 356 533 stein-is.
381 502 469 541 Qod
481 500 498 530 si
511 502 580 531 tales
590 501 632 530 dii
645 501 726 532 sunt,
745 509 777 530 ut
787 500 874 530 rebus
887 501 1025 531 humanis
1036 499 1180 531 intersint:

233 547 326 575 Nino
336 554 455 585 quoquc
467 563 475 577 ‚
487 543 538 572 dea
551 542 677 581 putanda
687 541 746 573 est:
768 544 817 571 cui
827 560 837 576 ,
852 541 923 571 cum
935 540 1002 573 fana
1014 544 1181 574 circuimus

229 589 261 616 in
279 596 347 626 agro
358 587 473 615 Ardeati
488 604 496 617 ,
516 594 578 613 rem
592 584 729 614 divinam
752 582 846 614 facere
865 583 1006 614 solemus.
1030 595 1095 625 qua:
1109 587 1180 626 quia

228 637 324 668 partus
337 635 535 656 matronarum
547 634 677 658 tucatur,
689 626 704 655 a
715 625 902 656 nascentibus
911 646 920 659 ‚
935 626 1026 654 Natio
1034 636 1179 656 nomina-

229 679 256 699 ta
267 668 318 699 est.
342 671 381 699 Ea
395 667 414 697 si
427 668 478 696 dea
491 666 550 700 Μὴ
570 666 612 695 dii
624 676 730 697 omnes
741 667 787 697 illi
801 668 853 707 qui
865 668 1179 701 commemorabantur

228 710 244 740 a
255 720 300 744 tej.
323 713 426 740 Honos
437 729 445 741 ,
462 708 546 738 Fides
557 728 565 742 ‚
581 710 689 742 Mens,
710 709 893 739 Concordia.
915 718 985 751 ergo
996 712 1086 740 etiam
1096 713 1178 749 spes,

230 754 352 781 Moneta
363 771 371 783 ,
393 751 554 789 omniaque
567 760 631 790 qua:
644 752 827 791 cogitatione
841 751 993 782 nobismet
1012 755 1024 779 3
1036 750 1180 792 ipsispos-

229 794 330 823 sumus
348 792 463 832 ringere.
485 791 567 832 quod
586 788 607 820 si
627 791 792 822 verisimile
805 801 868 822 non
882 791 940 822 est:
961 803 1000 823 ne
1016 793 1092 833 illud
1111 796 1177 834 qui—

172 841 211 871 19
228 835 295 864 deni
309 833 367 866 cst,
388 836 449 863 haec
468 833 549 863 unde
568 831 731 864 fluxerunt.
775 833 856 874 Qd
869 843 968 865 autem
981 836 1079 866 dicis?
1099 834 1119 865 si
1133 835 1176 865 dii

230 877 294 905 sunt
304 876 348 904 illi
360 895 367 908 ‚
387 884 462 915 quos
472 875 603 904 colimus
613 895 621 909 ‚
642 875 675 905 δε
684 878 869 916 accepimus:
888 886 940 906 cur
950 887 1013 906 non
1023 876 1131 907 eodem
1145 879 1176 907 in

225 927 329 958 gezi-erc
343 918 472 956 Seiapim
486 936 495 949 ,
518 915 645 957 Isimque
665 921 883 948 numeremus?
900 918 982 959 quod
1000 917 1019 949 fi
1039 918 1176 953 facimus,

224 969 274 988 cur
285 958 471 989 barbarorum
483 958 556 988 deos
568 958 780 998 repudiemus?
799 959 892 990 boves
903 962 1010 1001 igitur,
1030 960 1062 991 &
1071 970 1176 1001 equos,

224 1000 286 1029 ibes
296 1020 304 1033 ,
320 1002 472 1040 accipitres
483 1019 492 1033 ‚
507 999 618 1039 aspidas
631 1020 640 1033 ‚
657 1000 827 1032 crocodilos
838 1020 847 1036 ‚
863 1001 968 1042 pisceis
979 1021 987 1035 ‚
1006 1011 1091 1032 canes
1101 1022 1110 1037 ‚
1130 1003 1177 1032 lu-

222 1050 277 1081 pos
290 1061 297 1073 ‚
319 1040 403 1071 felcis
415 1061 423 1074 ,
444 1042 554 1072 multas
567 1051 706 1082 praeterea
718 1042 838 1078 beluas,
859 1045 891 1073 in
909 1043 1035 1074 deorum
1051 1053 1178 1074 numero

223 1092 415 1121 reponemus.
437 1092 502 1123 quae
514 1081 533 1113 fi
544 1085 715 1123 rejiciamus
725 1103 734 1118 ,
758 1085 812 1115 illa
819 1094 941 1126 quoque
951 1085 1031 1116 unde
1040 1087 1102 1116 haec
1113 1096 1179 1116 nata

224 1124 292 1154 sunt
303 1144 311 1157 ‚
324 1126 504 1160 rejiciemus.
527 1124 609 1166 Qid
620 1125 749 1156 deinde?
772 1128 832 1157 Ino
843 1147 851 1159 ,
871 1127 925 1157 dea
935 1126 1049 1157 dicetur
1059 1147 1067 1160 ,
1086 1130 1103 1153 4
1113 1137 1176 1168 quae

223 1166 394 1196 Leucothea
404 1165 419 1196 :i
432 1167 542 1197 Graecis
552 1186 561 1200 ,
574 1166 588 1197 a
599 1167 689 1198 nobis
700 1167 938 1201 Matutadicitur‚
948 1168 1018 1198 cum
1030 1167 1064 1198 fit
1073 1169 1179 1199 Cadmi

221 1205 282 1236 lilia
293 1210 302 1236 ?
312 1209 395 1238 Circe
403 1217 513 1242 autem,
525 1211 538 1235 5
549 1208 581 1238 ὅ(
593 1207 738 1248 Pasiphae,
751 1210 783 1240 δε
794 1211 866 1244 A'e‘e‚
878 1209 894 1240 ὲ
904 1210 1035 1243 Perseide
1046 1230 1054 1243 ‚
1067 1213 1177 1240 Oceani

221 1247 294 1281 filia.
307 1258 389 1282 natae,
402 1258 480 1288 patre
489 1249 569 1283 Sole,
581 1252 615 1279 in
626 1250 751 1280 deorum
763 1261 892 1281 numero
903 1262 967 1281 non
979 1252 1178 1284 habebuntur?

219 1299 398 1330 quamquam
413 1292 522 1321 Circen
539 1301 659 1332 quoque
674 1293 777 1322 coloni
796 1292 891 1323 nostri
905 1294 1086 1324 Circeienses
1106 1294 1178 1323 reli-

218 1341 303 1370 giose
314 1332 428 1362 colunt.
453 1335 531 1373 Ergo
541 1334 615 1363 hanc
625 1333 711 1364 deam
722 1333 806 1364 dicis.
829 1334 912 1375 Qid
924 1335 1038 1365 Medeae
1052 1335 1178 1375 respon-

219 1373 303 1402 debis
316 1373 326 1398 ?
342 1383 408 1414 quae
426 1373 544 1407 duobus
561 1376 624 1404 avis
635 1395 642 1408 ,
663 1376 732 1406 Sole
744 1395 752 1408 ,
774 1376 807 1406 δι’,
817 1378 936 1406 Oceano
947 1395 956 1410 ,
979 1379 1064 1407 AEeta
1077 1386 1155 1417 patre
1167 1397 1177 1411 ,

221 1423 314 1444 matre
324 1417 408 1455 Idyia
417 1423 565 1456 procreata
579 1415 630 1446 est.
655 1416 737 1457 Qid
756 1417 844 1457 hujus
854 1417 983 1457 Absyrto
1002 1417 1083 1449 fratri
1097 1439 1105 1451 ,
1123 1421 1177 1459 qui

218 1454 261 1485 cst
281 1456 357 1496 apud
371 1458 536 1487 Pacuvium
552 1458 725 1499 AEgialeus?
743 1458 792 1489 sed
811 1459 885 1489 illud
905 1469 1021 1490 nomen
1039 1469 1177 1491 veterum

215 1497 324 1527 litteris
333 1496 476 1530 usitatius.
498 1500 560 1538 Qui
573 1498 593 1529 si
606 1499 648 1530 dii
660 1509 722 1530 non
734 1500 803 1531 sunt
813 1521 822 1534 .
841 1510 945 1531 vereor
954 1501 1027 1542 quid
1037 1511 1098 1543 agat
1107 1505 1174 1533 Ino.

219 1538 284 1568 haec
298 1540 382 1569 enim
395 1540 500 1570 omnia
512 1550 550 1570 ex
563 1540 671 1571 eodem
685 1540 769 1572 fonte
783 1541 945 1572 fluxerunt.
970 1546 1019 1573 An
1029 1545 1176 1583 Amphia—

217 1588 284 1610 raus
295 1599 303 1614 ,
319 1580 392 1610 deus
402 1585 457 1611 erit
466 1600 475 1614 ,
489 1581 522 1613 δε
533 1583 752 1621 Trophonius?
772 1582 866 1614 nostri
877 1583 999 1624 quidem
1011 1584 1174 1624 publicani,

216 1620 290 1651 cum
310 1619 404 1652 ess'ent
420 1624 481 1663 agri
498 1624 531 1651 in
542 1624 657 1653 Boeoria
676 1623 803 1654 deorum
821 1626 1044 1655 immortalium
1058 1628 1175 1666 excepti

215 1662 281 1702 lege
291 1663 422 1692 censoria
433 1682 442 1696 ‚
461 1663 606 1704 negabant
615 1664 793 1694 immortaleis
801 1664 849 1703 effi
860 1667 929 1695 ullos
939 1686 947 1700 ‚
965 1667 1017 1707 qui
1023 1667 1175 1708 aliquando

216 1704 337 1733 hommes
347 1702 476 1742 fuiffbirt.
498 1705 555 1735 Sed
574 1703 594 1735 fi
611 1706 681 1736 sunt
700 1707 733 1736 hi
752 1707 815 1740 dii,
834 1707 877 1737 cst
889 1708 966 1738 certe
980 1709 1173 1743 Erechtheus,

219 1745 305 1782 cujus
315 1747 442 1776 Athenis
453 1745 486 1776 δε
496 1745 658 1777 delubrum
669 1747 801 1778 vidimus
813 1769 821 1782 ‚
831 1749 863 1779 &
873 1749 1063 1779 sacerdotem.
1074 1753 1174 1788 Quem

217 1785 239 1816 fi
259 1786 349 1816 deum
368 1786 512 1821 facimus,
531 1788 606 1829 quid
625 1798 675 1819 aut
689 1788 726 1819 de
738 1789 839 1820 Codro
856 1790 990 1820 dubitare
1006 1789 1174 1830 possumus,

215 1837 267 1858 aut
278 1827 313 1858 de
326 1830 430 1859 ceteris
439 1848 447 1862 ‚
459 1830 513 1870 qui
522 1839 686 1871 pugnantes
691 1839 742 1872 pro
752 1831 850 1872 patria
857 1830 987 1869 liberta-te
995 1832 1149 1862 ceciderunt
1161 1836 1173 1863 ‚2

216 1868 299 1910 quod
309 1868 329 1899 fi
339 1870 492 1910 probabile
502 1880 566 1902 non
577 1871 620 1902 est
631 1882 636 1900 :
655 1881 693 1902 ne
704 1872 754 1902 illa
763 1872 889 1913 quidem
901 1874 1052 1913 superiora
1063 1893 1071 1906 ‚
1093 1874 1173 1904 unde

213 1912 280 1941 haec
297 1921 420 1943 manant
430 1931 439 1946 ,
460 1912 611 1952 probanda
625 1913 703 1944 sunt.
723 1916 822 1955 Atque
835 1916 867 1944 in
878 1915 1031 1956 plerisque
1045 1917 1174 1946 civitati-

214 1951 272 1982 bus
287 1954 414 1994 intelligi
428 1953 542 1994 potest,
561 1964 735 1989 Auos-unm
749 1965 918 1986 vrit-ruris
933 1966 1070 1988 Gna-cin
1081 1977 1090 1992 ‚
1112 1967 1173 1999 quo

215 1994 361 2025 libentius
374 1997 446 2035 reip.
457 1997 540 2026 causa
552 1997 720 2036 periculum
732 1997 824 2027 adiret
837 1999 973 2038 optimus
989 1999 1114 2039 quisque
1129 2001 1174 2030 vi-

213 2045 317 2066 rorum
333 2036 459 2067 t'ortium
475 2040 655 2068 memoriam
673 2040 788 2069 honore
802 2039 928 2070 deorum
946 2041 1173 2071 immortalium

217 2078 423 2109 consecratam:
447 2079 489 2109 ob
505 2089 571 2110 eam
590 2082 673 2110 enirn
690 2080 783 2120 ipsam
802 2081 920 2112 causam
937 2083 1120 2113 Erechtheus
1132 2087 1172 2113 A-

217 2121 335 2152 thenis,
356 2118 484 2161 filiaeque
501 2122 566 2158 ejus
585 2123 618 2151 in
637 2131 764 2152 numero
775 2122 902 2153 deorum
922 2123 1000 2153 sunt.
1035 2126 1172 2165 Itemque

215 2158 232 2180 ⁶
242 2162 439 2192 Leonaticum
451 2161 492 2193 est
501 2163 661 2195 delubrum
672 2165 808 2197 Athenis,
819 2165 901 2205 quod
908 2165 1055 2195 Leocorion
1068 2169 1171 2196 nomi·

214 2211 312 2232 natur.
349 2203 567 2234 Alabandenses
593 2205 717 2245 quidem
746 2205 877 2236 sanstius
906 2207 1096 2237 Alabandum
1118 2217 1172 2238 co-

218 2243 301 2277 lunt,
321 2243 335 2274 a
352 2254 411 2286 quo
425 2245 467 2276 est
480 2245 549 2276 urbs
562 2246 611 2277 illa
623 2246 743 2277 condita
753 2270 762 2283 ,
785 2247 874 2290 quam
886 2257 1067 2289 quemquam
1081 2249 1172 2280 nobi-

218 2285 295 2316 lium
315 2285 457 2317 deorum:
477 2287 555 2328 apud
570 2298 646 2329 quos
662 2298 728 2320 non
746 2289 894 2321 inurbane
911 2292 1095 2322 Stratonicus
1107 2311 1116 2327 ‚
1139 2300 1171 2323 ut

1235 78 1780 140 CrcnnoN1s

1225 168 1336 203 multa,
1355 168 1427 199 cum
1445 168 1570 210 quidam
1585 169 1615 200 ei
1631 169 1990 206 molestusAlabandum‚
2009 169 2102 202 deum
2115 168 2177 203 esse

1222 209 1416 245 confirmaret
1427 231 1436 244 .
1450 211 1613 242 Herculem
1626 221 1760 252 negaret:
1782 216 1872 256 Ergo,
1884 215 2000 255 inquit,
2010 212 2082 242 mihi
2090 213 2176 242 oila-

1224 251 1329 281 bandus
1341 272 1349 286 ,
1367 251 1422 282 tibi
1432 252 1564 282 Hercules
1574 252 1615 294 fit
1628 253 1732 282 iratus.
1773 255 1830 286 Illa
1839 264 1938 286 autem
1949 275 1958 289 ‚
1979 255 2068 286 Balbe
2081 274 2090 288 ,
2111 263 2179 302 quae
2193 261 2240 287 20

1226 295 1283 324 tui
1291 295 1366 325 caelo
1375 313 1384 327 ‚
1399 293 1540 335 astrisque
1549 294 1678 325 ducebas
1686 313 1695 328 2
1706 294 1798 336 quam
1808 294 1899 337 longe
1908 297 2025 337 serpant
2034 316 2043 332 ‚
2055 306 2119 327 non
2130 306 2179 326 vi-

1226 335 1287 366 des.
1316 336 1420 367 Solem
1432 356 1442 369 ,
1464 335 1556 366 deum
1576 333 1634 366 effe
1643 355 1652 370 .
1676 338 1854 378 Lunamque
1867 356 1879 371 ,
1899 347 2028 379 quorum
2049 339 2180 369 alterum

1227 377 1402 418 Apollinem
1415 379 1512 408 Graeci
1521 398 1530 412 ‚
1540 378 1662 409 alteram
1673 379 1805 409 Dianam
1814 385 1928 419 putant.
1949 379 2040 422 Qod
2052 378 2071 409 fi
2081 381 2179 414 Luna,

1225 419 1279 450 dea
1289 418 1332 450 est
1341 430 1346 449 :
1360 429 1431 460 ergo
1439 421 1531 450 etiam
1540 419 1663 451 Lucifer
1672 430 1679 449 :
1691 429 1854 461 ceteiaeque
1862 422 1989 451 errantes
1998 440 2008 456 ,
2016 431 2181 452 numerum

1225 461 1350 491 deorum
1372 461 1565 492 obtinebunt.
1587 462 1678 502 igitur
1695 464 1788 493 etiam
1811 465 1980 492 inerrantes.
2003 465 2062 493 Cur
2078 472 2180 494 autem

1224 508 1238 531 7
1249 505 1344 544 Arqui
1354 504 1464 543 species
1471 513 1535 534 non
1543 506 1575 534 in
1585 503 1714 535 deorum
1725 513 1854 534 numero
1862 507 2034 543 reponatur?
2042 503 2085 535 est
2093 507 2179 536 enim

1224 545 1347 585 pulcher
1356 565 1364 578 ,
1377 545 1410 575 &
1419 544 1460 574 ob
1470 555 1536 575 eam
1547 545 1662 576 causam
1674 565 1682 580 ‚
1703 547 1774 586 quia
1783 545 1914 586 speciem
1925 544 2013 575 habet
2021 545 2181 576 admirabi-

1225 589 1285 616 lem
1297 607 1306 620 ,
1326 588 1502 616 Thaumante
1520 587 1628 617 dicitur
1644 586 1701 618 effe
1720 596 1796 618 nata.
1818 587 1902 626 cujus
1919 584 1940 616 si
1957 586 2061 617 divina
2079 596 2180 620 natura

1226 627 1268 658 est
1280 648 1288 661 ,
1310 628 1383 669 quid
1392 627 1481 659 facies
1492 629 1624 659 nubibus
1634 633 1645 654 ἓ
1663 638 1747 660 arcus
1756 629 1840 659 enim
1850 628 1911 668 ipse
1919 638 1958 658 ex
1971 627 2103 658 nubibus
2112 627 2180 659 effi-

1222 672 1299 700 citur
1307 670 1439 711 quodam
1451 669 1547 700 modo
1556 671 1717 702 coloratus.
1735 673 1872 709 Quarum
1882 679 1940 700 una
1948 672 2040 700 etiam
2049 670 2180 700 Centau-

1223 722 1272 742 ros
1281 710 1424 752 peperisse
1434 711 1552 742 dicitur.
1575 711 1667 751 Quod
1677 711 1699 742 fi
1707 713 1803 743 nubes
1814 712 1948 743 retuleris
1958 713 1990 742 in
2001 711 2073 741 deos
2083 730 2092 745 ,
2104 710 2183 742 refe-'

1223 754 1321 783 rendae
1339 753 1420 784 certe
1438 763 1525 784 erunt
1544 753 1731 794 tempestates
1740 773 1750 789 ‚
1768 764 1844 795 quae÷
1849 754 1954 794 populi
1963 755 2057 784 Rom.
2071 752 2180 784 rit-ibus

1221 796 1398 826 consecratae
1409 795 1485 837 sunt.
1508 798 1588 838 Ergo
1598 796 1709 827 imbres
1719 817 1728 830 ,
1739 796 1857 829 nimbi,
1867 796 2017 835 proceliae,
2030 794 2179 828 turbine-tr,

1223 837 1266 867 dii
1277 837 1410 877 putandi.
1437 836 1530 868 nostri
1539 838 1664 878 quidem
1678 839 1768 869 duces
1778 858 1787 873 ,
1806 847 1883 867 mare
1901 837 2082 877 ingredientes
2094 855 2102 869 ‚
2115 837 2183 869 im-‡

1225 880 1340 909 molare
1348 877 1478 910 hostiam
1489 878 1631 910 fluetibus
1638 880 1867 911 consueverunt·
1888 882 1971 910 Tum
1981 877 2001 908 si
2011 878 2052 908 est
2061 879 2150 908 Ceres
2159 879 2176 909 ἑ

1223 920 1354 962 gerendo
1364 921 1416 959 (ita
1425 923 1509 951 enim
1521 921 1649 963 dicebas)
1663 930 1737 952 terra
1746 922 1807 961 ipsa
1816 921 1869 951 dea
1877 920 1920 951 est
1928 940 1937 954 ‚
1952 920 1985 950 δε
1997 922 2035 950 ita
2045 919 2178 950 habetur:

1222 972 1288 1003 quae
1297 961 1339 992 est
1348 964 1432 992 enim
1441 963 1498 993 alia
1507 962 1634 993 Tellus?
1644 962 1686 994 fin
1699 972 1774 993 terra
1785 972 1880 993 :mare
1889 966 1980 993 etiam
1993 972 1998 990 :
2009 970 2100 1002 quem
2112 963 2180 991 Ne-

1222 1013 1353 1043 ptunum
1373 1002 1432 1034 effe
1449 1003 1568 1034 dicebas
1581 1016 1586 1034 z
1606 1014 1675 1046 ergo
1687 1005 1719 1035 &
1733 1003 1861 1034 flumina
1871 1024 1880 1038 ‚
1901 1003 1934 1034 δε
1943 1003 2051 1033 fontes·
2076 1005 2178 1043 Itaque

1221 1046 1254 1075 δε
1266 1048 1371 1076 Fontis
1381 1046 1540 1075 delubrum
1553 1047 1636 1076 Maso
1645 1056 1683 1076 ex
1693 1044 1808 1076 Corsica
1821 1045 1984 1076 dedicavit:
1999 1045 2073 1076 &in
2085 1054 2182 1086 :lugu-A

1221 1097 1288 1117 rum
1309 1088 1478 1126 precatione
1496 1087 1679 1117 Tiberinum
1699 1107 1708 1121 ‚
1734 1088 1902 1126 Spinonem
1913 1106 1922 1121 ,
1943 1082 1957 1106 ⁸
1967 1086 2174 1120 Anemonem,

1222 1128 1384 1158 Nodinum
1395 1147 1404 1161 ‚
1424 1128 1481 1158 alia
1497 1129 1739 1170 propinquorum
1758 1127 1925 1158 fluminum
1942 1132 2071 1158 nomina
2089 1127 2181 1158 vide-.

1224 1179 1303 1204 mus.
1326 1172 1406 1210 Ergo
1418 1170 1478 1200 hoc
1490 1179 1540 1200 aut
1550 1172 1583 1200 in
1593 1170 1781 1201 immensum
1792 1170 1904 1209 serpet,
1918 1178 1968 1200 aut
1977 1170 2055 1199 nihil
2065 1170 2177 1199 horum

1221 1213 1402 1250 recipiemus
1412 1230 1422 1244 ‚
1439 1221 1495 1241 nec
1510 1212 1562 1242 illa
1574 1211 1690 1252 infinita
1702 1213 1775 1241 ratio
1783 1209 1979 1252 superstitionis
1990 1210 2176 1251 probabitur.

1223 1253 1313 1283 Nihil
1323 1263 1393 1293 ergo
1405 1254 1515 1284 horum
1526 1253 1718 1294 probandum
1730 1252 1782 1284 est.
1826 1256 1973 1284 Dicamus
1988 1255 2093 1294 igitur,
2109 1252 2176 1282 Bal-

1222 1295 1258 1324 be
1270 1313 1279 1328 ,
1298 1304 1417 1334 oportet
1426 1304 1530 1326 contra
1538 1297 1608 1326 illos
1618 1297 1708 1327 etiam
1720 1316 1728 1329 ‚
1746 1297 1800 1336 qui
1810 1297 1866 1326 hos
1875 1294 1948 1325 deos
1957 1305 1994 1325 ex
2009 1294 2174 1325 'nominum

1221 1346 1328 1376 genere
1337 1338 1370 1366 in
1379 1337 1487 1367 caelum
1499 1337 1651 1368 transsatos
1662 1357 1670 1372 ,
1681 1349 1732 1368 non
1745 1347 1783 1370 re,
1792 1337 1841 1377 fid
1852 1337 1975 1379 opinione
1985 1334 2043 1367 efl‘e
2053 1335 2175 1369 dicunt.

1220 1388 1295 1418 quos
1305 1378 1426 1419 auguste
1437 1389 1546 1418 omnes
1557 1399 1567 1413 ,
1578 1379 1736 1421 (anfi-*eque
1746 1388 1932 1410 veneramur.
1953 1375 2108 1418 Principio
2116 1377 2176 1416 Jo-

1220 1430 1268 1448 ves
1284 1422 1346 1450 tren
1364 1430 1527 1452 numerant
1544 1423 1587 1455 ii,
1605 1423 1657 1462 qui
1670 1421 1804 1463 theologi
1817 1423 2030 1452 nominantur:
2049 1428 2088 1450 ex
2104 1419 2176 1459 qui-

1222 1461 1276 1491 bus
1293 1464 1426 1501 primum
1442 1481 1451 1496 ‚
1474 1463 1509 1493 δε
1525 1462 1691 1493 secundum
1710 1472 1795 1493 natos
1812 1465 1847 1493 in
1865 1461 1992 1493 Arcadia
2010 1472 2016 1491 :
2047 1461 2175 1492 alterum

1217 1512 1299 1543 patre
1307 1505 1430 1534 AEthere
1438 1523 1448 1538 .
1456 1513 1496 1534 ex
1506 1514 1567 1545 quo
1576 1505 1667 1535 etiarn
1676 1505 1886 1545 Proserpinam
1897 1513 1995 1534 natam
2008 1502 2123 1536 ferunt,
2139 1500 2174 1532 δε

1219 1545 1362 1575 Liberum
1376 1555 1382 1575 ;
1402 1546 1529 1576 alterum
1549 1554 1628 1585 patre
1647 1546 1730 1576 Caelo
1741 1565 1750 1579 ,
1770 1547 1822 1586 qui
1844 1544 1976 1586 genuisse
1999 1546 2173 1574 Minervam

1216 1586 1336 1621 dicitur,
1346 1596 1436 1627 quarn
1446 1589 1613 1628 principem
1624 1587 1848 1618 &inventricem
1857 1585 1918 1616 belli
1928 1586 2038 1616 ferunt:
2048 1586 2172 1617 tertium

1217 1629 1390 1658 Cretensem
1403 1648 1412 1662 ‚
1436 1627 1664 1660 Saturnifilium
1676 1641 1682 1658 :
1698 1630 1784 1667 cujus
1794 1631 1826 1659 in
1836 1629 1888 1658 illa
1897 1628 1993 1659 insula
2000 1628 2171 1667 sepulcrum

1217 1667 1393 1699 ostenditur.
1415 1673 1542 1706 Aiicnuge·
1558 1673 1648 1701 etiarn
1667 1671 1744 1711 apud
1756 1671 1862 1700 Graios
1881 1670 1987 1700 multis
2003 1669 2103 1700 modis
2112 1678 2171 1699 no-

1217 1712 1378 1740 minantur.
1402 1711 1496 1740 Primi
1515 1720 1572 1742 tres
1583 1731 1592 1745 ‚
1611 1715 1626 1739 9
1637 1711 1880 1752 quiappellantur
1889 1713 2004 1740 Anaces
2016 1729 2026 1743 ‚
2045 1710 2174 1740 Athenis

1216 1761 1254 1781 ex
1265 1752 1340 1793 Jove
1352 1770 1362 1785 ,
1384 1761 1450 1792 rege
1466 1751 1674 1792 antiquiffimo
1683 1771 1692 1785 ‚
1707 1751 1926 1790 &Proserpina
1936 1753 2016 1785 nati,
2031 1752 2176 1782 ¹0’rrito-

1214 1802 1330 1833 patreus
1342 1812 1350 1825 ,
1363 1793 1516 1822 Eubuleus
1527 1813 1535 1826 ,
1556 1791 1733 1832 Dionysius.
1754 1792 1905 1826 Secundi,
1926 1793 2003 1834 Jove
2013 1794 2101 1823 tertio
2109 1795 2173 1826 nati

1215 1844 1254 1864 ex
1263 1834 1344 1864 Leda
1353 1854 1362 1867 ‚
1385 1832 1488 1864 Castor
1505 1834 1539 1865 δε
1552 1835 1672 1866 Pollux.
1695 1835 1795 1865 Tertii
1815 1833 1958 1864 dicuntur
1974 1833 1990 1865 ὲ
2011 1834 2180 1868 nonnullis.

1216 1876 1292 1906 Aleo
1304 1895 1313 1909 ,
1325 1875 1358 1906 δε
1368 1876 1541 1915 Melampus
1551 1895 1560 1909 ,
1572 1877 1700 1907 Emolus
1710 1896 1719 1910 ‚
1731 1877 1814 1906 Atrei
1824 1873 1892 1910 filii,
1904 1877 1955 1917 qui
1964 1877 2075 1916 Pelope
2085 1884 2173 1909 natus

1214 1916 1287 1948 fuit.
1305 1919 1398 1960 ¹¹Jam
1411 1918 1503 1948 musae
1512 1920 1618 1958 prim'ae
1630 1927 1780 1959 quattuor,
1792 1917 1950 1958 nataeJove
1960 1918 2064 1952 altero,
2075 1918 2173 1948 Thel-

1217 1961 1311 1999 xiopc
1321 1979 1330 1992 ‚
1342 1962 1467 1990 Mneme
1478 1979 1486 1993 ‚
1506 1959 1600 1990 Aoede
1609 1979 1619 1995 ‚
1640 1960 1767 1990 Melete:
1787 1958 1921 1990 secundae
1930 1979 1939 1994 ‚
1949 1960 2026 2001 Jove
2036 1962 2124 1990 tertio
2134 1961 2170 1993 δε

1214 2001 1417 2041 Mnemosyne
1425 2020 1435 2035 ‚
1446 2010 1602 2041 procreata:
1613 2011 1726 2033 novem
1738 2011 1744 2030 :
1758 2002 1863 2035 terti-ae,
1875 2004 1902 2021 ¹²
1912 2002 1990 2043 Jove
2001 2003 2090 2032 tertio
2101 2003 2178 2034 Pie·

1213 2044 1259 2072 rio
1278 2051 1352 2073 natae
1362 2063 1372 2076 ,
1392 2043 1425 2074 δε
1443 2046 1576 2084 Antiopa
1596 2062 1605 2077 ,
1632 2053 1704 2084 quas
1721 2042 1847 2074 Pieridas
1855 2062 1865 2077 ,
1890 2043 1923 2074 δε
1939 2044 2056 2074 ‘Pieriae
2074 2043 2174 2077 solent

1213 2085 1309 2124 po'e'tae
1318 2085 1462 2124 appellare
1473 2103 1482 2119 ‚
1494 2084 1602 2115 iisdem
1613 2084 1796 2115 nominibus
1805 2105 1814 2119 ‚
1826 2083 1936 2116 eodem
1947 2095 2075 2116 numero
2088 2105 2097 2120 ‚
2108 2094 2172 2127 quo

1211 2128 1360 2166 proximae
1380 2127 1555 2166 superiores.
1578 2126 1718 2168 Cumque
1736 2135 1767 2157 tu
1779 2127 1882 2158 Solem
1894 2146 1903 2162 ,
1926 2127 2076 2168 quiasblus
2087 2127 2169 2163 ess'et,

1213 2168 1392 2208 appellatum
1412 2165 1470 2198 else
1489 2168 1588 2200 dicas:
1605 2169 1690 2200 Soles
1705 2166 1762 2208 ipfi
1779 2168 1872 2210 quam
1893 2169 1983 2200 multi
1994 2169 2173 2213 {theologis

1211 2209 1404 2249 proferuntur
1415 2212 1426 2239 ἲ
1435 2219 1512 2241 unus
1521 2220 1625 2241 eorum
1634 2211 1712 2251 Jove
1721 2219 1820 2244 natus,
1830 2219 1924 2250 nepos
1933 2212 2074 2244 AEtheris:
2084 2211 2172 2248 alter.

1212 2253 1382 2291 Hiperione
1395 2274 1400 2282 .
1436 2251 1542 2282 tertius
1553 2272 1563 2287 ‚
1590 2253 1730 2283 Vulcano
1740 2270 1750 2286 ,
1780 2252 1847 2282 Nili
1857 2251 1922 2282 filio
1935 2263 1941 2282 :
1960 2253 2046 2294 cujus
2062 2252 2169 2284 urbem

1210 2295 1346 2335 AEgyptii
1358 2293 1466 2324 volunt
1476 2291 1533 2327 effe
1542 2303 1609 2326 eam
1621 2313 1630 2329 ,
1640 2303 1707 2337 quae
1715 2293 1888 2338 Heliopolis
1896 2294 2057 2336 appellatur
2068 2304 2073 2323 :
2084 2304 2172 2335 quar-

1692 2361 1698 2367 .
2120 2345 2169 2368 tus

660 2397 2166 2416 Ἢ...

257 2440 278 2457 1.
298 2433 351 2465 Q²
361 2442 435 2460 matre
444 2437 537 2467 Asteria
547 2438 580 2463 ef?
592 2455 600 2468 ‚
612 2437 691 2470 Jbrore
700 2437 797 2464 Latois:
808 2437 843 2472 ?]
864 2439 956 2466 Nostri
969 2439 1028 2466 libi-i
1040 2440 1104 2467 nihii
1116 2440 1170 2467 dis-

214 2474 331 2504 crepant,
343 2470 388 2495 nili
400 2471 468 2505 quod
480 2472 505 2497 in
517 2471 574 2498 I’al.
586 2481 626 2508 pr.
637 2472 671 2499 est
685 2492 693 2504 ‚
703 2475 799 2506 Asteria
810 2475 891 2508 ,soror
899 2477 1004 2502 Latum.
1026 2476 1171 2504 Lambinus

218 2503 359 2563 ilzzipli‘itleiiti
367 2508 522 2561 ²arrogantia
532 2507 610 2535 finxit
622 2508 696 2536 nobis
709 2528 718 2541 ,
727 2511 795 2543 eujus
804 2517 933 2537 matertera
943 2513 1037 2545 Asteria
1047 2514 1097 2545 ef&
1118 2522 1172 2539 ma-

230 2546 251 2561 ⁸¹2⁴
286 2547 356 2566 (110Πὶ
368 2564 372 2567 .

242 2583 279 2624 17..
300 2578 452 2617 sifi-cleris]
474 2579 700 2615 Vulgatiscelerum
710 2600 722 2614 ,
733 2580 776 2609 sed
787 2589 884 2619 praeter
893 2582 962 2609 Pali.
974 2589 1027 2611 tres
1037 2603 1045 2616 ,
1059 2584 1087 2610 δε
1099 2584 1130 2612 Ρ.
1143 2585 1172 2611 St

217 2618 358 2637 tortionem
372 2613 497 2641 vieini-ii.

255 2653 280 2679 3.
300 2649 354 2679 lrfis
370 2650 483 2680 sommam
497 2652 610 2687 fingere]
634 2653 773 2680 Gulielmii
794 2654 825 2681 Ρ.
835 2655 947 2691 amplius
959 2674 967 2688 ,
985 2655 1050 2690 {psus
1058 2658 1168 2683 volumus·

217 2682 296 2711 fingere.
307 2686 473 2723 ”fil-toyicmnr.
495 2689 543 2712 Sed
557 2688 593 2714 ita
603 2689 690 2715 nullus
705 2689 895 2717 palatinorum.

247 2722 282 2752 ⁴4».
304 2723 359 2747 ,ΨΜ
369 2722 494 2757 Lencqthia
503 2722 518 2746 ὴ
529 2725 622 2755 Gracc-n,
633 2723 648 2749 ἃ
658 2726 721 2751 nobis
729 2729 832 2752 Matura
842 2727 957 2761 dicitur]
982 2727 1072 2754 Aliter
1082 2727 1171 2756 nostra

219 2752 318 2790 “151&
334 2754 374 2778 cil.
387 2756 509 2789 victorii,
522 2768 624 2794 nempe.
643 2763 683 2786 Ino
692 2764 741 2786 Dea
750 2761 842 2787 dicetur
852 2782 860 2793 ,
879 2763 909 2793 &¹
917 2765 990 2789 Leuc.
1001 2763 1017 2790 a*
1028 2764 1114 2790 Gracia·
1123 2783 1133 2796 ‚
1152 2762 1169 2790 ἃ

218 2789 453 2846 ῗῑλᾬέίίιί-..κὶἐκκκη
473 2802 549 2828 quam
561 2794 714 2831 icripturam
727 2796 744 2823 ii
754 2797 919 2825 admittimus
931 2818 940 2832 ,
960 2799 1096 2834 ejiciemus
1113 2800 1169 2836 pri-

273 2835 277 2843 «
322 2840 336 2845 ,Δ
365 2834 403 2850 ur,

260 2863 297 2894 fg
308 2860 335 2895 kf
349 2862 491 2896 l’asspha'e'&
501 2867 559 2903 ρετ
572 2885 580 2897 ,
599 2867 751 2902 &Per-scida]
775 2869 856 2896 Hunc
872 2870 986 2898 tendunt
995 2871 1088 2899 omii'es
1107 2871 1170 2900 libri

220 2894 301 2940 ¹¹·9l‘fj
310 2893 344 2940 β’
353 2902 408 2931 Ῥῐῑι
418 2899 648 2936 ακρκιῖυιπιηιιῑυε
658 2912 746 2938 aperte
759 2905 826 2932 Pili.
839 2913 893 2932 tres
905 2916 912 2937 ς
925 2916 1009 2943 neque
1019 2908 1098 2934 aliter
1111 2907 1170 2934 cdi-

219 2934 260 2952 «ιιι
272 2927 284 2949 N
296 2930 414 2970 ictor-ius.
435 2941 472 2969 pii
486 2943 504 2958 is
516 2936 564 2961 cini
578 2955 585 2967 ,
603 2939 753 2971 &Pafipoe'me
768 2941 906 2975 &Perseide⁸
928 2943 969 2970 vel
978 2944 1170 2978 &Pafiphae&·

222 2963 354 2994 nrspmdes
361 2983 367 2994 ,
375 2974 386 2988 e
396 2968 507 2998 'Post-ide.

256 2997 283 3023 6.
303 3001 453 3026 Leonaticum
463 3004 649 3041 ‹udalrih-um]
670 3009 708 3035 Ita
720 3010 799 3038 etiam
813 3013 880 3040 p211,
890 3014 918 3040 ὃς
930 3014 961 3040 Ρ.
972 3023 1038 3047 non,
1048 3010 1174 3042 Lemma-⁴

220 3042 292 3065 ''⁴¹⁷¹-
313 3035 350 3060 Μ·
370 3035 512 3070 PUbllffl‘rit
535 3041 683 3069 Lambinus.
706 3045 826 3074 videatur
844 3048 909 3076 Gul.
929 3051 1061 3078 canterus
1080 3050 1129 3079 lib.
1141 3045 1173 3079 νζ
1201 3072 1203 3076 .

221 3068 323 3096 Novar.
334 3070 412 3097 Lee'k.
424 3081 479 3107 cap.
493 3074 532 3098 i‘J».

252 3111 279 3134 7·
299 3108 497 3144 Arqua'spccics.]
521 3109 562 3138 Est
574 3121 588 3139 a
601 3112 656 3140 Pal.
667 3123 708 3149 pr.
719 3115 747 3141 Sc
756 3116 874 3147 editione
885 3119 998 3155 γὶᾶοῐὶὶ
1010 3140 1020 3156 ,
1031 3130 1117 3159 neque
1127 3130 1174 3151 re-

1212 2445 1284 2472 cedit
1295 2447 1352 2474 Pal.
1362 2445 1414 2474 sec.
1425 2455 1503 2483 quam
1514 2446 1585 2482 quod
1596 2446 1629 2473 is.
1647 2448 1717 2472 Arci.
1741 2444 1853 2481 vulgati,
1863 2447 2044 2479 Arcmspecies.

1249 2490 1277 2516 8.
1302 2491 1493 2525 strumonem]
1513 2491 1558 2517 Sic
1567 2489 1635 2517 Pall.
1647 2489 1740 2518 nostri.
1758 2489 1899 2517 Turnebus
1909 2489 1942 2516 ad
1953 2490 2097 2516 Varronem
2109 2495 2170 2516 teu-

1213 2525 1286 2554 tabat
1299 2529 1448 2553 Aniemmem.

1210 2571 1354 2668 jue-sna
1361 2571 1510 2634 arser:
1524 2568 1759 2634 ἃ]
1769 2568 2171 2633 {iitrrz‘iiaztr‘sszase

1232 2651 1292 2709 wsb..
1309 2683 1497 2717 Tritopatrem]
1519 2683 1562 2710 Sic
1572 2681 1653 2711 iidem
1663 2681 1721 2710 inss‘.
1732 2681 1828 2718 quibus
1837 2680 1941 2709 accedit
1949 2679 2034 2708 editio
2043 2674 2167 2708 Vissoriiss

1213 2717 1326 2754 vulgati,
1342 2722 1517 2752 Tricoparreue.

1251 2771 1292 2789 ii.
1310 2765 1371 2797 Jam
1379 2763 1541 2797 Mufieprimae
1547 2769 1650 2797 quatuor
1659 2780 1670 2795 ,
1680 2769 1743 2789 nare
1748 2765 1811 2798 Jove
1821 2764 1896 2789 altero
1906 2781 1915 2794 ‚
1922 2761 2041 2792 wel-vim
2051 2777 2060 2790 ,
2077 2757 2172 2799 cde-le,

1210 2800 1289 2825 Arche
1299 2817 1308 2830 ‚
1329 2801 1426 2827 Melete.
1462 2800 1504 2826 Ita
1513 2799 1598 2826 editio
1608 2797 1724 2826 Vii‘Jtorii
1736 2808 1744 2830 ;
1764 2797 1941 2833 alluduntque
1950 2795 2021 2823 Pali.
2039 2793 2119 2820 nostri
2129 2801 2171 2834 at-

1211 2843 1264 2870 que
1275 2834 1306 2861 1².
1316 2834 1362 2861 uisi
1373 2843 1426 2870 quo
1455 2844 1560 2867 omnes,
1568 2837 1698 2869 nataeJive
1706 2835 1792 2868 altero,
1803 2841 1866 2860 nasa
1873 2833 2023 2862 nemum,
2032 2837 2078 2856 aut
2090 2829 2173 2856 {imile

1189 2886 1192 2901 i
1212 2869 1287 2906 quid.
1309 2869 1396 2897 Aldus
1406 2879 1470 2897 avus
1483 2870 1606 2906 vulgarat
1617 2870 1725 2903 ‚alteim
1733 2866 1864 2904 Τόιῐκὶορς,
1874 2871 1981 2898 Mneme,
1989 2865 2070 2897 Aac,
2079 2867 2176 2893 Melete.

1231 2913 1308 2934 raeter
1318 2906 1483 2933 membranas
1494 2905 1555 2934 sane
1566 2906 1665 2934 nostras
1677 2925 1687 2938 ,
1703 2904 1836 2941 iii-quibus
1845 2903 1916 2930 clare
1925 2903 2013 2942 dnhf·
2033 2901 2060 2928 &
2073 2901 2119 2928 nisi
2131 2909 2174 2927 nie

1211 2916 1284 2969 fallit
1295 2961 1304 2974 ‚
1323 2942 1472 2970 Camerarii
1483 2941 1643 2976 conjeaura
1670 2941 1776 2976 roxime
1785 2937 1888 2966 accedit
1905 2937 1937 2964 ad
1948 2937 2103 2973 scripturam
2123 2946 2174 2963 iio-

1173 2993 1176 2998 *
1204 2977 1326 3005 ,strorum
1338 2987 1348 3009 3
1367 2980 1428 3012 Jam
1437 2978 1647 3012 emasapn'maell
1661 2995 1668 3002 .
1686 2978 1749 3009 Jove
1756 2976 1830 3001 altero
1839 2975 1920 3000 natal
1935 2974 2076 3005 *bclxtmk'5
2095 2971 2164 3000 Aoede

1199 3015 1325 3042 gealt-lete.
1345 3023 1407 3041 iiam
1418 3014 1474 3042 Pal.
1487 3021 1550 3040 tert.
1560 3009 1684 3048 expreffit
1694 3019 1741 3046 per
1751 3017 1854 3042 notam,
1865 3012 1923 3036 1111.
2165 3045 2173 3051 .

1253 3062 1262 3080 ι
1268 3062 1295 3080 2.
1313 3056 1376 3087 ssve
1383 3056 1452 3080 rei-rio
1458 3053 1537 3078 Pierio
1544 3057 1606 3076 nate
1613 3050 1643 3081 ᾡ-
1651 3049 1794 3084 antiopa]
1816 3050 1859 3076 Sic
1870 3047 2018 3089 ViCtori'aui
2031 3066 2039 3079 ‚
2050 3045 2083 3073 fic
2093 3045 2174 3073 nostra

1213 3086 1278 3115 duo.
1292 3098 1353 3129 giam
1364 3091 1429 3118 tert.
1437 3090 1516 3116 Piero.
1525 3085 1592 3115 editi
1603 3085 1649 3114 alii
1658 3088 1742 3114 'Pieria
1749 3092 1813 3113 nau
1819 3097 1829 3120 ,-
1849 3084 1922 3122 quod
1931 3085 1958 3111 ὃς
1969 3092 1997 3111 in
2007 3082 2065 3111 Pal.
2075 3089 2176 3119 quarto

1190 3130 1201 3155 ι,
1212 3132 1244 3152 ac
1254 3131 1359 3161 quinto.

2059 3161 2084 3182 ι.
2096 3155 2176 3180 Avum
