2360 3400
508 89 881 143 Licnias,¹
949 104 1087 137 situ

145 170 319 212 vapecunia
326 168 566 210 perspiciuntur-¹,
584 168 675 211 quam
683 168 740 200 fint
749 171 830 201 leves
843 170 980 213 :quidam
999 191 1008 206 ,
1022 180 1099 213 quos

143 222 231 253 parva
252 222 375 242 movere
394 222 457 242 non
478 213 576 252 pomit
596 232 606 246 ,
626 212 849 253 cognoscuntur
869 215 902 244 in
920 223 1035 254 magna.
1055 211 1098 243 fin

144 253 221 284 vero
231 263 318 284 erunt
327 255 420 294 aliqui
431 256 539 294 reperti
551 273 560 287 ‚
570 255 623 294 qui
633 255 790 294 pecuniam
800 253 937 294 praeFerre
945 256 1096 288 amicitiae.

144 295 302 326 sordidum
313 295 506 326 existiment:
518 305 575 325 unt
587 305 642 325 1-:os
656 304 882 330 mvtmiziviux,
895 299 948 337 qui
958 297 1100 330 honores,

144 336 334 378 magistratus
343 357 351 372 ,
364 340 488 377 imperia
499 357 509 371 ,
519 335 676 377 potestates
686 358 696 371 ,
708 346 780 376 opes
792 339 932 368 amicitiae
944 348 1008 368 non
1017 346 1102 368 ante-

145 382 285 419 ponent?
304 388 337 409 ut
347 400 356 412 ‚
377 378 449 409 cum
469 388 508 409 ex
529 379 618 409 altera
626 386 704 418 patte
714 378 861 418 propofita
871 382 933 410 haec
943 378 999 409 sint
1009 399 1018 413 ‚
1039 383 1049 398 ¹
1062 388 1100 409 ex

145 420 236 451 altera
251 421 301 460 jus
312 423 472 454 amicitiae,
496 430 560 450 non
579 420 679 449 multo
690 420 744 450 illa
753 421 882 451 malint?
901 430 1097 451 ιΜΒεειιιΑ

146 463 231 491 enim
243 472 344 492 natura
351 462 394 493 est
403 462 439 493 ad
448 460 703 492 contemnendam
713 463 895 500 potentiam:
907 472 996 503 quarn
1007 464 1099 492 etiam

145 501 168 532 si
182 503 454 545 negleSm-amicitia
463 504 615 534 consecuti
628 503 725 535 sunt,²
735 503 924 534 obscuratum
935 506 970 534 iri
982 504 1010 534 se
1020 504 1098 534 arbi-

148 552 265 575 trantur
276 566 284 578 .
308 548 376 586 quia
389 555 453 576 non
475 543 536 575 fine
553 554 660 586 magna
669 545 751 575 causa
761 543 795 575 fit
808 545 943 586 neglefita
959 547 1102 576 amicitia.

144 588 252 627 Itaque
262 597 329 616 vera
337 588 471 616 amicitia
480 584 644 626 difficillime*
651 588 823 626 reperiuntur
832 588 862 616 in
872 588 908 616 iis
916 607 924 621 ‚
949 588 1000 628 qui
1011 588 1039 617 in
1051 588 1101 617 ho-

143 627 280 662 northus,
301 639 383 670 reque
396 627 510 670 publica
528 628 684 668 verfimrur.
710 631 723 655 ³
741 629 897 659 Ubienjm
910 628 1000 659 istum
1012 630 1099 659 inve-

147 671 214 700 nias
226 690 235 703 ,
257 673 310 710 qui
332 673 480 700 honorem
497 671 586 700 amici
604 679 762 709 anteponat
771 670 846 700 suo?
869 670 974 712 Qid?
997 672 1058 701 haec
1069 679 1103 701 ut

145 713 287 741 omittam
302 732 309 745 ‚
333 712 423 752 quam
444 721 548 752 graves
560 731 569 744 ,
588 720 677 751 quam
690 709 829 741 difficiles
837 712 985 752 plerisque
993 712 1100 742 viden-

143 760 195 782 tur
204 753 410 783 calamitatum
424 754 574 783 societates
585 756 594 781 ἓ
605 752 640 782 ad
652 762 724 792 quas
735 763 800 782 non
810 753 851 783 est
861 752 949 784 facilc
959 755 1101 788 inventu,

141 795 200 835 qui
213 793 376 824 descendat.
401 797 593 836 Qamquam
604 796 722 823 Ennius
735 792 831 824 redte:

241 837 371 865 ..Amicus
382 843 472 865 certus
481 837 510 864 in
520 846 547 864 re
557 837 663 864 incerta
673 836 806 864 cernitur.-

143 885 247 908 tamen
261 878 322 908 haec
332 877 393 908 duo
403 877 533 907 levitatis
542 896 551 910 ‚
563 877 596 907 δε
610 875 794 907 infirmitatis
804 878 959 919 plerosque
970 880 1100 910 convin-

145 928 237 953 cunt3
248 928 297 949 aut
306 917 326 948 fi
336 921 369 948 in
380 919 468 948 bonis
477 918 563 948 rebus
574 927 776 949 contemnunt
787 940 796 953 ‚
815 929 864 950 aut
875 922 907 950 in
919 921 1005 951 malis
1016 922 1099 952 dese-

85 961 126 998 28
144 970 224 991 runt.
247 961 309 1002 Qi
327 962 419 1001 igitur
439 970 560 1000 utraque
570 964 601 990 in
612 970 643 990 re
652 970 771 1002 gravem
787 981 795 994 ‚
813 962 1020 997 constantem,
1045 963 1100 994 sta-

147 1001 240 1032 bilem
252 1003 326 1032 sein
336 1004 466 1032 amicitia
477 1001 642 1042 praestiterit
653 1022 662 1035 ‚
682 1003 763 1033 hunc
773 1013 811 1033 ex
821 1005 959 1034 maxime
969 1014 1032 1035 raro
1043 1006 1100 1035 lio·

142 1053 265 1074 minum
278 1044 523 1084 generejudicare
533 1043 695 1077 debemus,
709 1044 740 1073 &
750 1044 836 1084 paene
846 1046 962 1076 divino.
984 1048 1100 1077 Firma-

140 1086 283 1115 mentum
306 1095 405 1116 autem
425 1084 612 1119 stabilitatis,
631 1084 863 1127 constantia-,que
881 1088 947 1127 ejus
966 1108 975 1121 ‚
1007 1098 1099 1129 quarn

139 1128 176 1157 in
185 1128 317 1157 amicitia
333 1129 495 1167 quaerimus
506 1147 514 1161 ,
536 1126 608 1157 fides
627 1126 680 1157 est.
704 1129 817 1158 NIHIL
835 1132 920 1159 enim
930 1129 1034 1160 stabile
1044 1129 1097 1164 est,

135 1168 224 1210 quod
245 1167 377 1199 infidum
395 1168 447 1199 est.
471 1169 647 1209 simplicem
667 1178 820 1208 praeterea,
842 1171 1098 1205 &communem‚

142 1211 442 1244 &consentientem,
454 1214 505 1252 qui
516 1211 603 1240 rebus
613 1210 718 1240 iisdem
732 1221 898 1246 moveatur,
911 1213 981 1253 eligi
991 1214 1098 1253 parest:

139 1261 208 1293 qua:
218 1254 324 1282 omnia
347 1255 496 1292 pertinent
515 1253 550 1282 ad
571 1251 755 1282 fidelitatem.
779 1257 988 1292 nequeenim
1001 1254 1096 1286 fidum

137 1293 236 1334 potest
245 1292 302 1324 ess'e
312 1295 472 1334 multiplex
483 1296 639 1335 ingenium
653 1314 662 1326 ‚
675 1294 708 1324 δε
719 1296 897 1326 tortuosum.
906 1306 1004 1337 neque
1013 1296 1097 1331 vero,

163 1338 192 1365 ui
203 1345 268 1365 non
289 1335 394 1365 iisdem
414 1336 501 1366 rebus
518 1345 676 1369 movetur,
700 1336 734 1366 &
746 1346 847 1367 natura
857 1338 1026 1372 consentit,
1047 1348 1097 1370 aut

166 1377 239 1411 dus,
259 1386 310 1407 aut
330 1376 444 1407 stabilis
458 1376 555 1417 potest
577 1375 644 1407 effe.
668 1378 849 1409 Addendum
861 1379 968 1410 eodem
983 1379 1043 1414 est,
1064 1390 1098 1412 ut

137 1429 173 1449 ele
190 1417 355 1448 criminibus
364 1437 374 1452 ,
388 1426 446 1447 aut
461 1419 601 1457 inferendis
620 1417 769 1447 detestetur
779 1440 788 1453 ,
806 1428 860 1449 aut
875 1421 969 1450 credat
979 1421 1076 1451 oblatis
1085 1434 1097 1451 .·

137 1470 205 1501 quae
228 1462 333 1490 omnia
350 1462 501 1500 pertinent
516 1460 552 1490 ad
572 1470 636 1489 eam
652 1480 661 1494 ‚
680 1470 770 1501 quam
787 1462 969 1501 jamdudum
992 1463 1096 1497 meio,

138 1501 338 1533 constantiam
352 1512 358 1530 :
379 1504 422 1531 Ita
432 1500 466 1530 fit
475 1511 578 1530 verum
594 1501 668 1531 illud
680 1522 689 1536 ‚
702 1502 784 1542 quod
798 1504 888 1532 initio
897 1503 964 1533 dixi
978 1524 986 1537 ,
1000 1507 1098 1534 aimi-

136 1544 241 1573 citiam
254 1563 262 1576 ,
283 1544 312 1571 ni
324 1554 333 1571 ι
355 1544 427 1572 inter
447 1541 526 1571 bonos
544 1542 591 1580 ff
610 1554 661 1572 non
680 1543 762 1585 poffi.
785 1543 828 1573 est
847 1546 932 1574 enim
954 1545 1028 1575 boni
1038 1549 1096 1576 viri

137 1585 243 1626 (quem
256 1584 386 1614 eundem
408 1585 569 1624 sapientem
590 1585 659 1614 licet
678 1585 787 1625 dicere)
807 1585 940 1615 haecduo
952 1595 1052 1617 tenere
1063 1589 1096 1617 in

133 1628 286 1657 amicitia:
303 1628 437 1665 primum
453 1646 462 1659 ,
482 1626 593 1666 nequid
617 1626 722 1656 fletum
742 1625 795 1660 sit,
816 1637 893 1657 neve
912 1626 1095 1659 simulatum:

132 1669 233 1708 aperte
242 1669 325 1697 enim
344 1668 393 1696 vel
411 1666 521 1700 odist'e,
549 1670 642 1708 magis
664 1670 789 1708 ingenui
811 1668 851 1698 est
863 1687 871 1702 ‚
895 1669 985 1709 quam
995 1670 1096 1700 fronte

133 1710 285 1741 occultare
298 1710 486 1739 sententiam.
509 1709 618 1739 deinde
633 1729 642 1742 ,
653 1719 715 1739 non
727 1709 825 1739 solum
838 1709 874 1739 ab
883 1711 985 1751 aliquo
996 1712 1094 1742 allatas

133 1753 360 1782 criminationes
371 1750 522 1790 repellere,
534 1748 583 1781 sed
593 1760 631 1781 ne
641 1751 739 1790 ipsum
749 1750 874 1791 quidem
884 1750 940 1781 effe
951 1752 1096 1793 suspicio-

132 1793 211 1826 sum,
225 1793 338 1832 semper
353 1792 465 1832 aliquid
477 1791 702 1822 existimantem
713 1793 750 1822 ab
759 1802 857 1823 amico
866 1791 923 1822 effe
932 1794 1091 1824 violatum.

131 1835 260 1865 Accedat
282 1836 340 1864 huc
350 1834 485 1873 suavitas
504 1834 640 1874 quaedam
660 1843 780 1874 oportet
797 1834 974 1873 sermonum,
1005 1843 1093 1877 atque

128 1885 239 1906 morum
256 1896 265 1909 ‚
294 1875 521 1916 haudquaquam
555 1876 686 1905 mediocre
710 1875 918 1905 condimentum
945 1877 1092 1907 amicitia.

130 1917 266 1948 Tristitia
275 1926 376 1947 autem
387 1936 395 1951 ‚
416 1918 448 1947 &
467 1919 498 1947 in
512 1920 601 1947 omni
616 1922 671 1947 re4
682 1917 819 1948 severitas
830 1937 839 1951 ‚
860 1918 947 1948 habet
957 1919 1007 1949 illa
1020 1921 1090 1960 qui·

128 1959 199 1990 dem
209 1961 385 2001 gravitatem
398 1969 404 1988 :
426 1958 475 1989 sed
487 1961 619 1989 amicitia
627 1958 773 1989 remiffior
783 1957 842 1989 esse
852 1959 958 1994 debet,
970 1960 1004 1991 &
1014 1961 1090 1991 hbe-

127 2002 192 2034 πίοι
203 2020 213 2037 ,
228 2001 261 2032 &
272 2000 411 2036 dulcior,
435 2001 469 2032 &
481 2004 495 2028 ἰ’
505 2001 541 2031 ad
551 2010 679 2032 omnem
692 2003 869 2032 comitatem
879 2020 888 2035 ,
899 2000 1090 2033 facilitatem-

123 2113 472 2150 temperatis.Exp1icatlmnc
483 2112 552 2140 suam
565 2112 708 2140 lestionem
719 2113 788 2140 idem
800 2112 936 2140 Vifiorius
948 2111 1084 2140 lib.xx1v.

123 2151 190 2178 Var.
200 2150 281 2178 Leet.
292 2159 348 2187 cap.
359 2158 405 2176 20.
427 2150 465 2175 At
476 2151 522 2176 Fr.
534 2150 690 2176 Hotomano
703 2149 762 2176 libri
775 2158 800 2175 v.
820 2149 952 2176 observat.
973 2158 1027 2184 cap.
1039 2156 1085 2182 24.

124 2186 319 2219 emendandum
334 2185 439 2212 videtur
451 2195 456 2211 :
478 2193 505 2211 ut
523 2187 616 2219 cursum
634 2188 687 2220 equi
700 2195 742 2220 que
752 2194 853 2211 utamur
864 2204 872 2218 ‚
892 2185 960 2219 aquis
969 2185 1068 2211 tentatis
1079 2195 1087 2211 .-

119 2223 157 2256 fic
167 2225 269 2257 ineptum
285 2223 448 2248 benevolentiis
455 2224 481 2247 in
491 2224 602 2247 Ληιίεἱτὶα
614 2241 621 2252 ,
638 2222 779 2254 periclitari:
791 2240 799 2253 ‚
820 2221 870 2251 dyc.
892 2221 1002 2255 vultque
1014 2220 1085 2246 fimi·

98 2254 103 2258 ’
123 2258 266 2286 litudinem
286 2258 415 2294 sumptam
435 2257 467 2284 ab
486 2257 659 2292 agitatoribus
673 2276 681 2288 ‚
700 2258 744 2293 qui
759 2260 799 2287 (ut
813 2257 955 2292 aliquoties
968 2255 1044 2289 vidit)
1058 2257 1084 2282 in

122 2300 248 2321 extremo
257 2294 392 2322 curriculo
405 2313 412 2325 ‚
432 2293 500 2320 ubic
523 2303 568 2319 uos
578 2293 609 2319 ad
621 2293 723 2318 cursum
735 2293 848 2319 incitant
859 2312 867 2324 ,
890 2291 1019 2319 defossum
1040 2292 1086 2318 ha-

123 2329 187 2358 bent
198 2331 283 2357 lacum
296 2340 305 2362 ;
325 2338 355 2357 ut
365 2330 381 2357 si
393 2329 470 2356 freno
479 2303 603 2356 suitinere
614 2329 743 2355 currentis
754 2330 813 2363 eqni
825 2329 953 2364 impetum
965 2338 1015 2355 non
1027 2327 1087 2364 pos-

122 2365 173 2393 {int
184 2376 192 2398 ;
204 2375 291 2394 tamen
303 2376 385 2402 equus
396 2366 421 2392 se
431 2364 474 2391 sua
485 2364 576 2401 sponte
587 2365 696 2392 tentatis
707 2365 732 2391 in
744 2373 778 2390 eo
788 2364 843 2390 lacu
854 2365 941 2400 aquis,
953 2366 980 2391 &
992 2373 1083 2391 earum

120 2401 292 2430 altitudinem
305 2401 453 2429 formidans
466 2420 474 2433 ‚
495 2401 572 2428 sistat.
595 2401 757 2427 Gulielmius
767 2399 799 2427 ad
810 2401 879 2426 hunc
890 2401 976 2427 locum
989 2400 1026 2427 ita
1035 2410 1084 2426 an-

121 2446 228 2465 notarat
239 2450 244 2465 :
266 2437 408 2475 legendum
420 2437 531 2464 omnino
543 2456 550 2468 ,
569 2437 706 2472 quaficquir
715 2437 849 2470 temperatis
860 2456 868 2468 ,
889 2436 1038 2463 volentibus
1050 2436 1085 2462 li-

121 2473 188 2506 bris;
202 2482 232 2503 ut
241 2476 267 2501 8<
279 2474 369 2511 paullo
380 2481 442 2500 ante
453 2482 560 2498 currum.
580 2480 610 2499 ut
620 2472 833 2533 aurigaQinquit,
843 2472 998 2508 tempestive
1009 2472 1085 2513 equis

121 2517 254 2546 temperat
266 2530 273 2542 ,
293 2519 326 2537 ne
344 2510 466 2536 ferantur
479 2508 573 2538 effufi5
593 2509 631 2535 ita
641 2509 667 2534 S<
679 2518 726 2535 nos
736 2517 764 2534 ar
784 2508 823 2534 ori
834 2509 920 2544 primo
930 2509 955 2535 in
967 2508 1084 2536 amicitia

119 2546 339 2582 temperabimus,
349 2545 436 2572 donec
444 2544 587 2580 periclitati
599 2544 676 2571 fimus
686 2544 762 2571 amici
773 2553 871 2571 mores.
885 2555 937 2572 non
949 2544 1081 2582 improbo.

160 2591 184 2608 1.
205 2586 244 2609 Ex
253 2583 373 2615 altero-ius·
381 2580 515 2614 amicitiae.]
527 2579 645 2616 Qidmn
658 2580 703 2606 scri
725 2581 744 2606 ti
757 2599 765 2611 ,
776 2580 912 2616 editioque
925 2587 999 2607 vetus
1011 2599 1019 2613 ,
1029 2581 1080 2608 vis.

121 2617 193 2654 quod
205 2617 315 2653 probare
325 2617 432 2644 videtur
442 2615 469 2642 id
481 2615 552 2652 quod
562 2616 652 2652 paullo
662 2590 863 2652 posfsequitur:
886 2621 950 2647 Nam
959 2626 1009 2643 cum
1018 2620 1082 2644 ami-

119 2656 184 2680 citiae
192 2656 232 2680 via·
237 2656 271 2688 fi!
280 2657 306 2679 1¹71
315 2663 349 2685 eo,
361 2661 389 2679 ut
398 2662 461 2678 unus
469 2653 537 2686 quasi
545 2654 694 2687 animuefiat
703 2653 714 2678 ὲ
723 2654 843 2685 pluribus.
861 2653 963 2679 Guliel.

158 2699 187 2716 2.
206 2691 403 2724 obscuratumiri
413 2690 440 2722 fi
450 2689 633 2722 arbitrantur]
654 2688 697 2714 Est
708 2692 723 2714 a
734 2687 808 2714 libris
819 2688 958 2715 Gulielmii
972 2709 980 2721 ,
997 2698 1081 2725 neque

120 2725 200 2753 aliter
209 2725 356 2763 publicarat
368 2725 492 2759 Langius.
515 2724 639 2759 primitus
648 2723 713 2750 editi
727 2743 735 2755 ,
755 2725 891 2758 excrafiztum
906 2728 940 2751 iri
956 2726 1012 2751 arb.
1033 2725 1081 2751 Vi-

120 2761 225 2790 &orius
237 2763 374 2795 excusatum
383 2762 447 2794 iris&
456 2761 545 2785 arbitr.
567 2759 702 2786 Palatinus
712 2769 752 2796 pr.
764 2761 791 2787 &
802 2767 867 2787 tei-t.
877 2768 980 2787 tantuin
992 2760 1080 2793 habet,

119 2800 230 2833 excusari
249 2800 338 2824 arbitr.
359 2804 467 2833 quartus
478 2795 580 2822 accedit
589 2804 698 2822 avorum
709 2805 767 2823 aevo
778 2797 907 2834 yulgatis.
927 2797 1004 2823 habet
1016 2799 1079 2824 vei-o

118 2833 171 2860 sec.
179 2836 300 2869 obfturari
308 2836 466 2860 arbitramur
478 2852 484 2860 .
507 2832 532 2858 in
544 2841 628 2868 eoque
637 2839 763 2868 praeterea
772 2851 780 2864 ‚
801 2834 917 2859 Imbecilla
927 2835 962 2859 cf?
970 2836 1030 2858 enim
1039 2835 1080 2859 ho-

119 2872 209 2896 nu'num
218 2878 320 2896 natura.
340 2870 447 2906 quintus
459 2867 568 2894 exhibet
578 2869 679 2902 osctelari
690 2870 744 2894 arb.
754 2868 823 2895 sext.
833 2869 981 2902 obscuratum
989 2871 1022 2894 Iri
1034 2878 1080 2895 ar-

119 2906 256 2932 birranmr.
275 2905 348 2932 aliud
360 2904 422 2941 quid
435 2905 499 2931 latet
509 2903 670 2930 abstrussoris
682 2904 764 2931 vocis.
792 2913 850 2931 nam
862 2914 913 2931 non
926 2903 978 2931 fuit
990 2923 998 2936 ‚
1016 2905 1079 2938 obse—

117 2943 225 2968 enudari
233 2943 387 2968 arbitramur
399 2961 407 2974 ‚
418 2939 488 2977 quod
501 2940 622 2966 veniebat
633 2940 696 2967 mihi
707 2940 753 2966 sub
762 2948 869 2967 acumen
881 2940 952 2976 styli.

159 2985 186 3013 3.
206 2980 250 3004 Ubi
258 2980 317 3004 enim
326 2980 394 3012 istum
402 2980 515 3004 inveniar
526 2976 559 3011 ?]
580 2976 626 3003 Pal
637 2976 687 3003 sec.
698 2986 749 3004 non
761 2976 838 3003 habet
846 2978 914 3009 rssum
925 2995 934 3009 ,
951 2985 1037 3013 neque
1046 2986 1078 3003 eo

121 3020 180 3040 erat
189 3023 266 3049 opus.

153 3057 184 3082 4.
201 3049 439 3083 severitas‚habet.]
462 3048 571 3081 vulgati
582 3048 695 3086 :implius
707 3049 838 3083 ,se-veritas
846 3049 917 3083 abfit.
934 3049 1014 3076 babet.
1033 3047 1077 3075 sed

117 3083 158 3112 ita
168 3086 241 3121 pauci
253 3086 310 3112 mss‘.
320 3085 470 3121 abjecitque
481 3084 628 3111 Vizstorius.

154 3130 181 3158 5.
190 3122 232 3149 Ad
238 3131 324 3150 omnem
335 3120 492 3158 comitatem]
511 3120 569 3150 Pal.
581 3127 635 3150 tres
645 3123 842 3150 emmunitatem.
854 3121 942 3158 quint.
952 3127 1080 3158 praeterea

1154 92 1744 137 bz-'Amxcr'rtti-
1978 106 2096 154 1273

1147 178 1202 208 que
1212 169 1386 208 proclivior.
1409 168 1530 201 Exfistit
1546 178 1647 201 autem
1666 172 1724 202 hoc
1742 170 1965 218 locopquaedam
1974 171 2103 213 quaestio
2127 184 2174 221 [9Χ

1145 211 1162 240 s
1159 221 1175 240 u
1180 209 1333 241 bdifficilis
1344 223 1350 241 2
1362 212 1541 254 numquando
1549 213 1714 243 amicimus·
1723 233 1731 247 ‚
1743 213 1823 254 dignu
1832 214 1968 245 amit-ina
1979 235 1989 248 ,
1999 215 2104 244 veteri-

1144 250 1257 292 busfint
1277 255 1455 295 anteponendi
1470 274 1479 287 ‚
1501 263 1533 283 ut
1551 256 1635 295 equis
1653 255 1762 285 vetulis
1783 264 1900 286 teneros
1921 265 2104 296 anteponere

1146 293 1287 324 solemus.
1311 296 1440 336 Indigna
1457 297 1584 326 homine
1602 295 1761 327 dubitatio.
1784 307 1848 328 non
1858 299 1943 328 enim
1953 299 2103 329 amicitia-

1146 344 1213 364 rum
1224 334 1281 365 ess'e
1291 335 1412 370 debent,
1425 336 1628 368 ficutaliarum
1638 348 1751 372 rerum,
1764 339 1915 370 satietates.
1937 341 2105 371 veterrima

1146 386 1272 417 quaeque
1282 377 1326 416 (ut
1345 388 1377 408 ea
1394 381 1485 412 vina,
1503 389 1570 420 quae
1589 380 1763 411 vetustatem
1784 380 1894 420 ferunt)
1913 379 1972 412 esse
1991 381 2103 413 debent

1148 417 1315 449 suaviffima
1328 430 1334 448 :
1351 430 1519 461 verumque
1530 421 1605 451 illud
1615 421 1658 452 est
1669 441 1677 455 ,
1699 421 1781 463 quod
1790 422 1902 454 dicitur
1911 443 1919 457 ,
1931 423 2034 453 multon
2043 432 2106 455 mn

1146 459 1376 501 ds'ossatisfimul
1384 462 1491 491 edendus
1501 462 1562 499 effi,
1574 472 1606 493 ut
1615 465 1756 494 amicitiae
1768 473 1881 494 munus
1891 466 2047 505 expletum
2058 464 2101 495 fit.

1147 510 1295 532 novitates
1304 512 1402 533 autem
1416 524 1426 538 ,
1445 503 1464 533 si
1478 504 1558 543 spem
1568 503 1713 539 afferunt,
1733 515 1766 536 ut
1775 525 1785 539 ‚
1796 515 1948 547 tamquam
1960 509 1990 536 in
2001 506 2102 537 herbis

1145 552 1210 573 non
1231 542 1384 574 fallacibus
1396 565 1405 579 ,
1426 544 1542 576 fruaus
1558 556 1712 586 appareat,
1730 557 1795 577 non
1815 548 1883 578 sunt
1898 548 1958 578 illae
1975 549 2099 589 quidem

1146 584 1335 624 repudianda:
1349 597 1354 615 z
1375 586 1496 622 vetusta
1505 589 1656 628 tamensim
1666 587 1721 619 loco
1733 589 1916 629 conservamia
1925 589 1977 619 eff.
2002 600 2102 620 maxi—

1146 635 1196 656 ma
1205 625 1248 656 est
1255 629 1339 657 enirn
1351 630 1396 658 vis
1407 628 1566 662 vetustatis,
1581 630 1613 659 &
1622 632 1861 666 consuetudini53
1871 629 1886 651 ⁶
1896 634 2019 672 atquiiu
2036 633 2099 671 ipso

1147 677 1225 708 equo
1236 687 1245 702 ‚
1264 669 1350 708 cujus
1361 669 1455 700 modo
1465 680 1658 702 mentionem
1668 672 1726 702 feci
1735 692 1744 706 ‚
1765 671 1784 702 fi
1794 674 1877 703 nulla
1888 683 1931 703 res
1942 673 2098 712 impediat,

1146 709 1310 744 nemoest,
1330 713 1382 751 qui
1403 721 1467 742 non
1478 721 1532 745 eo,
1557 722 1618 752 quo
1637 714 1812 748 consuevit,
1831 713 1974 745 libentius
1989 724 2097 748 utatur.

1144 751 1233 791 quam
1245 751 1402 782 imraEtato
1412 772 1421 787 ‚
1445 753 1478 784 &
1497 763 1599 783 novo:
1621 765 1677 784 nec
1697 755 1792 786 modo
1810 758 1842 786 in
1862 758 1920 787 hoc
1929 777 1938 790 .
1963 757 2045 797 quod
2056 757 2099 787 est

1144 793 1278 827 animal,
1295 793 1385 824 sedin
1398 796 1433 824 iis
1443 797 1532 825 etiam
1545 815 1553 828 ,
1566 805 1632 835 quae
1645 796 1710 826 sunt
1719 799 1882 828 inanimata
1893 818 1902 832 ‚
1913 799 2099 828 consuetudo

1144 835 1239 864 valet:
1261 835 1332 866 cum
1350 836 1603 876 locisetiamipiis
1626 837 1792 869 montuosis
1802 839 1988 870 deifflemur
2009 839 2102 870 &fil—

1145 875 1290 906 vestribus
1302 896 1309 910 ‚
1331 878 1364 907 in
1384 878 1494 918 quibus
1515 877 1629 909 diutius
1638 883 1821 911 commorati
1831 882 1944 911 sumus.
1968 881 2024 912 Sed
2035 892 2100 912 ma*

1143 920 1264 948 ximum
1277 918 1319 948 est
1328 921 1361 948 in
1371 922 1502 950 amicitia
1511 940 1518 953 ‚
1526 920 1694 962 ficperiorem
1702 932 1802 962 parem
1813 921 1873 952 effe
1883 922 2029 954 inferiori.
2047 924 2100 954 sa:-

1142 969 1178 999 pe
1189 961 1272 990 enim
1285 961 1472 991 excellentia:
1481 964 1616 1002 quaedam
1628 963 1697 993 sunt
1707 974 1724 1001 :X
1733 964 1830 1006 qualis
1839 974 1898 995 erat
1906 966 2057 1004 Scipionis
2066 968 2100 996 in

1143 1000 1259 1035 nostro,
1272 1011 1303 1032 ut
1316 1002 1460 1033 itadicam
1470 1014 1564 1045 grege.
1590 1007 1673 1034 Num
1682 1015 1771 1046 quam
1782 1007 1872 1036 seille
1884 1008 1970 1037 Philo
1983 1026 1992 1040 ‚
2005 1017 2102 1037 num-

1141 1053 1231 1083 quam
1243 1044 1370 1084 Rupilio
1381 1064 1390 1077 ‚
1403 1054 1570 1085 numquam
1580 1047 1667 1076 Mum
1674 1049 1738 1077 mio
1746 1049 1922 1088 anteposuit.
1933 1058 2099 1089 numquam

1142 1084 1295 1115 inferioris
1304 1086 1421 1116 ordinis
1432 1089 1546 1117 amicis.
1556 1090 1595 1124 Q.
1606 1087 1678 1118 vero
1690 1091 1864 1120 Maximum
1874 1091 2008 1123 fratrem,
2018 1100 2103 1131 egre—

1141 1137 1226 1168 gium
1251 1129 1352 1158 virum
1364 1148 1372 1162 ‚
1395 1131 1528 1158 omnino
1547 1128 1600 1158 sibi
1621 1140 1810 1171 nequaquam
1830 1141 1932 1170 parem
1943 1151 1951 1165 ,
1973 1134 2056 1172 quod
2075 1134 2101 1162 is

1141 1168 1270 1200 anteibat
1280 1179 1363 1199 aetate
1373 1189 1382 1203 ‚
1399 1178 1552 1211 tamquam
1562 1171 1743 1210 superiorem
1754 1174 1880 1207 colebat,
1893 1173 2018 1213 suosque
2030 1183 2102 1203 om÷

1143 1211 1208 1240 ncis
1223 1230 1231 1243 ‚
1250 1215 1324 1250 7per
1343 1212 1370 1241 se
1389 1211 1471 1251 poss'e
1491 1211 1547 1242 effe
1561 1213 1722 1252 ampliores
1732 1214 1863 1245 volebat.
1886 1216 1976 1256 Qiod
1986 1215 2099 1245 facien-

1141 1252 1214 1282 dum
1226 1272 1235 1285 ,
1255 1252 1499 1295 imitandumque
1520 1253 1562 1284 est
1570 1256 1717 1285 omnibus
1731 1267 1736 1283 :
1757 1265 1805 1288 ut,
1829 1255 1949 1297 siquam
1961 1256 2101 1296 praestan.-

1141 1295 1211 1324 tiam
1223 1296 1341 1324 virtutis
1353 1314 1362 1327 ‚
1373 1297 1499 1336 ingenii¹
1512 1295 1640 1326 fortuna:
1648 1298 1801 1328 consecuti
1812 1298 1890 1331 sunt,
1901 1294 1915 1317 8
1928 1301 1968 1328 im
1974 1308 2101 1338 pertram:

1140 1346 1174 1366 ea
1186 1336 1244 1366 suis
1257 1356 1265 1370 ‚
1278 1339 1566 1378 communicentque
1574 1341 1740 1376 proximis:
1761 1349 1794 1370 ut
1803 1359 1812 1373 ‚
1828 1338 1848 1369 sl
1857 1341 2026 1379 parentibus
2037 1349 2101 1370 nati

1139 1376 1196 1408 sint
1221 1378 1388 1408 humilibus
1398 1398 1406 1412 ‚
1428 1377 1448 1408 si
1465 1380 1651 1419 propinquos
1671 1381 1798 1411 habeant
1818 1382 2034 1412 imbecilliores
2052 1381 2101 1412 vel

1140 1422 1264 1453 animo,
1283 1420 1329 1450 vel
1348 1419 1487 1455 fortuna,
1508 1430 1615 1450 eorum
1633 1431 1757 1462 augeant
1767 1432 1858 1462 opes,
1877 1424 1977 1463 eisque
1988 1424 2099 1453 honori

1141 1460 1196 1491 fint
1205 1481 1214 1495 ‚
1234 1462 1267 1491 δι’
1276 1461 1432 1503 dignitati:
1451 1472 1484 1492 ut
1496 1464 1528 1492 in
1537 1462 1646 1493 fabulis
1659 1483 1669 1497 ,
1678 1466 1730 1504 qui
1739 1463 1912 1504 aliquandiu
1924 1474 2044 1504 propter
2054 1468 2100 1505 ig-

1141 1505 1332 1533 norationem
1343 1502 1440 1542 stirpis
1450 1523 1459 1536 ,
1481 1504 1513 1534 δε
1523 1507 1640 1544 generis
1649 1507 1682 1535 in
1691 1504 1838 1535 famulatu
1848 1505 1963 1535 fuerint
1973 1526 1981 1539 ,
2001 1509 2017 1532 9
2026 1506 2097 1536 cum

1138 1546 1254 1584 cogniti
1271 1545 1339 1574 sunt
1349 1564 1357 1577 ‚
1380 1545 1415 1573 &2
1430 1554 1480 1575 aut
1500 1545 1627 1575 deorum
1647 1565 1656 1578 ‚
1684 1555 1734 1575 aut
1756 1556 1861 1586 regum
1883 1544 1940 1576 filii
1957 1549 2076 1576 inventi
2090 1567 2099 1580 ,

1140 1593 1269 1615 retinent
1278 1594 1378 1615 tamen
1389 1587 1539 1616 caritatem
1550 1587 1582 1615 in
1595 1586 1738 1627 pastores,
1751 1589 1781 1606 ¹0
1790 1597 1865 1627 quos
1880 1596 1974 1627 patres
1984 1589 2099 1618 multos

1140 1636 1237 1657 annos
1253 1625 1311 1657 effe
1330 1627 1497 1657 duxerunt.
1528 1628 1619 1669 Qod
1636 1628 1761 1669 quidem
1782 1628 1825 1659 est
1844 1629 1943 1659 multo
1961 1629 2101 1669 profefih‘)

1141 1670 1235 1710 magis
1254 1670 1288 1698 in
1310 1670 1389 1698 veris
1406 1668 1536 1709 patribus
1549 1689 1557 1702 ,
1580 1670 1724 1711 certisque
1740 1669 1924 1700 faciendum.
1946 1680 2100 1702 rauca-us

1144 1713 1228 1740 enim
1249 1712 1363 1750 ingenii
1378 1730 1388 1744 ,
1417 1710 1450 1740 &
1465 1713 1585 1742 virtutis
1597 1732 1608 1745 ,
1632 1711 1792 1752 omnisque
1810 1711 1984 1752 praestantiae
1997 1733 2005 1746 .
2035 1722 2101 1743 tum

1141 1753 1295 1781 maximus
1304 1752 1419 1792 capitur
1430 1771 1439 1786 ‚
1460 1751 1531 1782 cum
1546 1754 1578 1783 in
1586 1755 1762 1793 proximum
1773 1763 1925 1794 quemque
1935 1753 2099 1785 confertur.

1140 1794 1285 1834 Utigitur
1306 1794 1347 1826 ii,
1366 1797 1417 1833 qui
1437 1793 1506 1823 sunt
1527 1795 1560 1825 in
1569 1797 1729 1828 amicitiar,
1748 1795 2034 1836 conjunEtionisque
2044 1796 2161 1836 ne-'20

1137 1832 1313 1864 ceffitudine
1333 1834 1520 1874 superiores,
1544 1846 1697 1877 exaequare
1714 1836 1743 1866 se
1758 1846 1830 1867 cum
1841 1836 2036 1867 inferioribus
2046 1838 2100 1869 de-

1137 1875 1210 1906 bent
1225 1885 1230 1904 :
1251 1874 1289 1906 fic
1306 1875 1467 1907 inferiores
1481 1886 1544 1908 non
1555 1877 1656 1908 dolere
1667 1897 1676 1911 ‚
1688 1877 1810 1908 seasuis
1819 1888 1868 1908 aut
1878 1881 2002 1920 ingenio
2017 1899 2026 1914 ,
2045 1889 2095 1911 aut

1136 1916 1260 1948 fortuna
1273 1937 1282 1951 ‚
1302 1927 1353 1948 aut
1361 1918 1504 1959 dignitate
1514 1920 1651 1960 superari.
1673 1929 1807 1960 quorum
1816 1921 1951 1961 plerique
1962 1930 2013 1951 aut
2022 1931 2098 1962 que-

1134 1968 1242 1989 runtur
1255 1960 1370 1999 semper
1385 1961 1498 2001 aliquid
1511 1981 1519 1995 ,
1540 1970 1589 1991 aut
1598 1963 1690 1991 etiam
1700 1961 1899 2001 exprobrant:
1921 1972 2018 2003 eoque
2030 1973 2098 1994 ma-

1136 2002 1201 2042 gis,
1214 2004 1240 2021 ¹¹
1261 1999 1283 2031 fi
1295 2001 1401 2032 habere
1421 2004 1450 2033 se
1464 2012 1589 2043 putant,
1610 2003 1691 2044 quod
1706 2002 1841 2034 officiose
1852 2023 1862 2038 ,
1878 2004 2016 2035 &amice
2033 2024 2042 2039 ,
2063 2005 2097 2036 δε

2020 2056 2093 2078 cum

1129 2113 1339 2150 legit,libera1'ior
1347 2115 1377 2146 &v
1387 2115 1476 2141 dulcior
1483 2117 1519 2142 ad
1525 2124 1611 2141 omnem
1621 2116 1802 2141 commoditatun
1808 2116 2002 2150 facilitatemque
2013 2134 2022 2147 ,
2040 2114 2093 2144 sine

1130 2153 1338 2184 voceproclivior.
1359 2159 1417 2186 quae
1429 2158 1516 2178 tamen
1531 2151 1616 2178 exstat
1626 2151 1652 2177 in
1666 2150 1751 2182 sexto,
1765 2158 1860 2186 praetei·
1870 2159 1972 2177 ceteras
1984 2160 2074 2178 voces.

1166 2187 1193 2212 6.
1213 2187 1392 2221 tAtcguia'nipſs
1402 2188 1481 2222 cilum]
1502 2188 1543 2214 Ita
1554 2186 1636 2213 solum
1648 2187 1702 2213 duo
1714 2190 1727 2212 e
1738 2187 1782 2213 sex
1795 2186 1935 2214 Palatinis.
1954 2187 2035 2213 ceteri
2049 2194 2094 2217 ;i.·t

1126 2222 1207 2255 inipsb
1216 2231 1270 2256 equo
1282 2241 1290 2253 ‚
1301 2222 1371 2255 quod
1383 2223 1483 2249 malim.
1505 2223 1656 2259 reperitque
1666 2223 1692 2249 in
1705 2223 1747 2249 sex
1761 2222 1818 2248 mss‘.
1829 2221 1879 2249 suis
1891 2221 1977 2249 Aldus
1988 2224 2093 2259 Nepos.

1165 2265 1193 2292 7.
1210 2262 1260 2283 ‘Per
1271 2259 1298 2291 se
1313 2259 1371 2291 poffe
1381 2260 1420 2292 effe
1432 2261 1554 2291 ampliore,-
1563 2260 1684 2293 κνήμη]
1706 2260 1749 2284 Sic
1761 2258 1818 2285 mss'.
1828 2259 1908 2285 nostri
1922 2277 1931 2290 ‚
1951 2268 2009 2285 nain
2020 2260 2094 2286 anti-

1127 2294 1217 2327 quitus
1229 2293 1342 2329 impreffi
1355 2313 1363 2326 ,
1383 2295 1425 2327 tffe
1441 2296 1508 2328 pqffe.
1530 2294 1665 2321 ViCtorius
1676 2294 1766 2321 omilin
1779 2294 1845 2321 illud
1853 2295 1924 2328 paffe.
1944 2296 2092 2322 Camerai‘ii.

1126 2327 1211 2356 editio
1223 2327 1266 2355 stx
1278 2329 1337 2356 istas
1348 2338 1425 2356 voces
1436 2330 1534 2357 omisit.
1547 2330 1709 2357 Gulielmius
1719 2337 1830 2357 annotat
1842 2349 1849 2362 ‚
1860 2331 1886 2356 in
1898 2331 2092 2367 Mauric.legi,

1122 2366 1212 2399 praese.
1233 2365 1303 2392 forte
1315 2365 1380 2392 bene
1393 2384 1401 2397 ‚
1421 2373 1450 2393 ut
1460 2367 1531 2393 dicat
1542 2367 1690 2402 Scipionem
1704 2366 1812 2393 voluisse
1823 2365 1882 2392 suos
1892 2366 1934 2392 vel
1946 2367 2089 2402 ampliores

1126 2399 1151 2426 fe
1161 2401 1222 2428 esse.
1243 2401 1280 2428 ita
1290 2401 1353 2428 alibi
1362 2410 1408 2435 με
1417 2403 1480 2428 nobis
1490 2404 1582 2429 beatus.
1603 2402 1673 2430 idem
1685 2402 1749 2430 alibi
1759 2401 1892 2438 adscripsit
1902 2411 1954 2428 01·ae
1968 2422 1976 2434 ,
1996 2403 2087 2439 legere

1125 2435 1150 2463 sc
1161 2439 1175 2463 ὲ
1187 2437 1302 2472 vestigiis
1314 2438 1443 2464 librorum
1456 2457 1464 2470 ‚
1471 2439 1548 2472 paese
1554 2440 1612 2472 poffe
1623 2458 1630 2471 ,
1643 2440 1728 2473 effi-quc
1742 2441 1876 2471 ampliores.

1161 2472 1189 2499 8.
1209 2476 1350 2507 Impertiam
1361 2483 1388 2500 ca
1400 2475 1478 2508 sitin]
1501 2475 1589 2510 Vulgo
1599 2484 1652 2501 etim
1662 2494 1670 2507 ,
1681 2481 1773 2501 contrat
1783 2483 1874 2501 omncs
1886 2474 1968 2501 libi—os
1982 2493 1990 2507 ,
2001 2475 2090 2511 inquit

1127 2508 1301 2536 Gulielmius.
1321 2511 1349 2536 &
1360 2511 1424 2536 vero
1436 2509 1537 2537 iditem
1551 2518 1627 2537 extat
1637 2511 1664 2537 in
1674 2509 1777 2537 duobus
1790 2510 1846 2537 Pal.
1857 2509 1900 2537 sed
1917 2509 1998 2538 iidem
2018 2509 2102 2547 prta-¹

1124 2551 1197 2572 terea
1207 2545 1333 2582 scriptum
1346 2546 1443 2573 habent
1455 2565 1463 2579 ‚
1477 2549 1656 2579 impertiamur.

1158 2589 1185 2616 9.
1205 2582 1263 2608 Cim
1273 2585 1356 2615 cogniti
1357 2583 1445 2617 fiam]
1466 2583 1524 2609 Pal.
1535 2589 1650 2617 quatum·
1662 2602 1669 2614 ‚
1681 2584 1742 2615 sint.
1762 2583 1852 2618 itaque
1869 2581 1931 2609 ciim
1943 2581 2086 2610 ν’ἱίὶοτίηο

1121 2617 1207 2644 codici
1225 2617 1290 2645 abfit
1302 2638 1310 2650 ,
1330 2619 1401 2650 ciam5
1422 2617 1544 2655 suspicari
1555 2619 1612 2654 quis
1623 2618 1701 2655 possit
1712 2638 1720 2651 ‚
1742 2618 1824 2645 solum
1844 2622 1928 2652 cogniti
1939 2638 1946 2651 ,
1966 2619 2084 2647 auctoris

1123 2652 1174 2680 esse
1189 2653 1352 2689 legitimum.
1818 2670 1821 2672 >

1160 2698 1202 2715 ιο.
1221 2691 1284 2722 Qns
1300 2697 1384 2723 patres
1403 2692 1488 2716 multos
1505 2700 1580 2717 annos
1593 2691 1634 2724 effe
1644 2690 1792 2725 duxerunt]
1813 2691 1874 2717 Duo
1884 2690 1946 2717 libri
1956 2692 2083 2724 dixerunt,

1121 2725 1192 2758 quod
1204 2727 1291 2753 verius
1302 2727 1338 2753 est
1350 2746 1358 2758 ,
1374 2726 1391 2752 si
1402 2727 1510 2754 omittas
1520 2726 1586 2753 istud
1597 2728 1639 2760 efflr
1651 2746 1658 2758 ,
1670 2727 1769 2753 recenti
1781 2736 1857 2753 uranu
1869 2726 2002 2761 adjectum
2012 2729 2083 2754 Car-

1120 2760 1249 2788 thufiano.
1268 2763 1310 2789 Ita
1319 2762 1466 2799 loquuntur
1477 2782 1485 2795 ,
1499 2764 1561 2789 cum
1573 2770 1666 2789 contra
1676 2770 1755 2799 atquc
1766 2763 1801 2789 est
1813 2782 1821 2795 ,
1842 2771 1898 2789 rem
1908 2763 2082 2790 arbitrantur.

1120 2797 1263 2824 Terentius
1275 2799 1399 2825 Heauton
1413 2810 1418 2826 :
1437 2801 1464 2824 Si
1481 2800 1570 2825 nullum
1588 2808 1692 2833 unquam
1706 2806 1797 2832 tempus
1807 2801 1860 2832 suit
1869 2807 1948 2825 mater
1959 2819 1966 2832 ,
1986 2800 2038 2826 cnm
2048 2809 2084 2833 ego

1118 2835 1241 2866 voluptati
1261 2835 1306 2860 tibi
1316 2836 1407 2868 fuerim
1426 2835 1502 2860 dmm
1514 2837 1585 2869 filim
1595 2842 1652 2860 tum
1663 2854 1672 2867 ,
1690 2836 1742 2866 &a
1763 2835 1843 2870 Apud
1853 2834 1966 2862 cundem
1978 2836 2059 2862 Thais
2070 2845 2078 2863 :

1118 2872 1227 2896 Primum
1235 2870 1364 2904 quodsbror
1373 2873 1408 2896 ef!
1416 2872 1490 2896 Ama.
1502 2871 1596 2897 Livius
1609 2870 1654 2896 lib.
1661 2879 1697 2897 111
1706 2890 1712 2897 .
1722 2871 1924 2904 urfifalsbpater
1932 2872 2081 2906 dissusfim,

1117 2908 1215 2938 equiore
1231 2909 1308 2932 animo
1325 2908 1380 2932 hinc
1399 2908 1523 2940 diftedam.
1543 2907 1581 2933 ita
1591 2906 1774 2937 Gulielmius3
1795 2907 1897 2934 acutius
1911 2906 1983 2934 forte
1997 2909 2079 2942 quiin]

1118 2941 1206 2968 verius
1219 2960 1229 2974 ‚
1242 2942 1363 2978 quamvis
1374 2943 1401 2968 St
1412 2951 1442 2968 ea
1452 2942 1533 2969 leffio
1544 2943 1570 2969 in
1581 2952 1635 2969 uno
1645 2942 1838 2970 Palatinomm.
1858 2952 1918 2971 nam
1929 2945 1957 2970 &
1968 2943 2014 2970 alii
2024 2943 2080 2970 duo

1118 2977 1243 3009 dIffimnr.
1262 2977 1352 3004 sextus
1367 2979 1431 3004 vero
1445 2997 1452 3009 ,
1464 2987 1500 3004 ore
1510 2980 1633 3004 fixerunt.

1158 3021 1167 3038 r
1176 3021 1198 3040 r.
1217 3015 1244 3039 Si
1253 3015 1337 3039 habere
1348 3014 1370 3045 [ὃ
1380 3021 1466 3046 putant
1478 3033 1486 3045 ‚
1505 3016 1565 3048 quod
1573 3014 1664 3048 ffciosh
1672 3014 1702 3045 ὸ·
1710 3015 1799 3047 amice,
1820 3015 1888 3049 ἀι]
1908 3015 1952 3041 Sic
1962 3015 2078 3042 Palatini

1118 3047 1177 3075 fer'e
1189 3069 1197 3081 ,
1217 3049 1264 3076 nisi
1283 3050 1353 3085 qnod
1368 3049 1417 3076 sec.
1428 3051 1519 3083 ffrt'osb
1529 3053 1613 3077 amico.
1632 3057 1720 3086 quart.
1730 3051 1821 3084 offici05t³
1830 3054 1856 3077 in
1866 3054 1938 3077 amico
1950 3071 1956 3083 ,
1975 3052 2026 3082 <Is-c.
2047 3058 2078 3078 ut

1117 3084 1229 3121 suspicer
1238 3085 1305 3112 illud
1315 3087 1344 3117 &
1353 3087 1425 3112 amice
1433 3085 1596 3122 promanasse
1607 3088 1622 3113 a
1631 3085 1725 3122 glossa.
1737 3087 1838 3115 vetuste
1848 3087 1974 3125 publicati
1986 3088 2022 3121 ,fi
2030 3088 2080 3112 ali-

1116 3122 1178 3156 qnid
1184 3122 1269 3150 habere
1273 3123 1397 3158 separant
1408 3141 1417 3156 ‚
1427 3124 1490 3156 quod
1495 3123 1588 3156 qfflcios&
1597 3130 1640 3149 aut
1650 3123 1725 3151 aenu'u‘
1734 3141 1743 3157 ,
1752 3123 1805 3155 &c-

1428 3159 1620 3197 Yyyyyyy
1971 3159 2064 3186 LSnm
