2316 3395
182 1721 195 1745 1
209 1722 234 1754 4*
249 1719 387 1758 suspicari
407 1718 484 1748 licet.

216 153 308 203 ¹32
639 116 712 183 M
792 132 1148 182 Tunntx

214 218 305 249 dorus
315 215 386 248 effet
395 216 428 248 in
437 223 496 247 arte
506 215 642 247 subtilior
651 235 660 250 ‚
681 218 713 246 in
724 214 911 246 orationibus
920 223 1020 245 autem
1029 213 1173 253 jejunior,

217 261 368 291 orationes
377 269 447 289 eum
455 257 573 298 scribere
582 257 642 286 aliu
651 256 772 297 coepiss'e
783 277 791 290 ‚
814 265 907 287 artem
927 255 1100 287 removisse.
1132 257 1178 287 Si-

219 302 334 332 militer
343 301 501 331 Isocratem
512 297 611 339 primo
622 308 714 329 artem
726 298 848 329 dicendi
858 296 915 328 ess'e
926 297 1074 340 negaviss'e
1086 319 1094 331 ‚
1108 296 1179 329 scri-

219 343 289 374 bere
299 351 397 373 autem
409 342 475 372 aliis
487 342 608 371 solitum
619 342 768 371 orationes
779 360 786 374 ‚
818 340 927 381 quibus
938 342 971 370 in
979 340 1104 380 judiciis
1115 348 1179 370 ute-

219 394 322 416 rentur
332 405 340 417 ,
361 383 409 414 sed
421 404 429 417 ‚
449 382 521 413 cum
539 392 577 412 ex
588 391 624 412 co
636 382 715 422 (quia
724 380 801 423 quasi
812 384 1016 413 committeret
1025 391 1129 413 contra
1139 381 1181 411 le-

221 437 291 468 gem
302 446 311 460 ,
330 436 392 466 quo
400 424 590 466 quisjudicio
599 425 880 463 circumveniretur)
900 425 973 465 saepe
988 425 1048 464 ipse
1059 426 1091 454 in
1099 423 1182 464 judi-

224 470 306 499 cium
318 475 487 497 vocaretur:
509 467 656 495 orationes
666 466 733 495 aliis
742 464 882 496 destitisse
893 466 1030 500 scribere,
1044 470 1054 486 ¹
1068 474 1183 496 totum-

165 518 177 542 1
191 518 204 551 3
226 520 283 551 que
295 509 323 539 se
333 509 368 538 ad
378 510 462 538 arteis
473 507 700 547 componendas
710 507 898 538 transtulisse.
939 511 977 539 Et
987 509 1108 539 Graeciae
1117 508 1185 548 qui-

226 552 298 581 dem
309 559 460 580 oratorum
470 558 667 590 partus,atquc
676 548 789 579 fonteis
798 549 893 584 vides,
904 550 940 581 ad
949 550 1121 581 nostrorum
1133 558 1186 578 an-

227 593 344 623 nalium
356 593 514 624 rationem,
525 599 648 621 veteres:
660 591 695 621 ad
706 591 924 631 ipsorum,sane
934 594 1088 622 recenteis.
1104 593 1186 620 Nam

225 643 385 674 antequam
404 632 546 663 delee'tata
564 632 608 663 est
627 632 859 663 Atheniensium
868 635 972 665 civitas
983 636 1036 664 hac
1045 632 1130 664 laude
1142 631 1189 660 di-

227 675 334 708 cendi,
346 674 439 704 multa
448 675 510 711 jam
523 675 732 705 memorabilia
743 675 775 705 &
785 677 817 705 in
827 675 1000 706 domesticis
1011 696 1019 709 ,
1039 675 1072 705 ὃς
1083 676 1115 704 in
1125 672 1190 703 bel-

227 718 296 748 licis
306 716 392 746 rebus
404 715 550 747 effecerat.
584 719 652 747 Hoc
662 717 894 753 autemstudium
904 727 968 748 non
980 725 1039 747 erat
1046 724 1189 746 commu-

229 769 268 790 ne
279 760 399 788 Graeciae
413 778 422 791 ,
443 758 491 788 sed
501 761 656 798 proprium
666 760 860 790 Athenarum.
894 761 969 800 Qus
980 761 1064 789 enim
1075 767 1124 788 aut
1134 759 1191 801 Aij-

229 802 336 842 givum
347 808 506 834 oratorem,
517 809 567 830 aut
577 802 836 834 Corinthium‚aut
845 802 1029 831 Thebanum
1041 801 1092 830 scit
1103 797 1190 828 fuisse

227 841 417 882 temporibus
436 842 497 871 illis
509 845 519 870 ?
542 840 598 872 nisi
607 842 680 883 quid
691 842 727 872 de
738 842 948 882 Epaminonda
959 863 966 876 ‚
987 841 1079 872 doCto
1088 842 1193 871 homi-

230 893 270 914 ne
281 904 290 917 ,
311 884 449 923 suspicari
467 883 551 913 libet.
589 884 858 914 Lacedaemonium
876 883 948 913 veto
968 884 1060 924 usque
1078 882 1114 913 ad
1134 883 1192 912 hoc

230 934 349 965 tempus
359 925 460 955 audivi
471 924 559 955 fuiss'e
571 927 739 956 neminem.
764 926 938 955 Menelaum
951 926 1047 965 ipsum
1060 945 1069 959 ‚
1085 924 1194 953 dulcem

230 968 322 998 illum
332 967 456 1008 quidem
467 967 553 996 tradit
564 969 729 999 Homerus,
742 967 789 997 sed
800 977 890 1007 pauca
899 968 1061 997 dicentem.
1091 967 1195 996 Brevi-

233 1017 275 1040 tas
285 1018 397 1041 autem,
409 1009 472 1038 laus
484 1008 526 1038 est
537 1009 690 1038 interdum
701 1011 734 1038 in
743 1009 840 1049 aliqua
850 1018 927 1049 parte
938 1009 1069 1043 dicendi,
1082 1011 1113 1038 in
1125 1009 1194 1037 uni-

231 1051 314 1082 versa
324 1052 497 1091 eloquentia
511 1050 575 1080 laud
581 1061 629 1079 cm
649 1060 713 1079 non
732 1051 829 1081 habet.
862 1053 901 1081 At
920 1049 993 1081 vero
1011 1059 1093 1080 extra
1110 1052 1196 1080 Grae—

233 1095 311 1124 ciam
325 1101 430 1133 magna
439 1091 559 1121 dicendi
572 1091 666 1121 studia
675 1091 796 1122 fuerunt
807 1113 816 1126 ,
837 1095 1026 1134 maximique
1037 1093 1107 1122 huic
1117 1091 1196 1121 laudi

235 1134 329 1165 habiti
341 1133 596 1167 honores,illustre
607 1142 760 1163 oratorum
772 1145 889 1165 nomen
899 1134 1100 1165 reddiderunt.
1115 1136 1197 1163 Nam

235 1185 270 1206 ut
280 1176 372 1206 semel
383 1175 399 1207 ὲ
411 1178 539 1206 Peireaeo
549 1175 720 1216 eloquentia
728 1175 831 1206 evefihi
842 1176 894 1210 est,
906 1178 1026 1206 omneis
1035 1177 1198 1217 peragravit

238 1217 349 1248 insulas
359 1237 368 1251 ,
388 1226 475 1258 atque
494 1218 533 1247 ita
551 1219 732 1258 peregrinata
751 1226 812 1248 tota
826 1217 891 1248 Asia
900 1217 944 1248 est
954 1238 962 1252 ‚
982 1228 1014 1248 ut
1025 1219 1053 1248 se
1062 1218 1195 1248 externis

238 1259 388 1289 oblineret
400 1257 523 1288 moribus
535 1279 544 1292 ,
562 1262 576 1278 ²
588 1269 775 1300 omnemque
786 1261 869 1290 illam
881 1260 1080 1290 salubritatem
1091 1261 1197 1289 Atticae

239 1299 385 1332 di<ffionis
394 1299 474 1341 quasi
486 1300 640 1331 sanitatem
650 1302 785 1341 perderet
796 1322 804 1335 ,
826 1312 858 1331 ac
876 1302 961 1342 loqui
973 1302 1057 1341 paene
1067 1301 1201 1339 dedisce-

240 1350 295 1373 ret.
319 1344 403 1372 Hinc
421 1340 538 1372 Asiatici
556 1351 685 1372 oratores
703 1353 767 1373 nou
783 1343 1000 1373 contemnendi
1010 1343 1134 1384 quidem
1146 1352 1201 1372 nec

239 1384 398 1417 celeritate,
409 1393 465 1414 nec
474 1385 559 1423 copia
570 1405 579 1417 ,
595 1384 644 1414 sed
653 1383 758 1424 parum
769 1384 852 1425 pressi
865 1405 872 1419 ,
885 1385 918 1415 &
929 1387 1023 1415 nimis
1032 1384 1201 1414 redundan-

240 1434 294 1456 tes.
319 1425 436 1456 Rhodii
445 1426 625 1459 saniores,&
637 1428 805 1456 Atticorum
817 1425 986 1457 similiores.
1005 1426 1061 1457 Sed
1073 1426 1109 1456 de
1119 1428 1201 1456 Grae—

239 1469 283 1498 cis
293 1466 450 1498 haetenus.
473 1469 588 1497 etenim
600 1469 660 1498 haec
669 1468 729 1507 ipsa
737 1467 859 1498 forsitan
867 1467 981 1498 fuerint
990 1489 999 1502 ,
1018 1478 1083 1498 non
1101 1468 1202 1498 neces-

241 1509 323 1540 saria.
346 1512 429 1539 Tum
441 1511 556 1539 Brutus:
567 1509 625 1540 Ista
634 1508 707 1540 vero
719 1529 728 1543 ‚
739 1512 840 1551 inquit
852 1531 860 1543 ,
871 1510 961 1551 quarn
972 1509 1128 1541 neceffaria
1137 1508 1202 1539 fue-

242 1553 305 1581 rint
315 1571 324 1585 ‚
334 1561 398 1581 non
407 1550 494 1580 facile
504 1551 635 1582 dixerim
649 1562 654 1580 :
674 1553 804 1589 jucunda
811 1552 890 1582 certe
901 1553 978 1581 mihi
988 1551 1112 1581 fuerunt
1121 1572 1129 1585 ‚
1149 1561 1203 1581 ne-

243 1603 302 1633 que
313 1591 412 1622 solum
424 1602 489 1622 non
498 1593 587 1634 longa
597 1613 605 1627 ,
625 1593 674 1624 sed
693 1595 783 1624 etiam
802 1593 938 1624 breviora
948 1613 957 1627 ,
999 1593 1068 1624 uam
1077 1594 1188 1624 vellem
1196 1614 1202 1621 .

245 1634 382 1674 Optime,
395 1636 520 1675 inquam
531 1646 537 1664 2
558 1634 607 1665 sed
618 1637 775 1665 veniamus
785 1635 820 1665 ad
831 1635 949 1665 nostros
959 1656 969 1669 ,
977 1604 1016 1665 de
1025 1635 1134 1676 quibus
1143 1633 1204 1665 dif-

246 1675 326 1707 ficile
344 1675 387 1706 est
397 1677 464 1716 plus
473 1677 644 1716 intelligere
655 1697 664 1710 ,
687 1677 778 1718 quam
791 1686 936 1718 quantum
948 1687 986 1707 ex
996 1678 1206 1707 monumentis

527 1720 606 1760 Qis
625 1720 709 1749 enim
728 1728 810 1759 putet
827 1728 877 1749 aut
904 1719 1073 1748 celeritatem
1102 1718 1206 1759 ingenii

246 1762 281 1791 L.
294 1762 386 1790 Bruto
397 1760 444 1789 illi
456 1779 464 1792 ‚
483 1759 650 1790 nobilitatis
657 1759 760 1791 vestrae
770 1762 898 1800 principi
910 1781 919 1794 ‚
939 1759 1063 1791 defuiffe
1075 1764 1085 1790 ?
1107 1762 1157 1801 qui
1169 1760 1206 1790 de

247 1810 342 1832 matre
354 1800 512 1831 suavianda
520 1811 558 1831 ex
569 1802 691 1832 oraculo
701 1803 851 1842 Apollinis
861 1812 921 1832 tam
932 1801 1016 1833 acute
1026 1823 1035 1836 .
1049 1813 1078 1832 ar
1098 1812 1206 1843 uteque

246 1844 431 1883 conjecerit?
448 1845 500 1883 qui
508 1843 659 1874 summam
670 1844 861 1884 prudentiam
874 1842 1064 1874 fimulatione
1074 1813 1207 1874 {ultitiae

246 1887 374 1916 texerit?
392 1886 444 1926 qui
462 1883 701 1925 potentiffimum
721 1897 820 1926 regem
832 1906 840 1920 ,
860 1884 1011 1916 clariffimi
1022 1888 1096 1928 regis
1107 1885 1206 1916 filiurn

246 1927 403 1966 expulerit.
427 1928 638 1968 civitatemque
657 1937 800 1967 perpetuo
810 1928 968 1958 dominatu
978 1928 1132 1958 liberatam
1143 1938 1207 1958 ma-

247 1968 414 2010 gistratibus
425 1972 544 2000 annuis,
556 1969 681 2010 legibus,
689 1969 868 2010 judiciisque
879 1969 1050 2000 devinxerit
1061 1972 1071 1998 ?
1082 1971 1133 2010 qui
1144 1970 1208 2000 col-

247 2013 319 2052 legae
331 2011 383 2040 suo
394 2012 557 2050 imperium
567 2011 766 2051 abrogaverit,
788 2020 821 2041 ut
831 2011 847 2040 ὲ
863 2013 981 2041 civitate
992 2012 1096 2052 regalis
1106 2013 1209 2041 nomi-

247 2055 296 2083 nis
306 2052 470 2081 memoriam
480 2052 597 2082 tolleret
610 2055 620 2081 ?
639 2052 722 2093 quod
731 2053 808 2083 certe
820 2051 899 2083 effici
909 2063 972 2083 non
982 2051 1125 2093 potuiss'et
1135 2073 1143 2087 ‚
1155 2052 1210 2083 nisi

249 2092 322 2124 effe-t
340 2095 475 2123 oratione
493 2094 671 2133 persuasum.
696 2095 844 2124 Videmus
854 2096 928 2125 item
939 2097 1039 2135 paucis
1049 2096 1134 2125 annis
1144 2095 1210 2135 post

248 2145 330 2178 reges
342 2135 463 2165 exaetos
473 2155 482 2169 ,
503 2146 573 2166 cum
584 2136 686 2175 plebes
695 2147 787 2177 prope
797 2138 893 2177 ripam
904 2137 1031 2167 Anienis
1041 2137 1076 2166 ad
1087 2139 1208 2166 tertium

250 2178 429 2208 milliarium
438 2176 626 2211 consedisset,
639 2188 769 2220 eumque
780 2187 919 2208 montem
929 2199 937 2212 ,
957 2180 1008 2219 qui
1020 2178 1102 2207 Sacer
1110 2178 1210 2218 appel—

250 2219 326 2249 latus
343 2217 385 2249 est
395 2238 406 2252 ,
431 2218 630 2259 occupavisset
640 2240 648 2252 ,
669 2222 713 2250 M.
728 2221 882 2250 Valerium
893 2219 1068 2250 diEtatorem
1081 2219 1210 2250 dicendo

250 2259 392 2292 sedaviss‘e
412 2260 571 2291 discordias
583 2281 592 2294 ‚
611 2264 697 2302 eique
717 2263 757 2292 ob
776 2272 843 2292 eam
853 2271 917 2291 rem
929 2263 1058 2292 honores
1067 2259 1210 2301 amplifi}-

250 2313 319 2334 mos
330 2302 445 2332 habitos
456 2323 464 2335 ,
477 2302 509 2332 δε
520 2313 591 2332 eum
601 2305 735 2343 primum
748 2304 787 2334 ob
796 2314 862 2334 carn
874 2304 967 2344 ipsam
978 2303 1093 2334 causam
1106 2303 1210 2332 Maxi-

251 2354 332 2373 mum
341 2342 400 2373 effe
408 2344 595 2383 appellatum.
630 2347 679 2375 Ne
698 2348 733 2376 L.
745 2346 898 2376 Valerium
919 2344 1044 2386 quidem
1063 2346 1210 2377 Potitum,

251 2386 378 2416 arbitror
387 2395 451 2415 non
460 2385 572 2426 aliquid
581 2385 709 2426 potuiss'e
719 2387 849 2418 dicendo
859 2407 867 2421 ‚
891 2389 944 2428 qui
953 2385 1020 2427 post
1030 2386 1212 2416 decemvira-

251 2428 315 2458 lem
327 2427 475 2458 invidiam
486 2448 494 2461 ,
506 2428 627 2467 plebem
637 2430 669 2458 in
678 2438 772 2469 patres
782 2431 935 2459 incitatam
948 2450 957 2462 ‚
974 2428 1087 2469 legibus
1099 2428 1131 2458 &
1139 2438 1213 2457 con-

250 2469 391 2500 cionibus
402 2469 460 2499 suis
470 2470 662 2510 mitigaverit.
684 2469 841 2501 Possumus
853 2473 986 2511 Appium
997 2469 1155 2500 Claudiurn
1167 2470 1214 2499 su-

253 2511 356 2551 spicari
366 2510 509 2541 disertum
519 2532 526 2545 ,
546 2522 616 2552 quia
626 2511 761 2542 senatum
769 2513 895 2553 jamjam
906 2513 1081 2542 inclinatum
1096 2532 1105 2545 ‚
1118 2510 1134 2541 {t
1144 2515 1215 2551 Pyr-

255 2554 302 2583 rhi
321 2562 391 2592 pace
413 2555 601 2584 revocaverit.
633 2553 791 2585 Pofl'umus
804 2557 837 2585 C.
849 2554 1018 2584 Fabricium
1029 2574 1037 2587 ,
1059 2555 1126 2594 quia
1136 2552 1169 2583 sit
1180 2553 1213 2583 ad

257 2595 403 2634 Pyrrhum
415 2593 451 2623 de
462 2596 583 2634 captivis
604 2597 810 2636 recuperandis
830 2595 935 2626 miffus
954 2604 1069 2625 orator:
1094 2597 1145 2625 Ti.
1156 2597 1215 2624 Co-

256 2646 290 2667 xu
296 2637 436 2665 ncanium
448 2655 456 2668 ,
477 2635 560 2676 quod
571 2647 608 2666 ex
619 2637 799 2676 pontificum
809 2639 1037 2668 commentariis
1048 2637 1138 2678 longe
1147 2637 1216 2677 plu—

255 2675 371 2708 rimum
382 2678 504 2718 ingenio
515 2677 637 2708 valuiss'e
648 2680 781 2710 videatur
793 2691 798 2709 :
819 2683 865 2709 M.
880 2681 1004 2710 Curium
1018 2700 1027 2712 ,
1037 2677 1119 2720 quod
1129 2681 1154 2709 is
1165 2680 1218 2708 tri-

255 2719 355 2749 bunus
365 2719 473 2758 plebis,
486 2721 630 2760 interrege
641 2724 740 2761 Appio
750 2731 840 2755 caeco,
852 2721 961 2751 diserto
972 2722 1108 2754 homine,
1119 2722 1217 2751 comi-

257 2762 297 2790 tia
308 2769 409 2790 contra
418 2760 495 2800 leges
506 2760 631 2791 habente
644 2782 652 2796 ‚
671 2763 744 2792 cum
756 2764 792 2793 de
802 2763 889 2803 plebe
900 2766 986 2793 Coss.
1009 2773 1073 2793 non
1092 2764 1217 2802 accipie-

258 2801 307 2832 bat
317 2821 325 2835 ‚
342 2810 436 2841 patres
446 2801 516 2831 ante
528 2802 662 2833 auetorcs
674 2803 736 2834 fieri
746 2807 877 2846 co‘e‘gerit
889 2815 894 2834 t
910 2804 991 2845 quod
1003 2803 1092 2834 fuerit
1100 2814 1216 2844 perma-

257 2853 352 2884 gnum
364 2863 372 2876 ‚
394 2843 533 2874 nondum
554 2845 617 2885 lege
633 2848 743 2876 Maenia
761 2847 827 2877 lata.
860 2848 946 2876 Licet
955 2846 1068 2887 aliquid
1078 2849 1168 2876 etiarn
1180 2845 1216 2875 de

259 2887 303 2915 M.
316 2885 438 2925 Popillii
448 2888 572 2924 ingenio
582 2887 728 2926 suspicari,
739 2890 790 2930 qui
801 2887 873 2919 cum
882 2888 987 2919 consul
996 2886 1079 2923 efl'et,
1090 2888 1215 2918 eodem-

300 3026 323 3042 1.
342 3017 464 3050 'Tbmmque
476 3018 501 3049 ft·
518 3018 552 3042 ml
559 3018 631 3042 arnis
642 3019 828 3054 componendas]
848 3023 909 3047 Duo
921 3021 978 3047 mss.
990 3020 1114 3047 Lambini
1125 3020 1217 3047 exclu—

262 3052 329 3078 dunt
341 3053 510 3085 componendas.
532 3053 627 3079 habent
638 3061 724 3081 tamen
740 3056 792 3081 Pal.
805 3057 831 3081 ὅ(
844 3058 977 3090 Cujacius.

1226 133 1753 180 Cicanours

1223 224 1281 256 que
1291 222 1425 254 tempore
1435 211 1611 245 sacrificium
1621 212 1779 254 publicum
1789 223 1860 244 cum
1870 212 1944 245 laena
1951 212 2076 250 faceret,
2097 212 2182 257 qubc}

1225 265 1285 287 erat
1294 254 1406 286 flamen
1416 256 1610 286 Carmentalis
1621 275 1630 290 ‚
1644 255 1741 296 plebei
1751 264 1855 286 contra
1864 265 1956 296 patres
1966 257 2180 291 concitatione,

1227 298 1260 328 ὃ(
1279 297 1425 328 seditione
1444 300 1600 328 nunciata:
1623 306 1658 328 ut
1677 305 1736 328 erat
1754 298 1828 328 laena
1838 297 1984 332 ammius,
2005 300 2045 328 ita
2054 297 2184 329 venitin

1225 341 1407 371 concionem
1418 359 1426 373 ‚
1443 339 1662 380 seditionemque
1671 337 1742 369 cum
1752 338 1924 370 au&oritate
1936 360 1944 373 ,
1965 349 2029 370 tum
2050 341 2186 370 oratione

1228 381 1348 412 sedavit.
1379 381 1435 412 Sed
1445 391 1497 412 eos
1507 390 1637 411 oratores
1647 380 1764 411 habitos
1774 379 1832 411 effe
1844 401 1852 415 ‚
1863 390 1912 411 aut
1921 383 2052 411 omnino
2062 390 2128 411 tum
2140 379 2188 411 ul-

1229 424 1294 454 lum
1303 424 1483 464 eloquentiae
1492 424 1650 463 praemium
1660 421 1747 453 fuiffe
1756 442 1767 456 ,
1779 423 1857 452 nihil
1868 423 1935 452 sane
1945 424 2022 452 mihi
2032 421 2132 464 legiss'e
2141 424 2188 452 vi-

1230 465 1315 496 deor.
1335 463 1550 494 tantummodo
1560 462 1733 502 conjeaura
1741 464 1836 494 ducor
1843 464 1879 494 ad
1890 465 2108 504 suspicandum.
2132 465 2190 494 Di-

1231 509 1308 537 citur
1317 508 1407 536 etiam
1419 508 1451 536 C.
1463 506 1630 536 Flaminius
1640 524 1648 538 ‚
1670 507 1695 534 is
1707 525 1716 538 ,
1734 507 1786 546 qui
1805 505 1943 535 tribunus
1953 506 2032 545 pleb.
2044 506 2141 547 legem
2151 505 2188 536 de

1230 558 1298 590 agro
1311 548 1427 578 Gallico
1438 547 1471 578 δε
1481 548 1592 578 Piceno
1602 548 1718 576 viritim
1730 546 1895 577 dividendo
1907 548 2007 577 tulerit
2019 568 2027 580 ‚
2048 549 2099 588 qui
2118 557 2191 578 con-

1232 590 1275 620 sul
1286 588 1363 630 apud
1374 588 1587 620 Trasimenum
1598 587 1831 622 fitinterfeEtus,
1852 588 1887 618 ad
1906 589 2053 628 populum
2069 580 2192 619 valuisse

1233 631 1373 662 dicendo.
1397 633 1529 672 Qntus
1539 633 1630 661 etiam
1641 632 1797 660 Maximus
1808 631 1990 660 Verrucosus
2000 651 2008 664 ,
2031 639 2130 661 orator
2139 631 2192 661 ha-

1234 673 1314 704 bitus
1323 672 1366 703 est
1375 672 1562 713 temporibus
1573 672 1649 702 illis:
1668 672 1700 702 &
1710 672 1899 712 QMetellus
1909 692 1917 705 ,
1930 674 1967 705 is,
1978 674 2031 713 qui
2042 672 2123 702 bello
2134 675 2193 703 Pu-

1237 717 1307 745 nico
1319 715 1450 746 secundo
1459 725 1530 746 curn
1542 717 1576 744 L.
1588 716 1713 744 Veturio
1724 715 1851 745 Philone
1860 714 1964 744 consu]
1974 713 2042 744 fuit.
2093 717 2193 755 Qem

1234 755 1307 787 verb
1317 756 1412 787 exstet
1422 777 1430 791 ‚
1450 757 1483 787 &
1492 756 1529 786 de
1538 766 1598 797 quo
1609 755 1642 787 sit
1662 757 1817 786 memoriae
1833 756 1987 795 proditum
1998 777 2007 789 ,
2025 755 2195 797 eloquentem

1236 798 1324 829 fuiffe
1337 819 1344 831 ,
1361 799 1394 829 δε
1405 800 1444 828 ita
1452 797 1510 828 effe
1520 798 1666 831 habitum,
1686 800 1802 838 primus
1810 797 1853 827 est
1865 799 1908 827 M.
1919 799 2076 827 Cornelius
2088 799 2196 828 Cethe-

1238 850 1302 881 gus,
1314 841 1398 880 cujus
1410 840 1589 881 eloquentiae
1599 839 1642 870 est
1651 839 1755 870 amstor
1765 859 1773 873 ‚
1786 839 1954 869 &idoneus
1964 839 2088 880 quidem
2100 859 2108 873 ‚
2131 848 2198 869 mea

1238 884 1383 912 sententia
1392 902 1400 915 ,
1423 883 1589 923 QEnnius
1601 901 1610 915 ,
1630 882 1790 922 praesertim
1800 880 1872 911 cum
1884 881 1985 921 &ipse
1997 891 2068 911 eum
2077 881 2199 911 audive-

1239 926 1287 957 rit,
1302 924 1334 954 &
1345 923 1447 954 scribat
1456 924 1492 954 de
1502 932 1625 954 mortuo
1636 934 1641 952 t
1654 933 1692 953 ex
1700 933 1762 964 quo
1773 923 1856 953 nulla
1867 923 1993 962 suspicio
2004 922 2055 956 est,
2067 923 2200 951 amicitia

1239 966 1323 996 causa
1332 965 1390 996 ess'e
1401 967 1576 996 mentitum.
1609 964 1661 996 Est
1670 967 1761 1007 igitur
1769 964 1807 995 sic
1816 964 1892 1005 apud
1903 965 2036 995 illumin
2045 973 2143 999 nono,
2155 963 2200 1003 (ut

1242 1008 1362 1048 opinor)
1373 1008 1473 1037 annali
1485 1018 1490 1036 :

1283 1049 1421 1079 ,Additur
1438 1056 1530 1079 orator
1548 1049 1686 1079 Corneliu’
1700 1048 1916 1090 filaviloquenri

1286 1096 1339 1120 Ore
1360 1091 1490 1131 Cethegus
1509 1092 1640 1121 Marcu’.
1665 1091 1804 1121 Tuditano
1820 1092 1919 1131 collega
1931 1112 1941 1124 ‚

1286 1133 1386 1164 Marci
1404 1134 1504 1163 Filius.
1529 1151 1600 1160 —.

1246 1178 1283 1206 Et
1301 1183 1451 1205 oratorem
1469 1176 1596 1215 appellat
1614 1194 1623 1208 ‚
1645 1174 1678 1204 &
1697 1174 1968 1214 suaviloquentiam
1988 1173 2092 1204 tribuit
2111 1184 2117 1203 t
2136 1183 2204 1215 quae

1246 1227 1326 1247 nunc
1343 1216 1467 1257 quidem
1486 1227 1550 1247 non
1566 1225 1625 1246 tam
1637 1215 1680 1246 est
1697 1217 1728 1244 in
1741 1216 1896 1255 plerisque.
1921 1217 2024 1246 latrant
2038 1217 2122 1245 enim
2138 1219 2202 1255 J'am

1245 1258 1367 1300 quidam
1374 1267 1508 1307 pratores
1521 1279 1529 1291 .
1547 1267 1612 1289 non
1631 1258 1804 1299 loquuntur.
1828 1257 1876 1287 sed
1888 1256 1930 1287 est
1940 1268 1973 1288 ca
1983 1257 2046 1288 laus
2055 1257 2203 1299 eloquen-

1249 1310 1299 1332 tiae
1310 1309 1387 1331 certe
1399 1309 1544 1329 maxima.

1341 1358 1410 1367 ..-
1438 1345 1450 1368 3
1470 1351 1489 1369 u
1505 1340 1616 1374 elifius,
1636 1341 1691 1370 ollis
1706 1339 1886 1382 popularibus
1903 1341 1987 1375 olim,

1289 1384 1354 1424 Qi
1372 1391 1434 1413 rum
1452 1382 1590 1412 vivebant
1608 1382 1726 1412 homine,
1747 1401 1755 1416 ,
1776 1391 1865 1425 atque
1883 1393 1974 1412 aevum
1991 1381 2161 1423 agitabant,

1290 1426 1350 1455 Flos
1365 1424 1504 1455 delibatus
1520 1423 1625 1466 populi.

1249 1468 1344 1499 Probe
1357 1466 1441 1497 verb.
1464 1475 1497 1497 ut
1506 1469 1590 1497 enim
1599 1467 1736 1496 hominis
1746 1465 1834 1496 decus
1846 1486 1853 1500 ,
1876 1468 2034 1507 ingenium
2046 1487 2054 1500 ,
2074 1465 2112 1497 fic
2122 1468 2207 1508 inge-

1250 1511 1294 1539 nii
1314 1508 1402 1549 ipsius
1419 1509 1525 1539 lumen
1541 1507 1583 1538 est
1595 1508 1766 1548 eloquentia
1779 1528 1788 1539 ,
1812 1518 1869 1548 qua
1884 1511 1984 1538 virum
2005 1509 2206 1539 excellentem

1249 1551 1385 1592 praeclare
1409 1559 1474 1591 turn
1497 1550 1543 1580 illi
1565 1551 1707 1579 homines
1724 1549 1826 1587 florem
1840 1549 1937 1590 populi
1964 1549 2021 1579 esse
2043 1550 2207 1584 dixerunt,

1253 1616 1319 1623 ...0
1328 1596 1613 1637 filadaequemedulla.
1639 1593 1744 1622 Hetfitco
1766 1604 1857 1635 quam
1869 1602 1977 1625 vocant
1987 1597 2100 1629 Graeci,
2120 1595 2207 1632 cujus

1251 1638 1374 1670 effe-&or
1393 1638 1435 1669 est
1451 1646 1571 1670 orator,
1594 1637 1671 1667 hanc
1689 1636 1815 1666 Suadam
1823 1637 1980 1677 appelavit
1990 1638 2117 1666 Ennius.
2141 1637 2206 1674 ejus

1251 1690 1351 1712 autem
1363 1682 1526 1722 Cethegum
1538 1679 1688 1708 medullam
1697 1676 1784 1708 fuiffe
1793 1680 1859 1708 vult
1871 1699 1880 1712 ‚
1891 1687 1924 1708 ut
1933 1699 1940 1712 ,
1954 1688 2044 1719 quam
2055 1678 2140 1708 deam
2151 1682 2169 1705 4
2177 1678 2208 1708 in

1254 1723 1353 1754 Pericli
1362 1721 1444 1752 labris
1450 1721 1559 1763 [Pripfit
1569 1720 1693 1760 Eupolis
1703 1718 1868 1750 seffitavisse
1878 1741 1886 1754 ,
1904 1720 1992 1759 hujus
2003 1718 2050 1751 hic
2060 1720 2210 1749 medullam

1254 1764 1391 1795 nostrum
1402 1773 1547 1794 oratorem
1558 1761 1645 1792 fuisse
1655 1762 1772 1792 dixerit.
1801 1766 1841 1792 At
1849 1763 1898 1792 hic
1908 1763 2056 1803 Cethegus
2064 1772 2125 1792 cos.
2136 1772 2208 1793 cum

1255 1807 1445 1838 P.Tuditano
1464 1804 1521 1834 fuit
1541 1805 1622 1834 bello
1640 1806 1755 1835 Punico
1773 1804 1905 1834 secundo
1925 1824 1933 1838 ,
1954 1803 2140 1845 quaestorque
2160 1805 2208 1833 his

1254 1857 1330 1879 coss.
1354 1850 1398 1877 M.
1413 1851 1495 1880 Cam,
1509 1845 1604 1876 modo
1614 1845 1703 1887 plane
1713 1847 1799 1876 annis
1820 1855 1894 1876 exn.
1905 1855 1973 1876 ante
1984 1855 2033 1875 nie
2043 1850 2103 1875 c'os.
2118 1845 2150 1875 δε
2161 1845 2210 1876 id-

1256 1892 1354 1931 ipsum
1374 1888 1428 1919 nisi
1448 1890 1538 1918 unius
1549 1886 1619 1918 effet
1638 1889 1731 1918 Ennii
1741 1886 1917 1918 testimonio
1928 1889 2085 1929 cognitum
2099 1907 2106 1920 ,
2128 1888 2210 1917 hune

1256 1931 1379 1968 vetustas
1389 1951 1396 1965 ,
1416 1940 1447 1961 ut
1456 1931 1530 1960 alios
1540 1928 1659 1960 fortafl'e
1676 1929 1790 1959 multos
1800 1950 1809 1963 ,
1821 1929 1977 1959 oblivione
1988 1927 2140 1960 obruisset.
2167 1929 2211 1959 11-

1257 1976 1314 2004 lius
1332 1983 1433 2003 autem
1453 1974 1544 2002 aetatis
1561 1973 1613 2013 qui
1632 1972 1730 2002 sermo
1747 1970 1858 2005 fucrit,
1880 1981 1919 2001 ex
1929 1972 2084 2001 Naevianis
2096 1971 2210 2011 scriptis

1257 2016 1384 2056 intelligi
1394 2013 1500 2054 potest.
1525 2016 1581 2044 His
1592 2015 1676 2043 enim
1684 2013 1869 2046 consulibus,
1881 2022 1914 2043 ut
1922 2014 1955 2042 in
1966 2012 2114 2043 veteribus
2124 2022 2212 2043 com·

1257 2058 1411 2088 mentariis
1422 2057 1564 2095 scriptum
1575 2054 1636 2088 est,
1660 2056 1786 2085 Naevius
1803 2054 1847 2084 est
1864 2062 2012 2084 mortuus.
2038 2063 2212 2094 quanquam

1256 2103 1349 2130 Varro
1360 2098 1460 2128 noster
1469 2095 1709 2138 diligentissimus
1720 2095 1910 2136 investigator
1919 2096 2099 2136 antiquitatis
2108 2116 2116 2129 ,
2130 2103 2212 2135 putat

1254 2144 1286 2171 in
1299 2142 1356 2170 hoc
1376 2148 1504 2170 erratum
1515 2158 1523 2172 ,
1541 2140 1694 2178 vitai-nque
1707 2139 1805 2166 Naevii
1816 2136 1953 2176 producit
1971 2134 2104 2179 longius.
2127 2140 2208 2167 Nam

1254 2183 1374 2212 Plautus
1385 2184 1415 2211 P.
1427 2179 1563 2212 Claudio,
1579 2180 1737 2211 L.Porcio,
1750 2180 1859 2219 viginti
1870 2180 1956 2208 annis
1966 2178 2031 2218 post
2040 2179 2121 2212 illos,
2134 2188 2211 2219 quos

1253 2223 1321 2254 ante
1340 2223 1424 2255 dixi,
1442 2221 1578 2252 consules
1596 2228 1732 2250 mortuus
1748 2219 1808 2253 est,
1831 2222 1943 2250 Catone
1962 2220 2096 2250 censore.
2119 2223 2212 2251 Hunc

1254 2267 1344 2306 igitur
1362 2264 1528 2304 Cethegum
1545 2262 1720 2292 consecutus
1733 2260 1774 2291 est
1792 2271 1873 2291 aetate
1885 2264 1955 2292 Cato
1966 2281 1974 2295 ‚
1994 2264 2046 2302 qui
2057 2264 2144 2292 annis
2160 2272 2210 2292 ix.

1254 2306 1321 2347 post
1345 2315 1415 2335 eum
1435 2304 1494 2334 fuit
1523 2303 1639 2333 consul.
1667 2313 1739 2332 eum
1766 2313 1822 2333 nos
1850 2312 1882 2333 ut
1906 2312 2092 2343 perveterem
2120 2304 2211 2334 habe-

1256 2358 1323 2378 mus
1335 2367 1343 2380 ‚
1364 2348 1416 2388 qui
1428 2348 1461 2376 L.
1474 2347 1588 2375 Marcio
1597 2365 1605 2378 ‚
1623 2347 1667 2374 M.
1683 2345 1812 2374 Manilio
1823 2345 1996 2375 consulibus
2008 2353 2145 2386 mortuus
2156 2345 2208 2379 est,

1255 2391 1341 2420 annis
1353 2397 1510 2418 Lxxxu1.
1521 2386 1589 2427 ipsis
1606 2395 1672 2417 ante
1692 2396 1741 2416 mc
1757 2387 1922 2416 consulem.
1950 2389 2016 2417 Nec
2032 2385 2104 2417 verb
2116 2387 2213 2417 habeo

1257 2440 1439 2472 quemquam
1449 2430 1650 2469 antiquiorem
1663 2448 1671 2462 ‚
1690 2429 1775 2467 cujus
1785 2428 1909 2469 quidem
1924 2429 2027 2469 scripta
2036 2428 2214 2468 proferenda

1256 2482 1360 2513 putem
1372 2492 1380 2505 ‚
1393 2469 1447 2500 nisi
1456 2480 1547 2511 quem
1558 2472 1646 2510 Appii
1658 2472 1734 2500 Caeci
1744 2472 1838 2499 oratio
1849 2471 1910 2500 haec
1922 2471 1982 2510 ipsa
1990 2470 2026 2501 de
2036 2471 2148 2510 Pyrrho
2159 2491 2167 2504 ‚
2180 2471 2213 2501 &

1258 2514 1415 2544 nonnullae
1426 2521 1617 2542 mortuorum
1630 2512 1814 2542 laudationes
1824 2511 1900 2542 forte
1911 2511 2058 2543 dele&ant
2067 2522 2094 2545 J.
2104 2513 2137 2543 δε
2147 2513 2215 2543 her-

1260 2556 1340 2586 cules
1360 2556 1404 2585 hae.
1423 2554 1545 2596 quidem
1557 2553 1682 2584 exstant.
1706 2555 1777 2593 Ipsae
1787 2555 1870 2583 enirn
1883 2554 2004 2593 familia
2013 2554 2062 2584 sua
2071 2552 2151 2594 quasi
2163 2563 2213 2584 or-

1262 2606 1418 2630 namenta,
1440 2606 1472 2626 ac
1491 2604 1691 2625 monumenta
1708 2595 1877 2628 servabant,
1903 2595 1980 2626 &ad
1997 2595 2084 2626 usum
2095 2616 2103 2630 ,
2123 2594 2215 2637 siquis

1260 2639 1393 2679 ejusdem
1411 2639 1526 2679 generis
1544 2635 1715 2670 occidisset,
1736 2638 1767 2667 &
1786 2637 1821 2667 ad
1833 2639 2014 2667 memoriam
2025 2636 2147 2668 laudum
2158 2637 2216 2668 do-

1263 2680 1452 2711 mesticarum
1464 2700 1472 2712 ,
1495 2680 1527 2708 &
1536 2679 1570 2708 ad
1580 2678 1785 2709 illustrandam
1795 2679 1985 2709 nobilitatem
1995 2679 2091 2709 suam.
2109 2688 2215 2720 quam—

1260 2732 1350 2764 quam
1370 2724 1416 2751 his
1435 2720 1654 2751 laudationibus
1674 2719 1785 2755 historia
1796 2731 1894 2750 rerum
1905 2720 2073 2751 nostrarum
2083 2720 2125 2751 est
2138 2719 2216 2751 fab&

1263 2762 1442 2794 mendofior.
1467 2762 1564 2792 Multa
1573 2764 1657 2792 enim
1668 2762 1770 2802 scripta
1780 2762 1889 2792 suntin
1899 2764 1941 2792 eis
1954 2783 1962 2795 ‚
1982 2773 2046 2803 quae
2056 2761 2132 2793 facta
2149 2772 2215 2793 non

1262 2807 1346 2839 sunt,
1368 2804 1429 2835 falsi
1441 2805 1572 2844 trumphi
1585 2824 1592 2836 ‚
1604 2804 1701 2843 plures
1712 2803 1880 2834 consulatus
1892 2824 1900 2837 ,
1917 2814 2025 2844 genera
2034 2805 2123 2834 etiarn
2132 2802 2215 2838 falsa,

1263 2848 1295 2877 Sc
1315 2847 1351 2878 ad
1369 2847 1489 2888 plebem
1509 2844 1693 2876 transitiones
1705 2865 1713 2879 ,
1734 2844 1805 2875 curn
1826 2846 1966 2875 homines
1986 2846 2164 2875 humiliores
2182 2848 2216 2876 in

1260 2890 1394 2920 alienum
1404 2888 1539 2930 ejusdem
1549 2889 1686 2919 nominis
1697 2886 1928 2917 infunderentur
1936 2896 2046 2929 genus:
2067 2896 2117 2921 ut,
2129 2885 2150 2917 fi
2161 2897 2215 2929 ego

2166 2939 2218 2959 me

1263 3019 1343 3046 libros
1356 3029 1363 3051 ς
1375 3019 1488 3055 ideoque
1495 3025 1634 3060 proterve.
1824 3052 1829 3057 .
1889 3051 1895 3056 .
2055 3051 2060 3056 .

1299 3064 1325 3091 3.
1345 3060 1368 3082 Is
1379 3056 1454 3082 difflui
1463 3057 1509 3081 ouis
1514 3055 1670 3088 popularibus
1677 3052 1755 3088 olim]
1767 3052 1928 3079 Gulielmius
1938 3058 2088 3084 annotavit,
2099 3051 2170 3078 forte
2179 3050 2220 3077 le-

297 3097 326 3114 2.
346 3093 481 3122 Ommniiqm
488 3091 553 3114 illam
564 3091 731 3121 salubritatem
740 3094 823 3117 Attica.¹
832 3092 935 3118 dimonis
948 3113 956 3124 ,
975 3094 1078 3126 &qutfi
1088 3093 1217 3125 s'am'tatem
1261 3091 1377 3128 gendum
1383 3092 1454 3124 sbllis.

258 3123 386 3157 ‚ee-deren]
407 3125 448 3150 Sic
459 3124 514 3150 l'al.
525 3125 619 3156 Cujacr
640 3126 783 3153 Lambinus
803 3126 885 3153 edidit
898 3148 906 3159 ,
925 3139 1053 3162 omnemque
1061 3130 1125 3154 illam
1134 3132 1218 3154 Arriae

1296 3136 1324 3161 4.
1344 3131 1372 3154 ln
1380 3126 1576 3160 Periclilab1·1's.]
1593 3126 1636 3153 Sic
1646 3124 1738 3161 Cujac.
1749 3123 1782 3152 fic
1793 3123 1851 3152 Pal.
1862 3123 1895 3151 sie
1904 3122 2090 3160 quos-cxcuffit
2098 3122 2196 3149 Rivius
2208 3139 2219 3154 ‚

259 3161 363 3188 lienem}
372 3162 439 3197 quajt'
439 3161 568 3194 sanitatem
573 3162 644 3195 perd.
659 3161 764 3191 exclusa
776 3172 836 3191 voce
841 3165 1021 3199 salubritatem,
1031 3172 1123 3193 contra
1133 3164 1215 3193 bonos
1260 3173 1313 3192 non
1323 3164 1421 3192 Periclis
1433 3183 1441 3198 ,
1452 3170 1480 3192 ut
1492 3162 1607 3199 vulgata.

2131 3195 2224 3221 κεκτη

2213 717 2254 750 ¹5

2234 2384 2275 2417 16
