<?xml version="1.0" encoding="UTF-8"?>
<!DOCTYPE html PUBLIC "-//W3C//DTD XHTML 1.0 Transitional//EN"
    "http://www.w3.org/TR/xhtml1/DTD/xhtml1-transitional.dtd">
<html xmlns="http://www.w3.org/1999/xhtml" xml:lang="en" lang="en">
 <head>
  <title>
</title>
<meta http-equiv="Content-Type" content="text/html;charset=utf-8" />
  <meta name='ocr-system' content='tesseract 3.04.00' />
  <meta name='ocr-capabilities' content='ocr_page ocr_carea ocr_par ocr_line ocrx_word'/>
</head>
<body>
  <div class='ocr_page' id='page_1' title='image "./mtuliiciceroniso00cice_1226.png"; bbox 0 0 2379 3400; ppageno 0'>
   <div class='ocr_carea' id='block_1_1' title="bbox 605 107 1115 158">
    <p class='ocr_par' dir='ltr' id='par_1_1' title="bbox 605 107 1115 158">
     <span class='ocr_line' id='line_1_1' title="bbox 605 107 1115 158; baseline -0.024 -1"><span class='ocrx_word' id='word_1_1' title='bbox 605 110 672 158; x_wconf 87' lang='lat' dir='ltr'>M.</span> <span class='ocrx_word' id='word_1_2' title='bbox 754 107 1115 154; x_wconf 69' lang='grc' dir='ltr'>Τυιιιι</span> 
     </span>
    </p>
   </div>
   <div class='ocr_carea' id='block_1_2' title="bbox 215 122 331 172">
    <p class='ocr_par' dir='ltr' id='par_1_2' title="bbox 215 122 331 172">
     <span class='ocr_line' id='line_1_2' title="bbox 215 122 331 172; baseline -0.034 0"><span class='ocrx_word' id='word_1_3' title='bbox 215 122 331 172; x_wconf 81' lang='grc' dir='ltr'>ιιι8</span> 
     </span>
    </p>
   </div>
   <div class='ocr_carea' id='block_1_3' title="bbox 208 185 961 238">
    <p class='ocr_par' dir='ltr' id='par_1_3' title="bbox 208 185 961 238">
     <span class='ocr_line' id='line_1_3' title="bbox 208 185 961 238; baseline -0.028 -4"><span class='ocrx_word' id='word_1_4' title='bbox 208 216 260 238; x_wconf 68' lang='lat' dir='ltr'>rat.</span> <span class='ocrx_word' id='word_1_5' title='bbox 284 202 336 234; x_wconf 68' lang='lat' dir='ltr'>Sed</span> <span class='ocrx_word' id='word_1_6' title='bbox 353 221 360 233; x_wconf 91' lang='lat'>,</span> <span class='ocrx_word' id='word_1_7' title='bbox 379 198 449 229; x_wconf 74' lang='lat' dir='ltr'>eum</span> <span class='ocrx_word' id='word_1_8' title='bbox 466 194 574 235; x_wconf 77' lang='lat' dir='ltr'>agellus</span> <span class='ocrx_word' id='word_1_9' title='bbox 593 200 663 221; x_wconf 89' lang='lat' dir='ltr'>eum</span> <span class='ocrx_word' id='word_1_10' title='bbox 685 198 747 219; x_wconf 89' lang='lat' dir='ltr'>non</span> <span class='ocrx_word' id='word_1_11' title='bbox 773 188 837 218; x_wconf 67' lang='lat' dir='ltr'>{atis</span> <span class='ocrx_word' id='word_1_12' title='bbox 854 185 961 216; x_wconf 83' lang='lat' dir='ltr'>aleret,</span> 
     </span>
    </p>
   </div>
   <div class='ocr_carea' id='block_1_4' title="bbox 211 277 1165 562">
    <p class='ocr_par' dir='ltr' id='par_1_4' title="bbox 211 277 1165 562">
     <span class='ocr_line' id='line_1_4' title="bbox 213 277 1114 322; baseline -0.039 -4"><span class='ocrx_word' id='word_1_13' title='bbox 213 281 478 322; x_wconf 76' lang='lat' dir='ltr'>nitEpicuruszita</span> <span class='ocrx_word' id='word_1_14' title='bbox 489 277 616 306; x_wconf 90' lang='lat' dir='ltr'>metuit,</span> <span class='ocrx_word' id='word_1_15' title='bbox 1046 303 1054 312; x_wconf 31' lang='lat' dir='ltr'>x</span> <span class='ocrx_word' id='word_1_16' title='bbox 1105 303 1114 312; x_wconf 40' lang='lat' dir='ltr'>x</span> 
     </span>
     <span class='ocr_line' id='line_1_5' title="bbox 215 303 1159 358; baseline -0.026 -1"><span class='ocrx_word' id='word_1_17' title='bbox 215 337 259 358; x_wconf 79' lang='lat' dir='ltr'>zur</span> <span class='ocrx_word' id='word_1_18' title='bbox 294 328 327 354; x_wconf 90' lang='lat' dir='ltr'>ln</span> <span class='ocrx_word' id='word_1_19' title='bbox 348 318 530 358; x_wconf 79' lang='lat' dir='ltr'>Nausiphane</span> <span class='ocrx_word' id='word_1_20' title='bbox 551 316 744 346; x_wconf 87' lang='lat' dir='ltr'>Democriteo</span> <span class='ocrx_word' id='word_1_21' title='bbox 764 319 897 341; x_wconf 85' lang='lat' dir='ltr'>tenetur:</span> <span class='ocrx_word' id='word_1_22' title='bbox 916 315 1007 348; x_wconf 91' lang='lat' dir='ltr'>quem</span> <span class='ocrx_word' id='word_1_23' title='bbox 1023 303 1159 335; x_wconf 87' lang='lat' dir='ltr'>cumase</span> 
     </span>
     <span class='ocr_line' id='line_1_6' title="bbox 214 360 644 403; baseline -0.03 -8"><span class='ocrx_word' id='word_1_24' title='bbox 214 377 274 398; x_wconf 69' lang='lat' dir='ltr'>nnn</span> <span class='ocrx_word' id='word_1_25' title='bbox 296 371 380 403; x_wconf 74' lang='lat' dir='ltr'>neget</span> <span class='ocrx_word' id='word_1_26' title='bbox 400 360 533 390; x_wconf 88' lang='lat' dir='ltr'>auditum</span> <span class='ocrx_word' id='word_1_27' title='bbox 547 377 554 389; x_wconf 95' lang='lat'>,</span> <span class='ocrx_word' id='word_1_28' title='bbox 572 366 644 384; x_wconf 50' lang='lat' dir='ltr'>vet-u</span> 
     </span>
     <span class='ocr_line' id='line_1_7' title="bbox 213 393 827 446; baseline -0.024 -9"><span class='ocrx_word' id='word_1_29' title='bbox 213 413 301 446; x_wconf 73' lang='lat' dir='ltr'>Atqui</span> <span class='ocrx_word' id='word_1_30' title='bbox 316 404 333 434; x_wconf 88' lang='lat' dir='ltr'>si</span> <span class='ocrx_word' id='word_1_31' title='bbox 346 407 405 433; x_wconf 78' lang='lat' dir='ltr'>liaec</span> <span class='ocrx_word' id='word_1_32' title='bbox 416 401 605 431; x_wconf 85' lang='lat' dir='ltr'>Democritea</span> <span class='ocrx_word' id='word_1_33' title='bbox 615 406 677 426; x_wconf 85' lang='lat' dir='ltr'>non</span> <span class='ocrx_word' id='word_1_34' title='bbox 685 393 808 425; x_wconf 76' lang='lat' dir='ltr'>audiiset</span> <span class='ocrx_word' id='word_1_35' title='bbox 819 412 827 427; x_wconf 86' lang='lat'><em>‚</em></span> 
     </span>
     <span class='ocr_line' id='line_1_8' title="bbox 213 429 1161 485; baseline -0.02 -8"><span class='ocrx_word' id='word_1_36' title='bbox 213 449 254 479; x_wconf 84' lang='lat' dir='ltr'>cst</span> <span class='ocrx_word' id='word_1_37' title='bbox 267 458 296 476; x_wconf 83' lang='lat' dir='ltr'>in</span> <span class='ocrx_word' id='word_1_38' title='bbox 310 443 433 485; x_wconf 83' lang='lat' dir='ltr'>physicis</span> <span class='ocrx_word' id='word_1_39' title='bbox 441 443 559 481; x_wconf 85' lang='lat' dir='ltr'>Epicuri</span> <span class='ocrx_word' id='word_1_40' title='bbox 569 448 630 468; x_wconf 90' lang='lat' dir='ltr'>non</span> <span class='ocrx_word' id='word_1_41' title='bbox 640 438 654 467; x_wconf 78' lang='lat' dir='ltr'>a</span> <span class='ocrx_word' id='word_1_42' title='bbox 667 437 866 467; x_wconf 77' lang='lat' dir='ltr'>Democrito?</span> <span class='ocrx_word' id='word_1_43' title='bbox 886 442 956 463; x_wconf 90' lang='lat' dir='ltr'>nam</span> <span class='ocrx_word' id='word_1_44' title='bbox 968 429 1018 462; x_wconf 87' lang='lat' dir='ltr'>etsi</span> <span class='ocrx_word' id='word_1_45' title='bbox 1027 430 1161 471; x_wconf 67' lang='lat' dir='ltr'>quaedam</span> 
     </span>
     <span class='ocr_line' id='line_1_9' title="bbox 211 475 1165 522; baseline -0.018 -5"><span class='ocrx_word' id='word_1_46' title='bbox 211 494 401 520; x_wconf 71' lang='lat' dir='ltr'>commutavit</span> <span class='ocrx_word' id='word_1_47' title='bbox 424 504 433 517; x_wconf 86' lang='lat'>,</span> <span class='ocrx_word' id='word_1_48' title='bbox 454 492 503 515; x_wconf 84' lang='lat' dir='ltr'>ut,</span> <span class='ocrx_word' id='word_1_49' title='bbox 524 480 605 522; x_wconf 89' lang='lat' dir='ltr'>quod</span> <span class='ocrx_word' id='word_1_50' title='bbox 625 479 724 519; x_wconf 86' lang='lat' dir='ltr'>paullo</span> <span class='ocrx_word' id='word_1_51' title='bbox 742 477 810 508; x_wconf 75' lang='lat' dir='ltr'>ante</span> <span class='ocrx_word' id='word_1_52' title='bbox 831 475 867 506; x_wconf 84' lang='lat' dir='ltr'>de</span> <span class='ocrx_word' id='word_1_53' title='bbox 885 475 1083 505; x_wconf 82' lang='lat' dir='ltr'>inclinatione</span> <span class='ocrx_word' id='word_1_54' title='bbox 1101 480 1165 501; x_wconf 83' lang='lat' dir='ltr'>ato-</span> 
     </span>
     <span class='ocr_line' id='line_1_10' title="bbox 215 516 1161 562; baseline -0.02 -1"><span class='ocrx_word' id='word_1_55' title='bbox 215 539 336 562; x_wconf 85' lang='lat' dir='ltr'>morum</span> <span class='ocrx_word' id='word_1_56' title='bbox 359 528 423 557; x_wconf 86' lang='lat' dir='ltr'>dixi</span> <span class='ocrx_word' id='word_1_57' title='bbox 444 537 452 558; x_wconf 94' lang='lat'>·,</span> <span class='ocrx_word' id='word_1_58' title='bbox 483 533 581 554; x_wconf 78' lang='lat' dir='ltr'>tamen</span> <span class='ocrx_word' id='word_1_59' title='bbox 605 523 743 561; x_wconf 82' lang='lat' dir='ltr'>pleraque</span> <span class='ocrx_word' id='word_1_60' title='bbox 763 518 837 548; x_wconf 89' lang='lat' dir='ltr'>dicit</span> <span class='ocrx_word' id='word_1_61' title='bbox 857 516 984 550; x_wconf 81' lang='lat' dir='ltr'>eadem;</span> <span class='ocrx_word' id='word_1_62' title='bbox 1004 518 1013 534; x_wconf 90' lang='lat'><strong>¹</strong></span> <span class='ocrx_word' id='word_1_63' title='bbox 1033 522 1161 546; x_wconf 82' lang='lat' dir='ltr'>atomos,</span> 
     </span>
    </p>
   </div>
   <div class='ocr_carea' id='block_1_5' title="bbox 841 385 1164 433">
    <p class='ocr_par' dir='ltr' id='par_1_5' title="bbox 841 385 1164 433">
     <span class='ocr_line' id='line_1_11' title="bbox 841 385 1164 433; baseline -0.022 -11"><span class='ocrx_word' id='word_1_64' title='bbox 841 391 912 433; x_wconf 90' lang='lat' dir='ltr'>quid</span> <span class='ocrx_word' id='word_1_65' title='bbox 922 390 1071 421; x_wconf 75' lang='lat' dir='ltr'>audierat?</span> <span class='ocrx_word' id='word_1_66' title='bbox 1090 385 1164 428; x_wconf 89' lang='lat' dir='ltr'>quid</span> 
     </span>
    </p>
   </div>
   <div class='ocr_carea' id='block_1_6' title="bbox 211 187 1176 312">
    <p class='ocr_par' dir='ltr' id='par_1_6' title="bbox 211 187 1176 312">
     <span class='ocr_line' id='line_1_12' title="bbox 983 187 1173 212; baseline -0.037 0"><span class='ocrx_word' id='word_1_67' title='bbox 983 190 1044 212; x_wconf 91' lang='lat' dir='ltr'>uto</span> <span class='ocrx_word' id='word_1_68' title='bbox 1069 187 1148 212; x_wconf 85' lang='lat' dir='ltr'>inor,</span> <span class='ocrx_word' id='word_1_69' title='bbox 1171 200 1173 205; x_wconf 94' lang='lat'>.</span> 
     </span>
     <span class='ocr_line' id='line_1_13' title="bbox 211 189 1175 279; baseline -0.027 -5"><span class='ocrx_word' id='word_1_70' title='bbox 211 240 396 279; x_wconf 62' lang='lat' dir='ltr'>iadimagister</span> <span class='ocrx_word' id='word_1_71' title='bbox 411 240 483 277; x_wconf 68' lang='lat' dir='ltr'>sim.</span> <span class='ocrx_word' id='word_1_72' title='bbox 506 234 561 266; x_wconf 90' lang='lat' dir='ltr'>Sed</span> <span class='ocrx_word' id='word_1_73' title='bbox 580 235 658 262; x_wconf 88' lang='lat' dir='ltr'>hunc</span> <span class='ocrx_word' id='word_1_74' title='bbox 678 230 865 262; x_wconf 87' lang='lat' dir='ltr'>Platonicum</span> <span class='ocrx_word' id='word_1_75' title='bbox 878 223 1004 271; x_wconf 68' lang='lat' dir='ltr'>mirifice⁴</span> <span class='ocrx_word' id='word_1_76' title='bbox 1015 189 1155 268; x_wconf 45' lang='lat' dir='ltr'>cogitem·</span> <span class='ocrx_word' id='word_1_77' title='bbox 1172 212 1175 270; x_wconf 53' lang='grc' dir='ltr'><strong>ὲ</strong></span> 
     </span>
     <span class='ocr_line' id='line_1_14' title="bbox 315 262 1176 312; baseline -0.023 -2"><span class='ocrx_word' id='word_1_78' title='bbox 315 275 325 281; x_wconf 68' lang='grc'><strong>“</strong></span> <span class='ocrx_word' id='word_1_79' title='bbox 628 282 665 302; x_wconf 86' lang='lat' dir='ltr'>nc</span> <span class='ocrx_word' id='word_1_80' title='bbox 675 271 746 312; x_wconf 85' lang='lat' dir='ltr'>qnid</span> <span class='ocrx_word' id='word_1_81' title='bbox 756 277 901 309; x_wconf 89' lang='lat' dir='ltr'>umquam</span> <span class='ocrx_word' id='word_1_82' title='bbox 912 263 1046 296; x_wconf 86' lang='lat' dir='ltr'>didicisse</span> <span class='ocrx_word' id='word_1_83' title='bbox 1056 262 1158 293; x_wconf 86' lang='lat' dir='ltr'>videa·</span> <span class='ocrx_word' id='word_1_84' title='bbox 1174 288 1176 297; x_wconf 78' lang='lat'><em>,</em></span> 
     </span>
    </p>
   </div>
   <div class='ocr_carea' id='block_1_7' title="bbox 650 345 1176 383">
    <p class='ocr_par' dir='ltr' id='par_1_7' title="bbox 650 345 1176 383">
     <span class='ocr_line' id='line_1_15' title="bbox 650 345 1176 383; baseline -0.019 0"><span class='ocrx_word' id='word_1_85' title='bbox 650 363 661 383; x_wconf 81' lang='lat' dir='ltr'>t</span> <span class='ocrx_word' id='word_1_86' title='bbox 678 362 770 383; x_wconf 72' lang='lat' dir='ltr'>tamen</span> <span class='ocrx_word' id='word_1_87' title='bbox 789 350 936 381; x_wconf 88' lang='lat' dir='ltr'>omnibus</span> <span class='ocrx_word' id='word_1_88' title='bbox 954 345 1176 378; x_wconf 65' lang='lat' dir='ltr'>contumeliiss</span> 
     </span>
    </p>
   </div>
   <div class='ocr_carea' id='block_1_8' title="bbox 1194 102 1737 148">
    <p class='ocr_par' dir='ltr' id='par_1_8' title="bbox 1194 102 1737 148">
     <span class='ocr_line' id='line_1_16' title="bbox 1194 102 1737 148; baseline -0.006 -1"><span class='ocrx_word' id='word_1_89' title='bbox 1194 102 1737 148; x_wconf 70' lang='lat' dir='ltr'>C1cssnonis</span> 
     </span>
    </p>
   </div>
   <div class='ocr_carea' id='block_1_9' title="bbox 1189 177 2206 388">
    <p class='ocr_par' dir='ltr' id='par_1_9' title="bbox 1189 177 2206 388">
     <span class='ocr_line' id='line_1_17' title="bbox 1189 177 2146 222; baseline -0.003 -10"><span class='ocrx_word' id='word_1_90' title='bbox 1189 182 1270 212; x_wconf 89' lang='lat' dir='ltr'>mini</span> <span class='ocrx_word' id='word_1_91' title='bbox 1288 188 1391 211; x_wconf 85' lang='lat' dir='ltr'>natura</span> <span class='ocrx_word' id='word_1_92' title='bbox 1402 177 1572 220; x_wconf 80' lang='lat' dir='ltr'>praescripsit</span> <span class='ocrx_word' id='word_1_93' title='bbox 1586 187 1618 210; x_wconf 86' lang='lat' dir='ltr'>ut</span> <span class='ocrx_word' id='word_1_94' title='bbox 1641 180 1719 210; x_wconf 89' lang='lat' dir='ltr'>nihil</span> <span class='ocrx_word' id='word_1_95' title='bbox 1740 181 1915 221; x_wconf 80' lang='lat' dir='ltr'><strong>pulchrius,</strong></span> <span class='ocrx_word' id='word_1_96' title='bbox 1936 180 2027 222; x_wconf 57' lang='lat' dir='ltr'>quim</span> <span class='ocrx_word' id='word_1_97' title='bbox 2039 180 2146 211; x_wconf 83' lang='lat' dir='ltr'>homi-</span> 
     </span>
     <span class='ocr_line' id='line_1_18' title="bbox 1195 219 2148 263; baseline -0.003 -8"><span class='ocrx_word' id='word_1_98' title='bbox 1195 233 1267 254; x_wconf 86' lang='lat' dir='ltr'>nem</span> <span class='ocrx_word' id='word_1_99' title='bbox 1287 231 1420 263; x_wconf 76' lang='lat' dir='ltr'>putaret,</span> <span class='ocrx_word' id='word_1_100' title='bbox 1439 231 1505 251; x_wconf 86' lang='lat' dir='ltr'>earn</span> <span class='ocrx_word' id='word_1_101' title='bbox 1527 219 1586 251; x_wconf 82' lang='lat' dir='ltr'>effe</span> <span class='ocrx_word' id='word_1_102' title='bbox 1601 240 1611 254; x_wconf 79' lang='lat'>‚</span> <span class='ocrx_word' id='word_1_103' title='bbox 1629 222 1766 257; x_wconf 87' lang='lat' dir='ltr'>causam,</span> <span class='ocrx_word' id='word_1_104' title='bbox 1788 234 1841 254; x_wconf 86' lang='lat' dir='ltr'>cur</span> <span class='ocrx_word' id='word_1_105' title='bbox 1850 224 1924 254; x_wconf 83' lang='lat' dir='ltr'>deos</span> <span class='ocrx_word' id='word_1_106' title='bbox 1934 224 2098 253; x_wconf 81' lang='lat' dir='ltr'>hominum</span> <span class='ocrx_word' id='word_1_107' title='bbox 2108 220 2148 252; x_wconf 81' lang='lat' dir='ltr'>fi-</span> 
     </span>
     <span class='ocr_line' id='line_1_19' title="bbox 1198 261 2147 304; baseline -0.002 -9"><span class='ocrx_word' id='word_1_108' title='bbox 1198 265 1299 295; x_wconf 88' lang='lat' dir='ltr'>mileis</span> <span class='ocrx_word' id='word_1_109' title='bbox 1315 265 1505 304; x_wconf 85' lang='lat' dir='ltr'>putaremus?</span> <span class='ocrx_word' id='word_1_110' title='bbox 1527 261 1601 303; x_wconf 88' lang='lat' dir='ltr'>quid</span> <span class='ocrx_word' id='word_1_111' title='bbox 1617 262 1718 292; x_wconf 84' lang='lat' dir='ltr'>censes</span> <span class='ocrx_word' id='word_1_112' title='bbox 1736 282 1746 297; x_wconf 82' lang='lat'>‚</span> <span class='ocrx_word' id='word_1_113' title='bbox 1764 262 1785 294; x_wconf 86' lang='lat' dir='ltr'>fi</span> <span class='ocrx_word' id='word_1_114' title='bbox 1804 267 1878 295; x_wconf 83' lang='lat' dir='ltr'>ratio</span> <span class='ocrx_word' id='word_1_115' title='bbox 1894 263 1966 295; x_wconf 81' lang='lat' dir='ltr'>effet</span> <span class='ocrx_word' id='word_1_116' title='bbox 1983 267 2016 295; x_wconf 83' lang='lat' dir='ltr'>in</span> <span class='ocrx_word' id='word_1_117' title='bbox 2034 264 2147 295; x_wconf 83' lang='lat' dir='ltr'>beluis?</span> 
     </span>
     <span class='ocr_line' id='line_1_20' title="bbox 1199 299 2206 346; baseline -0.005 -8"><span class='ocrx_word' id='word_1_118' title='bbox 1199 316 1263 338; x_wconf 87' lang='lat' dir='ltr'>non</span> <span class='ocrx_word' id='word_1_119' title='bbox 1276 306 1327 346; x_wconf 83' lang='lat' dir='ltr'>suo</span> <span class='ocrx_word' id='word_1_120' title='bbox 1338 304 1466 346; x_wconf 64' lang='lat' dir='ltr'>quasique</span> <span class='ocrx_word' id='word_1_121' title='bbox 1468 305 1564 344; x_wconf 75' lang='lat' dir='ltr'>generi</span> <span class='ocrx_word' id='word_1_122' title='bbox 1570 301 1730 345; x_wconf 47' lang='lat' dir='ltr'>plurimam</span> <span class='ocrx_word' id='word_1_123' title='bbox 1739 304 1894 336; x_wconf 78' lang='lat' dir='ltr'>tributuras</span> <span class='ocrx_word' id='word_1_124' title='bbox 1902 305 1989 337; x_wconf 84' lang='lat' dir='ltr'>fuisse</span> <span class='ocrx_word' id='word_1_125' title='bbox 2004 309 2015 336; x_wconf 90' lang='lat'>?</span> <span class='ocrx_word' id='word_1_126' title='bbox 2032 309 2070 336; x_wconf 87' lang='lat' dir='ltr'>At</span> <span class='ocrx_word' id='word_1_127' title='bbox 2081 315 2147 336; x_wconf 86' lang='lat' dir='ltr'>rne-</span> <span class='ocrx_word' id='word_1_128' title='bbox 2165 299 2206 334; x_wconf 73' lang='lat'>28</span> 
     </span>
     <span class='ocr_line' id='line_1_21' title="bbox 1199 345 2150 388; baseline -0.001 -9"><span class='ocrx_word' id='word_1_129' title='bbox 1199 348 1318 379; x_wconf 81' lang='lat' dir='ltr'>hercule</span> <span class='ocrx_word' id='word_1_130' title='bbox 1327 357 1383 386; x_wconf 86' lang='lat' dir='ltr'>ego</span> <span class='ocrx_word' id='word_1_131' title='bbox 1403 345 1522 385; x_wconf 87' lang='lat' dir='ltr'>(dicam</span> <span class='ocrx_word' id='word_1_132' title='bbox 1534 348 1636 379; x_wconf 85' lang='lat' dir='ltr'>enim,</span> <span class='ocrx_word' id='word_1_133' title='bbox 1657 354 1690 376; x_wconf 91' lang='lat' dir='ltr'>ut</span> <span class='ocrx_word' id='word_1_134' title='bbox 1702 345 1815 386; x_wconf 88' lang='lat' dir='ltr'>sentio)</span> <span class='ocrx_word' id='word_1_135' title='bbox 1830 346 2150 388; x_wconf 80' lang='lat' dir='ltr'>quamvisamemipfe</span> 
     </span>
    </p>
   </div>
   <div class='ocr_carea' id='block_1_10' title="bbox 1177 387 2154 520">
    <p class='ocr_par' dir='ltr' id='par_1_10' title="bbox 1177 387 2154 520">
     <span class='ocr_line' id='line_1_22' title="bbox 1177 387 2151 433; baseline -0.001 -12"><span class='ocrx_word' id='word_1_136' title='bbox 1177 394 1179 433; x_wconf 44' lang='grc' dir='ltr'>ζ</span> <span class='ocrx_word' id='word_1_137' title='bbox 1203 400 1263 424; x_wconf 86' lang='lat' dir='ltr'>me,</span> <span class='ocrx_word' id='word_1_138' title='bbox 1273 398 1376 420; x_wconf 84' lang='lat' dir='ltr'>tamen</span> <span class='ocrx_word' id='word_1_139' title='bbox 1385 397 1449 418; x_wconf 87' lang='lat' dir='ltr'>non</span> <span class='ocrx_word' id='word_1_140' title='bbox 1458 387 1552 418; x_wconf 82' lang='lat' dir='ltr'>audeo</span> <span class='ocrx_word' id='word_1_141' title='bbox 1562 387 1671 420; x_wconf 86' lang='lat' dir='ltr'>dicere,</span> <span class='ocrx_word' id='word_1_142' title='bbox 1684 387 1888 428; x_wconf 81' lang='lat' dir='ltr'>pulchriorem</span> <span class='ocrx_word' id='word_1_143' title='bbox 1897 388 1954 420; x_wconf 81' lang='lat' dir='ltr'>effe</span> <span class='ocrx_word' id='word_1_144' title='bbox 1964 399 2024 424; x_wconf 91' lang='lat' dir='ltr'>me,</span> <span class='ocrx_word' id='word_1_145' title='bbox 2036 393 2049 418; x_wconf 88' lang='lat'><em>5</em></span> <span class='ocrx_word' id='word_1_146' title='bbox 2058 392 2151 430; x_wconf 75' lang='lat' dir='ltr'>quam</span> 
     </span>
     <span class='ocr_line' id='line_1_23' title="bbox 1178 429 2152 483; baseline -0.002 -20"><span class='ocrx_word' id='word_1_147' title='bbox 1178 465 1180 483; x_wconf 39' lang='lat'>4</span> <span class='ocrx_word' id='word_1_148' title='bbox 1200 432 1252 462; x_wconf 86' lang='lat' dir='ltr'>ille</span> <span class='ocrx_word' id='word_1_149' title='bbox 1266 431 1463 478; x_wconf 29' lang='lat' dir='ltr'>fuerit-taurus</span> <span class='ocrx_word' id='word_1_150' title='bbox 1475 449 1483 463; x_wconf 87' lang='lat'><strong><em>‚</em></strong></span> <span class='ocrx_word' id='word_1_151' title='bbox 1495 431 1547 470; x_wconf 90' lang='lat' dir='ltr'>qui</span> <span class='ocrx_word' id='word_1_152' title='bbox 1556 429 1642 460; x_wconf 81' lang='lat' dir='ltr'>vexit</span> <span class='ocrx_word' id='word_1_153' title='bbox 1655 431 1815 470; x_wconf 87' lang='lat' dir='ltr'>Europam.</span> <span class='ocrx_word' id='word_1_154' title='bbox 1837 432 1912 460; x_wconf 89' lang='lat' dir='ltr'>Non</span> <span class='ocrx_word' id='word_1_155' title='bbox 1921 433 2005 462; x_wconf 89' lang='lat' dir='ltr'>enim</span> <span class='ocrx_word' id='word_1_156' title='bbox 2016 431 2152 462; x_wconf 85' lang='lat' dir='ltr'>hocloco</span> 
     </span>
     <span class='ocr_line' id='line_1_24' title="bbox 1180 470 2154 520; baseline -0.003 -15"><span class='ocrx_word' id='word_1_157' title='bbox 1180 501 1182 520; x_wconf 49' lang='grc' dir='ltr'>Ι</span> <span class='ocrx_word' id='word_1_158' title='bbox 1200 474 1237 505; x_wconf 87' lang='lat' dir='ltr'>dc</span> <span class='ocrx_word' id='word_1_159' title='bbox 1247 474 1377 515; x_wconf 87' lang='lat' dir='ltr'>ingeniis</span> <span class='ocrx_word' id='word_1_160' title='bbox 1388 492 1397 506; x_wconf 85' lang='lat'><strong>,</strong></span> <span class='ocrx_word' id='word_1_161' title='bbox 1415 480 1465 502; x_wconf 85' lang='lat' dir='ltr'>aut</span> <span class='ocrx_word' id='word_1_162' title='bbox 1472 471 1509 502; x_wconf 89' lang='lat' dir='ltr'>de</span> <span class='ocrx_word' id='word_1_163' title='bbox 1518 470 1706 501; x_wconf 85' lang='lat' dir='ltr'>orationibus</span> <span class='ocrx_word' id='word_1_164' title='bbox 1715 470 1822 501; x_wconf 84' lang='lat' dir='ltr'>nostris</span> <span class='ocrx_word' id='word_1_165' title='bbox 1832 491 1840 505; x_wconf 94' lang='lat'>‚</span> <span class='ocrx_word' id='word_1_166' title='bbox 1854 471 1902 501; x_wconf 91' lang='lat' dir='ltr'>sed</span> <span class='ocrx_word' id='word_1_167' title='bbox 1910 471 1946 501; x_wconf 90' lang='lat' dir='ltr'>de</span> <span class='ocrx_word' id='word_1_168' title='bbox 1958 473 2063 512; x_wconf 86' lang='lat' dir='ltr'>specie,</span> <span class='ocrx_word' id='word_1_169' title='bbox 2077 471 2154 514; x_wconf 83' lang='lat' dir='ltr'>figu-</span> 
     </span>
    </p>
   </div>
   <div class='ocr_carea' id='block_1_11' title="bbox 1181 511 2154 556">
    <p class='ocr_par' dir='ltr' id='par_1_11' title="bbox 1181 511 2154 556">
     <span class='ocr_line' id='line_1_25' title="bbox 1181 511 2154 556; baseline -0.003 -11"><span class='ocrx_word' id='word_1_170' title='bbox 1181 524 1183 527; x_wconf 90' lang='lat'>·</span> <span class='ocrx_word' id='word_1_171' title='bbox 1200 525 1287 556; x_wconf 80' lang='lat' dir='ltr'>raque</span> <span class='ocrx_word' id='word_1_172' title='bbox 1300 516 1451 555; x_wconf 83' lang='lat' dir='ltr'>quaeritur.</span> <span class='ocrx_word' id='word_1_173' title='bbox 1474 513 1566 554; x_wconf 80' lang='lat' dir='ltr'>Qod</span> <span class='ocrx_word' id='word_1_174' title='bbox 1579 511 1722 554; x_wconf 82' lang='lat' dir='ltr'>fi&#39;fingere</span> <span class='ocrx_word' id='word_1_175' title='bbox 1732 512 1822 543; x_wconf 85' lang='lat' dir='ltr'>nobis</span> <span class='ocrx_word' id='word_1_176' title='bbox 1834 532 1842 546; x_wconf 89' lang='lat'><em>‚</em></span> <span class='ocrx_word' id='word_1_177' title='bbox 1861 512 2025 553; x_wconf 71' lang='lat' dir='ltr'>&amp;jungere</span> <span class='ocrx_word' id='word_1_178' title='bbox 2040 514 2154 545; x_wconf 82' lang='lat' dir='ltr'>formas</span> 
     </span>
    </p>
   </div>
   <div class='ocr_carea' id='block_1_12' title="bbox 214 555 2157 606">
    <p class='ocr_par' dir='ltr' id='par_1_12' title="bbox 214 555 2157 606">
     <span class='ocr_line' id='line_1_26' title="bbox 214 555 2157 606; baseline -0.013 -3"><span class='ocrx_word' id='word_1_179' title='bbox 214 575 302 603; x_wconf 79' lang='lat' dir='ltr'>inane</span> <span class='ocrx_word' id='word_1_180' title='bbox 313 591 321 605; x_wconf 89' lang='lat'>‚</span> <span class='ocrx_word' id='word_1_181' title='bbox 343 570 487 606; x_wconf 51' lang='lat' dir='ltr'>imagines</span> <span class='ocrx_word' id='word_1_182' title='bbox 498 586 506 599; x_wconf 89' lang='lat'>,</span> <span class='ocrx_word' id='word_1_183' title='bbox 532 563 712 594; x_wconf 80' lang='lat' dir='ltr'>infinitatem</span> <span class='ocrx_word' id='word_1_184' title='bbox 724 562 864 591; x_wconf 87' lang='lat' dir='ltr'>locorum</span> <span class='ocrx_word' id='word_1_185' title='bbox 876 579 884 593; x_wconf 90' lang='lat'><em>,</em></span> <span class='ocrx_word' id='word_1_186' title='bbox 903 555 1165 589; x_wconf 83' lang='lat' dir='ltr'>innumerabilita-</span> <span class='ocrx_word' id='word_1_187' title='bbox 1180 574 1184 591; x_wconf 45' lang='grc' dir='ltr'>Ἰ</span> <span class='ocrx_word' id='word_1_188' title='bbox 1202 559 1343 588; x_wconf 78' lang='lat' dir='ltr'>velimus:</span> <span class='ocrx_word' id='word_1_189' title='bbox 1360 556 1456 596; x_wconf 84' lang='lat' dir='ltr'>qualis</span> <span class='ocrx_word' id='word_1_190' title='bbox 1466 555 1518 585; x_wconf 89' lang='lat' dir='ltr'>ille</span> <span class='ocrx_word' id='word_1_191' title='bbox 1529 556 1698 585; x_wconf 88' lang='lat' dir='ltr'>maritimus</span> <span class='ocrx_word' id='word_1_192' title='bbox 1706 556 1817 585; x_wconf 79' lang='lat' dir='ltr'>Triton</span> <span class='ocrx_word' id='word_1_193' title='bbox 1827 556 1959 596; x_wconf 78' lang='lat' dir='ltr'>pingitur</span> <span class='ocrx_word' id='word_1_194' title='bbox 1968 573 1977 588; x_wconf 90' lang='lat'>‚</span> <span class='ocrx_word' id='word_1_195' title='bbox 1988 556 2157 586; x_wconf 53' lang='lat' dir='ltr'>natantibus</span> 
     </span>
    </p>
   </div>
   <div class='ocr_carea' id='block_1_13' title="bbox 216 595 1162 696">
    <p class='ocr_par' dir='ltr' id='par_1_13' title="bbox 216 595 1162 696">
     <span class='ocr_line' id='line_1_27' title="bbox 216 595 1162 654; baseline -0.021 -9"><span class='ocrx_word' id='word_1_196' title='bbox 216 623 336 654; x_wconf 87' lang='lat' dir='ltr'>temque</span> <span class='ocrx_word' id='word_1_197' title='bbox 349 609 532 641; x_wconf 85' lang='lat' dir='ltr'>mundorum</span> <span class='ocrx_word' id='word_1_198' title='bbox 544 626 551 639; x_wconf 83' lang='lat'>‚</span> <span class='ocrx_word' id='word_1_199' title='bbox 563 613 668 635; x_wconf 89' lang='lat' dir='ltr'>eorum</span> <span class='ocrx_word' id='word_1_200' title='bbox 681 613 762 634; x_wconf 89' lang='lat' dir='ltr'>ortus</span> <span class='ocrx_word' id='word_1_201' title='bbox 777 622 784 636; x_wconf 86' lang='lat'><em>,</em></span> <span class='ocrx_word' id='word_1_202' title='bbox 806 602 944 632; x_wconf 88' lang='lat' dir='ltr'>interitus</span> <span class='ocrx_word' id='word_1_203' title='bbox 957 620 965 634; x_wconf 90' lang='lat'><em>,</em></span> <span class='ocrx_word' id='word_1_204' title='bbox 975 601 1079 629; x_wconf 87' lang='lat' dir='ltr'>omnia</span> <span class='ocrx_word' id='word_1_205' title='bbox 1089 595 1162 629; x_wconf 78' lang='lat' dir='ltr'>fere,</span> 
     </span>
     <span class='ocr_line' id='line_1_28' title="bbox 217 656 547 696; baseline -0.027 -10"><span class='ocrx_word' id='word_1_206' title='bbox 217 656 325 696; x_wconf 80' lang='lat' dir='ltr'>quibus</span> <span class='ocrx_word' id='word_1_207' title='bbox 345 661 454 681; x_wconf 75' lang='lat' dir='ltr'>natura:</span> <span class='ocrx_word' id='word_1_208' title='bbox 474 658 547 678; x_wconf 86' lang='lat' dir='ltr'>ratio</span> 
     </span>
    </p>
   </div>
   <div class='ocr_carea' id='block_1_14' title="bbox 218 694 548 735">
    <p class='ocr_par' dir='ltr' id='par_1_14' title="bbox 218 694 548 735">
     <span class='ocr_line' id='line_1_29' title="bbox 218 694 548 735; baseline -0.021 -11"><span class='ocrx_word' id='word_1_209' title='bbox 218 698 250 727; x_wconf 66' lang='grc' dir='ltr'>ἃς</span> <span class='ocrx_word' id='word_1_210' title='bbox 272 695 351 735; x_wconf 68' lang='lat' dir='ltr'>quafi</span> <span class='ocrx_word' id='word_1_211' title='bbox 362 694 525 732; x_wconf 68' lang='lat' dir='ltr'>fiirigusncm</span> <span class='ocrx_word' id='word_1_212' title='bbox 540 709 548 722; x_wconf 87' lang='lat'>,</span> 
     </span>
    </p>
   </div>
   <div class='ocr_carea' id='block_1_15' title="bbox 218 721 1186 774">
    <p class='ocr_par' dir='ltr' id='par_1_15' title="bbox 218 721 1186 774">
     <span class='ocr_line' id='line_1_30' title="bbox 218 721 1186 774; baseline -0.019 -6"><span class='ocrx_word' id='word_1_213' title='bbox 218 741 345 768; x_wconf 77' lang='lat' dir='ltr'>melius.</span> <span class='ocrx_word' id='word_1_214' title='bbox 367 743 456 774; x_wconf 77' lang='lat' dir='ltr'>quam</span> <span class='ocrx_word' id='word_1_215' title='bbox 484 741 532 761; x_wconf 84' lang='lat' dir='ltr'>me</span> <span class='ocrx_word' id='word_1_216' title='bbox 544 751 552 764; x_wconf 87' lang='lat'><em>‚</em></span> <span class='ocrx_word' id='word_1_217' title='bbox 573 740 635 760; x_wconf 90' lang='lat' dir='ltr'>non</span> <span class='ocrx_word' id='word_1_218' title='bbox 654 728 747 759; x_wconf 82' lang='lat' dir='ltr'>fateor</span> <span class='ocrx_word' id='word_1_219' title='bbox 763 726 882 760; x_wconf 76' lang='lat' dir='ltr'>solum,</span> <span class='ocrx_word' id='word_1_220' title='bbox 911 725 959 756; x_wconf 90' lang='lat' dir='ltr'>sed</span> <span class='ocrx_word' id='word_1_221' title='bbox 977 726 1068 755; x_wconf 88' lang='lat' dir='ltr'>etiam</span> <span class='ocrx_word' id='word_1_222' title='bbox 1079 721 1166 752; x_wconf 75' lang='lat' dir='ltr'>facile</span> <span class='ocrx_word' id='word_1_223' title='bbox 1184 737 1186 740; x_wconf 40' lang='grc' dir='ltr'><strong>ν</strong></span> 
     </span>
    </p>
   </div>
   <div class='ocr_carea' id='block_1_16' title="bbox 218 762 1167 856">
    <p class='ocr_par' dir='ltr' id='par_1_16' title="bbox 218 762 1167 856">
     <span class='ocr_line' id='line_1_31' title="bbox 218 762 1164 819; baseline -0.018 -10"><span class='ocrx_word' id='word_1_224' title='bbox 218 789 319 819; x_wconf 58' lang='lat' dir='ltr'>pauore</span> <span class='ocrx_word' id='word_1_225' title='bbox 343 778 419 806; x_wconf 80' lang='lat' dir='ltr'>Cum</span> <span class='ocrx_word' id='word_1_226' title='bbox 442 773 564 814; x_wconf 89' lang='lat' dir='ltr'>quidem</span> <span class='ocrx_word' id='word_1_227' title='bbox 583 771 675 802; x_wconf 84' lang='lat' dir='ltr'>semel</span> <span class='ocrx_word' id='word_1_228' title='bbox 695 769 774 800; x_wconf 64' lang='lat' dir='ltr'>dieta</span> <span class='ocrx_word' id='word_1_229' title='bbox 792 770 879 802; x_wconf 89' lang='lat' dir='ltr'>sunt,</span> <span class='ocrx_word' id='word_1_230' title='bbox 900 767 972 808; x_wconf 87' lang='lat' dir='ltr'>quid</span> <span class='ocrx_word' id='word_1_231' title='bbox 995 765 1058 798; x_wconf 88' lang='lat' dir='ltr'>est,</span> <span class='ocrx_word' id='word_1_232' title='bbox 1082 762 1164 805; x_wconf 92' lang='lat' dir='ltr'>quod</span> 
     </span>
     <span class='ocr_line' id='line_1_32' title="bbox 218 808 1167 856; baseline -0.017 -6"><span class='ocrx_word' id='word_1_233' title='bbox 218 821 349 853; x_wconf 70' lang='lat' dir='ltr'>Velleius</span> <span class='ocrx_word' id='word_1_234' title='bbox 368 812 641 856; x_wconf 60' lang='lat' dir='ltr'>intelligeremini,</span> <span class='ocrx_word' id='word_1_235' title='bbox 652 815 737 843; x_wconf 90' lang='lat' dir='ltr'>Cotta</span> <span class='ocrx_word' id='word_1_236' title='bbox 747 821 809 842; x_wconf 92' lang='lat' dir='ltr'>non</span> <span class='ocrx_word' id='word_1_237' title='bbox 818 808 927 851; x_wconf 78' lang='lat' dir='ltr'>poffit?</span> <span class='ocrx_word' id='word_1_238' title='bbox 949 811 1050 848; x_wconf 85' lang='lat' dir='ltr'>Itaque</span> <span class='ocrx_word' id='word_1_239' title='bbox 1060 813 1167 845; x_wconf 87' lang='lat' dir='ltr'>corpus</span> 
     </span>
    </p>
   </div>
   <div class='ocr_carea' id='block_1_17' title="bbox 218 844 1187 902">
    <p class='ocr_par' dir='ltr' id='par_1_17' title="bbox 218 844 1187 902">
     <span class='ocr_line' id='line_1_33' title="bbox 218 844 1187 902; baseline -0.017 -11"><span class='ocrx_word' id='word_1_240' title='bbox 218 862 289 902; x_wconf 88' lang='lat' dir='ltr'>quid</span> <span class='ocrx_word' id='word_1_241' title='bbox 303 860 333 889; x_wconf 85' lang='lat' dir='ltr'>sit</span> <span class='ocrx_word' id='word_1_242' title='bbox 347 879 355 893; x_wconf 85' lang='lat'>‚</span> <span class='ocrx_word' id='word_1_243' title='bbox 375 859 490 898; x_wconf 83' lang='lat' dir='ltr'>sanguis</span> <span class='ocrx_word' id='word_1_244' title='bbox 499 856 572 897; x_wconf 89' lang='lat' dir='ltr'>quid</span> <span class='ocrx_word' id='word_1_245' title='bbox 584 853 616 886; x_wconf 89' lang='lat' dir='ltr'>sit</span> <span class='ocrx_word' id='word_1_246' title='bbox 625 875 634 889; x_wconf 92' lang='lat'>‚</span> <span class='ocrx_word' id='word_1_247' title='bbox 650 854 803 895; x_wconf 86' lang='lat' dir='ltr'>intelligo:</span> <span class='ocrx_word' id='word_1_248' title='bbox 817 849 895 893; x_wconf 90' lang='lat' dir='ltr'>quasi</span> <span class='ocrx_word' id='word_1_249' title='bbox 904 859 1011 890; x_wconf 85' lang='lat' dir='ltr'>corpus</span> <span class='ocrx_word' id='word_1_250' title='bbox 1022 869 1029 882; x_wconf 68' lang='lat'>2</span> <span class='ocrx_word' id='word_1_251' title='bbox 1043 848 1075 878; x_wconf 92' lang='lat'>&amp;</span> <span class='ocrx_word' id='word_1_252' title='bbox 1087 844 1166 888; x_wconf 84' lang='lat' dir='ltr'>quasi</span> <span class='ocrx_word' id='word_1_253' title='bbox 1186 854 1187 866; x_wconf 64' lang='lat'><strong>³</strong></span> 
     </span>
    </p>
   </div>
   <div class='ocr_carea' id='block_1_18' title="bbox 217 893 1190 2522">
    <p class='ocr_par' dir='ltr' id='par_1_18' title="bbox 217 893 1190 2522">
     <span class='ocr_line' id='line_1_34' title="bbox 218 893 1168 942; baseline -0.017 -9"><span class='ocrx_word' id='word_1_254' title='bbox 218 904 333 942; x_wconf 75' lang='lat' dir='ltr'>sanguis</span> <span class='ocrx_word' id='word_1_255' title='bbox 344 920 352 934; x_wconf 88' lang='lat'><em>‚</em></span> <span class='ocrx_word' id='word_1_256' title='bbox 363 901 435 941; x_wconf 90' lang='lat' dir='ltr'>quid</span> <span class='ocrx_word' id='word_1_257' title='bbox 446 898 479 928; x_wconf 85' lang='lat' dir='ltr'>fit</span> <span class='ocrx_word' id='word_1_258' title='bbox 489 919 496 932; x_wconf 91' lang='lat'><em>‚</em></span> <span class='ocrx_word' id='word_1_259' title='bbox 510 898 596 928; x_wconf 91' lang='lat' dir='ltr'>nullo</span> <span class='ocrx_word' id='word_1_260' title='bbox 607 896 724 937; x_wconf 89' lang='lat' dir='ltr'>prorsus</span> <span class='ocrx_word' id='word_1_261' title='bbox 740 894 834 925; x_wconf 90' lang='lat' dir='ltr'>modo</span> <span class='ocrx_word' id='word_1_262' title='bbox 847 893 993 934; x_wconf 85' lang='lat' dir='ltr'>intelligo.</span> <span class='ocrx_word' id='word_1_263' title='bbox 1017 893 1126 930; x_wconf 86' lang='lat' dir='ltr'><strong>Neque</strong></span> <span class='ocrx_word' id='word_1_264' title='bbox 1135 897 1168 917; x_wconf 91' lang='lat' dir='ltr'>tu</span> 
     </span>
     <span class='ocr_line' id='line_1_35' title="bbox 218 930 1168 980; baseline -0.016 -6"><span class='ocrx_word' id='word_1_265' title='bbox 218 954 268 974; x_wconf 91' lang='lat' dir='ltr'>me</span> <span class='ocrx_word' id='word_1_266' title='bbox 278 944 353 974; x_wconf 89' lang='lat' dir='ltr'>celas</span> <span class='ocrx_word' id='word_1_267' title='bbox 363 962 372 976; x_wconf 91' lang='lat'>‚</span> <span class='ocrx_word' id='word_1_268' title='bbox 392 950 425 972; x_wconf 90' lang='lat' dir='ltr'>ut</span> <span class='ocrx_word' id='word_1_269' title='bbox 433 942 608 980; x_wconf 84' lang='lat' dir='ltr'>Pythagoras</span> <span class='ocrx_word' id='word_1_270' title='bbox 620 937 729 969; x_wconf 81' lang='lat' dir='ltr'>solebat</span> <span class='ocrx_word' id='word_1_271' title='bbox 738 937 852 967; x_wconf 90' lang='lat' dir='ltr'>alienos</span> <span class='ocrx_word' id='word_1_272' title='bbox 864 946 870 964; x_wconf 89' lang='lat'><strong>:</strong></span> <span class='ocrx_word' id='word_1_273' title='bbox 881 944 934 965; x_wconf 88' lang='lat' dir='ltr'>nec</span> <span class='ocrx_word' id='word_1_274' title='bbox 945 931 1082 964; x_wconf 75' lang='lat' dir='ltr'>consulto</span> <span class='ocrx_word' id='word_1_275' title='bbox 1094 930 1168 961; x_wconf 89' lang='lat' dir='ltr'>dicis</span> 
     </span>
     <span class='ocr_line' id='line_1_36' title="bbox 217 971 1170 1024; baseline -0.015 -8"><span class='ocrx_word' id='word_1_276' title='bbox 217 986 334 1016; x_wconf 77' lang='lat' dir='ltr'>occulte</span> <span class='ocrx_word' id='word_1_277' title='bbox 345 1004 354 1018; x_wconf 71' lang='grc'>,</span> <span class='ocrx_word' id='word_1_278' title='bbox 375 992 515 1024; x_wconf 80' lang='lat' dir='ltr'>tanquam</span> <span class='ocrx_word' id='word_1_279' title='bbox 526 982 711 1011; x_wconf 81' lang='lat' dir='ltr'>Heraclitus:</span> <span class='ocrx_word' id='word_1_280' title='bbox 732 978 780 1009; x_wconf 90' lang='lat' dir='ltr'>sed</span> <span class='ocrx_word' id='word_1_281' title='bbox 797 976 899 1018; x_wconf 91' lang='lat' dir='ltr'>(quod</span> <span class='ocrx_word' id='word_1_282' title='bbox 908 978 986 1006; x_wconf 89' lang='lat' dir='ltr'>inter</span> <span class='ocrx_word' id='word_1_283' title='bbox 1005 984 1061 1004; x_wconf 87' lang='lat' dir='ltr'>nos</span> <span class='ocrx_word' id='word_1_284' title='bbox 1071 971 1170 1010; x_wconf 83' lang='lat' dir='ltr'>liceat)</span> 
     </span>
     <span class='ocr_line' id='line_1_37' title="bbox 221 1016 1172 1067; baseline -0.016 -9"><span class='ocrx_word' id='word_1_285' title='bbox 221 1038 256 1058; x_wconf 87' lang='lat' dir='ltr'>ne</span> <span class='ocrx_word' id='word_1_286' title='bbox 270 1036 300 1057; x_wconf 93' lang='lat' dir='ltr'>tu</span> <span class='ocrx_word' id='word_1_287' title='bbox 310 1025 432 1067; x_wconf 89' lang='lat' dir='ltr'>quidem</span> <span class='ocrx_word' id='word_1_288' title='bbox 444 1024 595 1064; x_wconf 81' lang='lat' dir='ltr'>intelligis.</span> <span class='ocrx_word' id='word_1_289' title='bbox 619 1021 698 1052; x_wconf 91' lang='lat' dir='ltr'>Illud</span> <span class='ocrx_word' id='word_1_290' title='bbox 713 1019 801 1050; x_wconf 89' lang='lat' dir='ltr'>video</span> <span class='ocrx_word' id='word_1_291' title='bbox 811 1027 941 1060; x_wconf 87' lang='lat' dir='ltr'>pugnare</span> <span class='ocrx_word' id='word_1_292' title='bbox 951 1026 978 1047; x_wconf 92' lang='lat' dir='ltr'>te</span> <span class='ocrx_word' id='word_1_293' title='bbox 987 1037 995 1051; x_wconf 92' lang='lat'>‚</span> <span class='ocrx_word' id='word_1_294' title='bbox 1017 1016 1129 1056; x_wconf 87' lang='lat' dir='ltr'>species</span> <span class='ocrx_word' id='word_1_295' title='bbox 1139 1021 1172 1043; x_wconf 88' lang='lat' dir='ltr'>ut</span> 
     </span>
     <span class='ocr_line' id='line_1_38' title="bbox 218 1054 1172 1110; baseline -0.016 -11"><span class='ocrx_word' id='word_1_296' title='bbox 218 1068 354 1110; x_wconf 81' lang='lat' dir='ltr'>quaedam</span> <span class='ocrx_word' id='word_1_297' title='bbox 375 1066 409 1096; x_wconf 90' lang='lat' dir='ltr'>sit</span> <span class='ocrx_word' id='word_1_298' title='bbox 427 1066 553 1095; x_wconf 88' lang='lat' dir='ltr'>deorum</span> <span class='ocrx_word' id='word_1_299' title='bbox 570 1084 578 1098; x_wconf 93' lang='lat'>‚</span> <span class='ocrx_word' id='word_1_300' title='bbox 599 1073 665 1105; x_wconf 74' lang='lat' dir='ltr'>qua:</span> <span class='ocrx_word' id='word_1_301' title='bbox 693 1061 771 1092; x_wconf 85' lang='lat' dir='ltr'>nihil</span> <span class='ocrx_word' id='word_1_302' title='bbox 788 1062 921 1092; x_wconf 86' lang='lat' dir='ltr'>concreti</span> <span class='ocrx_word' id='word_1_303' title='bbox 940 1059 1061 1091; x_wconf 87' lang='lat' dir='ltr'>habeat,</span> <span class='ocrx_word' id='word_1_304' title='bbox 1092 1054 1172 1086; x_wconf 86' lang='lat' dir='ltr'>nihil</span> 
     </span>
     <span class='ocr_line' id='line_1_39' title="bbox 220 1098 1172 1147; baseline -0.016 -6"><span class='ocrx_word' id='word_1_305' title='bbox 220 1110 307 1142; x_wconf 73' lang='lat' dir='ltr'>solidi</span> <span class='ocrx_word' id='word_1_306' title='bbox 323 1129 331 1143; x_wconf 86' lang='lat'>‚</span> <span class='ocrx_word' id='word_1_307' title='bbox 351 1105 580 1147; x_wconf 86' lang='lat' dir='ltr'>nihilexpreffi,</span> <span class='ocrx_word' id='word_1_308' title='bbox 602 1104 680 1136; x_wconf 88' lang='lat' dir='ltr'>nihil</span> <span class='ocrx_word' id='word_1_309' title='bbox 697 1105 861 1134; x_wconf 90' lang='lat' dir='ltr'>eminentis</span> <span class='ocrx_word' id='word_1_310' title='bbox 876 1122 885 1136; x_wconf 83' lang='lat'><em>,</em></span> <span class='ocrx_word' id='word_1_311' title='bbox 905 1100 997 1141; x_wconf 87' lang='lat' dir='ltr'>sitque</span> <span class='ocrx_word' id='word_1_312' title='bbox 1016 1108 1106 1139; x_wconf 78' lang='lat' dir='ltr'>pura,</span> <span class='ocrx_word' id='word_1_313' title='bbox 1129 1098 1172 1127; x_wconf 87' lang='lat' dir='ltr'>le-</span> 
     </span>
     <span class='ocr_line' id='line_1_40' title="bbox 221 1141 1174 1191; baseline -0.015 -9"><span class='ocrx_word' id='word_1_314' title='bbox 221 1155 267 1183; x_wconf 77' lang='lat' dir='ltr'>vis</span> <span class='ocrx_word' id='word_1_315' title='bbox 279 1171 286 1185; x_wconf 92' lang='lat'>,</span> <span class='ocrx_word' id='word_1_316' title='bbox 300 1149 456 1191; x_wconf 88' lang='lat' dir='ltr'>perlucida.</span> <span class='ocrx_word' id='word_1_317' title='bbox 481 1150 628 1178; x_wconf 87' lang='lat' dir='ltr'>Dicemus</span> <span class='ocrx_word' id='word_1_318' title='bbox 637 1155 707 1187; x_wconf 90' lang='lat' dir='ltr'>ergo</span> <span class='ocrx_word' id='word_1_319' title='bbox 716 1145 796 1175; x_wconf 90' lang='lat' dir='ltr'>idem</span> <span class='ocrx_word' id='word_1_320' title='bbox 809 1166 817 1179; x_wconf 96' lang='lat'>,</span> <span class='ocrx_word' id='word_1_321' title='bbox 828 1143 909 1185; x_wconf 92' lang='lat' dir='ltr'>quod</span> <span class='ocrx_word' id='word_1_322' title='bbox 922 1145 954 1173; x_wconf 95' lang='lat' dir='ltr'>in</span> <span class='ocrx_word' id='word_1_323' title='bbox 963 1145 1079 1171; x_wconf 85' lang='lat' dir='ltr'>Venere</span> <span class='ocrx_word' id='word_1_324' title='bbox 1091 1141 1156 1169; x_wconf 87' lang='lat' dir='ltr'>Coa</span> <span class='ocrx_word' id='word_1_325' title='bbox 1168 1149 1174 1166; x_wconf 75' lang='lat' dir='ltr'>z</span> 
     </span>
     <span class='ocr_line' id='line_1_41' title="bbox 225 1180 1173 1235; baseline -0.015 -11"><span class='ocrx_word' id='word_1_326' title='bbox 225 1202 319 1235; x_wconf 74' lang='lat' dir='ltr'>corpus</span> <span class='ocrx_word' id='word_1_327' title='bbox 337 1192 405 1222; x_wconf 68' lang='lat' dir='ltr'>iliud</span> <span class='ocrx_word' id='word_1_328' title='bbox 421 1201 473 1220; x_wconf 79' lang='lat' dir='ltr'>non</span> <span class='ocrx_word' id='word_1_329' title='bbox 490 1189 534 1219; x_wconf 64' lang='lat' dir='ltr'>ef}</span> <span class='ocrx_word' id='word_1_330' title='bbox 547 1210 557 1223; x_wconf 84' lang='lat'>,</span> <span class='ocrx_word' id='word_1_331' title='bbox 579 1188 628 1229; x_wconf 80' lang='lat' dir='ltr'>fed</span> <span class='ocrx_word' id='word_1_332' title='bbox 638 1187 732 1229; x_wconf 82' lang='lat' dir='ltr'>fimile</span> <span class='ocrx_word' id='word_1_333' title='bbox 750 1194 872 1229; x_wconf 76' lang='lat' dir='ltr'>corpori:</span> <span class='ocrx_word' id='word_1_334' title='bbox 893 1194 947 1215; x_wconf 90' lang='lat' dir='ltr'>nec</span> <span class='ocrx_word' id='word_1_335' title='bbox 958 1184 1008 1214; x_wconf 90' lang='lat' dir='ltr'>ille</span> <span class='ocrx_word' id='word_1_336' title='bbox 1018 1182 1119 1215; x_wconf 88' lang='lat' dir='ltr'>fusus,</span> <span class='ocrx_word' id='word_1_337' title='bbox 1140 1180 1173 1210; x_wconf 90' lang='lat'>&amp;</span> 
     </span>
     <span class='ocr_line' id='line_1_42' title="bbox 219 1224 1174 1271; baseline -0.015 -6"><span class='ocrx_word' id='word_1_338' title='bbox 219 1235 347 1266; x_wconf 84' lang='lat' dir='ltr'>candore</span> <span class='ocrx_word' id='word_1_339' title='bbox 357 1235 474 1263; x_wconf 82' lang='lat' dir='ltr'>mixtus</span> <span class='ocrx_word' id='word_1_340' title='bbox 484 1232 575 1262; x_wconf 88' lang='lat' dir='ltr'>rubor</span> <span class='ocrx_word' id='word_1_341' title='bbox 589 1251 597 1265; x_wconf 87' lang='lat'>,</span> <span class='ocrx_word' id='word_1_342' title='bbox 609 1231 726 1271; x_wconf 88' lang='lat' dir='ltr'>sanguis</span> <span class='ocrx_word' id='word_1_343' title='bbox 735 1227 777 1259; x_wconf 89' lang='lat' dir='ltr'>est</span> <span class='ocrx_word' id='word_1_344' title='bbox 791 1248 798 1262; x_wconf 83' lang='lat'>‚</span> <span class='ocrx_word' id='word_1_345' title='bbox 820 1227 868 1258; x_wconf 88' lang='lat' dir='ltr'>sed</span> <span class='ocrx_word' id='word_1_346' title='bbox 879 1225 1014 1268; x_wconf 73' lang='lat' dir='ltr'>quaedam</span> <span class='ocrx_word' id='word_1_347' title='bbox 1024 1224 1174 1263; x_wconf 88' lang='lat' dir='ltr'>sanguinis</span> 
     </span>
     <span class='ocr_line' id='line_1_43' title="bbox 220 1263 1175 1314; baseline -0.016 -7"><span class='ocrx_word' id='word_1_348' title='bbox 220 1275 387 1308; x_wconf 82' lang='lat' dir='ltr'>similitudo</span> <span class='ocrx_word' id='word_1_349' title='bbox 401 1286 406 1304; x_wconf 90' lang='lat'>:</span> <span class='ocrx_word' id='word_1_350' title='bbox 426 1273 463 1304; x_wconf 84' lang='lat' dir='ltr'>fic</span> <span class='ocrx_word' id='word_1_351' title='bbox 474 1276 507 1304; x_wconf 88' lang='lat' dir='ltr'>in</span> <span class='ocrx_word' id='word_1_352' title='bbox 516 1275 663 1314; x_wconf 82' lang='lat' dir='ltr'>Epicureo</span> <span class='ocrx_word' id='word_1_353' title='bbox 672 1271 730 1302; x_wconf 90' lang='lat' dir='ltr'>deo</span> <span class='ocrx_word' id='word_1_354' title='bbox 740 1279 804 1301; x_wconf 88' lang='lat' dir='ltr'>non</span> <span class='ocrx_word' id='word_1_355' title='bbox 815 1279 860 1299; x_wconf 90' lang='lat' dir='ltr'>res</span> <span class='ocrx_word' id='word_1_356' title='bbox 871 1289 880 1303; x_wconf 86' lang='lat'>,</span> <span class='ocrx_word' id='word_1_357' title='bbox 900 1268 949 1299; x_wconf 91' lang='lat' dir='ltr'>sed</span> <span class='ocrx_word' id='word_1_358' title='bbox 962 1263 1175 1296; x_wconf 87' lang='lat' dir='ltr'>similitudines</span> 
     </span>
     <span class='ocr_line' id='line_1_44' title="bbox 219 1306 1175 1355; baseline -0.015 -6"><span class='ocrx_word' id='word_1_359' title='bbox 219 1327 320 1350; x_wconf 81' lang='lat' dir='ltr'>rerum</span> <span class='ocrx_word' id='word_1_360' title='bbox 333 1316 400 1348; x_wconf 84' lang='lat' dir='ltr'>effe.</span> <span class='ocrx_word' id='word_1_361' title='bbox 424 1319 491 1350; x_wconf 87' lang='lat' dir='ltr'>Fac,</span> <span class='ocrx_word' id='word_1_362' title='bbox 503 1315 544 1349; x_wconf 89' lang='lat' dir='ltr'>id,</span> <span class='ocrx_word' id='word_1_363' title='bbox 554 1313 636 1355; x_wconf 91' lang='lat' dir='ltr'>quod</span> <span class='ocrx_word' id='word_1_364' title='bbox 647 1323 684 1344; x_wconf 89' lang='lat' dir='ltr'>ne</span> <span class='ocrx_word' id='word_1_365' title='bbox 695 1313 822 1353; x_wconf 82' lang='lat' dir='ltr'>intelligi</span> <span class='ocrx_word' id='word_1_366' title='bbox 833 1310 959 1352; x_wconf 89' lang='lat' dir='ltr'>quidem</span> <span class='ocrx_word' id='word_1_367' title='bbox 969 1306 1066 1349; x_wconf 90' lang='lat' dir='ltr'>potest</span> <span class='ocrx_word' id='word_1_368' title='bbox 1077 1326 1085 1340; x_wconf 86' lang='lat'>,</span> <span class='ocrx_word' id='word_1_369' title='bbox 1097 1306 1175 1335; x_wconf 88' lang='lat' dir='ltr'>mihi</span> 
     </span>
     <span class='ocr_line' id='line_1_45' title="bbox 219 1347 1177 1400; baseline -0.014 -10"><span class='ocrx_word' id='word_1_370' title='bbox 219 1359 279 1390; x_wconf 78' lang='lat' dir='ltr'>effe</span> <span class='ocrx_word' id='word_1_371' title='bbox 299 1359 478 1400; x_wconf 83' lang='lat' dir='ltr'>persuasum.</span> <span class='ocrx_word' id='word_1_372' title='bbox 500 1356 576 1387; x_wconf 73' lang='lat' dir='ltr'>cedo</span> <span class='ocrx_word' id='word_1_373' title='bbox 601 1357 679 1385; x_wconf 89' lang='lat' dir='ltr'>mihi</span> <span class='ocrx_word' id='word_1_374' title='bbox 697 1353 824 1384; x_wconf 87' lang='lat' dir='ltr'>istorum</span> <span class='ocrx_word' id='word_1_375' title='bbox 844 1351 1091 1383; x_wconf 83' lang='lat' dir='ltr'>adumbratorum</span> <span class='ocrx_word' id='word_1_376' title='bbox 1101 1347 1177 1378; x_wconf 84' lang='lat' dir='ltr'>deo-</span> 
     </span>
     <span class='ocr_line' id='line_1_46' title="bbox 220 1390 1177 1439; baseline -0.014 -7"><span class='ocrx_word' id='word_1_377' title='bbox 220 1412 290 1433; x_wconf 80' lang='lat' dir='ltr'>rum</span> <span class='ocrx_word' id='word_1_378' title='bbox 303 1402 485 1431; x_wconf 82' lang='lat' dir='ltr'>lineamenta</span> <span class='ocrx_word' id='word_1_379' title='bbox 497 1419 505 1432; x_wconf 92' lang='lat'><em>‚</em></span> <span class='ocrx_word' id='word_1_380' title='bbox 525 1407 614 1439; x_wconf 87' lang='lat' dir='ltr'>atque</span> <span class='ocrx_word' id='word_1_381' title='bbox 624 1396 746 1427; x_wconf 82' lang='lat' dir='ltr'>formas.</span> <span class='ocrx_word' id='word_1_382' title='bbox 770 1397 846 1425; x_wconf 90' lang='lat' dir='ltr'>Non</span> <span class='ocrx_word' id='word_1_383' title='bbox 855 1392 936 1424; x_wconf 89' lang='lat' dir='ltr'>deest</span> <span class='ocrx_word' id='word_1_384' title='bbox 944 1392 1080 1422; x_wconf 89' lang='lat' dir='ltr'>hocloco</span> <span class='ocrx_word' id='word_1_385' title='bbox 1091 1390 1177 1429; x_wconf 82' lang='lat' dir='ltr'>copia</span> 
     </span>
     <span class='ocr_line' id='line_1_47' title="bbox 223 1431 1176 1483; baseline -0.016 -9"><span class='ocrx_word' id='word_1_386' title='bbox 223 1446 377 1474; x_wconf 83' lang='lat' dir='ltr'>rationum</span> <span class='ocrx_word' id='word_1_387' title='bbox 389 1462 398 1476; x_wconf 89' lang='lat'>‚</span> <span class='ocrx_word' id='word_1_388' title='bbox 418 1440 526 1483; x_wconf 88' lang='lat' dir='ltr'>quibus</span> <span class='ocrx_word' id='word_1_389' title='bbox 537 1440 646 1470; x_wconf 87' lang='lat' dir='ltr'>docere</span> <span class='ocrx_word' id='word_1_390' title='bbox 654 1439 756 1468; x_wconf 91' lang='lat' dir='ltr'>velitis</span> <span class='ocrx_word' id='word_1_391' title='bbox 767 1456 776 1471; x_wconf 88' lang='lat'><strong>,</strong></span> <span class='ocrx_word' id='word_1_392' title='bbox 798 1437 935 1466; x_wconf 78' lang='lat' dir='ltr'>humanas</span> <span class='ocrx_word' id='word_1_393' title='bbox 944 1433 1104 1473; x_wconf 70' lang='lat' dir='ltr'>ffformas</span> <span class='ocrx_word' id='word_1_394' title='bbox 1113 1431 1176 1460; x_wconf 84' lang='lat' dir='ltr'>deo-</span> 
     </span>
     <span class='ocr_line' id='line_1_48' title="bbox 220 1478 1175 1524; baseline -0.013 -9"><span class='ocrx_word' id='word_1_395' title='bbox 220 1495 286 1515; x_wconf 78' lang='lat' dir='ltr'>rum</span> <span class='ocrx_word' id='word_1_396' title='bbox 302 1495 314 1511; x_wconf 86' lang='lat'>.·</span> <span class='ocrx_word' id='word_1_397' title='bbox 330 1483 466 1524; x_wconf 79' lang='lat' dir='ltr'>primum</span> <span class='ocrx_word' id='word_1_398' title='bbox 487 1481 571 1524; x_wconf 74' lang='lat' dir='ltr'>quod</span> <span class='ocrx_word' id='word_1_399' title='bbox 581 1484 619 1511; x_wconf 86' lang='lat' dir='ltr'>ita</span> <span class='ocrx_word' id='word_1_400' title='bbox 637 1479 670 1511; x_wconf 86' lang='lat' dir='ltr'>fit</span> <span class='ocrx_word' id='word_1_401' title='bbox 686 1478 884 1510; x_wconf 85' lang='lat' dir='ltr'>informatum</span> <span class='ocrx_word' id='word_1_402' title='bbox 897 1497 904 1510; x_wconf 93' lang='lat'>,</span> <span class='ocrx_word' id='word_1_403' title='bbox 917 1478 1175 1515; x_wconf 89' lang='lat' dir='ltr'>anticipatumque</span> 
     </span>
     <span class='ocr_line' id='line_1_49' title="bbox 224 1515 1177 1559; baseline -0.013 -3"><span class='ocrx_word' id='word_1_404' title='bbox 224 1526 379 1556; x_wconf 86' lang='lat' dir='ltr'>mentibus</span> <span class='ocrx_word' id='word_1_405' title='bbox 390 1524 498 1555; x_wconf 86' lang='lat' dir='ltr'>nostris</span> <span class='ocrx_word' id='word_1_406' title='bbox 509 1544 518 1558; x_wconf 89' lang='lat'><em>,</em></span> <span class='ocrx_word' id='word_1_407' title='bbox 530 1533 562 1553; x_wconf 92' lang='lat' dir='ltr'>ut</span> <span class='ocrx_word' id='word_1_408' title='bbox 572 1523 694 1552; x_wconf 85' lang='lat' dir='ltr'>homini</span> <span class='ocrx_word' id='word_1_409' title='bbox 711 1541 719 1555; x_wconf 88' lang='lat'>‚</span> <span class='ocrx_word' id='word_1_410' title='bbox 738 1521 811 1551; x_wconf 74' lang='lat' dir='ltr'>cum</span> <span class='ocrx_word' id='word_1_411' title='bbox 820 1520 857 1550; x_wconf 87' lang='lat' dir='ltr'>de</span> <span class='ocrx_word' id='word_1_412' title='bbox 868 1519 927 1549; x_wconf 89' lang='lat' dir='ltr'>deo</span> <span class='ocrx_word' id='word_1_413' title='bbox 936 1519 1067 1559; x_wconf 88' lang='lat' dir='ltr'>cogitet,</span> <span class='ocrx_word' id='word_1_414' title='bbox 1078 1515 1177 1546; x_wconf 81' lang='lat' dir='ltr'>forma</span> 
     </span>
     <span class='ocr_line' id='line_1_50' title="bbox 221 1556 1178 1602; baseline -0.013 -4"><span class='ocrx_word' id='word_1_415' title='bbox 221 1575 359 1599; x_wconf 83' lang='lat' dir='ltr'>occurrat</span> <span class='ocrx_word' id='word_1_416' title='bbox 379 1567 509 1596; x_wconf 85' lang='lat' dir='ltr'>humana</span> <span class='ocrx_word' id='word_1_417' title='bbox 524 1564 648 1594; x_wconf 90' lang='lat' dir='ltr'>:deinde</span> <span class='ocrx_word' id='word_1_418' title='bbox 659 1583 668 1597; x_wconf 89' lang='lat'>‚</span> <span class='ocrx_word' id='word_1_419' title='bbox 696 1571 728 1593; x_wconf 90' lang='lat' dir='ltr'>ut</span> <span class='ocrx_word' id='word_1_420' title='bbox 742 1583 750 1595; x_wconf 93' lang='lat'>,</span> <span class='ocrx_word' id='word_1_421' title='bbox 769 1563 915 1602; x_wconf 89' lang='lat' dir='ltr'>quoniam</span> <span class='ocrx_word' id='word_1_422' title='bbox 933 1559 1020 1589; x_wconf 86' lang='lat' dir='ltr'>rebus</span> <span class='ocrx_word' id='word_1_423' title='bbox 1034 1556 1178 1587; x_wconf 89' lang='lat' dir='ltr'>omnibus</span> 
     </span>
     <span class='ocr_line' id='line_1_51' title="bbox 224 1599 1178 1644; baseline -0.013 -5"><span class='ocrx_word' id='word_1_424' title='bbox 224 1608 353 1639; x_wconf 75' lang='lat' dir='ltr'>excellat</span> <span class='ocrx_word' id='word_1_425' title='bbox 371 1610 472 1637; x_wconf 49' lang='lat' dir='ltr'>natura</span> <span class='ocrx_word' id='word_1_426' title='bbox 490 1605 593 1636; x_wconf 80' lang='lat' dir='ltr'>divina</span> <span class='ocrx_word' id='word_1_427' title='bbox 612 1625 621 1639; x_wconf 82' lang='grc'><strong><em>,</em></strong></span> <span class='ocrx_word' id='word_1_428' title='bbox 646 1603 747 1634; x_wconf 78' lang='lat' dir='ltr'>forma</span> <span class='ocrx_word' id='word_1_429' title='bbox 764 1612 884 1644; x_wconf 88' lang='lat' dir='ltr'>quoque</span> <span class='ocrx_word' id='word_1_430' title='bbox 902 1599 960 1631; x_wconf 84' lang='lat' dir='ltr'>effe</span> <span class='ocrx_word' id='word_1_431' title='bbox 978 1600 1178 1641; x_wconf 86' lang='lat' dir='ltr'>pulcherrima</span> 
     </span>
     <span class='ocr_line' id='line_1_52' title="bbox 225 1642 1178 1685; baseline -0.012 -5"><span class='ocrx_word' id='word_1_432' title='bbox 225 1650 347 1681; x_wconf 86' lang='lat' dir='ltr'>debeat:</span> <span class='ocrx_word' id='word_1_433' title='bbox 368 1659 423 1678; x_wconf 90' lang='lat' dir='ltr'>nec</span> <span class='ocrx_word' id='word_1_434' title='bbox 443 1647 500 1678; x_wconf 79' lang='lat' dir='ltr'>effe</span> <span class='ocrx_word' id='word_1_435' title='bbox 510 1649 641 1677; x_wconf 80' lang='lat' dir='ltr'>humana</span> <span class='ocrx_word' id='word_1_436' title='bbox 651 1646 744 1675; x_wconf 88' lang='lat' dir='ltr'>ullam</span> <span class='ocrx_word' id='word_1_437' title='bbox 753 1645 967 1685; x_wconf 85' lang='lat' dir='ltr'>pulchriorem.</span> <span class='ocrx_word' id='word_1_438' title='bbox 991 1642 1124 1672; x_wconf 86' lang='lat' dir='ltr'>Tertiam</span> <span class='ocrx_word' id='word_1_439' title='bbox 1135 1648 1178 1670; x_wconf 90' lang='lat' dir='ltr'>ra-</span> 
     </span>
     <span class='ocr_line' id='line_1_53' title="bbox 227 1681 1177 1729; baseline -0.012 -8"><span class='ocrx_word' id='word_1_440' title='bbox 227 1693 346 1722; x_wconf 87' lang='lat' dir='ltr'>tionem</span> <span class='ocrx_word' id='word_1_441' title='bbox 369 1689 482 1719; x_wconf 79' lang='lat' dir='ltr'>affertis</span> <span class='ocrx_word' id='word_1_442' title='bbox 498 1709 507 1722; x_wconf 91' lang='lat'><strong>,</strong></span> <span class='ocrx_word' id='word_1_443' title='bbox 535 1687 618 1729; x_wconf 74' lang='lat' dir='ltr'>quod</span> <span class='ocrx_word' id='word_1_444' title='bbox 639 1687 722 1717; x_wconf 89' lang='lat' dir='ltr'>nulla</span> <span class='ocrx_word' id='word_1_445' title='bbox 743 1689 776 1716; x_wconf 89' lang='lat' dir='ltr'>in</span> <span class='ocrx_word' id='word_1_446' title='bbox 798 1686 855 1716; x_wconf 88' lang='lat' dir='ltr'>alia</span> <span class='ocrx_word' id='word_1_447' title='bbox 873 1683 964 1726; x_wconf 90' lang='lat' dir='ltr'>figura</span> <span class='ocrx_word' id='word_1_448' title='bbox 983 1681 1177 1713; x_wconf 83' lang='lat' dir='ltr'>domicilium</span> 
     </span>
     <span class='ocr_line' id='line_1_54' title="bbox 228 1723 1180 1771; baseline -0.012 -8"><span class='ocrx_word' id='word_1_449' title='bbox 228 1734 342 1764; x_wconf 85' lang='lat' dir='ltr'>mentis</span> <span class='ocrx_word' id='word_1_450' title='bbox 360 1729 417 1761; x_wconf 82' lang='lat' dir='ltr'>effe</span> <span class='ocrx_word' id='word_1_451' title='bbox 436 1729 535 1771; x_wconf 82' lang='lat' dir='ltr'>poss&#39;it.</span> <span class='ocrx_word' id='word_1_452' title='bbox 557 1732 696 1760; x_wconf 89' lang='lat' dir='ltr'>Primum</span> <span class='ocrx_word' id='word_1_453' title='bbox 717 1729 809 1768; x_wconf 91' lang='lat' dir='ltr'>igitur</span> <span class='ocrx_word' id='word_1_454' title='bbox 818 1727 949 1768; x_wconf 90' lang='lat' dir='ltr'>quidque</span> <span class='ocrx_word' id='word_1_455' title='bbox 959 1723 1180 1756; x_wconf 85' lang='lat' dir='ltr'>confideremus</span> 
     </span>
     <span class='ocr_line' id='line_1_55' title="bbox 229 1764 1180 1816; baseline -0.012 -11"><span class='ocrx_word' id='word_1_456' title='bbox 229 1774 315 1816; x_wconf 83' lang='lat' dir='ltr'>quale</span> <span class='ocrx_word' id='word_1_457' title='bbox 336 1771 379 1803; x_wconf 81' lang='lat' dir='ltr'>sit.</span> <span class='ocrx_word' id='word_1_458' title='bbox 400 1774 527 1812; x_wconf 80' lang='lat' dir='ltr'>arripere</span> <span class='ocrx_word' id='word_1_459' title='bbox 545 1773 629 1801; x_wconf 88' lang='lat' dir='ltr'>enim</span> <span class='ocrx_word' id='word_1_460' title='bbox 655 1771 731 1800; x_wconf 86' lang='lat' dir='ltr'>mihi</span> <span class='ocrx_word' id='word_1_461' title='bbox 750 1769 901 1800; x_wconf 86' lang='lat' dir='ltr'>videmini</span> <span class='ocrx_word' id='word_1_462' title='bbox 920 1765 999 1808; x_wconf 86' lang='lat' dir='ltr'>quasi</span> <span class='ocrx_word' id='word_1_463' title='bbox 1008 1764 1106 1796; x_wconf 89' lang='lat' dir='ltr'>vestro</span> <span class='ocrx_word' id='word_1_464' title='bbox 1113 1765 1180 1804; x_wconf 84' lang='lat' dir='ltr'>jure</span> 
     </span>
     <span class='ocr_line' id='line_1_56' title="bbox 228 1810 1181 1853; baseline -0.012 -7"><span class='ocrx_word' id='word_1_465' title='bbox 228 1826 295 1847; x_wconf 83' lang='lat' dir='ltr'>rem</span> <span class='ocrx_word' id='word_1_466' title='bbox 313 1815 400 1846; x_wconf 90' lang='lat' dir='ltr'>nullo</span> <span class='ocrx_word' id='word_1_467' title='bbox 420 1813 515 1844; x_wconf 89' lang='lat' dir='ltr'>modo</span> <span class='ocrx_word' id='word_1_468' title='bbox 534 1812 745 1853; x_wconf 79' lang='lat' dir='ltr'>²probabilem</span> <span class='ocrx_word' id='word_1_469' title='bbox 753 1812 908 1841; x_wconf 89' lang='lat' dir='ltr'>omniurn.</span> <span class='ocrx_word' id='word_1_470' title='bbox 931 1810 1077 1849; x_wconf 83' lang='lat' dir='ltr'>Qistam</span> <span class='ocrx_word' id='word_1_471' title='bbox 1087 1816 1181 1837; x_wconf 86' lang='lat' dir='ltr'>caecus</span> 
     </span>
     <span class='ocr_line' id='line_1_57' title="bbox 227 1848 1182 1895; baseline -0.013 -7"><span class='ocrx_word' id='word_1_472' title='bbox 227 1859 261 1888; x_wconf 77' lang='lat' dir='ltr'>in</span> <span class='ocrx_word' id='word_1_473' title='bbox 277 1855 518 1895; x_wconf 86' lang='lat' dir='ltr'>contemplandis</span> <span class='ocrx_word' id='word_1_474' title='bbox 528 1855 615 1885; x_wconf 88' lang='lat' dir='ltr'>rebus</span> <span class='ocrx_word' id='word_1_475' title='bbox 626 1863 769 1894; x_wconf 89' lang='lat' dir='ltr'>umquam</span> <span class='ocrx_word' id='word_1_476' title='bbox 781 1852 840 1882; x_wconf 91' lang='lat' dir='ltr'>fuit</span> <span class='ocrx_word' id='word_1_477' title='bbox 849 1872 858 1885; x_wconf 95' lang='lat'>‚</span> <span class='ocrx_word' id='word_1_478' title='bbox 877 1859 981 1881; x_wconf 89' lang='lat' dir='ltr'>utnon</span> <span class='ocrx_word' id='word_1_479' title='bbox 991 1848 1107 1879; x_wconf 88' lang='lat' dir='ltr'>videret</span> <span class='ocrx_word' id='word_1_480' title='bbox 1118 1848 1182 1887; x_wconf 89' lang='lat' dir='ltr'>spe-</span> 
     </span>
     <span class='ocr_line' id='line_1_58' title="bbox 227 1889 1181 1931; baseline -0.012 -2"><span class='ocrx_word' id='word_1_481' title='bbox 227 1901 289 1930; x_wconf 85' lang='lat' dir='ltr'>cies</span> <span class='ocrx_word' id='word_1_482' title='bbox 306 1897 373 1928; x_wconf 79' lang='lat' dir='ltr'>istas</span> <span class='ocrx_word' id='word_1_483' title='bbox 393 1899 556 1928; x_wconf 89' lang='lat' dir='ltr'>hominum</span> <span class='ocrx_word' id='word_1_484' title='bbox 573 1896 731 1926; x_wconf 87' lang='lat' dir='ltr'>collocatas</span> <span class='ocrx_word' id='word_1_485' title='bbox 749 1896 783 1924; x_wconf 89' lang='lat' dir='ltr'>in</span> <span class='ocrx_word' id='word_1_486' title='bbox 793 1893 865 1924; x_wconf 90' lang='lat' dir='ltr'>deos</span> <span class='ocrx_word' id='word_1_487' title='bbox 873 1901 922 1922; x_wconf 90' lang='lat' dir='ltr'>aut</span> <span class='ocrx_word' id='word_1_488' title='bbox 932 1890 1039 1931; x_wconf 76' lang='lat' dir='ltr'>consilio</span> <span class='ocrx_word' id='word_1_489' title='bbox 1050 1889 1181 1930; x_wconf 89' lang='lat' dir='ltr'>quodam</span> 
     </span>
     <span class='ocr_line' id='line_1_59' title="bbox 227 1931 1182 1981; baseline -0.013 -10"><span class='ocrx_word' id='word_1_490' title='bbox 227 1941 395 1981; x_wconf 68' lang='lat' dir='ltr'>sapientum</span> <span class='ocrx_word' id='word_1_491' title='bbox 407 1959 416 1973; x_wconf 91' lang='lat'>‚</span> <span class='ocrx_word' id='word_1_492' title='bbox 433 1949 493 1980; x_wconf 91' lang='lat' dir='ltr'>quo</span> <span class='ocrx_word' id='word_1_493' title='bbox 512 1937 630 1968; x_wconf 75' lang='lat' dir='ltr'>facilius</span> <span class='ocrx_word' id='word_1_494' title='bbox 647 1938 765 1967; x_wconf 88' lang='lat' dir='ltr'>animos</span> <span class='ocrx_word' id='word_1_495' title='bbox 783 1937 996 1975; x_wconf 89' lang='lat' dir='ltr'>imperitorum</span> <span class='ocrx_word' id='word_1_496' title='bbox 1009 1931 1045 1962; x_wconf 89' lang='lat' dir='ltr'>ad</span> <span class='ocrx_word' id='word_1_497' title='bbox 1055 1931 1182 1961; x_wconf 87' lang='lat' dir='ltr'>deorum</span> 
     </span>
     <span class='ocr_line' id='line_1_60' title="bbox 228 1972 1184 2020; baseline -0.012 -8"><span class='ocrx_word' id='word_1_498' title='bbox 228 1983 346 2013; x_wconf 82' lang='lat' dir='ltr'>cultum</span> <span class='ocrx_word' id='word_1_499' title='bbox 365 1982 381 2011; x_wconf 75' lang='lat' dir='ltr'>a</span> <span class='ocrx_word' id='word_1_500' title='bbox 401 1982 468 2011; x_wconf 87' lang='lat' dir='ltr'>vitae</span> <span class='ocrx_word' id='word_1_501' title='bbox 479 1972 1130 2020; x_wconf 73' lang='lat' dir='ltr'>pravitateconverterent:autsuperstirione,</span> <span class='ocrx_word' id='word_1_502' title='bbox 1151 1981 1184 2002; x_wconf 90' lang='lat' dir='ltr'>ut</span> 
     </span>
     <span class='ocr_line' id='line_1_61' title="bbox 229 2015 1185 2062; baseline -0.01 -8"><span class='ocrx_word' id='word_1_503' title='bbox 229 2022 324 2054; x_wconf 77' lang='lat' dir='ltr'>essent</span> <span class='ocrx_word' id='word_1_504' title='bbox 337 2022 488 2053; x_wconf 88' lang='lat' dir='ltr'>simulacra</span> <span class='ocrx_word' id='word_1_505' title='bbox 498 2042 505 2055; x_wconf 81' lang='grc'>,</span> <span class='ocrx_word' id='word_1_506' title='bbox 525 2031 591 2062; x_wconf 82' lang='lat' dir='ltr'>quae</span> <span class='ocrx_word' id='word_1_507' title='bbox 601 2028 779 2051; x_wconf 83' lang='lat' dir='ltr'>venerantes</span> <span class='ocrx_word' id='word_1_508' title='bbox 791 2039 800 2053; x_wconf 89' lang='lat'>‚</span> <span class='ocrx_word' id='word_1_509' title='bbox 821 2018 893 2048; x_wconf 89' lang='lat' dir='ltr'>deos</span> <span class='ocrx_word' id='word_1_510' title='bbox 903 2017 981 2057; x_wconf 89' lang='lat' dir='ltr'>ipsos</span> <span class='ocrx_word' id='word_1_511' title='bbox 991 2015 1020 2046; x_wconf 86' lang='lat' dir='ltr'>se</span> <span class='ocrx_word' id='word_1_512' title='bbox 1029 2015 1109 2046; x_wconf 90' lang='lat' dir='ltr'>adire</span> <span class='ocrx_word' id='word_1_513' title='bbox 1120 2024 1185 2045; x_wconf 88' lang='lat' dir='ltr'>cre-</span> 
     </span>
     <span class='ocr_line' id='line_1_62' title="bbox 232 2056 1182 2099; baseline -0.011 -3"><span class='ocrx_word' id='word_1_514' title='bbox 232 2065 337 2096; x_wconf 87' lang='lat' dir='ltr'>derent</span> <span class='ocrx_word' id='word_1_515' title='bbox 355 2066 366 2092; x_wconf 83' lang='lat'>?</span> <span class='ocrx_word' id='word_1_516' title='bbox 397 2068 556 2094; x_wconf 81' lang='lat' dir='ltr'>Auxerunt</span> <span class='ocrx_word' id='word_1_517' title='bbox 571 2071 673 2093; x_wconf 86' lang='lat' dir='ltr'>autem</span> <span class='ocrx_word' id='word_1_518' title='bbox 693 2062 754 2092; x_wconf 77' lang='lat' dir='ltr'>haec</span> <span class='ocrx_word' id='word_1_519' title='bbox 772 2060 875 2091; x_wconf 81' lang='lat' dir='ltr'>eadem</span> <span class='ocrx_word' id='word_1_520' title='bbox 894 2060 990 2099; x_wconf 81' lang='lat' dir='ltr'>poe&#39;tae</span> <span class='ocrx_word' id='word_1_521' title='bbox 1007 2077 1016 2092; x_wconf 86' lang='lat'>‚</span> <span class='ocrx_word' id='word_1_522' title='bbox 1039 2056 1182 2098; x_wconf 62' lang='lat' dir='ltr'>piolores,</span> 
     </span>
     <span class='ocr_line' id='line_1_63' title="bbox 232 2099 1187 2147; baseline -0.009 -10"><span class='ocrx_word' id='word_1_523' title='bbox 232 2105 365 2147; x_wconf 82' lang='lat' dir='ltr'>opifices·</span> <span class='ocrx_word' id='word_1_524' title='bbox 391 2109 403 2133; x_wconf 88' lang='lat'>3</span> <span class='ocrx_word' id='word_1_525' title='bbox 418 2109 484 2136; x_wconf 87' lang='lat' dir='ltr'>Erat</span> <span class='ocrx_word' id='word_1_526' title='bbox 493 2106 577 2136; x_wconf 86' lang='lat' dir='ltr'>enim</span> <span class='ocrx_word' id='word_1_527' title='bbox 588 2114 653 2135; x_wconf 90' lang='lat' dir='ltr'>non</span> <span class='ocrx_word' id='word_1_528' title='bbox 663 2103 749 2134; x_wconf 86' lang='lat' dir='ltr'>facile</span> <span class='ocrx_word' id='word_1_529' title='bbox 759 2124 769 2138; x_wconf 93' lang='lat'><em>‚</em></span> <span class='ocrx_word' id='word_1_530' title='bbox 788 2104 919 2144; x_wconf 87' lang='lat' dir='ltr'>agenteis</span> <span class='ocrx_word' id='word_1_531' title='bbox 928 2099 1041 2141; x_wconf 88' lang='lat' dir='ltr'>aliquid</span> <span class='ocrx_word' id='word_1_532' title='bbox 1050 2119 1059 2133; x_wconf 91' lang='lat'><em>,</em></span> <span class='ocrx_word' id='word_1_533' title='bbox 1073 2099 1106 2129; x_wconf 89' lang='lat'>&amp;</span> <span class='ocrx_word' id='word_1_534' title='bbox 1116 2108 1187 2128; x_wconf 90' lang='lat' dir='ltr'>mo-</span> 
     </span>
     <span class='ocr_line' id='line_1_64' title="bbox 230 2141 1188 2181; baseline -0.009 -2"><span class='ocrx_word' id='word_1_535' title='bbox 230 2149 350 2179; x_wconf 84' lang='lat' dir='ltr'>lienteis</span> <span class='ocrx_word' id='word_1_536' title='bbox 360 2147 441 2181; x_wconf 84' lang='lat' dir='ltr'>deos,</span> <span class='ocrx_word' id='word_1_537' title='bbox 453 2149 484 2177; x_wconf 89' lang='lat' dir='ltr'>in</span> <span class='ocrx_word' id='word_1_538' title='bbox 500 2147 624 2177; x_wconf 87' lang='lat' dir='ltr'>aliarum</span> <span class='ocrx_word' id='word_1_539' title='bbox 636 2145 801 2176; x_wconf 84' lang='lat' dir='ltr'>formarum</span> <span class='ocrx_word' id='word_1_540' title='bbox 812 2144 983 2175; x_wconf 87' lang='lat' dir='ltr'>imitatione</span> <span class='ocrx_word' id='word_1_541' title='bbox 994 2141 1115 2172; x_wconf 82' lang='lat' dir='ltr'>servare.</span> <span class='ocrx_word' id='word_1_542' title='bbox 1129 2143 1188 2170; x_wconf 89' lang='lat' dir='ltr'>Ac-</span> 
     </span>
     <span class='ocr_line' id='line_1_65' title="bbox 234 2182 1188 2230; baseline -0.009 -10"><span class='ocrx_word' id='word_1_543' title='bbox 234 2189 315 2222; x_wconf 85' lang='lat' dir='ltr'>cessit</span> <span class='ocrx_word' id='word_1_544' title='bbox 334 2191 423 2220; x_wconf 88' lang='lat' dir='ltr'>etiam</span> <span class='ocrx_word' id='word_1_545' title='bbox 435 2188 487 2219; x_wconf 83' lang='lat' dir='ltr'>ista</span> <span class='ocrx_word' id='word_1_546' title='bbox 496 2189 584 2230; x_wconf 80' lang='lat' dir='ltr'>opinio</span> <span class='ocrx_word' id='word_1_547' title='bbox 594 2186 711 2218; x_wconf 84' lang='lat' dir='ltr'>fortaffe</span> <span class='ocrx_word' id='word_1_548' title='bbox 723 2207 730 2221; x_wconf 89' lang='lat'>‚</span> <span class='ocrx_word' id='word_1_549' title='bbox 741 2185 824 2228; x_wconf 78' lang='lat' dir='ltr'>quod</span> <span class='ocrx_word' id='word_1_550' title='bbox 838 2185 961 2216; x_wconf 90' lang='lat' dir='ltr'>homini</span> <span class='ocrx_word' id='word_1_551' title='bbox 972 2184 1100 2214; x_wconf 90' lang='lat' dir='ltr'>homine</span> <span class='ocrx_word' id='word_1_552' title='bbox 1108 2182 1188 2212; x_wconf 86' lang='lat' dir='ltr'>nihil</span> 
     </span>
     <span class='ocr_line' id='line_1_66' title="bbox 235 2223 1188 2273; baseline -0.008 -12"><span class='ocrx_word' id='word_1_553' title='bbox 235 2231 390 2273; x_wconf 86' lang='lat' dir='ltr'>pulchrius</span> <span class='ocrx_word' id='word_1_554' title='bbox 398 2231 540 2261; x_wconf 86' lang='lat' dir='ltr'>videatur.</span> <span class='ocrx_word' id='word_1_555' title='bbox 562 2229 618 2260; x_wconf 89' lang='lat' dir='ltr'>Sed</span> <span class='ocrx_word' id='word_1_556' title='bbox 629 2239 660 2259; x_wconf 89' lang='lat' dir='ltr'>tu</span> <span class='ocrx_word' id='word_1_557' title='bbox 671 2230 729 2259; x_wconf 91' lang='lat' dir='ltr'>hoc</span> <span class='ocrx_word' id='word_1_558' title='bbox 738 2248 747 2263; x_wconf 90' lang='lat'>‚</span> <span class='ocrx_word' id='word_1_559' title='bbox 761 2226 877 2268; x_wconf 83' lang='lat' dir='ltr'>physice</span> <span class='ocrx_word' id='word_1_560' title='bbox 887 2247 896 2262; x_wconf 88' lang='lat'>‚</span> <span class='ocrx_word' id='word_1_561' title='bbox 908 2236 973 2257; x_wconf 91' lang='lat' dir='ltr'>non</span> <span class='ocrx_word' id='word_1_562' title='bbox 982 2225 1066 2256; x_wconf 89' lang='lat' dir='ltr'>vides</span> <span class='ocrx_word' id='word_1_563' title='bbox 1077 2244 1086 2259; x_wconf 91' lang='lat'>‚</span> <span class='ocrx_word' id='word_1_564' title='bbox 1096 2223 1188 2265; x_wconf 68' lang='lat' dir='ltr'>quam</span> 
     </span>
     <span class='ocr_line' id='line_1_67' title="bbox 235 2269 1188 2313; baseline -0.007 -11"><span class='ocrx_word' id='word_1_565' title='bbox 235 2272 338 2303; x_wconf 78' lang='lat' dir='ltr'>blanda</span> <span class='ocrx_word' id='word_1_566' title='bbox 348 2272 524 2302; x_wconf 68' lang='lat' dir='ltr'>conciliatrix</span> <span class='ocrx_word' id='word_1_567' title='bbox 534 2291 542 2305; x_wconf 88' lang='lat'><em>,</em></span> <span class='ocrx_word' id='word_1_568' title='bbox 566 2275 582 2298; x_wconf 85' lang='lat'>4</span> <span class='ocrx_word' id='word_1_569' title='bbox 593 2271 626 2304; x_wconf 68' lang='grc' dir='ltr'>ὼ·</span> <span class='ocrx_word' id='word_1_570' title='bbox 637 2270 718 2313; x_wconf 78' lang='lat' dir='ltr'>quasi</span> <span class='ocrx_word' id='word_1_571' title='bbox 729 2270 821 2311; x_wconf 75' lang='lat' dir='ltr'>fuisit</span> <span class='ocrx_word' id='word_1_572' title='bbox 832 2269 895 2299; x_wconf 81' lang='lat' dir='ltr'>lena</span> <span class='ocrx_word' id='word_1_573' title='bbox 904 2271 1028 2298; x_wconf 81' lang='lat' dir='ltr'>natura?</span> <span class='ocrx_word' id='word_1_574' title='bbox 1047 2270 1095 2297; x_wconf 90' lang='lat' dir='ltr'>An</span> <span class='ocrx_word' id='word_1_575' title='bbox 1105 2274 1188 2306; x_wconf 84' lang='lat' dir='ltr'>putas</span> 
     </span>
     <span class='ocr_line' id='line_1_68' title="bbox 235 2309 1188 2353; baseline -0.009 -8"><span class='ocrx_word' id='word_1_576' title='bbox 235 2315 327 2345; x_wconf 86' lang='lat' dir='ltr'>ullam</span> <span class='ocrx_word' id='word_1_577' title='bbox 347 2312 404 2344; x_wconf 84' lang='lat' dir='ltr'>effe</span> <span class='ocrx_word' id='word_1_578' title='bbox 423 2323 515 2347; x_wconf 85' lang='lat' dir='ltr'>terra,</span> <span class='ocrx_word' id='word_1_579' title='bbox 541 2315 673 2353; x_wconf 88' lang='lat' dir='ltr'>marique</span> <span class='ocrx_word' id='word_1_580' title='bbox 691 2313 811 2342; x_wconf 85' lang='lat' dir='ltr'>beluam</span> <span class='ocrx_word' id='word_1_581' title='bbox 825 2331 833 2345; x_wconf 91' lang='lat'>,</span> <span class='ocrx_word' id='word_1_582' title='bbox 854 2321 920 2352; x_wconf 82' lang='lat' dir='ltr'>quae</span> <span class='ocrx_word' id='word_1_583' title='bbox 938 2319 1003 2340; x_wconf 89' lang='lat' dir='ltr'>non</span> <span class='ocrx_word' id='word_1_584' title='bbox 1012 2309 1056 2340; x_wconf 91' lang='lat' dir='ltr'>sui</span> <span class='ocrx_word' id='word_1_585' title='bbox 1071 2309 1188 2349; x_wconf 86' lang='lat' dir='ltr'>generis</span> 
     </span>
     <span class='ocr_line' id='line_1_69' title="bbox 237 2350 1188 2394; baseline -0.008 -8"><span class='ocrx_word' id='word_1_586' title='bbox 237 2356 325 2386; x_wconf 87' lang='lat' dir='ltr'>belua</span> <span class='ocrx_word' id='word_1_587' title='bbox 343 2357 477 2386; x_wconf 70' lang='lat' dir='ltr'>maxims:</span> <span class='ocrx_word' id='word_1_588' title='bbox 493 2354 677 2385; x_wconf 63' lang='lat' dir='ltr'>delectetur?</span> <span class='ocrx_word' id='word_1_589' title='bbox 695 2353 775 2394; x_wconf 89' lang='lat' dir='ltr'>quod</span> <span class='ocrx_word' id='word_1_590' title='bbox 794 2355 827 2383; x_wconf 92' lang='lat' dir='ltr'>ni</span> <span class='ocrx_word' id='word_1_591' title='bbox 841 2350 959 2384; x_wconf 84' lang='lat' dir='ltr'>itaesset</span> <span class='ocrx_word' id='word_1_592' title='bbox 970 2372 978 2385; x_wconf 88' lang='lat'><em>,</em></span> <span class='ocrx_word' id='word_1_593' title='bbox 1002 2360 1056 2381; x_wconf 89' lang='lat' dir='ltr'>cur</span> <span class='ocrx_word' id='word_1_594' title='bbox 1064 2359 1129 2380; x_wconf 90' lang='lat' dir='ltr'>non</span> <span class='ocrx_word' id='word_1_595' title='bbox 1138 2359 1188 2390; x_wconf 86' lang='lat' dir='ltr'>ge-</span> 
     </span>
     <span class='ocr_line' id='line_1_70' title="bbox 238 2391 1190 2438; baseline -0.007 -11"><span class='ocrx_word' id='word_1_596' title='bbox 238 2396 319 2428; x_wconf 85' lang='lat' dir='ltr'>stiret</span> <span class='ocrx_word' id='word_1_597' title='bbox 329 2406 426 2427; x_wconf 88' lang='lat' dir='ltr'>taurus</span> <span class='ocrx_word' id='word_1_598' title='bbox 437 2407 518 2438; x_wconf 86' lang='lat' dir='ltr'>equae</span> <span class='ocrx_word' id='word_1_599' title='bbox 526 2395 731 2427; x_wconf 61' lang='lat' dir='ltr'>commistione</span> <span class='ocrx_word' id='word_1_600' title='bbox 741 2415 750 2429; x_wconf 93' lang='lat'>,</span> <span class='ocrx_word' id='word_1_601' title='bbox 763 2404 857 2435; x_wconf 88' lang='lat' dir='ltr'>equus</span> <span class='ocrx_word' id='word_1_602' title='bbox 867 2403 959 2424; x_wconf 82' lang='lat' dir='ltr'>vaccae</span> <span class='ocrx_word' id='word_1_603' title='bbox 971 2395 982 2422; x_wconf 85' lang='lat'><strong>?</strong></span> <span class='ocrx_word' id='word_1_604' title='bbox 1004 2396 1052 2422; x_wconf 88' lang='lat' dir='ltr'>An</span> <span class='ocrx_word' id='word_1_605' title='bbox 1064 2401 1096 2422; x_wconf 89' lang='lat' dir='ltr'>tu</span> <span class='ocrx_word' id='word_1_606' title='bbox 1104 2391 1190 2431; x_wconf 83' lang='lat' dir='ltr'>aqui—</span> 
     </span>
     <span class='ocr_line' id='line_1_71' title="bbox 240 2432 1190 2477; baseline -0.006 -9"><span class='ocrx_word' id='word_1_607' title='bbox 240 2439 299 2468; x_wconf 78' lang='lat' dir='ltr'>lam</span> <span class='ocrx_word' id='word_1_608' title='bbox 314 2459 322 2471; x_wconf 93' lang='lat'><em>,</em></span> <span class='ocrx_word' id='word_1_609' title='bbox 338 2448 388 2468; x_wconf 89' lang='lat' dir='ltr'>aut</span> <span class='ocrx_word' id='word_1_610' title='bbox 398 2439 516 2469; x_wconf 89' lang='lat' dir='ltr'>leonem</span> <span class='ocrx_word' id='word_1_611' title='bbox 531 2458 539 2471; x_wconf 88' lang='lat'>,</span> <span class='ocrx_word' id='word_1_612' title='bbox 564 2447 614 2468; x_wconf 89' lang='lat' dir='ltr'>aut</span> <span class='ocrx_word' id='word_1_613' title='bbox 623 2437 815 2477; x_wconf 86' lang='lat' dir='ltr'>Delphinum</span> <span class='ocrx_word' id='word_1_614' title='bbox 825 2436 918 2466; x_wconf 90' lang='lat' dir='ltr'>ullam</span> <span class='ocrx_word' id='word_1_615' title='bbox 929 2433 1074 2465; x_wconf 89' lang='lat' dir='ltr'>anteferre</span> <span class='ocrx_word' id='word_1_616' title='bbox 1087 2432 1190 2463; x_wconf 83' lang='lat' dir='ltr'>censes</span> 
     </span>
     <span class='ocr_line' id='line_1_72' title="bbox 240 2474 1189 2522; baseline -0.007 -11"><span class='ocrx_word' id='word_1_617' title='bbox 240 2479 361 2521; x_wconf 74' lang='lat' dir='ltr'>figuram</span> <span class='ocrx_word' id='word_1_618' title='bbox 374 2480 451 2511; x_wconf 79' lang='lat' dir='ltr'>suae?</span> <span class='ocrx_word' id='word_1_619' title='bbox 469 2480 541 2522; x_wconf 89' lang='lat' dir='ltr'>quid</span> <span class='ocrx_word' id='word_1_620' title='bbox 551 2481 641 2521; x_wconf 86' lang='lat' dir='ltr'>igitur</span> <span class='ocrx_word' id='word_1_621' title='bbox 653 2481 766 2509; x_wconf 82' lang='lat' dir='ltr'>mirum</span> <span class='ocrx_word' id='word_1_622' title='bbox 780 2497 789 2513; x_wconf 87' lang='lat'>‚</span> <span class='ocrx_word' id='word_1_623' title='bbox 808 2476 829 2508; x_wconf 86' lang='lat' dir='ltr'>fi</span> <span class='ocrx_word' id='word_1_624' title='bbox 840 2479 897 2508; x_wconf 91' lang='lat' dir='ltr'>hoc</span> <span class='ocrx_word' id='word_1_625' title='bbox 906 2476 1016 2507; x_wconf 87' lang='lat' dir='ltr'>eodem</span> <span class='ocrx_word' id='word_1_626' title='bbox 1028 2474 1122 2506; x_wconf 91' lang='lat' dir='ltr'>modo</span> <span class='ocrx_word' id='word_1_627' title='bbox 1131 2475 1189 2505; x_wconf 80' lang='lat' dir='ltr'>ho-</span> 
     </span>
    </p>
   </div>
   <div class='ocr_carea' id='block_1_19' title="bbox 564 639 1185 729">
    <p class='ocr_par' dir='ltr' id='par_1_19' title="bbox 564 639 1185 729">
     <span class='ocr_line' id='line_1_73' title="bbox 564 639 1183 682; baseline -0.019 -5"><span class='ocrx_word' id='word_1_628' title='bbox 564 648 747 677; x_wconf 87' lang='lat' dir='ltr'>continetur.</span> <span class='ocrx_word' id='word_1_629' title='bbox 771 647 864 674; x_wconf 90' lang='lat' dir='ltr'>Nunc</span> <span class='ocrx_word' id='word_1_630' title='bbox 883 642 957 673; x_wconf 89' lang='lat' dir='ltr'>istuc</span> <span class='ocrx_word' id='word_1_631' title='bbox 967 639 1164 682; x_wconf 76' lang='lat' dir='ltr'>quaficorpus,</span> <span class='ocrx_word' id='word_1_632' title='bbox 1182 644 1183 647; x_wconf 54' lang='lat'>¹</span> 
     </span>
     <span class='ocr_line' id='line_1_74' title="bbox 571 678 1185 729; baseline -0.016 -11"><span class='ocrx_word' id='word_1_633' title='bbox 571 687 643 729; x_wconf 87' lang='lat' dir='ltr'>quid</span> <span class='ocrx_word' id='word_1_634' title='bbox 655 687 819 727; x_wconf 86' lang='lat' dir='ltr'>intelligis?</span> <span class='ocrx_word' id='word_1_635' title='bbox 836 684 982 726; x_wconf 88' lang='lat' dir='ltr'>egoenim</span> <span class='ocrx_word' id='word_1_636' title='bbox 995 683 1066 713; x_wconf 90' lang='lat' dir='ltr'>scire</span> <span class='ocrx_word' id='word_1_637' title='bbox 1076 678 1166 711; x_wconf 89' lang='lat' dir='ltr'>teista</span> <span class='ocrx_word' id='word_1_638' title='bbox 1184 685 1185 692; x_wconf 65' lang='lat'>¹</span> 
     </span>
    </p>
   </div>
   <div class='ocr_carea' id='block_1_20' title="bbox 1182 595 2228 2541">
    <p class='ocr_par' dir='ltr' id='par_1_20' title="bbox 1182 595 2170 1263">
     <span class='ocr_line' id='line_1_75' title="bbox 1182 595 2155 636; baseline -0.003 -7"><span class='ocrx_word' id='word_1_639' title='bbox 1182 596 1184 620; x_wconf 70' lang='grc' dir='ltr'>ἶ</span> <span class='ocrx_word' id='word_1_640' title='bbox 1202 600 1350 630; x_wconf 80' lang='lat' dir='ltr'>invehens</span> <span class='ocrx_word' id='word_1_641' title='bbox 1369 597 1468 628; x_wconf 89' lang='lat' dir='ltr'>beluis</span> <span class='ocrx_word' id='word_1_642' title='bbox 1481 617 1489 630; x_wconf 90' lang='lat'><em>‚</em></span> <span class='ocrx_word' id='word_1_643' title='bbox 1508 595 1657 635; x_wconf 70' lang='lat' dir='ltr'>adjun&amp;is</span> <span class='ocrx_word' id='word_1_644' title='bbox 1677 597 1813 627; x_wconf 88' lang='lat' dir='ltr'>humano</span> <span class='ocrx_word' id='word_1_645' title='bbox 1829 598 1965 636; x_wconf 78' lang='lat' dir='ltr'>corpori;</span> <span class='ocrx_word' id='word_1_646' title='bbox 1987 597 2066 626; x_wconf 87' lang='lat' dir='ltr'>nolis</span> <span class='ocrx_word' id='word_1_647' title='bbox 2084 595 2155 626; x_wconf 83' lang='lat' dir='ltr'>effe?</span> 
     </span>
     <span class='ocr_line' id='line_1_76' title="bbox 1205 637 2158 671; baseline -0.003 0"><span class='ocrx_word' id='word_1_648' title='bbox 1205 639 1335 671; x_wconf 88' lang='lat' dir='ltr'>Difficili</span> <span class='ocrx_word' id='word_1_649' title='bbox 1345 641 1376 669; x_wconf 90' lang='lat' dir='ltr'>in</span> <span class='ocrx_word' id='word_1_650' title='bbox 1387 639 1456 669; x_wconf 91' lang='lat' dir='ltr'>loco</span> <span class='ocrx_word' id='word_1_651' title='bbox 1467 638 1577 668; x_wconf 86' lang='lat' dir='ltr'>versor.</span> <span class='ocrx_word' id='word_1_652' title='bbox 1601 637 1653 668; x_wconf 89' lang='lat' dir='ltr'>Est</span> <span class='ocrx_word' id='word_1_653' title='bbox 1663 640 1747 668; x_wconf 84' lang='lat' dir='ltr'>enim</span> <span class='ocrx_word' id='word_1_654' title='bbox 1758 640 1804 668; x_wconf 85' lang='lat' dir='ltr'>vis</span> <span class='ocrx_word' id='word_1_655' title='bbox 1814 647 1893 668; x_wconf 90' lang='lat' dir='ltr'>tanta</span> <span class='ocrx_word' id='word_1_656' title='bbox 1906 647 2027 671; x_wconf 81' lang='lat' dir='ltr'>naturae,</span> <span class='ocrx_word' id='word_1_657' title='bbox 2037 644 2071 667; x_wconf 78' lang='lat' dir='ltr'>m</span> <span class='ocrx_word' id='word_1_658' title='bbox 2081 638 2158 668; x_wconf 75' lang='lat' dir='ltr'>hmo</span> 
     </span>
     <span class='ocr_line' id='line_1_77' title="bbox 1206 678 2158 721; baseline -0.006 -9"><span class='ocrx_word' id='word_1_659' title='bbox 1206 693 1280 712; x_wconf 80' lang='lat' dir='ltr'>nemo</span> <span class='ocrx_word' id='word_1_660' title='bbox 1299 680 1372 710; x_wconf 78' lang='lat' dir='ltr'>velit</span> <span class='ocrx_word' id='word_1_661' title='bbox 1389 680 1442 721; x_wconf 72' lang='lat' dir='ltr'>nisi</span> <span class='ocrx_word' id='word_1_662' title='bbox 1461 681 1574 710; x_wconf 64' lang='lat' dir='ltr'>hominis</span> <span class='ocrx_word' id='word_1_663' title='bbox 1586 679 1686 721; x_wconf 64' lang='lat' dir='ltr'>similis</span> <span class='ocrx_word' id='word_1_664' title='bbox 1696 679 1752 718; x_wconf 76' lang='lat' dir='ltr'>effi.</span> <span class='ocrx_word' id='word_1_665' title='bbox 1777 683 1813 710; x_wconf 85' lang='lat' dir='ltr'>Et</span> <span class='ocrx_word' id='word_1_666' title='bbox 1822 679 1946 721; x_wconf 87' lang='lat' dir='ltr'>quidem</span> <span class='ocrx_word' id='word_1_667' title='bbox 1957 678 2085 710; x_wconf 79' lang='lat' dir='ltr'>formica</span> <span class='ocrx_word' id='word_1_668' title='bbox 2095 679 2158 710; x_wconf 79' lang='lat' dir='ltr'>for-</span> 
     </span>
     <span class='ocr_line' id='line_1_78' title="bbox 1207 719 2165 763; baseline -0.004 -8"><span class='ocrx_word' id='word_1_669' title='bbox 1207 727 1301 755; x_wconf 81' lang='lat' dir='ltr'>micae.</span> <span class='ocrx_word' id='word_1_670' title='bbox 1315 722 1370 754; x_wconf 88' lang='lat' dir='ltr'>Sed</span> <span class='ocrx_word' id='word_1_671' title='bbox 1382 732 1483 753; x_wconf 84' lang='lat' dir='ltr'>tamen</span> <span class='ocrx_word' id='word_1_672' title='bbox 1492 722 1578 762; x_wconf 82' lang='lat' dir='ltr'>cujus</span> <span class='ocrx_word' id='word_1_673' title='bbox 1586 723 1721 752; x_wconf 89' lang='lat' dir='ltr'>hominis</span> <span class='ocrx_word' id='word_1_674' title='bbox 1732 725 1743 751; x_wconf 74' lang='grc' dir='ltr'><em>ἲ</em></span> <span class='ocrx_word' id='word_1_675' title='bbox 1753 731 1864 763; x_wconf 88' lang='lat' dir='ltr'>quotus</span> <span class='ocrx_word' id='word_1_676' title='bbox 1872 723 1955 752; x_wconf 85' lang='lat' dir='ltr'>enim</span> <span class='ocrx_word' id='word_1_677' title='bbox 1968 722 2092 762; x_wconf 72' lang='lat' dir='ltr'>quisque</span> <span class='ocrx_word' id='word_1_678' title='bbox 2100 719 2165 751; x_wconf 85' lang='lat' dir='ltr'>for-</span> 
     </span>
     <span class='ocr_line' id='line_1_79' title="bbox 1206 762 2162 804; baseline -0.004 -7"><span class='ocrx_word' id='word_1_679' title='bbox 1206 766 1309 797; x_wconf 85' lang='lat' dir='ltr'>mosus</span> <span class='ocrx_word' id='word_1_680' title='bbox 1322 765 1382 795; x_wconf 88' lang='lat' dir='ltr'>est?</span> <span class='ocrx_word' id='word_1_681' title='bbox 1405 765 1531 794; x_wconf 88' lang='lat' dir='ltr'>Athenis</span> <span class='ocrx_word' id='word_1_682' title='bbox 1542 763 1613 794; x_wconf 78' lang='lat' dir='ltr'>cum</span> <span class='ocrx_word' id='word_1_683' title='bbox 1623 762 1727 798; x_wconf 81' lang='lat' dir='ltr'>essem,</span> <span class='ocrx_word' id='word_1_684' title='bbox 1738 763 1754 794; x_wconf 79' lang='grc' dir='ltr'>ὲ</span> <span class='ocrx_word' id='word_1_685' title='bbox 1764 763 1901 804; x_wconf 83' lang='lat' dir='ltr'>gregibus</span> <span class='ocrx_word' id='word_1_686' title='bbox 1911 763 2097 803; x_wconf 82' lang='lat' dir='ltr'>epheborum</span> <span class='ocrx_word' id='word_1_687' title='bbox 2108 765 2162 793; x_wconf 80' lang='lat' dir='ltr'>vix</span> 
     </span>
     <span class='ocr_line' id='line_1_80' title="bbox 1205 804 2163 849; baseline -0.004 -11"><span class='ocrx_word' id='word_1_688' title='bbox 1205 808 1313 849; x_wconf 84' lang='lat' dir='ltr'>singuli</span> <span class='ocrx_word' id='word_1_689' title='bbox 1326 805 1557 847; x_wconf 81' lang='lat' dir='ltr'>reperiebantur.</span> <span class='ocrx_word' id='word_1_690' title='bbox 1580 805 1679 836; x_wconf 87' lang='lat' dir='ltr'>Video</span> <span class='ocrx_word' id='word_1_691' title='bbox 1691 825 1698 839; x_wconf 89' lang='lat'><em>,</em></span> <span class='ocrx_word' id='word_1_692' title='bbox 1711 806 1784 846; x_wconf 89' lang='lat' dir='ltr'>quid</span> <span class='ocrx_word' id='word_1_693' title='bbox 1794 805 1929 835; x_wconf 74' lang='lat' dir='ltr'>atrise-ris.</span> <span class='ocrx_word' id='word_1_694' title='bbox 1951 804 2000 835; x_wconf 88' lang='lat' dir='ltr'>sed</span> <span class='ocrx_word' id='word_1_695' title='bbox 2011 814 2111 836; x_wconf 87' lang='lat' dir='ltr'>tamen</span> <span class='ocrx_word' id='word_1_696' title='bbox 2123 806 2163 834; x_wconf 78' lang='lat' dir='ltr'>ita</span> 
     </span>
     <span class='ocr_line' id='line_1_81' title="bbox 1186 846 2164 903; baseline -0.006 -22"><span class='ocrx_word' id='word_1_697' title='bbox 1186 878 1188 903; x_wconf 65' lang='lat' dir='ltr'>i</span> <span class='ocrx_word' id='word_1_698' title='bbox 1209 860 1255 881; x_wconf 87' lang='lat' dir='ltr'>res</span> <span class='ocrx_word' id='word_1_699' title='bbox 1266 850 1293 880; x_wconf 86' lang='lat' dir='ltr'>se</span> <span class='ocrx_word' id='word_1_700' title='bbox 1304 849 1400 879; x_wconf 76' lang='lat' dir='ltr'>habet.</span> <span class='ocrx_word' id='word_1_701' title='bbox 1424 847 1543 878; x_wconf 83' lang='lat' dir='ltr'>Deinde</span> <span class='ocrx_word' id='word_1_702' title='bbox 1555 847 1656 880; x_wconf 78' lang='lat' dir='ltr'>nobis,</span> <span class='ocrx_word' id='word_1_703' title='bbox 1666 849 1719 888; x_wconf 81' lang='lat' dir='ltr'>qui</span> <span class='ocrx_word' id='word_1_704' title='bbox 1729 846 1964 877; x_wconf 87' lang='lat' dir='ltr'>concedentibus</span> <span class='ocrx_word' id='word_1_705' title='bbox 1977 847 2164 885; x_wconf 81' lang='lat' dir='ltr'>philosophis</span> 
     </span>
     <span class='ocr_line' id='line_1_82' title="bbox 1187 887 2165 932; baseline -0.007 -10"><span class='ocrx_word' id='word_1_706' title='bbox 1187 905 1189 926; x_wconf 66' lang='lat' dir='ltr'>t</span> <span class='ocrx_word' id='word_1_707' title='bbox 1207 892 1337 932; x_wconf 86' lang='lat' dir='ltr'>antiquis</span> <span class='ocrx_word' id='word_1_708' title='bbox 1349 911 1358 924; x_wconf 86' lang='lat'><em>,</em></span> <span class='ocrx_word' id='word_1_709' title='bbox 1381 889 1612 921; x_wconf 81' lang='lat' dir='ltr'>adolescentulis</span> <span class='ocrx_word' id='word_1_710' title='bbox 1631 888 1815 919; x_wconf 62' lang='lat' dir='ltr'>delectamur</span> <span class='ocrx_word' id='word_1_711' title='bbox 1824 908 1834 922; x_wconf 87' lang='lat'>‚</span> <span class='ocrx_word' id='word_1_712' title='bbox 1857 889 1945 917; x_wconf 74' lang='lat' dir='ltr'>etiam</span> <span class='ocrx_word' id='word_1_713' title='bbox 1955 887 2100 929; x_wconf 75' lang='lat' dir='ltr'>viriafaepe</span> <span class='ocrx_word' id='word_1_714' title='bbox 2113 888 2165 925; x_wconf 75' lang='lat' dir='ltr'>ja-</span> 
     </span>
     <span class='ocr_line' id='line_1_83' title="bbox 1187 926 2166 974; baseline -0.004 -11"><span class='ocrx_word' id='word_1_715' title='bbox 1187 927 1189 966; x_wconf 61' lang='lat' dir='ltr'>i</span> <span class='ocrx_word' id='word_1_716' title='bbox 1209 933 1298 963; x_wconf 82' lang='lat' dir='ltr'>cunda</span> <span class='ocrx_word' id='word_1_717' title='bbox 1305 933 1382 972; x_wconf 61' lang='lat' dir='ltr'>fiant.</span> <span class='ocrx_word' id='word_1_718' title='bbox 1395 934 1509 962; x_wconf 86' lang='lat' dir='ltr'>Naevus</span> <span class='ocrx_word' id='word_1_719' title='bbox 1522 933 1553 960; x_wconf 88' lang='lat' dir='ltr'>in</span> <span class='ocrx_word' id='word_1_720' title='bbox 1562 931 1687 961; x_wconf 87' lang='lat' dir='ltr'>articulo</span> <span class='ocrx_word' id='word_1_721' title='bbox 1700 932 1783 970; x_wconf 86' lang='lat' dir='ltr'>pueri</span> <span class='ocrx_word' id='word_1_722' title='bbox 1794 930 1920 974; x_wconf 49' lang='lat' dir='ltr'>delgotat</span> <span class='ocrx_word' id='word_1_723' title='bbox 1931 930 2076 960; x_wconf 82' lang='lat' dir='ltr'>Alcaeum.</span> <span class='ocrx_word' id='word_1_724' title='bbox 2087 938 2114 959; x_wconf 86' lang='lat' dir='ltr'>at</span> <span class='ocrx_word' id='word_1_725' title='bbox 2123 926 2166 959; x_wconf 80' lang='lat' dir='ltr'>est</span> 
     </span>
     <span class='ocr_line' id='line_1_84' title="bbox 1188 969 2160 1015; baseline -0.006 -9"><span class='ocrx_word' id='word_1_726' title='bbox 1188 969 1190 1012; x_wconf 59' lang='lat'>¹:</span> <span class='ocrx_word' id='word_1_727' title='bbox 1209 976 1342 1015; x_wconf 88' lang='lat' dir='ltr'>corporis</span> <span class='ocrx_word' id='word_1_728' title='bbox 1353 974 1484 1007; x_wconf 84' lang='lat' dir='ltr'>macula,</span> <span class='ocrx_word' id='word_1_729' title='bbox 1505 982 1619 1004; x_wconf 83' lang='lat' dir='ltr'>naevus.</span> <span class='ocrx_word' id='word_1_730' title='bbox 1642 972 1689 1002; x_wconf 88' lang='lat' dir='ltr'>illi</span> <span class='ocrx_word' id='word_1_731' title='bbox 1701 981 1800 1002; x_wconf 87' lang='lat' dir='ltr'>tamen</span> <span class='ocrx_word' id='word_1_732' title='bbox 1811 973 1869 1002; x_wconf 89' lang='lat' dir='ltr'>hoc</span> <span class='ocrx_word' id='word_1_733' title='bbox 1880 972 1985 1001; x_wconf 84' lang='lat' dir='ltr'>lumen</span> <span class='ocrx_word' id='word_1_734' title='bbox 1996 970 2160 1001; x_wconf 86' lang='lat' dir='ltr'>videbatur-</span> 
     </span>
     <span class='ocr_line' id='line_1_85' title="bbox 1189 1012 2170 1075; baseline -0.003 -30"><span class='ocrx_word' id='word_1_735' title='bbox 1189 1014 1191 1075; x_wconf 44' lang='grc' dir='ltr'><strong>ἡ</strong></span> <span class='ocrx_word' id='word_1_736' title='bbox 1212 1020 1249 1055; x_wconf 93' lang='lat' dir='ltr'>Q.</span> <span class='ocrx_word' id='word_1_737' title='bbox 1260 1016 1392 1049; x_wconf 86' lang='lat' dir='ltr'>Catulus,</span> <span class='ocrx_word' id='word_1_738' title='bbox 1404 1015 1492 1054; x_wconf 88' lang='lat' dir='ltr'>hujus</span> <span class='ocrx_word' id='word_1_739' title='bbox 1501 1015 1634 1055; x_wconf 74' lang='lat' dir='ltr'>collegae,</span> <span class='ocrx_word' id='word_1_740' title='bbox 1649 1013 1847 1044; x_wconf 86' lang='lat' dir='ltr'>&amp;familiaris</span> <span class='ocrx_word' id='word_1_741' title='bbox 1856 1012 1950 1043; x_wconf 88' lang='lat' dir='ltr'>nostri</span> <span class='ocrx_word' id='word_1_742' title='bbox 1957 1021 2049 1052; x_wconf 86' lang='lat' dir='ltr'>pater,</span> <span class='ocrx_word' id='word_1_743' title='bbox 2061 1012 2170 1042; x_wconf 82' lang='lat' dir='ltr'>dilexit</span> 
     </span>
     <span class='ocr_line' id='line_1_86' title="bbox 1213 1053 2167 1096; baseline -0.005 -7"><span class='ocrx_word' id='word_1_744' title='bbox 1213 1056 1661 1096; x_wconf 33' lang='lat' dir='ltr'>municipem-tuum‘Roscium</span> <span class='ocrx_word' id='word_1_745' title='bbox 1673 1065 1680 1084; x_wconf 90' lang='lat'>:</span> <span class='ocrx_word' id='word_1_746' title='bbox 1700 1056 1733 1085; x_wconf 88' lang='lat' dir='ltr'>in</span> <span class='ocrx_word' id='word_1_747' title='bbox 1745 1064 1835 1096; x_wconf 90' lang='lat' dir='ltr'>quem</span> <span class='ocrx_word' id='word_1_748' title='bbox 1845 1056 1934 1085; x_wconf 88' lang='lat' dir='ltr'>etiam</span> <span class='ocrx_word' id='word_1_749' title='bbox 1947 1054 2023 1084; x_wconf 87' lang='lat' dir='ltr'>illud</span> <span class='ocrx_word' id='word_1_750' title='bbox 2034 1053 2076 1084; x_wconf 88' lang='lat' dir='ltr'>est</span> <span class='ocrx_word' id='word_1_751' title='bbox 2085 1053 2149 1094; x_wconf 81' lang='lat' dir='ltr'>ejus</span> <span class='ocrx_word' id='word_1_752' title='bbox 2160 1062 2167 1084; x_wconf 78' lang='lat'>2</span> 
     </span>
     <span class='ocr_line' id='line_1_87' title="bbox 1308 1095 2065 1135; baseline -0.004 -8"><span class='ocrx_word' id='word_1_753' title='bbox 1308 1096 1486 1133; x_wconf 83' lang='lat' dir='ltr'>Constiteram</span> <span class='ocrx_word' id='word_1_754' title='bbox 1499 1117 1506 1129; x_wconf 93' lang='lat'><em>,</em></span> <span class='ocrx_word' id='word_1_755' title='bbox 1517 1096 1685 1126; x_wconf 75' lang='lat' dir='ltr'>exorientem</span> <span class='ocrx_word' id='word_1_756' title='bbox 1693 1106 1825 1125; x_wconf 77' lang='lat' dir='ltr'>auroram</span> <span class='ocrx_word' id='word_1_757' title='bbox 1830 1095 1908 1135; x_wconf 74' lang='lat' dir='ltr'>forte</span> <span class='ocrx_word' id='word_1_758' title='bbox 1915 1095 2046 1135; x_wconf 51' lang='lat' dir='ltr'>salutans</span> <span class='ocrx_word' id='word_1_759' title='bbox 2054 1115 2065 1130; x_wconf 91' lang='grc'><strong><em>,</em></strong></span> 
     </span>
     <span class='ocr_line' id='line_1_88' title="bbox 1393 1133 1946 1177; baseline -0.004 -10"><span class='ocrx_word' id='word_1_760' title='bbox 1393 1141 1414 1168; x_wconf 83' lang='lat' dir='ltr'><em>C</em></span> <span class='ocrx_word' id='word_1_761' title='bbox 1415 1136 1464 1167; x_wconf 58' lang='lat' dir='ltr'>i‘aem</span> <span class='ocrx_word' id='word_1_762' title='bbox 1471 1136 1567 1177; x_wconf 75' lang='lat' dir='ltr'>subito</span> <span class='ocrx_word' id='word_1_763' title='bbox 1575 1133 1593 1166; x_wconf 69' lang='grc' dir='ltr'><strong>ὲ</strong></span> <span class='ocrx_word' id='word_1_764' title='bbox 1606 1137 1675 1166; x_wconf 64' lang='lat' dir='ltr'>lava</span> <span class='ocrx_word' id='word_1_765' title='bbox 1684 1138 1798 1177; x_wconf 80' lang='lat' dir='ltr'>Roscius</span> <span class='ocrx_word' id='word_1_766' title='bbox 1810 1139 1946 1166; x_wconf 76' lang='lat' dir='ltr'>exoritur.</span> 
     </span>
     <span class='ocr_line' id='line_1_89' title="bbox 1308 1177 1955 1216; baseline -0.006 -5"><span class='ocrx_word' id='word_1_767' title='bbox 1308 1182 1390 1211; x_wconf 79' lang='lat' dir='ltr'>‘Pace</span> <span class='ocrx_word' id='word_1_768' title='bbox 1403 1181 1475 1209; x_wconf 81' lang='lat' dir='ltr'>mibi</span> <span class='ocrx_word' id='word_1_769' title='bbox 1487 1179 1571 1209; x_wconf 71' lang='lat' dir='ltr'>liceat</span> <span class='ocrx_word' id='word_1_770' title='bbox 1581 1199 1589 1213; x_wconf 89' lang='lat'>‚</span> <span class='ocrx_word' id='word_1_771' title='bbox 1604 1177 1710 1216; x_wconf 58' lang='lat' dir='ltr'>celestes</span> <span class='ocrx_word' id='word_1_772' title='bbox 1720 1199 1730 1213; x_wconf 88' lang='lat'><strong>,</strong></span> <span class='ocrx_word' id='word_1_773' title='bbox 1744 1179 1832 1208; x_wconf 85' lang='lat' dir='ltr'>dicere</span> <span class='ocrx_word' id='word_1_774' title='bbox 1845 1177 1934 1214; x_wconf 82' lang='lat' dir='ltr'>vestra</span> <span class='ocrx_word' id='word_1_775' title='bbox 1944 1198 1955 1213; x_wconf 82' lang='lat'>‚</span> 
     </span>
     <span class='ocr_line' id='line_1_90' title="bbox 1391 1220 1913 1263; baseline -0.006 -11"><span class='ocrx_word' id='word_1_776' title='bbox 1391 1221 1533 1252; x_wconf 71' lang='lat' dir='ltr'>Mortalis</span> <span class='ocrx_word' id='word_1_777' title='bbox 1547 1221 1627 1261; x_wconf 71' lang='lat' dir='ltr'>visus</span> <span class='ocrx_word' id='word_1_778' title='bbox 1638 1221 1782 1263; x_wconf 81' lang='lat' dir='ltr'>pulchrior</span> <span class='ocrx_word' id='word_1_779' title='bbox 1795 1220 1843 1258; x_wconf 80' lang='lat' dir='ltr'>effe</span> <span class='ocrx_word' id='word_1_780' title='bbox 1853 1220 1913 1250; x_wconf 79' lang='lat' dir='ltr'>deo.</span> 
     </span>
    </p>

    <p class='ocr_par' dir='ltr' id='par_1_21' title="bbox 1214 1258 2228 2541">
     <span class='ocr_line' id='line_1_91' title="bbox 1214 1258 2175 1305; baseline -0.006 -8"><span class='ocrx_word' id='word_1_781' title='bbox 1214 1264 1231 1286; x_wconf 81' lang='lat'><strong><em>⁶</em></strong></span> <span class='ocrx_word' id='word_1_782' title='bbox 1241 1267 1322 1297; x_wconf 89' lang='lat' dir='ltr'>Huic</span> <span class='ocrx_word' id='word_1_783' title='bbox 1331 1285 1339 1299; x_wconf 85' lang='lat'>‚</span> <span class='ocrx_word' id='word_1_784' title='bbox 1354 1264 1412 1295; x_wconf 89' lang='lat' dir='ltr'>deo</span> <span class='ocrx_word' id='word_1_785' title='bbox 1421 1264 1587 1305; x_wconf 86' lang='lat' dir='ltr'>pulchrior.</span> <span class='ocrx_word' id='word_1_786' title='bbox 1609 1270 1705 1294; x_wconf 90' lang='lat' dir='ltr'>aterat</span> <span class='ocrx_word' id='word_1_787' title='bbox 1715 1283 1724 1297; x_wconf 81' lang='lat'><em>,</em></span> <span class='ocrx_word' id='word_1_788' title='bbox 1737 1262 1808 1293; x_wconf 86' lang='lat' dir='ltr'>sicut</span> <span class='ocrx_word' id='word_1_789' title='bbox 1817 1263 1909 1292; x_wconf 86' lang='lat' dir='ltr'>hodie</span> <span class='ocrx_word' id='word_1_790' title='bbox 1918 1260 1962 1292; x_wconf 87' lang='lat' dir='ltr'>est</span> <span class='ocrx_word' id='word_1_791' title='bbox 1972 1282 1980 1296; x_wconf 89' lang='lat'>‚</span> <span class='ocrx_word' id='word_1_792' title='bbox 2000 1258 2175 1302; x_wconf 83' lang='lat' dir='ltr'>perversiffi-</span> 
     </span>
     <span class='ocr_line' id='line_1_92' title="bbox 1216 1303 2174 1347; baseline -0.005 -9"><span class='ocrx_word' id='word_1_793' title='bbox 1216 1309 1277 1338; x_wconf 88' lang='lat' dir='ltr'>mis</span> <span class='ocrx_word' id='word_1_794' title='bbox 1286 1307 1396 1338; x_wconf 91' lang='lat' dir='ltr'>oculis.</span> <span class='ocrx_word' id='word_1_795' title='bbox 1418 1305 1492 1347; x_wconf 89' lang='lat' dir='ltr'>quid</span> <span class='ocrx_word' id='word_1_796' title='bbox 1501 1304 1610 1338; x_wconf 84' lang='lat' dir='ltr'>refert?</span> <span class='ocrx_word' id='word_1_797' title='bbox 1629 1304 1650 1335; x_wconf 84' lang='lat' dir='ltr'>fi</span> <span class='ocrx_word' id='word_1_798' title='bbox 1668 1306 1727 1336; x_wconf 89' lang='lat' dir='ltr'>hoc</span> <span class='ocrx_word' id='word_1_799' title='bbox 1743 1304 1844 1345; x_wconf 86' lang='lat' dir='ltr'>ipsum</span> <span class='ocrx_word' id='word_1_800' title='bbox 1859 1304 1967 1335; x_wconf 83' lang='lat' dir='ltr'>salsum</span> <span class='ocrx_word' id='word_1_801' title='bbox 1978 1304 2024 1333; x_wconf 86' lang='lat' dir='ltr'>illi</span> <span class='ocrx_word' id='word_1_802' title='bbox 2034 1303 2068 1334; x_wconf 76' lang='grc' dir='ltr'>δε</span> <span class='ocrx_word' id='word_1_803' title='bbox 2078 1312 2174 1334; x_wconf 86' lang='lat' dir='ltr'>venu-</span> 
     </span>
     <span class='ocr_line' id='line_1_93' title="bbox 1215 1343 2175 1387; baseline -0.004 -7"><span class='ocrx_word' id='word_1_804' title='bbox 1215 1349 1296 1381; x_wconf 89' lang='lat' dir='ltr'>stum</span> <span class='ocrx_word' id='word_1_805' title='bbox 1307 1348 1472 1380; x_wconf 85' lang='lat' dir='ltr'>videbatur.</span> <span class='ocrx_word' id='word_1_806' title='bbox 1495 1347 1600 1378; x_wconf 88' lang='lat' dir='ltr'>Redeo</span> <span class='ocrx_word' id='word_1_807' title='bbox 1617 1347 1654 1378; x_wconf 92' lang='lat' dir='ltr'>ad</span> <span class='ocrx_word' id='word_1_808' title='bbox 1667 1347 1758 1378; x_wconf 86' lang='lat' dir='ltr'>deos:</span> <span class='ocrx_word' id='word_1_809' title='bbox 1779 1351 1795 1375; x_wconf 91' lang='lat'><em>7</em></span> <span class='ocrx_word' id='word_1_810' title='bbox 1803 1355 1915 1387; x_wconf 87' lang='lat' dir='ltr'>ecquos</span> <span class='ocrx_word' id='word_1_811' title='bbox 1923 1345 1944 1376; x_wconf 88' lang='lat' dir='ltr'>fi</span> <span class='ocrx_word' id='word_1_812' title='bbox 1955 1355 2019 1376; x_wconf 85' lang='lat' dir='ltr'>non</span> <span class='ocrx_word' id='word_1_813' title='bbox 2030 1354 2092 1377; x_wconf 83' lang='lat' dir='ltr'>tam</span> <span class='ocrx_word' id='word_1_814' title='bbox 2104 1343 2175 1376; x_wconf 71' lang='lat' dir='ltr'>stra·-</span> 
     </span>
     <span class='ocr_line' id='line_1_94' title="bbox 1214 1387 2177 1430; baseline -0.006 -8"><span class='ocrx_word' id='word_1_815' title='bbox 1214 1392 1311 1423; x_wconf 83' lang='lat' dir='ltr'>bones</span> <span class='ocrx_word' id='word_1_816' title='bbox 1321 1410 1330 1426; x_wconf 83' lang='lat'>‚</span> <span class='ocrx_word' id='word_1_817' title='bbox 1355 1399 1386 1421; x_wconf 92' lang='lat' dir='ltr'>at</span> <span class='ocrx_word' id='word_1_818' title='bbox 1397 1389 1521 1430; x_wconf 82' lang='lat' dir='ltr'>paetulos</span> <span class='ocrx_word' id='word_1_819' title='bbox 1543 1387 1600 1419; x_wconf 78' lang='lat' dir='ltr'>ess&#39;e</span> <span class='ocrx_word' id='word_1_820' title='bbox 1610 1388 1810 1419; x_wconf 87' lang='lat' dir='ltr'>arbitramur?</span> <span class='ocrx_word' id='word_1_821' title='bbox 1832 1397 1942 1429; x_wconf 88' lang='lat' dir='ltr'>ecquos</span> <span class='ocrx_word' id='word_1_822' title='bbox 1953 1396 2074 1418; x_wconf 84' lang='lat' dir='ltr'>naevum</span> <span class='ocrx_word' id='word_1_823' title='bbox 2084 1387 2177 1419; x_wconf 77' lang='lat' dir='ltr'>habe—</span> 
     </span>
     <span class='ocr_line' id='line_1_95' title="bbox 1217 1428 2177 1474; baseline -0.006 -10"><span class='ocrx_word' id='word_1_824' title='bbox 1217 1444 1247 1464; x_wconf 88' lang='lat' dir='ltr'>re</span> <span class='ocrx_word' id='word_1_825' title='bbox 1260 1436 1271 1462; x_wconf 84' lang='lat'>?</span> <span class='ocrx_word' id='word_1_826' title='bbox 1284 1442 1393 1474; x_wconf 88' lang='lat' dir='ltr'>ecquos</span> <span class='ocrx_word' id='word_1_827' title='bbox 1404 1430 1473 1461; x_wconf 89' lang='lat' dir='ltr'>filos</span> <span class='ocrx_word' id='word_1_828' title='bbox 1484 1449 1494 1465; x_wconf 86' lang='lat'><strong>,</strong></span> <span class='ocrx_word' id='word_1_829' title='bbox 1511 1428 1618 1461; x_wconf 86' lang='lat' dir='ltr'>flaccos</span> <span class='ocrx_word' id='word_1_830' title='bbox 1629 1450 1638 1464; x_wconf 88' lang='lat'><strong><em>,</em></strong></span> <span class='ocrx_word' id='word_1_831' title='bbox 1653 1429 1811 1460; x_wconf 82' lang='lat' dir='ltr'>frontones</span> <span class='ocrx_word' id='word_1_832' title='bbox 1821 1450 1830 1463; x_wconf 89' lang='lat'><em>,</em></span> <span class='ocrx_word' id='word_1_833' title='bbox 1845 1431 1997 1470; x_wconf 80' lang='lat' dir='ltr'>capitones</span> <span class='ocrx_word' id='word_1_834' title='bbox 2009 1449 2017 1462; x_wconf 92' lang='lat'>‚</span> <span class='ocrx_word' id='word_1_835' title='bbox 2033 1438 2098 1469; x_wconf 78' lang='lat' dir='ltr'>quae</span> <span class='ocrx_word' id='word_1_836' title='bbox 2107 1428 2177 1458; x_wconf 86' lang='lat' dir='ltr'>sunt</span> 
     </span>
     <span class='ocr_line' id='line_1_96' title="bbox 1217 1470 2176 1506; baseline -0.005 -1"><span class='ocrx_word' id='word_1_837' title='bbox 1217 1478 1250 1506; x_wconf 90' lang='lat' dir='ltr'>in</span> <span class='ocrx_word' id='word_1_838' title='bbox 1260 1474 1349 1505; x_wconf 90' lang='lat' dir='ltr'>nobis</span> <span class='ocrx_word' id='word_1_839' title='bbox 1360 1476 1371 1504; x_wconf 88' lang='lat'>?</span> <span class='ocrx_word' id='word_1_840' title='bbox 1380 1483 1418 1504; x_wconf 87' lang='lat' dir='ltr'>an</span> <span class='ocrx_word' id='word_1_841' title='bbox 1428 1473 1533 1503; x_wconf 87' lang='lat' dir='ltr'>omnia</span> <span class='ocrx_word' id='word_1_842' title='bbox 1541 1471 1697 1502; x_wconf 87' lang='lat' dir='ltr'>emendata</span> <span class='ocrx_word' id='word_1_843' title='bbox 1706 1474 1740 1502; x_wconf 86' lang='lat' dir='ltr'>in</span> <span class='ocrx_word' id='word_1_844' title='bbox 1749 1471 1811 1502; x_wconf 83' lang='lat' dir='ltr'>illis</span> <span class='ocrx_word' id='word_1_845' title='bbox 1822 1474 1832 1501; x_wconf 87' lang='lat'>?</span> <span class='ocrx_word' id='word_1_846' title='bbox 1842 1471 1926 1502; x_wconf 89' lang='lat' dir='ltr'>detur</span> <span class='ocrx_word' id='word_1_847' title='bbox 1935 1471 1967 1502; x_wconf 87' lang='lat' dir='ltr'>id</span> <span class='ocrx_word' id='word_1_848' title='bbox 1976 1470 2074 1500; x_wconf 88' lang='lat' dir='ltr'>vobis.</span> <span class='ocrx_word' id='word_1_849' title='bbox 2089 1472 2176 1500; x_wconf 85' lang='lat' dir='ltr'>Num</span> 
     </span>
     <span class='ocr_line' id='line_1_97' title="bbox 1217 1509 2178 1552; baseline -0.008 -5"><span class='ocrx_word' id='word_1_850' title='bbox 1217 1519 1307 1547; x_wconf 89' lang='lat' dir='ltr'>etiam</span> <span class='ocrx_word' id='word_1_851' title='bbox 1315 1514 1361 1546; x_wconf 51' lang='lat' dir='ltr'>¹est</span> <span class='ocrx_word' id='word_1_852' title='bbox 1371 1524 1431 1545; x_wconf 88' lang='lat' dir='ltr'>una</span> <span class='ocrx_word' id='word_1_853' title='bbox 1440 1514 1583 1544; x_wconf 82' lang='lat' dir='ltr'>omnium</span> <span class='ocrx_word' id='word_1_854' title='bbox 1593 1512 1684 1544; x_wconf 83' lang='lat' dir='ltr'>facies</span> <span class='ocrx_word' id='word_1_855' title='bbox 1694 1515 1705 1542; x_wconf 88' lang='lat'>?</span> <span class='ocrx_word' id='word_1_856' title='bbox 1718 1522 1789 1544; x_wconf 89' lang='lat' dir='ltr'>nam</span> <span class='ocrx_word' id='word_1_857' title='bbox 1799 1511 1820 1543; x_wconf 84' lang='lat' dir='ltr'>si</span> <span class='ocrx_word' id='word_1_858' title='bbox 1830 1513 1945 1552; x_wconf 87' lang='lat' dir='ltr'>plures:</span> <span class='ocrx_word' id='word_1_859' title='bbox 1960 1513 2050 1541; x_wconf 79' lang='lat' dir='ltr'>aliam</span> <span class='ocrx_word' id='word_1_860' title='bbox 2060 1509 2108 1548; x_wconf 65' lang='lat' dir='ltr'>effe</span> <span class='ocrx_word' id='word_1_861' title='bbox 2116 1512 2178 1541; x_wconf 61' lang='lat' dir='ltr'>alia</span> 
     </span>
     <span class='ocr_line' id='line_1_98' title="bbox 1214 1553 2178 1601; baseline -0.005 -14"><span class='ocrx_word' id='word_1_862' title='bbox 1214 1557 1400 1601; x_wconf 84' lang='lat' dir='ltr'>pulchriorem</span> <span class='ocrx_word' id='word_1_863' title='bbox 1413 1553 1527 1586; x_wconf 84' lang='lat' dir='ltr'>neceffe</span> <span class='ocrx_word' id='word_1_864' title='bbox 1547 1553 1599 1585; x_wconf 84' lang='lat' dir='ltr'>est.</span> <span class='ocrx_word' id='word_1_865' title='bbox 1630 1556 1724 1596; x_wconf 88' lang='lat' dir='ltr'>Igitur</span> <span class='ocrx_word' id='word_1_866' title='bbox 1739 1554 1847 1595; x_wconf 88' lang='lat' dir='ltr'>aliquis</span> <span class='ocrx_word' id='word_1_867' title='bbox 1868 1564 1933 1585; x_wconf 91' lang='lat' dir='ltr'>non</span> <span class='ocrx_word' id='word_1_868' title='bbox 1955 1554 2178 1594; x_wconf 81' lang='lat' dir='ltr'>pulcherrimus</span> 
     </span>
     <span class='ocr_line' id='line_1_99' title="bbox 1219 1593 2178 1631; baseline -0.007 0"><span class='ocrx_word' id='word_1_869' title='bbox 1219 1600 1302 1631; x_wconf 87' lang='lat' dir='ltr'>deus.</span> <span class='ocrx_word' id='word_1_870' title='bbox 1324 1600 1355 1629; x_wconf 90' lang='lat' dir='ltr'>Si</span> <span class='ocrx_word' id='word_1_871' title='bbox 1374 1607 1434 1628; x_wconf 88' lang='lat' dir='ltr'>una</span> <span class='ocrx_word' id='word_1_872' title='bbox 1450 1607 1502 1628; x_wconf 91' lang='lat' dir='ltr'>om</span> <span class='ocrx_word' id='word_1_873' title='bbox 1508 1598 1595 1627; x_wconf 90' lang='lat' dir='ltr'>nium</span> <span class='ocrx_word' id='word_1_874' title='bbox 1614 1595 1701 1627; x_wconf 86' lang='lat' dir='ltr'>facies</span> <span class='ocrx_word' id='word_1_875' title='bbox 1720 1595 1762 1627; x_wconf 88' lang='lat' dir='ltr'>est</span> <span class='ocrx_word' id='word_1_876' title='bbox 1772 1615 1781 1630; x_wconf 89' lang='lat'>‚</span> <span class='ocrx_word' id='word_1_877' title='bbox 1803 1594 1909 1626; x_wconf 82' lang='lat' dir='ltr'>florere</span> <span class='ocrx_word' id='word_1_878' title='bbox 1925 1597 1959 1626; x_wconf 90' lang='lat' dir='ltr'>in</span> <span class='ocrx_word' id='word_1_879' title='bbox 1975 1595 2049 1626; x_wconf 78' lang='lat' dir='ltr'>caelo</span> <span class='ocrx_word' id='word_1_880' title='bbox 2062 1593 2178 1624; x_wconf 83' lang='lat' dir='ltr'>Acade-</span> 
     </span>
     <span class='ocr_line' id='line_1_100' title="bbox 1221 1634 2180 1672; baseline -0.007 0"><span class='ocrx_word' id='word_1_881' title='bbox 1221 1643 1315 1672; x_wconf 88' lang='lat' dir='ltr'>miam</span> <span class='ocrx_word' id='word_1_882' title='bbox 1326 1637 1440 1671; x_wconf 87' lang='lat' dir='ltr'>necesse</span> <span class='ocrx_word' id='word_1_883' title='bbox 1450 1638 1501 1669; x_wconf 86' lang='lat' dir='ltr'>est.</span> <span class='ocrx_word' id='word_1_884' title='bbox 1525 1641 1556 1669; x_wconf 89' lang='lat' dir='ltr'>Si</span> <span class='ocrx_word' id='word_1_885' title='bbox 1567 1640 1650 1669; x_wconf 90' lang='lat' dir='ltr'>enim</span> <span class='ocrx_word' id='word_1_886' title='bbox 1660 1638 1739 1668; x_wconf 88' lang='lat' dir='ltr'>nihil</span> <span class='ocrx_word' id='word_1_887' title='bbox 1750 1640 1827 1668; x_wconf 88' lang='lat' dir='ltr'>inter</span> <span class='ocrx_word' id='word_1_888' title='bbox 1835 1638 1925 1668; x_wconf 86' lang='lat' dir='ltr'>deum</span> <span class='ocrx_word' id='word_1_889' title='bbox 1937 1657 1947 1670; x_wconf 86' lang='lat'><em>‚</em></span> <span class='ocrx_word' id='word_1_890' title='bbox 1968 1637 2001 1667; x_wconf 71' lang='grc' dir='ltr'>δε</span> <span class='ocrx_word' id='word_1_891' title='bbox 2011 1636 2104 1667; x_wconf 85' lang='lat' dir='ltr'>deum</span> <span class='ocrx_word' id='word_1_892' title='bbox 2116 1634 2180 1666; x_wconf 76' lang='lat' dir='ltr'>dif-</span> 
     </span>
     <span class='ocr_line' id='line_1_101' title="bbox 1218 1676 2178 1720; baseline -0.006 -7"><span class='ocrx_word' id='word_1_893' title='bbox 1218 1683 1275 1714; x_wconf 82' lang='lat' dir='ltr'>fert</span> <span class='ocrx_word' id='word_1_894' title='bbox 1288 1694 1297 1718; x_wconf 64' lang='grc' dir='ltr'>ς</span> <span class='ocrx_word' id='word_1_895' title='bbox 1315 1682 1398 1712; x_wconf 88' lang='lat' dir='ltr'>nulla</span> <span class='ocrx_word' id='word_1_896' title='bbox 1411 1680 1454 1711; x_wconf 91' lang='lat' dir='ltr'>est</span> <span class='ocrx_word' id='word_1_897' title='bbox 1464 1679 1540 1720; x_wconf 87' lang='lat' dir='ltr'>apud</span> <span class='ocrx_word' id='word_1_898' title='bbox 1551 1680 1623 1710; x_wconf 88' lang='lat' dir='ltr'>deos</span> <span class='ocrx_word' id='word_1_899' title='bbox 1631 1681 1768 1720; x_wconf 87' lang='lat' dir='ltr'>cognitio</span> <span class='ocrx_word' id='word_1_900' title='bbox 1778 1698 1787 1713; x_wconf 90' lang='lat'>‚</span> <span class='ocrx_word' id='word_1_901' title='bbox 1808 1679 1892 1710; x_wconf 86' lang='lat' dir='ltr'>nulla</span> <span class='ocrx_word' id='word_1_902' title='bbox 1900 1679 2061 1718; x_wconf 85' lang='lat' dir='ltr'>perceptio.</span> <span class='ocrx_word' id='word_1_903' title='bbox 2083 1676 2178 1718; x_wconf 65' lang='lat' dir='ltr'>Qui,</span> 
     </span>
     <span class='ocr_line' id='line_1_102' title="bbox 1220 1719 2180 1756; baseline -0.006 -1"><span class='ocrx_word' id='word_1_904' title='bbox 1220 1724 1241 1755; x_wconf 91' lang='lat' dir='ltr'>si</span> <span class='ocrx_word' id='word_1_905' title='bbox 1255 1726 1345 1755; x_wconf 89' lang='lat' dir='ltr'>etiam</span> <span class='ocrx_word' id='word_1_906' title='bbox 1358 1742 1368 1756; x_wconf 83' lang='lat'>.</span> <span class='ocrx_word' id='word_1_907' title='bbox 1388 1722 1506 1756; x_wconf 87' lang='lat' dir='ltr'>Vellei,</span> <span class='ocrx_word' id='word_1_908' title='bbox 1526 1721 1633 1752; x_wconf 84' lang='lat' dir='ltr'>falsum</span> <span class='ocrx_word' id='word_1_909' title='bbox 1646 1720 1724 1751; x_wconf 86' lang='lat' dir='ltr'>illud</span> <span class='ocrx_word' id='word_1_910' title='bbox 1736 1722 1867 1751; x_wconf 89' lang='lat' dir='ltr'>omnino</span> <span class='ocrx_word' id='word_1_911' title='bbox 1878 1719 1941 1754; x_wconf 90' lang='lat' dir='ltr'>est,</span> <span class='ocrx_word' id='word_1_912' title='bbox 1960 1719 2077 1750; x_wconf 82' lang='lat' dir='ltr'>nullam</span> <span class='ocrx_word' id='word_1_913' title='bbox 2089 1719 2180 1750; x_wconf 77' lang='lat' dir='ltr'>aliam</span> 
     </span>
     <span class='ocr_line' id='line_1_103' title="bbox 1222 1760 2184 1804; baseline -0.006 -8"><span class='ocrx_word' id='word_1_914' title='bbox 1222 1766 1312 1796; x_wconf 87' lang='lat' dir='ltr'>nobis</span> <span class='ocrx_word' id='word_1_915' title='bbox 1329 1764 1367 1795; x_wconf 90' lang='lat' dir='ltr'>de</span> <span class='ocrx_word' id='word_1_916' title='bbox 1376 1763 1434 1794; x_wconf 91' lang='lat' dir='ltr'>deo</span> <span class='ocrx_word' id='word_1_917' title='bbox 1445 1763 1645 1804; x_wconf 87' lang='lat' dir='ltr'>cogitantibus</span> <span class='ocrx_word' id='word_1_918' title='bbox 1655 1763 1783 1802; x_wconf 89' lang='lat' dir='ltr'>speciem</span> <span class='ocrx_word' id='word_1_919' title='bbox 1793 1781 1803 1796; x_wconf 91' lang='lat'>,</span> <span class='ocrx_word' id='word_1_920' title='bbox 1820 1760 1876 1792; x_wconf 91' lang='lat' dir='ltr'>nisi</span> <span class='ocrx_word' id='word_1_921' title='bbox 1886 1762 2000 1791; x_wconf 75' lang='lat' dir='ltr'>hominis</span> <span class='ocrx_word' id='word_1_922' title='bbox 2009 1768 2161 1792; x_wconf 75' lang='lat' dir='ltr'>occurrere</span> <span class='ocrx_word' id='word_1_923' title='bbox 2170 1761 2184 1790; x_wconf 74' lang='grc' dir='ltr'>ἰ</span> 
     </span>
     <span class='ocr_line' id='line_1_104' title="bbox 1222 1797 2182 1838; baseline -0.006 0"><span class='ocrx_word' id='word_1_924' title='bbox 1222 1815 1363 1838; x_wconf 87' lang='lat' dir='ltr'>tamenne</span> <span class='ocrx_word' id='word_1_925' title='bbox 1378 1804 1431 1835; x_wconf 86' lang='lat' dir='ltr'>ista</span> <span class='ocrx_word' id='word_1_926' title='bbox 1445 1814 1506 1836; x_wconf 87' lang='lat' dir='ltr'>tam</span> <span class='ocrx_word' id='word_1_927' title='bbox 1521 1804 1644 1836; x_wconf 88' lang='lat' dir='ltr'>absurda</span> <span class='ocrx_word' id='word_1_928' title='bbox 1654 1803 1817 1834; x_wconf 80' lang='lat' dir='ltr'>defendes?</span> <span class='ocrx_word' id='word_1_929' title='bbox 1835 1803 1924 1834; x_wconf 90' lang='lat' dir='ltr'>nobis</span> <span class='ocrx_word' id='word_1_930' title='bbox 1931 1801 2052 1834; x_wconf 83' lang='lat' dir='ltr'>fortaffe</span> <span class='ocrx_word' id='word_1_931' title='bbox 2067 1797 2113 1833; x_wconf 74' lang='lat' dir='ltr'>⁸fi</span> <span class='ocrx_word' id='word_1_932' title='bbox 2128 1810 2182 1832; x_wconf 86' lang='lat' dir='ltr'>oc·</span> 
     </span>
     <span class='ocr_line' id='line_1_105' title="bbox 1220 1846 2184 1888; baseline -0.006 -8"><span class='ocrx_word' id='word_1_933' title='bbox 1220 1849 1313 1880; x_wconf 83' lang='lat' dir='ltr'>curi-it</span> <span class='ocrx_word' id='word_1_934' title='bbox 1323 1867 1332 1882; x_wconf 92' lang='lat'>,</span> <span class='ocrx_word' id='word_1_935' title='bbox 1351 1856 1385 1878; x_wconf 90' lang='lat' dir='ltr'>ut</span> <span class='ocrx_word' id='word_1_936' title='bbox 1397 1846 1489 1878; x_wconf 88' lang='lat' dir='ltr'>dicis:</span> <span class='ocrx_word' id='word_1_937' title='bbox 1507 1847 1619 1888; x_wconf 87' lang='lat' dir='ltr'>Jovem</span> <span class='ocrx_word' id='word_1_938' title='bbox 1628 1866 1636 1880; x_wconf 91' lang='lat'>‚</span> <span class='ocrx_word' id='word_1_939' title='bbox 1654 1847 1810 1888; x_wconf 90' lang='lat' dir='ltr'>Junonem</span> <span class='ocrx_word' id='word_1_940' title='bbox 1824 1866 1833 1880; x_wconf 86' lang='lat'><em>,</em></span> <span class='ocrx_word' id='word_1_941' title='bbox 1851 1846 2022 1876; x_wconf 84' lang='lat' dir='ltr'>Minervam</span> <span class='ocrx_word' id='word_1_942' title='bbox 2035 1864 2044 1878; x_wconf 87' lang='lat'>.</span> <span class='ocrx_word' id='word_1_943' title='bbox 2063 1846 2184 1884; x_wconf 88' lang='lat' dir='ltr'>Neptu-</span> 
     </span>
     <span class='ocr_line' id='line_1_106' title="bbox 1222 1885 2184 1929; baseline -0.006 -8"><span class='ocrx_word' id='word_1_944' title='bbox 1222 1901 1299 1921; x_wconf 88' lang='lat' dir='ltr'>num</span> <span class='ocrx_word' id='word_1_945' title='bbox 1311 1909 1320 1924; x_wconf 86' lang='lat'>,</span> <span class='ocrx_word' id='word_1_946' title='bbox 1332 1889 1503 1920; x_wconf 87' lang='lat' dir='ltr'>Vulcanum</span> <span class='ocrx_word' id='word_1_947' title='bbox 1514 1908 1523 1923; x_wconf 87' lang='lat'>‚</span> <span class='ocrx_word' id='word_1_948' title='bbox 1535 1888 1712 1929; x_wconf 90' lang='lat' dir='ltr'>Apollinem</span> <span class='ocrx_word' id='word_1_949' title='bbox 1724 1908 1734 1921; x_wconf 79' lang='lat'>,</span> <span class='ocrx_word' id='word_1_950' title='bbox 1753 1889 1886 1929; x_wconf 89' lang='lat' dir='ltr'>reliquos</span> <span class='ocrx_word' id='word_1_951' title='bbox 1894 1887 1968 1918; x_wconf 87' lang='lat' dir='ltr'>deos</span> <span class='ocrx_word' id='word_1_952' title='bbox 1977 1905 1987 1921; x_wconf 89' lang='lat'>,</span> <span class='ocrx_word' id='word_1_953' title='bbox 1998 1896 2033 1918; x_wconf 84' lang='lat' dir='ltr'>ea</span> <span class='ocrx_word' id='word_1_954' title='bbox 2039 1885 2113 1917; x_wconf 84' lang='lat' dir='ltr'>facie</span> <span class='ocrx_word' id='word_1_955' title='bbox 2124 1894 2184 1916; x_wconf 86' lang='lat' dir='ltr'>no-</span> 
     </span>
     <span class='ocr_line' id='line_1_107' title="bbox 1223 1926 2184 1972; baseline -0.005 -9"><span class='ocrx_word' id='word_1_956' title='bbox 1223 1934 1326 1963; x_wconf 89' lang='lat' dir='ltr'>vimus</span> <span class='ocrx_word' id='word_1_957' title='bbox 1336 1951 1346 1965; x_wconf 82' lang='lat'>‚</span> <span class='ocrx_word' id='word_1_958' title='bbox 1360 1941 1417 1972; x_wconf 86' lang='lat' dir='ltr'>qua</span> <span class='ocrx_word' id='word_1_959' title='bbox 1427 1929 1559 1971; x_wconf 65' lang='lat' dir='ltr'>pifflwres</span> <span class='ocrx_word' id='word_1_960' title='bbox 1567 1950 1576 1964; x_wconf 89' lang='lat'>‚</span> <span class='ocrx_word' id='word_1_961' title='bbox 1593 1928 1770 1971; x_wconf 67' lang='lat' dir='ltr'>fictoresque</span> <span class='ocrx_word' id='word_1_962' title='bbox 1779 1931 1956 1961; x_wconf 85' lang='lat' dir='ltr'>voluerunt:</span> <span class='ocrx_word' id='word_1_963' title='bbox 1973 1937 2071 1969; x_wconf 87' lang='lat' dir='ltr'>neque</span> <span class='ocrx_word' id='word_1_964' title='bbox 2081 1926 2184 1958; x_wconf 72' lang='lat' dir='ltr'>solum</span> 
     </span>
     <span class='ocr_line' id='line_1_108' title="bbox 1223 1970 2228 2013; baseline -0.005 -8"><span class='ocrx_word' id='word_1_965' title='bbox 1223 1973 1299 2005; x_wconf 87' lang='lat' dir='ltr'>facie</span> <span class='ocrx_word' id='word_1_966' title='bbox 1308 1993 1318 2009; x_wconf 85' lang='lat'><em>‚</em></span> <span class='ocrx_word' id='word_1_967' title='bbox 1329 1973 1379 2004; x_wconf 90' lang='lat' dir='ltr'>sed</span> <span class='ocrx_word' id='word_1_968' title='bbox 1389 1974 1481 2004; x_wconf 88' lang='lat' dir='ltr'>etiam</span> <span class='ocrx_word' id='word_1_969' title='bbox 1491 1981 1599 2003; x_wconf 89' lang='lat' dir='ltr'>ornatu</span> <span class='ocrx_word' id='word_1_970' title='bbox 1609 1992 1618 2006; x_wconf 83' lang='lat'>‚</span> <span class='ocrx_word' id='word_1_971' title='bbox 1631 1981 1714 2003; x_wconf 87' lang='lat' dir='ltr'>aetate</span> <span class='ocrx_word' id='word_1_972' title='bbox 1724 1992 1733 2005; x_wconf 80' lang='lat'>‚</span> <span class='ocrx_word' id='word_1_973' title='bbox 1742 1981 1830 2013; x_wconf 88' lang='lat' dir='ltr'>atque</span> <span class='ocrx_word' id='word_1_974' title='bbox 1838 1970 1956 2002; x_wconf 89' lang='lat' dir='ltr'>vestitu.</span> <span class='ocrx_word' id='word_1_975' title='bbox 1979 1979 2008 2001; x_wconf 90' lang='lat' dir='ltr'>at</span> <span class='ocrx_word' id='word_1_976' title='bbox 2016 1979 2082 2000; x_wconf 85' lang='lat' dir='ltr'>non</span> <span class='ocrx_word' id='word_1_977' title='bbox 2091 1971 2185 2010; x_wconf 85' lang='lat' dir='ltr'><strong>AEgy·</strong></span> <span class='ocrx_word' id='word_1_978' title='bbox 2223 1996 2228 2000; x_wconf 90' lang='lat'>.</span> 
     </span>
     <span class='ocr_line' id='line_1_109' title="bbox 1226 2011 2183 2057; baseline -0.005 -11"><span class='ocrx_word' id='word_1_979' title='bbox 1226 2017 1303 2057; x_wconf 82' lang='lat' dir='ltr'>prii,</span> <span class='ocrx_word' id='word_1_980' title='bbox 1323 2025 1379 2046; x_wconf 86' lang='lat' dir='ltr'>nec</span> <span class='ocrx_word' id='word_1_981' title='bbox 1388 2016 1471 2055; x_wconf 86' lang='lat' dir='ltr'>Syri,</span> <span class='ocrx_word' id='word_1_982' title='bbox 1493 2024 1548 2045; x_wconf 91' lang='lat' dir='ltr'>nec</span> <span class='ocrx_word' id='word_1_983' title='bbox 1561 2013 1624 2044; x_wconf 75' lang='lat' dir='ltr'>fere</span> <span class='ocrx_word' id='word_1_984' title='bbox 1641 2013 1748 2044; x_wconf 62' lang='lat' dir='ltr'>canna</span> <span class='ocrx_word' id='word_1_985' title='bbox 1766 2013 1905 2044; x_wconf 87' lang='lat' dir='ltr'>barbaria.</span> <span class='ocrx_word' id='word_1_986' title='bbox 1928 2011 2090 2043; x_wconf 86' lang='lat' dir='ltr'>firmioreis</span> <span class='ocrx_word' id='word_1_987' title='bbox 2099 2013 2183 2042; x_wconf 83' lang='lat' dir='ltr'>enim</span> 
     </span>
     <span class='ocr_line' id='line_1_110' title="bbox 1225 2051 2186 2097; baseline -0.006 -8"><span class='ocrx_word' id='word_1_988' title='bbox 1225 2058 1327 2090; x_wconf 90' lang='lat' dir='ltr'>videas</span> <span class='ocrx_word' id='word_1_989' title='bbox 1335 2057 1414 2097; x_wconf 88' lang='lat' dir='ltr'>apud</span> <span class='ocrx_word' id='word_1_990' title='bbox 1422 2066 1475 2087; x_wconf 91' lang='lat' dir='ltr'>eos</span> <span class='ocrx_word' id='word_1_991' title='bbox 1484 2057 1647 2096; x_wconf 85' lang='lat' dir='ltr'>opiniones</span> <span class='ocrx_word' id='word_1_992' title='bbox 1655 2054 1713 2086; x_wconf 84' lang='lat' dir='ltr'>effe</span> <span class='ocrx_word' id='word_1_993' title='bbox 1722 2055 1759 2086; x_wconf 89' lang='lat' dir='ltr'>de</span> <span class='ocrx_word' id='word_1_994' title='bbox 1769 2054 1871 2086; x_wconf 89' lang='lat' dir='ltr'>bestiis</span> <span class='ocrx_word' id='word_1_995' title='bbox 1879 2053 2056 2095; x_wconf 85' lang='lat' dir='ltr'>quibusdam</span> <span class='ocrx_word' id='word_1_996' title='bbox 2070 2072 2080 2088; x_wconf 86' lang='lat'><strong>,</strong></span> <span class='ocrx_word' id='word_1_997' title='bbox 2094 2051 2186 2093; x_wconf 74' lang='lat' dir='ltr'>quam</span> 
     </span>
     <span class='ocr_line' id='line_1_111' title="bbox 1226 2095 2183 2141; baseline -0.007 -11"><span class='ocrx_word' id='word_1_998' title='bbox 1226 2099 1305 2141; x_wconf 86' lang='lat' dir='ltr'>apud</span> <span class='ocrx_word' id='word_1_999' title='bbox 1323 2108 1381 2130; x_wconf 88' lang='lat' dir='ltr'>nos</span> <span class='ocrx_word' id='word_1_1000' title='bbox 1398 2098 1436 2129; x_wconf 91' lang='lat' dir='ltr'>de</span> <span class='ocrx_word' id='word_1_1001' title='bbox 1452 2096 1644 2129; x_wconf 66' lang='lat' dir='ltr'>sanetiffimis</span> <span class='ocrx_word' id='word_1_1002' title='bbox 1661 2098 1804 2138; x_wconf 88' lang='lat' dir='ltr'>templis,</span> <span class='ocrx_word' id='word_1_1003' title='bbox 1825 2095 2031 2128; x_wconf 83' lang='lat' dir='ltr'>&amp;fimulacris</span> <span class='ocrx_word' id='word_1_1004' title='bbox 2043 2095 2183 2126; x_wconf 87' lang='lat' dir='ltr'>deorum.</span> 
     </span>
     <span class='ocr_line' id='line_1_112' title="bbox 1229 2136 2187 2173; baseline -0.006 -1"><span class='ocrx_word' id='word_1_1005' title='bbox 1229 2143 1353 2173; x_wconf 84' lang='lat' dir='ltr'>Etenim</span> <span class='ocrx_word' id='word_1_1006' title='bbox 1367 2149 1460 2170; x_wconf 77' lang='lat' dir='ltr'>FANA</span> <span class='ocrx_word' id='word_1_1007' title='bbox 1475 2149 1597 2171; x_wconf 58' lang='grc' dir='ltr'>Μυκη-Α</span> <span class='ocrx_word' id='word_1_1008' title='bbox 1611 2148 1819 2170; x_wconf 72' lang='lat' dir='ltr'>ExspomA-rA</span> <span class='ocrx_word' id='word_1_1009' title='bbox 1828 2158 1837 2173; x_wconf 90' lang='lat'>‚</span> <span class='ocrx_word' id='word_1_1010' title='bbox 1850 2139 1883 2169; x_wconf 72' lang='grc' dir='ltr'>ὃς</span> <span class='ocrx_word' id='word_1_1011' title='bbox 1892 2136 2045 2168; x_wconf 83' lang='lat' dir='ltr'>fimulacta</span> <span class='ocrx_word' id='word_1_1012' title='bbox 2056 2136 2187 2168; x_wconf 83' lang='lat' dir='ltr'>deorum</span> 
     </span>
     <span class='ocr_line' id='line_1_113' title="bbox 1229 2176 2188 2214; baseline -0.006 -1"><span class='ocrx_word' id='word_1_1013' title='bbox 1229 2183 1266 2214; x_wconf 91' lang='lat' dir='ltr'>de</span> <span class='ocrx_word' id='word_1_1014' title='bbox 1283 2184 1360 2214; x_wconf 89' lang='lat' dir='ltr'>locis</span> <span class='ocrx_word' id='word_1_1015' title='bbox 1376 2179 1565 2213; x_wconf 65' lang='lat' dir='ltr'>sanetiffimis</span> <span class='ocrx_word' id='word_1_1016' title='bbox 1584 2181 1678 2212; x_wconf 89' lang='lat' dir='ltr'>ablata</span> <span class='ocrx_word' id='word_1_1017' title='bbox 1693 2181 1834 2212; x_wconf 87' lang='lat' dir='ltr'>videmus</span> <span class='ocrx_word' id='word_1_1018' title='bbox 1849 2181 1866 2211; x_wconf 73' lang='lat' dir='ltr'>a</span> <span class='ocrx_word' id='word_1_1019' title='bbox 1884 2179 2004 2210; x_wconf 88' lang='lat' dir='ltr'>nostris.</span> <span class='ocrx_word' id='word_1_1020' title='bbox 2026 2188 2055 2210; x_wconf 89' lang='lat' dir='ltr'>at</span> <span class='ocrx_word' id='word_1_1021' title='bbox 2063 2176 2137 2209; x_wconf 76' lang='lat' dir='ltr'>verb</span> <span class='ocrx_word' id='word_1_1022' title='bbox 2149 2186 2188 2208; x_wconf 87' lang='lat' dir='ltr'>ne</span> 
     </span>
     <span class='ocr_line' id='line_1_114' title="bbox 1229 2217 2190 2265; baseline -0.006 -10"><span class='ocrx_word' id='word_1_1023' title='bbox 1229 2224 1322 2256; x_wconf 83' lang='lat' dir='ltr'>fando</span> <span class='ocrx_word' id='word_1_1024' title='bbox 1330 2224 1455 2265; x_wconf 90' lang='lat' dir='ltr'>quidem</span> <span class='ocrx_word' id='word_1_1025' title='bbox 1466 2223 1602 2254; x_wconf 84' lang='lat' dir='ltr'>auditum</span> <span class='ocrx_word' id='word_1_1026' title='bbox 1612 2222 1655 2254; x_wconf 90' lang='lat' dir='ltr'>est</span> <span class='ocrx_word' id='word_1_1027' title='bbox 1667 2243 1676 2257; x_wconf 93' lang='lat'><strong>,</strong></span> <span class='ocrx_word' id='word_1_1028' title='bbox 1694 2223 1885 2254; x_wconf 88' lang='lat' dir='ltr'>crocodilum</span> <span class='ocrx_word' id='word_1_1029' title='bbox 1895 2241 1905 2256; x_wconf 85' lang='lat'>‚</span> <span class='ocrx_word' id='word_1_1030' title='bbox 1917 2230 1966 2253; x_wconf 88' lang='lat' dir='ltr'>aut</span> <span class='ocrx_word' id='word_1_1031' title='bbox 1976 2221 2053 2251; x_wconf 86' lang='lat' dir='ltr'>ibim</span> <span class='ocrx_word' id='word_1_1032' title='bbox 2066 2239 2074 2254; x_wconf 90' lang='lat'>‚</span> <span class='ocrx_word' id='word_1_1033' title='bbox 2085 2227 2134 2250; x_wconf 85' lang='lat' dir='ltr'>aut</span> <span class='ocrx_word' id='word_1_1034' title='bbox 2142 2217 2190 2249; x_wconf 83' lang='lat' dir='ltr'>fe-</span> 
     </span>
     <span class='ocr_line' id='line_1_115' title="bbox 1231 2259 2190 2307; baseline -0.008 -10"><span class='ocrx_word' id='word_1_1035' title='bbox 1231 2268 1294 2297; x_wconf 88' lang='lat' dir='ltr'>lem</span> <span class='ocrx_word' id='word_1_1036' title='bbox 1309 2266 1459 2297; x_wconf 84' lang='lat' dir='ltr'>violarum</span> <span class='ocrx_word' id='word_1_1037' title='bbox 1476 2265 1513 2296; x_wconf 94' lang='lat' dir='ltr'>ab</span> <span class='ocrx_word' id='word_1_1038' title='bbox 1522 2267 1676 2307; x_wconf 71' lang='lat' dir='ltr'>AEgyptio.</span> <span class='ocrx_word' id='word_1_1039' title='bbox 1699 2264 1780 2306; x_wconf 84' lang='lat' dir='ltr'>Qid</span> <span class='ocrx_word' id='word_1_1040' title='bbox 1797 2266 1889 2305; x_wconf 91' lang='lat' dir='ltr'>igitur</span> <span class='ocrx_word' id='word_1_1041' title='bbox 1904 2263 2027 2294; x_wconf 85' lang='lat' dir='ltr'>censes?</span> <span class='ocrx_word' id='word_1_1042' title='bbox 2044 2263 2135 2301; x_wconf 81' lang='lat' dir='ltr'>Apim</span> <span class='ocrx_word' id='word_1_1043' title='bbox 2150 2259 2190 2290; x_wconf 83' lang='lat' dir='ltr'>il-</span> 
     </span>
     <span class='ocr_line' id='line_1_116' title="bbox 1229 2300 2191 2349; baseline -0.008 -10"><span class='ocrx_word' id='word_1_1044' title='bbox 1229 2310 1295 2339; x_wconf 89' lang='lat' dir='ltr'>lum</span> <span class='ocrx_word' id='word_1_1045' title='bbox 1307 2328 1316 2343; x_wconf 92' lang='lat'><strong><em>,</em></strong></span> <span class='ocrx_word' id='word_1_1046' title='bbox 1339 2307 1476 2339; x_wconf 61' lang='lat' dir='ltr'>sancium</span> <span class='ocrx_word' id='word_1_1047' title='bbox 1488 2310 1697 2349; x_wconf 83' lang='lat' dir='ltr'>AEgyptiorum</span> <span class='ocrx_word' id='word_1_1048' title='bbox 1709 2306 1820 2337; x_wconf 87' lang='lat' dir='ltr'>bovem</span> <span class='ocrx_word' id='word_1_1049' title='bbox 1833 2325 1843 2340; x_wconf 86' lang='lat'><strong>,</strong></span> <span class='ocrx_word' id='word_1_1050' title='bbox 1861 2314 1968 2336; x_wconf 85' lang='lat' dir='ltr'>nonne</span> <span class='ocrx_word' id='word_1_1051' title='bbox 1983 2304 2074 2334; x_wconf 89' lang='lat' dir='ltr'>deum</span> <span class='ocrx_word' id='word_1_1052' title='bbox 2093 2300 2191 2332; x_wconf 79' lang='lat' dir='ltr'>videri</span> 
     </span>
     <span class='ocr_line' id='line_1_117' title="bbox 1232 2344 2192 2392; baseline -0.007 -12"><span class='ocrx_word' id='word_1_1053' title='bbox 1232 2351 1380 2392; x_wconf 85' lang='lat' dir='ltr'>AEgyptiis</span> <span class='ocrx_word' id='word_1_1054' title='bbox 1393 2353 1403 2379; x_wconf 88' lang='lat'>?</span> <span class='ocrx_word' id='word_1_1055' title='bbox 1421 2358 1482 2380; x_wconf 88' lang='lat' dir='ltr'>tam</span> <span class='ocrx_word' id='word_1_1056' title='bbox 1494 2351 1593 2379; x_wconf 79' lang='lat' dir='ltr'>hercle</span> <span class='ocrx_word' id='word_1_1057' title='bbox 1602 2369 1611 2383; x_wconf 89' lang='lat'><em>‚</em></span> <span class='ocrx_word' id='word_1_1058' title='bbox 1627 2358 1715 2389; x_wconf 86' lang='lat' dir='ltr'>quam</span> <span class='ocrx_word' id='word_1_1059' title='bbox 1726 2348 1782 2378; x_wconf 89' lang='lat' dir='ltr'>tibi</span> <span class='ocrx_word' id='word_1_1060' title='bbox 1794 2348 1878 2377; x_wconf 89' lang='lat' dir='ltr'>illam</span> <span class='ocrx_word' id='word_1_1061' title='bbox 1889 2345 2020 2377; x_wconf 86' lang='lat' dir='ltr'>nostram</span> <span class='ocrx_word' id='word_1_1062' title='bbox 2031 2344 2192 2384; x_wconf 80' lang='lat' dir='ltr'>Sospitam,</span> 
     </span>
     <span class='ocr_line' id='line_1_118' title="bbox 1232 2384 2192 2433; baseline -0.007 -11"><span class='ocrx_word' id='word_1_1063' title='bbox 1232 2402 1322 2433; x_wconf 88' lang='lat' dir='ltr'>quam</span> <span class='ocrx_word' id='word_1_1064' title='bbox 1335 2400 1367 2422; x_wconf 93' lang='lat' dir='ltr'>tu</span> <span class='ocrx_word' id='word_1_1065' title='bbox 1377 2401 1545 2432; x_wconf 87' lang='lat' dir='ltr'>numquam</span> <span class='ocrx_word' id='word_1_1066' title='bbox 1559 2400 1598 2420; x_wconf 89' lang='lat' dir='ltr'>ne</span> <span class='ocrx_word' id='word_1_1067' title='bbox 1611 2392 1644 2420; x_wconf 88' lang='lat' dir='ltr'>in</span> <span class='ocrx_word' id='word_1_1068' title='bbox 1658 2390 1773 2420; x_wconf 81' lang='lat' dir='ltr'>somnis</span> <span class='ocrx_word' id='word_1_1069' title='bbox 1785 2388 1910 2429; x_wconf 88' lang='lat' dir='ltr'>quidem</span> <span class='ocrx_word' id='word_1_1070' title='bbox 1923 2386 2006 2418; x_wconf 91' lang='lat' dir='ltr'>vides</span> <span class='ocrx_word' id='word_1_1071' title='bbox 2017 2406 2027 2421; x_wconf 87' lang='lat'>‚</span> <span class='ocrx_word' id='word_1_1072' title='bbox 2048 2384 2103 2417; x_wconf 86' lang='lat' dir='ltr'>nisi</span> <span class='ocrx_word' id='word_1_1073' title='bbox 2119 2393 2192 2416; x_wconf 89' lang='lat' dir='ltr'>cum</span> 
     </span>
     <span class='ocr_line' id='line_1_119' title="bbox 1233 2427 2190 2474; baseline -0.008 -10"><span class='ocrx_word' id='word_1_1074' title='bbox 1233 2433 1312 2474; x_wconf 89' lang='lat' dir='ltr'>pelle</span> <span class='ocrx_word' id='word_1_1075' title='bbox 1322 2435 1440 2473; x_wconf 86' lang='lat' dir='ltr'>caprina</span> <span class='ocrx_word' id='word_1_1076' title='bbox 1451 2453 1459 2466; x_wconf 91' lang='lat'>‚</span> <span class='ocrx_word' id='word_1_1077' title='bbox 1470 2442 1541 2462; x_wconf 89' lang='lat' dir='ltr'>cum</span> <span class='ocrx_word' id='word_1_1078' title='bbox 1552 2430 1631 2462; x_wconf 79' lang='lat' dir='ltr'>hasta</span> <span class='ocrx_word' id='word_1_1079' title='bbox 1639 2451 1648 2466; x_wconf 90' lang='lat'><em>‚</em></span> <span class='ocrx_word' id='word_1_1080' title='bbox 1659 2441 1730 2462; x_wconf 91' lang='lat' dir='ltr'>cum</span> <span class='ocrx_word' id='word_1_1081' title='bbox 1741 2430 1858 2462; x_wconf 88' lang='lat' dir='ltr'>scutulo</span> <span class='ocrx_word' id='word_1_1082' title='bbox 1868 2449 1876 2463; x_wconf 89' lang='lat'>‚</span> <span class='ocrx_word' id='word_1_1083' title='bbox 1892 2433 1907 2457; x_wconf 87' lang='grc'><strong>9</strong></span> <span class='ocrx_word' id='word_1_1084' title='bbox 1916 2438 1986 2459; x_wconf 88' lang='lat' dir='ltr'>cum</span> <span class='ocrx_word' id='word_1_1085' title='bbox 1997 2427 2135 2459; x_wconf 85' lang='lat' dir='ltr'>calceolis</span> <span class='ocrx_word' id='word_1_1086' title='bbox 2144 2435 2190 2457; x_wconf 84' lang='lat' dir='ltr'>re·</span> 
     </span>
     <span class='ocr_line' id='line_1_120' title="bbox 1232 2470 2192 2517; baseline -0.008 -11"><span class='ocrx_word' id='word_1_1087' title='bbox 1232 2474 1349 2517; x_wconf 86' lang='lat' dir='ltr'>pandis.</span> <span class='ocrx_word' id='word_1_1088' title='bbox 1371 2477 1412 2505; x_wconf 84' lang='lat' dir='ltr'>At</span> <span class='ocrx_word' id='word_1_1089' title='bbox 1421 2483 1486 2505; x_wconf 90' lang='lat' dir='ltr'>non</span> <span class='ocrx_word' id='word_1_1090' title='bbox 1498 2472 1543 2504; x_wconf 85' lang='lat' dir='ltr'>est</span> <span class='ocrx_word' id='word_1_1091' title='bbox 1557 2474 1623 2504; x_wconf 84' lang='lat' dir='ltr'>talis</span> <span class='ocrx_word' id='word_1_1092' title='bbox 1635 2475 1745 2513; x_wconf 84' lang='lat' dir='ltr'>Argiva</span> <span class='ocrx_word' id='word_1_1093' title='bbox 1754 2492 1764 2507; x_wconf 84' lang='lat'><em>‚</em></span> <span class='ocrx_word' id='word_1_1094' title='bbox 1783 2482 1840 2503; x_wconf 86' lang='lat' dir='ltr'>nec</span> <span class='ocrx_word' id='word_1_1095' title='bbox 1850 2474 1990 2503; x_wconf 87' lang='lat' dir='ltr'>Romana</span> <span class='ocrx_word' id='word_1_1096' title='bbox 1996 2470 2089 2512; x_wconf 87' lang='lat' dir='ltr'>Juno.</span> <span class='ocrx_word' id='word_1_1097' title='bbox 2111 2471 2192 2508; x_wconf 85' lang='lat' dir='ltr'>Ergo</span> 
     </span>
     <span class='ocr_line' id='line_1_121' title="bbox 2135 2511 2192 2541; baseline -0.018 0"><span class='ocrx_word' id='word_1_1098' title='bbox 2135 2511 2192 2541; x_wconf 86' lang='lat' dir='ltr'>alia</span> 
     </span>
    </p>
   </div>
   <div class='ocr_carea' id='block_1_21' title="bbox 1194 1493 1204 2022">
    <p class='ocr_par' dir='ltr' id='par_1_22' title="bbox 1194 1493 1204 2022">
     <span class='ocr_line' id='line_1_122' title="bbox 1194 1493 1204 2022; baseline 0 0"><span class='ocrx_word' id='word_1_1099' title='bbox 1194 1493 1204 2022; x_wconf 95' lang='lat' dir='ltr'> </span> 
     </span>
    </p>
   </div>
   <div class='ocr_carea' id='block_1_22' title="bbox 244 2586 2179 2601">
    <p class='ocr_par' dir='ltr' id='par_1_23' title="bbox 244 2586 2179 2601">
     <span class='ocr_line' id='line_1_123' title="bbox 244 2586 2179 2601; baseline 0 799"><span class='ocrx_word' id='word_1_1100' title='bbox 244 2586 2179 2601; x_wconf 95' lang='lat' dir='ltr'> </span> 
     </span>
    </p>
   </div>
   <div class='ocr_carea' id='block_1_23' title="bbox 245 2631 1199 3024">
    <p class='ocr_par' dir='ltr' id='par_1_24' title="bbox 245 2631 1195 2697">
     <span class='ocr_line' id='line_1_124' title="bbox 280 2631 1195 2675; baseline -0.001 -15"><span class='ocrx_word' id='word_1_1101' title='bbox 280 2643 302 2675; x_wconf 86' lang='lat'>¹.&#39;</span> <span class='ocrx_word' id='word_1_1102' title='bbox 323 2637 677 2671; x_wconf 55' lang='lat' dir='ltr'>mton105‚in.ine‚imagines.]</span> <span class='ocrx_word' id='word_1_1103' title='bbox 698 2636 763 2662; x_wconf 88' lang='lat' dir='ltr'>Non</span> <span class='ocrx_word' id='word_1_1104' title='bbox 774 2633 879 2661; x_wconf 84' lang='lat' dir='ltr'>videtur</span> <span class='ocrx_word' id='word_1_1105' title='bbox 889 2632 1111 2661; x_wconf 88' lang='lat' dir='ltr'>contemnendum</span> <span class='ocrx_word' id='word_1_1106' title='bbox 1121 2631 1195 2669; x_wconf 85' lang='lat' dir='ltr'>quod</span> 
     </span>
     <span class='ocr_line' id='line_1_125' title="bbox 245 2670 596 2697; baseline 0.003 -1"><span class='ocrx_word' id='word_1_1107' title='bbox 245 2670 279 2697; x_wconf 76' lang='lat' dir='ltr'>est</span> <span class='ocrx_word' id='word_1_1108' title='bbox 291 2680 316 2696; x_wconf 89' lang='lat' dir='ltr'>in</span> <span class='ocrx_word' id='word_1_1109' title='bbox 328 2671 410 2697; x_wconf 83' lang='lat' dir='ltr'>tribus</span> <span class='ocrx_word' id='word_1_1110' title='bbox 425 2671 490 2697; x_wconf 66' lang='lat'>1¹:111.</span> <span class='ocrx_word' id='word_1_1111' title='bbox 502 2675 596 2697; x_wconf 67' lang='lat' dir='ltr'>inanes.</span> 
     </span>
    </p>

    <p class='ocr_par' dir='ltr' id='par_1_25' title="bbox 246 2704 1195 2804">
     <span class='ocr_line' id='line_1_126' title="bbox 280 2704 1195 2745; baseline 0 -14"><span class='ocrx_word' id='word_1_1112' title='bbox 280 2715 311 2745; x_wconf 68' lang='lat'>²2</span> <span class='ocrx_word' id='word_1_1113' title='bbox 326 2709 469 2732; x_wconf 70' lang='lat' dir='ltr'>&#39;Probabilem</span> <span class='ocrx_word' id='word_1_1114' title='bbox 478 2711 587 2732; x_wconf 76' lang='lat' dir='ltr'>omnium.</span> <span class='ocrx_word' id='word_1_1115' title='bbox 607 2707 694 2741; x_wconf 62' lang='lat' dir='ltr'>Qis]</span> <span class='ocrx_word' id='word_1_1116' title='bbox 716 2706 760 2733; x_wconf 78' lang='lat' dir='ltr'>Est</span> <span class='ocrx_word' id='word_1_1117' title='bbox 771 2706 802 2733; x_wconf 82' lang='lat' dir='ltr'>ab</span> <span class='ocrx_word' id='word_1_1118' title='bbox 812 2705 928 2732; x_wconf 84' lang='lat' dir='ltr'>editione</span> <span class='ocrx_word' id='word_1_1119' title='bbox 941 2704 1055 2731; x_wconf 62' lang='lat' dir='ltr'>Victorii</span> <span class='ocrx_word' id='word_1_1120' title='bbox 1069 2725 1076 2736; x_wconf 84' lang='lat'>,</span> <span class='ocrx_word' id='word_1_1121' title='bbox 1088 2705 1195 2731; x_wconf 89' lang='lat' dir='ltr'>visitur-</span> 
     </span>
     <span class='ocr_line' id='line_1_127' title="bbox 246 2740 1195 2782; baseline 0.002 -17"><span class='ocrx_word' id='word_1_1122' title='bbox 246 2742 370 2782; x_wconf 46' lang='lat' dir='ltr'>que&#39;iirl&#39;.</span> <span class='ocrx_word' id='word_1_1123' title='bbox 384 2743 410 2767; x_wconf 72' lang='lat'>8&lt;</span> <span class='ocrx_word' id='word_1_1124' title='bbox 423 2750 535 2781; x_wconf 81' lang='lat' dir='ltr'>utroque</span> <span class='ocrx_word' id='word_1_1125' title='bbox 545 2743 612 2770; x_wconf 80' lang='lat' dir='ltr'>Pall.</span> <span class='ocrx_word' id='word_1_1126' title='bbox 623 2742 727 2769; x_wconf 64' lang='lat' dir='ltr'>iccund.</span> <span class='ocrx_word' id='word_1_1127' title='bbox 737 2751 766 2769; x_wconf 87' lang='lat' dir='ltr'>ac</span> <span class='ocrx_word' id='word_1_1128' title='bbox 777 2750 841 2769; x_wconf 82' lang='lat' dir='ltr'>tert.</span> <span class='ocrx_word' id='word_1_1129' title='bbox 853 2751 912 2769; x_wconf 84' lang='lat' dir='ltr'>nam</span> <span class='ocrx_word' id='word_1_1130' title='bbox 926 2741 1026 2777; x_wconf 84' lang='lat' dir='ltr'>primus</span> <span class='ocrx_word' id='word_1_1131' title='bbox 1037 2740 1141 2777; x_wconf 79' lang='lat' dir='ltr'>aliquot</span> <span class='ocrx_word' id='word_1_1132' title='bbox 1152 2740 1195 2767; x_wconf 83' lang='lat' dir='ltr'>fo-</span> 
     </span>
     <span class='ocr_line' id='line_1_128' title="bbox 249 2774 533 2804; baseline 0.014 -4"><span class='ocrx_word' id='word_1_1133' title='bbox 249 2774 291 2800; x_wconf 71' lang='lat' dir='ltr'>liis</span> <span class='ocrx_word' id='word_1_1134' title='bbox 305 2784 357 2801; x_wconf 72' lang='lat' dir='ltr'>nere</span> <span class='ocrx_word' id='word_1_1135' title='bbox 369 2778 477 2803; x_wconf 76' lang='lat' dir='ltr'>mutilus</span> <span class='ocrx_word' id='word_1_1136' title='bbox 487 2778 533 2804; x_wconf 80' lang='lat' dir='ltr'>est.</span> 
     </span>
    </p>

    <p class='ocr_par' dir='ltr' id='par_1_26' title="bbox 248 2812 1197 2916">
     <span class='ocr_line' id='line_1_129' title="bbox 285 2812 1195 2848; baseline 0.004 -13"><span class='ocrx_word' id='word_1_1137' title='bbox 285 2819 310 2843; x_wconf 92' lang='lat'>3.</span> <span class='ocrx_word' id='word_1_1138' title='bbox 331 2815 389 2836; x_wconf 75' lang='lat' dir='ltr'>Erat</span> <span class='ocrx_word' id='word_1_1139' title='bbox 399 2816 457 2838; x_wconf 72' lang='lat' dir='ltr'>enim</span> <span class='ocrx_word' id='word_1_1140' title='bbox 466 2816 586 2846; x_wconf 63' lang='lat' dir='ltr'>nonfacile</span> <span class='ocrx_word' id='word_1_1141' title='bbox 595 2815 706 2847; x_wconf 73' lang='lat' dir='ltr'>agenteis,</span> <span class='ocrx_word' id='word_1_1142' title='bbox 716 2813 783 2848; x_wconf 55' lang='grc' dir='ltr'>ἀι]</span> <span class='ocrx_word' id='word_1_1143' title='bbox 801 2814 842 2840; x_wconf 73' lang='lat' dir='ltr'>Ita</span> <span class='ocrx_word' id='word_1_1144' title='bbox 851 2813 879 2839; x_wconf 75' lang='grc' dir='ltr'>δε</span> <span class='ocrx_word' id='word_1_1145' title='bbox 890 2812 1003 2840; x_wconf 59' lang='lat' dir='ltr'>Victorii</span> <span class='ocrx_word' id='word_1_1146' title='bbox 1014 2812 1098 2839; x_wconf 84' lang='lat' dir='ltr'>editio</span> <span class='ocrx_word' id='word_1_1147' title='bbox 1109 2822 1195 2848; x_wconf 84' lang='lat' dir='ltr'>neque</span> 
     </span>
     <span class='ocr_line' id='line_1_130' title="bbox 248 2845 1197 2885; baseline 0.003 -13"><span class='ocrx_word' id='word_1_1148' title='bbox 248 2845 317 2872; x_wconf 65' lang='lat' dir='ltr'>secus</span> <span class='ocrx_word' id='word_1_1149' title='bbox 331 2847 384 2885; x_wconf 66' lang='lat' dir='ltr'>l&#39;al.</span> <span class='ocrx_word' id='word_1_1150' title='bbox 396 2850 485 2879; x_wconf 79' lang='lat' dir='ltr'>nostri,</span> <span class='ocrx_word' id='word_1_1151' title='bbox 496 2859 607 2883; x_wconf 74' lang='lat' dir='ltr'>quot-um</span> <span class='ocrx_word' id='word_1_1152' title='bbox 619 2858 706 2876; x_wconf 83' lang='lat' dir='ltr'>tamen</span> <span class='ocrx_word' id='word_1_1153' title='bbox 718 2847 821 2876; x_wconf 83' lang='lat' dir='ltr'>secund.</span> <span class='ocrx_word' id='word_1_1154' title='bbox 832 2859 884 2877; x_wconf 85' lang='lat' dir='ltr'>non</span> <span class='ocrx_word' id='word_1_1155' title='bbox 895 2848 1013 2885; x_wconf 81' lang='lat' dir='ltr'>agnoscit</span> <span class='ocrx_word' id='word_1_1156' title='bbox 1023 2849 1174 2885; x_wconf 81' lang='lat' dir='ltr'>negativam</span> <span class='ocrx_word' id='word_1_1157' title='bbox 1188 2859 1197 2881; x_wconf 85' lang='lat'>;</span> 
     </span>
     <span class='ocr_line' id='line_1_131' title="bbox 250 2882 580 2916; baseline 0.015 -10"><span class='ocrx_word' id='word_1_1158' title='bbox 250 2890 333 2916; x_wconf 61' lang='lat' dir='ltr'>neque</span> <span class='ocrx_word' id='word_1_1159' title='bbox 347 2891 350 2894; x_wconf 91' lang='lat'>·</span> <span class='ocrx_word' id='word_1_1160' title='bbox 363 2882 446 2908; x_wconf 75' lang='lat' dir='ltr'>idctur</span> <span class='ocrx_word' id='word_1_1161' title='bbox 457 2884 580 2911; x_wconf 75' lang='lat' dir='ltr'>anc&#39;loris.</span> 
     </span>
    </p>

    <p class='ocr_par' dir='ltr' id='par_1_27' title="bbox 246 2919 1199 2993">
     <span class='ocr_line' id='line_1_132' title="bbox 286 2919 1199 2955; baseline 0.008 -15"><span class='ocrx_word' id='word_1_1162' title='bbox 286 2924 313 2949; x_wconf 79' lang='lat'>4.</span> <span class='ocrx_word' id='word_1_1163' title='bbox 335 2919 692 2955; x_wconf 60' lang='lat' dir='ltr'>131quasisinfiilemmatum]</span> <span class='ocrx_word' id='word_1_1164' title='bbox 713 2920 781 2947; x_wconf 78' lang='lat' dir='ltr'>Pali.</span> <span class='ocrx_word' id='word_1_1165' title='bbox 796 2921 823 2947; x_wconf 64' lang='grc' dir='ltr'>ὃς</span> <span class='ocrx_word' id='word_1_1166' title='bbox 834 2920 1009 2948; x_wconf 81' lang='lat' dir='ltr'>Wouverian.</span> <span class='ocrx_word' id='word_1_1167' title='bbox 1027 2921 1058 2952; x_wconf 66' lang='grc' dir='ltr'><em>ὰ</em></span> <span class='ocrx_word' id='word_1_1168' title='bbox 1074 2929 1146 2955; x_wconf 75' lang='lat' dir='ltr'>quam</span> <span class='ocrx_word' id='word_1_1169' title='bbox 1158 2921 1199 2954; x_wconf 68' lang='lat' dir='ltr'>fiii</span> 
     </span>
     <span class='ocr_line' id='line_1_133' title="bbox 246 2953 1004 2993; baseline 0.011 -16"><span class='ocrx_word' id='word_1_1170' title='bbox 246 2953 288 2986; x_wconf 76' lang='lat' dir='ltr'>fit.</span> <span class='ocrx_word' id='word_1_1171' title='bbox 308 2953 377 2987; x_wconf 51' lang='lat' dir='ltr'>quoti</span> <span class='ocrx_word' id='word_1_1172' title='bbox 389 2953 414 2977; x_wconf 71' lang='lat'>8&lt;</span> <span class='ocrx_word' id='word_1_1173' title='bbox 424 2955 552 2993; x_wconf 27' lang='lat' dir='ltr'>’expressit</span> <span class='ocrx_word' id='word_1_1174' title='bbox 564 2956 708 2986; x_wconf 61' lang='lat' dir='ltr'>Victorius.</span> <span class='ocrx_word' id='word_1_1175' title='bbox 718 2956 833 2990; x_wconf 61' lang='lat' dir='ltr'>adjeftm</span> <span class='ocrx_word' id='word_1_1176' title='bbox 844 2958 894 2991; x_wconf 75' lang='lat' dir='ltr'>ipsa</span> <span class='ocrx_word' id='word_1_1177' title='bbox 903 2964 1004 2983; x_wconf 76' lang='lat' dir='ltr'>natura·</span> 
     </span>
    </p>

    <p class='ocr_par' dir='ltr' id='par_1_28' title="bbox 290 2988 1198 3024">
     <span class='ocr_line' id='line_1_134' title="bbox 290 2988 1198 3024; baseline 0.008 -13"><span class='ocrx_word' id='word_1_1178' title='bbox 290 2996 302 3019; x_wconf 87' lang='lat'><em>5</em></span> <span class='ocrx_word' id='word_1_1179' title='bbox 310 3007 315 3012; x_wconf 84' lang='lat'>.</span> <span class='ocrx_word' id='word_1_1180' title='bbox 334 2988 409 3020; x_wconf 62' lang='lat' dir='ltr'>Qam</span> <span class='ocrx_word' id='word_1_1181' title='bbox 419 2991 532 3018; x_wconf 67' lang='lat' dir='ltr'>ili&#39;elutrn</span> <span class='ocrx_word' id='word_1_1182' title='bbox 543 2992 653 3024; x_wconf 62' lang='lat' dir='ltr'>iamim]</span> <span class='ocrx_word' id='word_1_1183' title='bbox 674 2992 786 3019; x_wconf 59' lang='lat' dir='ltr'>Victorii</span> <span class='ocrx_word' id='word_1_1184' title='bbox 798 2992 881 3020; x_wconf 82' lang='lat' dir='ltr'>editio</span> <span class='ocrx_word' id='word_1_1185' title='bbox 892 2993 924 3019; x_wconf 80' lang='lat' dir='ltr'>sse</span> <span class='ocrx_word' id='word_1_1186' title='bbox 935 2992 1023 3023; x_wconf 82' lang='lat' dir='ltr'>habet,</span> <span class='ocrx_word' id='word_1_1187' title='bbox 1035 2999 1064 3019; x_wconf 90' lang='lat' dir='ltr'>ut</span> <span class='ocrx_word' id='word_1_1188' title='bbox 1074 2992 1102 3018; x_wconf 66' lang='grc' dir='ltr'>ὅ(</span> <span class='ocrx_word' id='word_1_1189' title='bbox 1113 2992 1198 3019; x_wconf 76' lang='lat' dir='ltr'>Palat.</span> 
     </span>
    </p>
   </div>
   <div class='ocr_carea' id='block_1_24' title="bbox 250 3022 1200 3089">
    <p class='ocr_par' dir='ltr' id='par_1_29' title="bbox 250 3022 1200 3089">
     <span class='ocr_line' id='line_1_135' title="bbox 250 3022 1200 3063; baseline 0.007 -16"><span class='ocrx_word' id='word_1_1190' title='bbox 250 3029 313 3063; x_wconf 59' lang='lat' dir='ltr'>tert.</span> <span class='ocrx_word' id='word_1_1191' title='bbox 326 3032 382 3049; x_wconf 82' lang='lat' dir='ltr'>nani</span> <span class='ocrx_word' id='word_1_1192' title='bbox 395 3022 551 3063; x_wconf 54' lang='lat' dir='ltr'>ikcnndjmi</span> <span class='ocrx_word' id='word_1_1193' title='bbox 560 3027 603 3050; x_wconf 76' lang='lat' dir='ltr'>ille.</span> <span class='ocrx_word' id='word_1_1194' title='bbox 615 3029 706 3052; x_wconf 72' lang='lat' dir='ltr'>reruni</span> <span class='ocrx_word' id='word_1_1195' title='bbox 717 3030 779 3054; x_wconf 83' lang='lat' dir='ltr'>cirin</span> <span class='ocrx_word' id='word_1_1196' title='bbox 792 3029 820 3055; x_wconf 80' lang='lat' dir='ltr'>P.</span> <span class='ocrx_word' id='word_1_1197' title='bbox 833 3037 896 3055; x_wconf 80' lang='lat' dir='ltr'>voce</span> <span class='ocrx_word' id='word_1_1198' title='bbox 905 3029 953 3056; x_wconf 74' lang='lat' dir='ltr'>illa</span> <span class='ocrx_word' id='word_1_1199' title='bbox 961 3028 1132 3060; x_wconf 81' lang='lat' dir='ltr'>destituatur,</span> <span class='ocrx_word' id='word_1_1200' title='bbox 1142 3038 1200 3054; x_wconf 86' lang='lat' dir='ltr'>cre-</span> 
     </span>
     <span class='ocr_line' id='line_1_136' title="bbox 250 3057 1037 3089; baseline 0.01 -5"><span class='ocrx_word' id='word_1_1201' title='bbox 250 3057 333 3085; x_wconf 78' lang='lat' dir='ltr'>dibile</span> <span class='ocrx_word' id='word_1_1202' title='bbox 343 3058 377 3084; x_wconf 81' lang='lat' dir='ltr'>est</span> <span class='ocrx_word' id='word_1_1203' title='bbox 393 3068 407 3084; x_wconf 78' lang='lat' dir='ltr'>a</span> <span class='ocrx_word' id='word_1_1204' title='bbox 423 3068 497 3084; x_wconf 82' lang='lat' dir='ltr'>manu</span> <span class='ocrx_word' id='word_1_1205' title='bbox 511 3060 618 3086; x_wconf 78' lang='lat' dir='ltr'>manasse</span> <span class='ocrx_word' id='word_1_1206' title='bbox 630 3062 807 3089; x_wconf 78' lang='lat' dir='ltr'>librariorum.</span> <span class='ocrx_word' id='word_1_1207' title='bbox 1034 3071 1037 3074; x_wconf 82' lang='grc'><strong>“</strong></span> 
     </span>
    </p>
   </div>
   <div class='ocr_carea' id='block_1_25' title="bbox 284 3094 1105 3129">
    <p class='ocr_par' dir='ltr' id='par_1_30' title="bbox 284 3094 1105 3129">
     <span class='ocr_line' id='line_1_137' title="bbox 284 3094 1105 3129; baseline 0.01 -10"><span class='ocrx_word' id='word_1_1208' title='bbox 284 3094 312 3121; x_wconf 88' lang='grc'>6,</span> <span class='ocrx_word' id='word_1_1209' title='bbox 331 3098 402 3125; x_wconf 73' lang='lat' dir='ltr'>nme,</span> <span class='ocrx_word' id='word_1_1210' title='bbox 412 3097 573 3126; x_wconf 74' lang='lat' dir='ltr'>Deopnlcmr.</span> <span class='ocrx_word' id='word_1_1211' title='bbox 585 3103 610 3119; x_wconf 81' lang='lat' dir='ltr'>a!</span> <span class='ocrx_word' id='word_1_1212' title='bbox 619 3104 683 3127; x_wconf 77' lang='lat' dir='ltr'>erat,</span> <span class='ocrx_word' id='word_1_1213' title='bbox 692 3098 757 3129; x_wconf 51' lang='grc' dir='ltr'>ῥα]</span> <span class='ocrx_word' id='word_1_1214' title='bbox 783 3099 892 3126; x_wconf 81' lang='lat' dir='ltr'>Retinui</span> <span class='ocrx_word' id='word_1_1215' title='bbox 903 3099 1047 3127; x_wconf 59' lang='lat' dir='ltr'>lectionem</span> <span class='ocrx_word' id='word_1_1216' title='bbox 1060 3100 1105 3127; x_wconf 87' lang='lat' dir='ltr'>vul</span> 
     </span>
    </p>
   </div>
   <div class='ocr_carea' id='block_1_26' title="bbox 245 3107 1220 3166">
    <p class='ocr_par' dir='ltr' id='par_1_31' title="bbox 245 3107 1220 3166">
     <span class='ocr_line' id='line_1_138' title="bbox 245 3107 1220 3166; baseline 0.006 -9"><span class='ocrx_word' id='word_1_1217' title='bbox 245 3130 447 3159; x_wconf 73' lang='lat' dir='ltr'>coneordautem</span> <span class='ocrx_word' id='word_1_1218' title='bbox 456 3139 518 3158; x_wconf 79' lang='lat' dir='ltr'>cum</span> <span class='ocrx_word' id='word_1_1219' title='bbox 536 3130 594 3159; x_wconf 74' lang='lat' dir='ltr'>mss.</span> <span class='ocrx_word' id='word_1_1220' title='bbox 612 3131 704 3159; x_wconf 80' lang='lat' dir='ltr'>nostris</span> <span class='ocrx_word' id='word_1_1221' title='bbox 717 3150 726 3165; x_wconf 87' lang='lat'><em>,</em></span> <span class='ocrx_word' id='word_1_1222' title='bbox 744 3132 909 3163; x_wconf 64' lang='lat' dir='ltr'>solummodo</span> <span class='ocrx_word' id='word_1_1223' title='bbox 927 3135 1019 3164; x_wconf 82' lang='lat' dir='ltr'>iisdem</span> <span class='ocrx_word' id='word_1_1224' title='bbox 1032 3107 1198 3166; x_wconf 50' lang='lat' dir='ltr'>memgirizris</span> <span class='ocrx_word' id='word_1_1225' title='bbox 1219 3118 1220 3141; x_wconf 57' lang='lat' dir='ltr'>i</span> 
     </span>
    </p>
   </div>
   <div class='ocr_carea' id='block_1_27' title="bbox 1218 2627 2199 3190">
    <p class='ocr_par' dir='ltr' id='par_1_32' title="bbox 1234 2627 2194 2840">
     <span class='ocr_line' id='line_1_139' title="bbox 1234 2627 2194 2666; baseline -0.009 -7"><span class='ocrx_word' id='word_1_1226' title='bbox 1234 2630 1388 2659; x_wconf 64' lang='lat' dir='ltr'>auctoribus</span> <span class='ocrx_word' id='word_1_1227' title='bbox 1407 2629 1551 2666; x_wconf 83' lang='lat' dir='ltr'>transposui</span> <span class='ocrx_word' id='word_1_1228' title='bbox 1571 2639 1659 2657; x_wconf 86' lang='lat' dir='ltr'>vocem</span> <span class='ocrx_word' id='word_1_1229' title='bbox 1672 2649 1681 2662; x_wconf 91' lang='lat'>‚</span> <span class='ocrx_word' id='word_1_1230' title='bbox 1698 2629 1841 2664; x_wconf 86' lang='lat' dir='ltr'>sustulique</span> <span class='ocrx_word' id='word_1_1231' title='bbox 1858 2627 2107 2664; x_wconf 85' lang='lat' dir='ltr'>interrogationem.</span> <span class='ocrx_word' id='word_1_1232' title='bbox 2125 2633 2194 2660; x_wconf 85' lang='lat' dir='ltr'>quo-</span> 
     </span>
     <span class='ocr_line' id='line_1_140' title="bbox 1234 2659 2194 2700; baseline -0.009 -5"><span class='ocrx_word' id='word_1_1233' title='bbox 1234 2667 1315 2695; x_wconf 90' lang='lat' dir='ltr'>modo</span> <span class='ocrx_word' id='word_1_1234' title='bbox 1326 2668 1390 2694; x_wconf 85' lang='lat' dir='ltr'>item</span> <span class='ocrx_word' id='word_1_1235' title='bbox 1403 2667 1494 2694; x_wconf 86' lang='lat' dir='ltr'>visitur</span> <span class='ocrx_word' id='word_1_1236' title='bbox 1514 2667 1540 2693; x_wconf 92' lang='lat' dir='ltr'>in</span> <span class='ocrx_word' id='word_1_1237' title='bbox 1552 2666 1714 2693; x_wconf 57' lang='lat' dir='ltr'>Victoriana.</span> <span class='ocrx_word' id='word_1_1238' title='bbox 1735 2665 1819 2691; x_wconf 89' lang='lat' dir='ltr'>oculis</span> <span class='ocrx_word' id='word_1_1239' title='bbox 1829 2664 1918 2700; x_wconf 85' lang='lat' dir='ltr'>inquit</span> <span class='ocrx_word' id='word_1_1240' title='bbox 1937 2664 2014 2695; x_wconf 84' lang='lat' dir='ltr'>hujus</span> <span class='ocrx_word' id='word_1_1241' title='bbox 2025 2660 2142 2698; x_wconf 83' lang='lat' dir='ltr'>pulcrior</span> <span class='ocrx_word' id='word_1_1242' title='bbox 2154 2659 2194 2686; x_wconf 85' lang='lat' dir='ltr'>vi-</span> 
     </span>
     <span class='ocr_line' id='line_1_141' title="bbox 1234 2695 2192 2738; baseline -0.009 -8"><span class='ocrx_word' id='word_1_1243' title='bbox 1234 2703 1348 2731; x_wconf 83' lang='lat' dir='ltr'>debatur</span> <span class='ocrx_word' id='word_1_1244' title='bbox 1359 2705 1428 2735; x_wconf 87' lang='lat' dir='ltr'>Deo,</span> <span class='ocrx_word' id='word_1_1245' title='bbox 1440 2713 1491 2730; x_wconf 86' lang='lat' dir='ltr'>non</span> <span class='ocrx_word' id='word_1_1246' title='bbox 1502 2703 1583 2729; x_wconf 78' lang='lat' dir='ltr'>etiarn</span> <span class='ocrx_word' id='word_1_1247' title='bbox 1594 2702 1701 2734; x_wconf 82' lang='lat' dir='ltr'>nostris,</span> <span class='ocrx_word' id='word_1_1248' title='bbox 1712 2708 1805 2738; x_wconf 87' lang='lat' dir='ltr'>utpote</span> <span class='ocrx_word' id='word_1_1249' title='bbox 1833 2699 2010 2727; x_wconf 81' lang='lat' dir='ltr'>erversiffimis</span> <span class='ocrx_word' id='word_1_1250' title='bbox 2020 2697 2115 2724; x_wconf 82' lang='lat' dir='ltr'>oculis.</span> <span class='ocrx_word' id='word_1_1251' title='bbox 2126 2695 2192 2722; x_wconf 81' lang='lat' dir='ltr'>Gul.</span> 
     </span>
     <span class='ocr_line' id='line_1_142' title="bbox 1236 2710 2193 2772; baseline -0.011 -5"><span class='ocrx_word' id='word_1_1252' title='bbox 1236 2742 1369 2768; x_wconf 81' lang='lat' dir='ltr'>Cauterus</span> <span class='ocrx_word' id='word_1_1253' title='bbox 1388 2739 1502 2766; x_wconf 84' lang='lat' dir='ltr'>malebat</span> <span class='ocrx_word' id='word_1_1254' title='bbox 1513 2748 1522 2770; x_wconf 80' lang='lat'>3</span> <span class='ocrx_word' id='word_1_1255' title='bbox 1543 2741 1586 2765; x_wconf 72' lang='lat' dir='ltr'>Hic</span> <span class='ocrx_word' id='word_1_1256' title='bbox 1600 2740 1705 2772; x_wconf 81' lang='lat' dir='ltr'>pulcrior</span> <span class='ocrx_word' id='word_1_1257' title='bbox 1713 2741 1780 2764; x_wconf 79' lang='lat' dir='ltr'>Deo?</span> <span class='ocrx_word' id='word_1_1258' title='bbox 1798 2710 1846 2763; x_wconf 42' lang='lat' dir='ltr'>liz⁸</span> <span class='ocrx_word' id='word_1_1259' title='bbox 1855 2744 1884 2770; x_wconf 86' lang='lat'>4.</span> <span class='ocrx_word' id='word_1_1260' title='bbox 1902 2736 1978 2762; x_wconf 87' lang='lat' dir='ltr'>Nov.</span> <span class='ocrx_word' id='word_1_1261' title='bbox 1997 2733 2061 2760; x_wconf 67' lang='lat' dir='ltr'>lest.</span> <span class='ocrx_word' id='word_1_1262' title='bbox 2080 2741 2137 2767; x_wconf 78' lang='lat' dir='ltr'>cap.</span> <span class='ocrx_word' id='word_1_1263' title='bbox 2151 2738 2193 2764; x_wconf 89' lang='lat'>¹4·</span> 
     </span>
     <span class='ocr_line' id='line_1_143' title="bbox 1237 2766 2193 2810; baseline -0.012 -6"><span class='ocrx_word' id='word_1_1264' title='bbox 1237 2778 1269 2804; x_wconf 88' lang='lat' dir='ltr'>P.</span> <span class='ocrx_word' id='word_1_1265' title='bbox 1282 2776 1419 2804; x_wconf 83' lang='lat' dir='ltr'>Manutius</span> <span class='ocrx_word' id='word_1_1266' title='bbox 1430 2774 1599 2810; x_wconf 74' lang='lat' dir='ltr'>conjiciebat,</span> <span class='ocrx_word' id='word_1_1267' title='bbox 1609 2775 1669 2801; x_wconf 82' lang='lat' dir='ltr'>hui!</span> <span class='ocrx_word' id='word_1_1268' title='bbox 1684 2775 1790 2807; x_wconf 73' lang='lat' dir='ltr'>pulcrior</span> <span class='ocrx_word' id='word_1_1269' title='bbox 1798 2775 1862 2800; x_wconf 74' lang='lat' dir='ltr'>Deo-¹</span> <span class='ocrx_word' id='word_1_1270' title='bbox 1880 2769 1951 2808; x_wconf 72' lang='lat' dir='ltr'>quod</span> <span class='ocrx_word' id='word_1_1271' title='bbox 1963 2789 1972 2803; x_wconf 87' lang='lat'><strong><em>,</em></strong></span> <span class='ocrx_word' id='word_1_1272' title='bbox 1986 2776 2016 2796; x_wconf 82' lang='lat' dir='ltr'>ut</span> <span class='ocrx_word' id='word_1_1273' title='bbox 2025 2766 2193 2799; x_wconf 74' lang='lat' dir='ltr'>ambrosiam,</span> 
     </span>
     <span class='ocr_line' id='line_1_144' title="bbox 1236 2809 1767 2840; baseline -0.006 -1"><span class='ocrx_word' id='word_1_1274' title='bbox 1236 2813 1323 2840; x_wconf 84' lang='lat' dir='ltr'>statim</span> <span class='ocrx_word' id='word_1_1275' title='bbox 1336 2811 1409 2839; x_wconf 82' lang='lat' dir='ltr'>libi-is</span> <span class='ocrx_word' id='word_1_1276' title='bbox 1421 2810 1473 2838; x_wconf 80' lang='lat' dir='ltr'>suis</span> <span class='ocrx_word' id='word_1_1277' title='bbox 1484 2809 1599 2838; x_wconf 87' lang='lat' dir='ltr'>credidit</span> <span class='ocrx_word' id='word_1_1278' title='bbox 1611 2809 1767 2837; x_wconf 81' lang='lat' dir='ltr'>Lambinus.</span> 
     </span>
    </p>

    <p class='ocr_par' dir='ltr' id='par_1_33' title="bbox 1236 2838 2195 2992">
     <span class='ocr_line' id='line_1_145' title="bbox 1271 2838 2195 2890; baseline -0.012 -15"><span class='ocrx_word' id='word_1_1279' title='bbox 1271 2857 1300 2890; x_wconf 86' lang='lat'>7.</span> <span class='ocrx_word' id='word_1_1280' title='bbox 1319 2849 1438 2884; x_wconf 71' lang='lat' dir='ltr'>Ecquosfi</span> <span class='ocrx_word' id='word_1_1281' title='bbox 1444 2858 1489 2874; x_wconf 83' lang='lat' dir='ltr'>mn</span> <span class='ocrx_word' id='word_1_1282' title='bbox 1498 2848 1687 2881; x_wconf 79' lang='lat' dir='ltr'>tamstrabones,</span> <span class='ocrx_word' id='word_1_1283' title='bbox 1697 2843 1850 2879; x_wconf 67' lang='lat' dir='ltr'>atpaeiulos]</span> <span class='ocrx_word' id='word_1_1284' title='bbox 1863 2841 1942 2869; x_wconf 80' lang='lat' dir='ltr'>Haud</span> <span class='ocrx_word' id='word_1_1285' title='bbox 1952 2840 2030 2868; x_wconf 82' lang='lat' dir='ltr'>aliter</span> <span class='ocrx_word' id='word_1_1286' title='bbox 2039 2841 2062 2865; x_wconf 83' lang='lat' dir='ltr'>V</span> <span class='ocrx_word' id='word_1_1287' title='bbox 2064 2838 2195 2866; x_wconf 55' lang='lat' dir='ltr'>instoriana</span> 
     </span>
     <span class='ocr_line' id='line_1_146' title="bbox 1236 2875 2193 2916; baseline -0.01 -5"><span class='ocrx_word' id='word_1_1288' title='bbox 1236 2883 1321 2912; x_wconf 83' lang='lat' dir='ltr'>editio</span> <span class='ocrx_word' id='word_1_1289' title='bbox 1332 2904 1341 2916; x_wconf 91' lang='lat'>,</span> <span class='ocrx_word' id='word_1_1290' title='bbox 1359 2887 1416 2911; x_wconf 73' lang='lat' dir='ltr'>&#39;imo</span> <span class='ocrx_word' id='word_1_1291' title='bbox 1427 2884 1455 2910; x_wconf 72' lang='grc' dir='ltr'>δε</span> <span class='ocrx_word' id='word_1_1292' title='bbox 1468 2883 1533 2910; x_wconf 87' lang='lat' dir='ltr'>Aldi</span> <span class='ocrx_word' id='word_1_1293' title='bbox 1543 2890 1619 2910; x_wconf 75' lang='lat' dir='ltr'>vetus</span> <span class='ocrx_word' id='word_1_1294' title='bbox 1633 2902 1641 2914; x_wconf 93' lang='lat'>,</span> <span class='ocrx_word' id='word_1_1295' title='bbox 1659 2883 1687 2908; x_wconf 87' lang='lat'>&amp;</span> <span class='ocrx_word' id='word_1_1296' title='bbox 1697 2880 1826 2908; x_wconf 81' lang='lat' dir='ltr'>accedunt</span> <span class='ocrx_word' id='word_1_1297' title='bbox 1844 2877 1901 2904; x_wconf 73' lang='lat' dir='ltr'>fei-e</span> <span class='ocrx_word' id='word_1_1298' title='bbox 1911 2876 2070 2905; x_wconf 78' lang='lat' dir='ltr'>membranae</span> <span class='ocrx_word' id='word_1_1299' title='bbox 2090 2875 2193 2902; x_wconf 78' lang='lat' dir='ltr'>nostrae.</span> 
     </span>
     <span class='ocr_line' id='line_1_147' title="bbox 1238 2913 2195 2955; baseline -0.011 -7"><span class='ocrx_word' id='word_1_1300' title='bbox 1238 2921 1436 2953; x_wconf 73' lang='lat' dir='ltr'>Carnem-iana,</span> <span class='ocrx_word' id='word_1_1301' title='bbox 1446 2922 1525 2955; x_wconf 56' lang='lat' dir='ltr'>ecqic‘os</span> <span class='ocrx_word' id='word_1_1302' title='bbox 1534 2921 1618 2954; x_wconf 73' lang='lat' dir='ltr'>infigm&#39;</span> <span class='ocrx_word' id='word_1_1303' title='bbox 1626 2918 1808 2950; x_wconf 73' lang='lat' dir='ltr'>notastraebones</span> <span class='ocrx_word' id='word_1_1304' title='bbox 1817 2915 1967 2947; x_wconf 76' lang='lat' dir='ltr'>autpmelos,</span> <span class='ocrx_word' id='word_1_1305' title='bbox 1976 2913 2026 2944; x_wconf 54' lang='lat' dir='ltr'>&amp;a</span> <span class='ocrx_word' id='word_1_1306' title='bbox 2037 2920 2097 2949; x_wconf 81' lang='lat' dir='ltr'>quae</span> <span class='ocrx_word' id='word_1_1307' title='bbox 2106 2917 2195 2939; x_wconf 73' lang='lat' dir='ltr'>tamen</span> 
     </span>
     <span class='ocr_line' id='line_1_148' title="bbox 1239 2950 2185 2992; baseline -0.012 -10"><span class='ocrx_word' id='word_1_1308' title='bbox 1239 2957 1366 2984; x_wconf 78' lang='lat' dir='ltr'>videntur</span> <span class='ocrx_word' id='word_1_1309' title='bbox 1377 2956 1496 2992; x_wconf 78' lang='lat' dir='ltr'>usurpata</span> <span class='ocrx_word' id='word_1_1310' title='bbox 1506 2954 1582 2982; x_wconf 77' lang='lat' dir='ltr'>fuisse</span> <span class='ocrx_word' id='word_1_1311' title='bbox 1595 2954 1673 2989; x_wconf 81' lang='lat' dir='ltr'>vulgo</span> <span class='ocrx_word' id='word_1_1312' title='bbox 1685 2952 1728 2978; x_wconf 82' lang='lat' dir='ltr'>lon</span> <span class='ocrx_word' id='word_1_1313' title='bbox 1750 2954 1764 2977; x_wconf 72' lang='grc' dir='ltr'>ὲ</span> <span class='ocrx_word' id='word_1_1314' title='bbox 1793 2950 1857 2979; x_wconf 79' lang='lat' dir='ltr'>rius.</span> <span class='ocrx_word' id='word_1_1315' title='bbox 2182 2976 2185 2978; x_wconf 44' lang='grc'><strong>,</strong></span> 
     </span>
    </p>

    <p class='ocr_par' dir='ltr' id='par_1_34' title="bbox 1276 2959 2196 3022">
     <span class='ocr_line' id='line_1_149' title="bbox 1276 2959 2196 3022; baseline -0.01 -3"><span class='ocrx_word' id='word_1_1316' title='bbox 1276 2992 1305 3019; x_wconf 88' lang='grc'>8.</span> <span class='ocrx_word' id='word_1_1317' title='bbox 1324 2997 1350 3018; x_wconf 82' lang='lat' dir='ltr'>Si</span> <span class='ocrx_word' id='word_1_1318' title='bbox 1358 2995 1472 3022; x_wconf 76' lang='lat' dir='ltr'>occurrit,</span> <span class='ocrx_word' id='word_1_1319' title='bbox 1481 2998 1507 3016; x_wconf 81' lang='lat' dir='ltr'>m</span> <span class='ocrx_word' id='word_1_1320' title='bbox 1517 2991 1589 3017; x_wconf 72' lang='lat' dir='ltr'>dicis:</span> <span class='ocrx_word' id='word_1_1321' title='bbox 1608 2991 1702 3022; x_wconf 59' lang='lat' dir='ltr'>sstem,</span> <span class='ocrx_word' id='word_1_1322' title='bbox 1713 2959 1763 3017; x_wconf 62' lang='grc' dir='ltr'>(ξε.</span> <span class='ocrx_word' id='word_1_1323' title='bbox 1800 2986 1843 3012; x_wconf 83' lang='lat' dir='ltr'>Sic</span> <span class='ocrx_word' id='word_1_1324' title='bbox 1854 2984 1939 3012; x_wconf 84' lang='lat' dir='ltr'>Aldus</span> <span class='ocrx_word' id='word_1_1325' title='bbox 1950 2993 2028 3016; x_wconf 81' lang='lat' dir='ltr'>avus,</span> <span class='ocrx_word' id='word_1_1326' title='bbox 2038 2983 2196 3018; x_wconf 82' lang='lat' dir='ltr'>obtinetque</span> 
     </span>
    </p>

    <p class='ocr_par' dir='ltr' id='par_1_35' title="bbox 1218 3022 2196 3112">
     <span class='ocr_line' id='line_1_150' title="bbox 1218 3022 2196 3064; baseline -0.01 -9"><span class='ocrx_word' id='word_1_1327' title='bbox 1218 3053 1220 3063; x_wconf 32' lang='grc' dir='ltr'>Α</span> <span class='ocrx_word' id='word_1_1328' title='bbox 1239 3028 1327 3064; x_wconf 84' lang='lat' dir='ltr'>paffim</span> <span class='ocrx_word' id='word_1_1329' title='bbox 1339 3028 1428 3055; x_wconf 84' lang='lat' dir='ltr'>hodie.</span> <span class='ocrx_word' id='word_1_1330' title='bbox 1446 3026 1489 3054; x_wconf 84' lang='lat' dir='ltr'>sed</span> <span class='ocrx_word' id='word_1_1331' title='bbox 1499 3026 1570 3053; x_wconf 85' lang='lat' dir='ltr'>enim</span> <span class='ocrx_word' id='word_1_1332' title='bbox 1580 3023 1734 3053; x_wconf 64' lang='lat' dir='ltr'>victoriana</span> <span class='ocrx_word' id='word_1_1333' title='bbox 1744 3041 1753 3054; x_wconf 90' lang='lat'><em>‚</em></span> <span class='ocrx_word' id='word_1_1334' title='bbox 1762 3029 1790 3048; x_wconf 81' lang='lat' dir='ltr'>ut</span> <span class='ocrx_word' id='word_1_1335' title='bbox 1798 3022 1855 3049; x_wconf 75' lang='lat' dir='ltr'>dicis</span> <span class='ocrx_word' id='word_1_1336' title='bbox 1864 3022 1997 3055; x_wconf 81' lang='lat' dir='ltr'>apparuiffl</span> <span class='ocrx_word' id='word_1_1337' title='bbox 2005 3023 2089 3055; x_wconf 70' lang='lat' dir='ltr'>Jovem</span> <span class='ocrx_word' id='word_1_1338' title='bbox 2100 3038 2109 3052; x_wconf 88' lang='lat'><em>,</em></span> <span class='ocrx_word' id='word_1_1339' title='bbox 2128 3028 2196 3056; x_wconf 73' lang='lat' dir='ltr'>quo·</span> 
     </span>
     <span class='ocr_line' id='line_1_151' title="bbox 1219 3059 1687 3112; baseline -0.013 -21"><span class='ocrx_word' id='word_1_1340' title='bbox 1219 3071 1221 3112; x_wconf 41' lang='lat' dir='ltr'>i</span> <span class='ocrx_word' id='word_1_1341' title='bbox 1242 3063 1322 3090; x_wconf 83' lang='lat' dir='ltr'>modo</span> <span class='ocrx_word' id='word_1_1342' title='bbox 1331 3063 1385 3090; x_wconf 91' lang='lat' dir='ltr'>duo</span> <span class='ocrx_word' id='word_1_1343' title='bbox 1395 3062 1464 3090; x_wconf 84' lang='lat' dir='ltr'>Pall.</span> <span class='ocrx_word' id='word_1_1344' title='bbox 1473 3062 1501 3088; x_wconf 74' lang='grc' dir='ltr'>δι</span> <span class='ocrx_word' id='word_1_1345' title='bbox 1512 3059 1567 3087; x_wconf 79' lang='lat' dir='ltr'>duo</span> <span class='ocrx_word' id='word_1_1346' title='bbox 1576 3060 1687 3086; x_wconf 88' lang='lat' dir='ltr'>Wouw.</span> 
     </span>
    </p>

    <p class='ocr_par' dir='ltr' id='par_1_36' title="bbox 1275 3090 2198 3134">
     <span class='ocr_line' id='line_1_152' title="bbox 1275 3090 2198 3134; baseline -0.01 -8"><span class='ocrx_word' id='word_1_1347' title='bbox 1275 3108 1305 3134; x_wconf 91' lang='lat'>9.</span> <span class='ocrx_word' id='word_1_1348' title='bbox 1316 3102 1374 3126; x_wconf 85' lang='lat' dir='ltr'>Cum</span> <span class='ocrx_word' id='word_1_1349' title='bbox 1383 3098 1484 3124; x_wconf 67' lang='lat' dir='ltr'>calceant</span> <span class='ocrx_word' id='word_1_1350' title='bbox 1493 3095 1628 3130; x_wconf 65' lang='lat' dir='ltr'>repandis]</span> <span class='ocrx_word' id='word_1_1351' title='bbox 1639 3094 1749 3130; x_wconf 83' lang='lat' dir='ltr'>Pighius</span> <span class='ocrx_word' id='word_1_1352' title='bbox 1761 3093 1847 3120; x_wconf 84' lang='lat' dir='ltr'>noster</span> <span class='ocrx_word' id='word_1_1353' title='bbox 1857 3092 1888 3119; x_wconf 84' lang='lat' dir='ltr'>ad</span> <span class='ocrx_word' id='word_1_1354' title='bbox 1899 3101 1996 3120; x_wconf 84' lang='lat' dir='ltr'>annum</span> <span class='ocrx_word' id='word_1_1355' title='bbox 2008 3090 2080 3119; x_wconf 82' lang='lat' dir='ltr'>urbis</span> <span class='ocrx_word' id='word_1_1356' title='bbox 2091 3098 2198 3117; x_wconf 68' lang='lat' dir='ltr'>nxcrx.</span> 
     </span>
    </p>

    <p class='ocr_par' dir='ltr' id='par_1_37' title="bbox 1219 3126 2198 3190">
     <span class='ocr_line' id='line_1_153' title="bbox 1219 3126 2198 3190; baseline -0.01 -28"><span class='ocrx_word' id='word_1_1357' title='bbox 1219 3142 1222 3179; x_wconf 53' lang='grc' dir='ltr'>ἱ</span> <span class='ocrx_word' id='word_1_1358' title='bbox 1241 3135 1386 3165; x_wconf 77' lang='lat' dir='ltr'>arbitratui·</span> <span class='ocrx_word' id='word_1_1359' title='bbox 1395 3133 1490 3162; x_wconf 75' lang='lat' dir='ltr'>mclius</span> <span class='ocrx_word' id='word_1_1360' title='bbox 1503 3132 1616 3166; x_wconf 70' lang='lat' dir='ltr'>caligutie:</span> <span class='ocrx_word' id='word_1_1361' title='bbox 1629 3131 1719 3168; x_wconf 86' lang='lat' dir='ltr'>utique</span> <span class='ocrx_word' id='word_1_1362' title='bbox 1731 3130 1748 3158; x_wconf 81' lang='lat' dir='ltr'>[i</span> <span class='ocrx_word' id='word_1_1363' title='bbox 1758 3129 1897 3167; x_wconf 79' lang='lat' dir='ltr'>sequamur</span> <span class='ocrx_word' id='word_1_1364' title='bbox 1907 3137 2079 3158; x_wconf 70' lang='lat' dir='ltr'>nummorum</span> <span class='ocrx_word' id='word_1_1365' title='bbox 2089 3126 2198 3190; x_wconf 54' lang='lat' dir='ltr'>iiidijila.</span> 
     </span>
    </p>

    <p class='ocr_par' dir='ltr' id='par_1_38' title="bbox 2099 3169 2199 3190">
     <span class='ocr_line' id='line_1_154' title="bbox 2099 3169 2199 3190; baseline -0.02 0"><span class='ocrx_word' id='word_1_1366' title='bbox 2099 3169 2130 3190; x_wconf 70' lang='grc' dir='ltr'>4ι.</span> <span class='ocrx_word' id='word_1_1367' title='bbox 2172 3170 2199 3188; x_wconf 78' lang='grc' dir='ltr'>ιιι</span> 
     </span>
    </p>
   </div>
   <div class='ocr_carea' id='block_1_28' title="bbox 2177 0 2379 3400">
    <p class='ocr_par' dir='ltr' id='par_1_39' title="bbox 2177 0 2379 3400">
     <span class='ocr_line' id='line_1_155' title="bbox 2177 0 2379 3400; baseline 0 0"><span class='ocrx_word' id='word_1_1368' title='bbox 2177 0 2379 3400; x_wconf 95' lang='lat' dir='ltr'> </span> 
     </span>
    </p>
   </div>
  </div>
 </body>
</html>
