2360 3400
483 139 555 171 DE
602 119 883 183 Finibus
930 127 1168 177 Borion.
1220 145 1298 179 ΕΤ
1354 125 1799 190 MAL.L12.ii.

165 210 249 241 enim
269 206 379 239 dicitur
390 225 399 240 ³
409 209 430 226 '¹
449 205 581 245 Jucundi
593 204 653 234 asti
661 205 764 236 labores
773 218 784 234 .·
795 217 850 238 nec
861 207 939 238 male
950 208 1118 248 Euripides:

165 250 344 282 concludam
355 267 364 283 ‚
385 246 407 277 fi
425 257 530 288 potero
541 268 551 282 ‚
571 248 678 279 Latine
690 259 696 278 :
713 251 852 280 Graecum
863 251 948 281 enim
958 251 1038 281 hunc
1050 261 1119 282 ver-

163 291 232 323 sum
244 290 338 321 nostis
348 299 456 320 omnes
469 300 475 319 :

173 339 177 343 '
205 337 220 353 ²
237 333 345 363 Suavis
367 329 496 361 laborum
516 331 560 362 ef}
573 332 775 372 praeterirorum
794 334 937 364 memoria.

160 374 217 407 Sed
235 374 270 404 ad
293 374 370 404 bona
384 376 527 414 praeterita
538 376 702 405 redeamus.
726 386 793 417 quae
805 375 827 406 fi
836 377 853 406 a
862 376 951 406 vobis
960 376 1028 407 tal-ia
1038 375 1120 407 dice-

159 425 262 447 rentur
272 435 281 449 ,
290 416 431 456 qualibus
443 418 476 447 C.
490 418 603 447 Marius
615 419 657 447 uti
667 426 782 457 poterat
793 437 801 452 ‚
813 425 846 448 ut
855 418 1008 458 expulsus,
1018 428 1119 458 egens,

159 460 192 488 in
199 457 307 498 palude
316 457 481 492 demersus,
499 468 678 499 tropaeorum
690 460 895 490 recordatione
906 460 1017 490 levaret
1030 460 1123 490 dolo-

159 510 224 530 rem
249 500 335 530 suurn
350 510 356 529 ε
375 500 507 531 audirem
521 521 529 535 ‚
553 501 681 541 &plane
691 501 861 541 probarem.
884 511 951 531 Nec
962 511 1052 531 εΝῙΜ
1064 511 1124 532 ΑΒ·

161 551 260 572 s0Lvr
282 541 364 572 beata
372 545 433 572 vita
442 543 582 583 sapientis
594 562 603 576 ‚
623 552 679 573 nec
689 543 725 573 ad
734 544 852 573 exitum
861 543 982 584 perduci
997 546 1118 583 poterit,

156 582 178 613 fi
190 585 287 624 prima
295 593 420 625 quaeque
431 584 506 615 bene
515 585 551 616 ab
562 595 597 615 eo
609 585 760 618 consulta,
773 594 858 626 atque
868 584 954 619 faeta,
965 583 1054 625 ipsius
1065 585 1122 616 ob-

157 626 275 656 livione
293 626 503 657 obruerentur.
521 627 583 658 -Sed
604 627 694 657 vobis
711 627 903 666 voluptatum
914 636 1117 667 perceptarum

156 668 323 699 recordatio
332 670 425 698 vitam
437 669 552 699 beatam
564 668 651 702 facit,
672 668 706 698 δε
720 669 844 710 quidem
861 679 986 709 corpore
998 679 1118 709 percep-

155 718 263 741 tarum.
287 719 358 739 mm
370 708 390 739 si
400 720 465 751 quae
476 711 544 741 sunt
552 711 626 744 aliae,
636 709 745 741 falsum
755 709 807 745 est,
823 714 944 740 omneis
954 713 1052 741 animi
1061 720 1119 741 vo-

155 752 280 794 luptates
293 750 349 781 esse
359 752 375 781 ἐ
394 755 527 792 corporis
546 753 692 783 societate.
715 753 857 792 Corporis
870 761 970 782 autem
982 753 1118 793 voluptas

155 792 186 823 fi'
198 795 288 824 etiam
307 795 449 833 praeterita
467 793 592 824 delectat
605 803 669 824 non
685 793 829 835 *intelligo
841 813 850 828 ‚
868 804 922 824 cur
942 794 1117 824 Aristoteles

154 835 342 876 Sardanapali
364 845 549 876 epigramma
560 843 711 875 tantopere
722 834 863 865 derideat.
887 837 918 865 in
928 845 990 876 quo
1000 836 1054 865 ille
1063 846 1116 866 rex

155 876 281 917 Afl'yriae
291 876 456 919 glorietur,
477 877 506 907 se
515 878 636 906 omneis
653 877 755 906 secum
768 876 934 907 libidinum
948 878 1117 916 voluptates

153 918 314 950 abstulisse.
337 918 413 958 quod
431 919 505 947 enim
515 929 548 947 ne
556 918 644 946 vivus
654 918 769 958 quidem
780 938 789 951 ‚
802 919 903 958 inquit
913 938 921 952 ‚
929 918 1114 959 adunassen-

151 963 329 1002 tireporerar,
343 957 432 1002 quam
441 960 509 989 dum
511 957 664 996 fruebatur
679 971 687 993 3
707 969 762 1001 quo
776 959 854 989 modo
865 959 894 989 id
898 962 995 1001 potuit
1003 969 1112 991 mortuo

142 1009 325 1043 permanere?
350 1002 430 1032 Fluit
452 1003 542 1043 igitur
559 1001 696 1041 voluptas
706 1004 840 1042 corporis
851 1022 860 1035 ,
883 1004 916 1032 &
926 1005 1023 1042 prima
1031 1013 1112 1044 quae-

151 1054 209 1084 que
219 1048 232 1071 ³
245 1045 342 1075 avolat
356 1064 364 1078 ,
383 1044 546 1084 saepiusque
556 1043 701 1084 relinquit
710 1043 808 1073 causas
817 1044 988 1083 poenitendi
999 1064 1007 1079 ‚
1019 1045 1110 1085 quiim

149 1085 324 1116 recordandi
337 1098 347 1121 3
366 1088 466 1127 itaque
476 1085 591 1116 beatior
601 1084 758 1116 Africanus
766 1095 836 1116 cum
844 1087 937 1127 patria
947 1086 1004 1118 illo
1014 1087 1110 1119 modo

147 1126 279 1168 loquens
287 1147 296 1161 ‚

189 1169 292 1210 Desine
308 1173 400 1200 Roma
419 1176 481 1200 tuos
501 1167 595 1206 hosteis
608 1179 614 1198 :

145 1218 320 1260 reliquaque
332 1218 487 1260 praeclare3

231 1271 334 1302 amque
356 1260 411 1291 tibi
424 1267 604 1290 monumenta
621 1262 676 1290 mei
688 1269 810 1305 peperere
825 1260 938 1292 labores.

146 1302 315 1333 Laboribus
335 1304 385 1333 hic
405 1305 562 1343 praeteritis
577 1303 701 1343 gaudet:
730 1314 762 1335 tu
781 1304 870 1344 jubes
889 1303 1105 1344 voluptatibus.

140 1345 198 1375 'hic
217 1345 244 1374 se
262 1345 298 1375 ad
318 1355 350 1375 ea
372 1354 492 1375 revocat
504 1365 513 1379 ‚
534 1344 550 1375 ὲ
561 1345 670 1386 quibus
679 1347 758 1375 nihil
770 1356 915 1387 umquam
926 1346 1060 1376 retulerit
1070 1345 1105 1376 ad

85 1400 125 1433 33
144 1395 273 1426 corpus3
297 1396 328 1416 tu
342 1395 422 1416 totus
439 1387 530 1417 haeres
541 1388 572 1415 in
588 1395 722 1426 corpore.
746 1387 826 1417 Illud
836 1397 936 1418 autem
946 1388 1043 1428 ipsum
1054 1386 1107 1428 qui

146 1427 277 1458 obtinen'
283 1427 386 1468 potest
396 1447 404 1460 ,
417 1427 498 1468 quod
509 1427 609 1457 dicitis
622 1447 630 1462 ‚
640 1430 764 1458 omneis
773 1430 868 1459 animi
880 1430 912 1460 &
923 1430 1103 1469 voluptates,

146 1469 181 1499 δε
201 1468 320 1499 dolores
339 1468 374 1498 ad
393 1469 526 1508 corporis
544 1469 713 1509 voluptates
722 1489 731 1504 ‚
754 1470 787 1500 δε
809 1470 929 1501 dolores
939 1473 1102 1510 pertinere?

144 1510 164 1538 4‘
172 1510 261 1541 Nihil
276 1520 316 1540 ne
328 1518 355 1540 te
366 1509 496 1540 delectat
505 1515 670 1551 umquam?
683 1510 775 1542 video
786 1531 795 1546 ‚
813 1513 940 1552 quicum
950 1513 1064 1552 loquar.
1076 1521 1103 1542 te

142 1553 251 1594 igitur,
273 1554 424 1592 Torquate
433 1572 440 1585 ‚
463 1552 562 1592 ipsum
582 1561 634 1592 per
654 1552 682 1582 se
703 1553 783 1583 nihil
803 1552 930 1584 delefiiat
950 1556 961 1583 ?
987 1555 1101 1584 omitto

139 1595 328 1635 dignitatem,
338 1593 537 1628 honestatem,
541 1594 659 1634 speciem
666 1594 756 1636 ipfizm
766 1595 928 1630 virtutum,
941 1595 978 1626 de
993 1595 1103 1636 quibus

144 1635 214 1667 ante
225 1634 342 1666 dierum
353 1635 396 1667 est
409 1647 414 1664 :
433 1640 446 1663 5
456 1637 518 1667 haec
531 1637 643 1668 leviora
656 1647 770 1677 ponam
783 1648 789 1667 :
800 1639 920 1678 poema,
931 1646 981 1668 aut
991 1638 1103 1668 oratio-

140 1687 214 1708 nem
225 1698 233 1712 ,
253 1677 325 1709 curri
337 1688 385 1709 aut
395 1678 498 1708 scribis
510 1698 518 1712 ‚
529 1687 580 1708 aut
591 1679 665 1721 legis
675 1691 685 1714 3
696 1678 767 1710 cum
781 1682 924 1711 omnium
936 1679 1099 1714 fa&orum,

139 1719 212 1751 cum
223 1723 382 1762 regionum
393 1722 547 1761 conquiris
557 1719 710 1751 historiam
723 1733 732 1755 ς
743 1720 859 1763 {ignum
872 1742 880 1756 ‚
893 1722 1004 1756 tabula,
1016 1722 1101 1752 locus

140 1771 291 1795 atticenus,
308 1762 370 1792 ludi
383 1782 391 1796 ‚
404 1764 524 1792 venatio
534 1782 542 1795 ‚
554 1763 626 1793 villa
636 1763 778 1798 Luculli,
794 1764 887 1803 (narn
897 1762 918 1793 fi
929 1773 1011 1794 tuam
1021 1763 1102 1794 dice-

138 1814 203 1835 rem
219 1824 228 1838 ,
246 1803 388 1834 latebram
407 1804 546 1835 haberes:
564 1804 601 1834 ad
618 1814 727 1844 corpus
738 1805 850 1835 diceres
861 1806 1028 1846 pertinere)
1050 1805 1100 1836 sed

138 1856 171 1877 ea
181 1866 188 1880 ‚
210 1856 276 1887 quae
286 1846 351 1876 dixi
360 1865 372 1879 -‚
393 1846 428 1876 ad
440 1846 586 1887 corpusne
596 1845 709 1876 refers?
731 1857 768 1877 an
783 1846 826 1877 est
835 1847 948 1889 aliquid
958 1867 966 1881 ‚
977 1846 1059 1889 quod
1071 1855 1099 1878 te

131 1888 190 1928 sua
197 1888 286 1927 sponte
295 1886 409 1917 delcster
422 1891 432 1914 ?
454 1891 515 1918 Aut
524 1886 770 1928 pertinaciffimus
779 1887 871 1918 fueris
880 1908 888 1922 ‚
909 1887 932 1918 si
942 1891 974 1918 in
984 1899 1020 1919 eo
1031 1898 1097 1928 per-

137 1929 246 1960 stiteris
255 1930 290 1960 ad
301 1939 407 1969 corpus
417 1939 528 1970 ea‚quae
541 1929 618 1963 dixi,
629 1929 738 1959 referre
752 1941 756 1959 ε
767 1939 817 1961 aut
825 1930 988 1961 deserueris
1000 1939 1094 1961 totam

137 1973 260 2012 Epicuri
269 1973 455 2010 voluptatem
471 1991 479 2005 ‚
502 1970 520 2001 si
532 1973 698 2012 negaveris.
720 1972 811 2010 Quod
823 1971 894 2002 verb
904 1973 920 2003 a
929 1981 956 2003 te
966 1972 1098 2012 disputa-

138 2022 204 2044 tum
213 2012 256 2044 est
266 2033 275 2046 ,
295 2014 410 2053 majores
419 2012 467 2050 ff
478 2012 635 2054 voluptates
645 2033 654 2047 ‚
667 2012 810 2045 &dolores
819 2014 911 2043 animi
920 2034 929 2048 ,
940 2024 1030 2056 quam
1037 2024 1096 2043 cor-

126 2056 225 2098 foriss
248 2057 414 2096 quiatrium
426 2065 599 2095 temporum
610 2065 755 2096 particeps
763 2058 884 2086 :inimus
896 2055 930 2086 fit
939 2076 947 2090 ‚
970 2065 1095 2097 corpore

135 2106 237 2127 autem
255 2097 410 2137 praesentia
419 2097 517 2127 solum
529 2097 715 2128 sentiantur?
737 2096 914 2138 quiprobari
924 2097 1021 2138 potest
1033 2118 1041 2133 ,
1062 2105 1094 2127 ut

133 2140 161 2169 is
173 2160 182 2172 ‚
193 2137 209 2158 ⁶
217 2141 268 2180 qui
279 2148 398 2179 propter
407 2148 458 2168 me
466 2138 592 2180 aliquid,
603 2139 670 2179 plus
681 2158 689 2173 ,
701 2141 792 2180 quam
804 2150 859 2180 ego
873 2141 945 2181 ipse,
954 2139 1092 2182 gaudeat?

134 2183 244 2211 Animi
256 2181 398 2220 ‚voluptas
416 2182 511 2211 oritur
522 2190 646 2221 propter
662 2182 851 2221 voluptatem
872 2184 1009 2222 corporis
1026 2202 1035 2216 ‚
1058 2180 1091 2211 δε

135 2224 196 2262 maj
201 2225 235 2253 o'r
244 2222 286 2253 est
297 2225 391 2253 animi
403 2223 541 2262 voluptas
551 2243 560 2257 ,
569 2231 659 2263 quam
669 2225 813 2263 corporis.
835 2225 872 2254 ita
883 2223 917 2254 fit
928 2243 937 2258 ‚
948 2231 1092 2265 urg-ratu-

132 2264 209 2294 lator
221 2264 366 2305 lmwrfir,
391 2261 479 2305 quam
488 2266 531 2298 is,
554 2265 601 2293 cui
605 2264 778 2305 gratuletur.
800 2265 876 2299 Sed,
889 2265 963 2296 dum
974 2265 1092 2297 efficere

130 2307 225 2337 vultis
244 2307 362 2336 beatum
375 2306 538 2346 sapientem
549 2325 559 2340 ‚
583 2306 655 2336 cum
669 2309 817 2337 maximas
837 2310 942 2338 animo
953 2309 1090 2349 volupta-

131 2355 175 2378 tes
189 2350 339 2388 percipiat,
351 2348 554 2388 omnibusque
564 2348 696 2388 partibus
706 2349 846 2387 majores,
854 2349 945 2390 quam
955 2360 1091 2390 corpore:

130 2390 204 2430 quid
224 2399 375 2424 occurrat,
396 2399 460 2420 non
480 2390 599 2420 videtis.
623 2391 719 2420 animi
738 2392 822 2420 enim
841 2400 961 2432 quoque
971 2391 1092 2423 dolores

128 2432 273 2471 percipiet
290 2431 435 2462 omnibus
452 2431 583 2471 partibus
606 2434 735 2471 majores
745 2452 753 2465 ‚
777 2432 867 2473 quam
884 2435 1028 2474 corporis.
1053 2436 1091 2465 ita

130 2472 222 2503 miser
232 2471 264 2504 fit
273 2473 434 2514 aliquando
443 2472 560 2504 necefl'e
571 2473 614 2505 est
622 2483 661 2508 is,
671 2483 763 2515 quem
773 2483 827 2505 vos
838 2473 960 2506 beatum
970 2476 1090 2517 semper
1105 2492 1107 2497 ·

1996 159 2118 217 1019

1160 213 1252 244 vultis
1262 215 1329 246 esse.
1353 226 1408 248 nec
1418 219 1489 249 vero
1500 219 1541 254 id,
1553 219 1626 253 dum
1639 225 1743 254 omnia
1753 220 1988 266 ad'voluptatem
2000 246 2009 261 ,
2031 228 2124 260 dolo—

1162 264 1286 296 remque
1296 258 1427 290 referetis
1437 281 1445 294 ,
1459 261 1594 293 efficietis
1607 274 1764 306 umquam.
1788 269 1885 308 Qare
1902 269 1983 299 aliud
2001 270 2128 311 aliquid,

1164 299 1315 338 Torquate
1336 321 1344 334 ,
1366 303 1504 333 hominis
1524 305 1678 337 summum
1700 308 1817 338 bonum
1836 311 2049 349 reperiendum
2072 312 2126 343 est.

1166 338 1341 386 volqptarem
1357 342 1449 379 bestii:
1467 348 1643 377 concedamus
1655 360 1666 376 .·
1677 350 1786 391 quibus
1796 361 1850 382 vos
1861 352 1898 382 de
1909 353 2031 384 summo
2043 354 2127 385 bono

1165 379 1289 412 restibus
1307 386 1349 414 uti
1375 386 1484 417 soletis.
1508 389 1588 427 Quid
1602 409 1611 423 ‚
1634 390 1653 420 si
1673 401 1764 422 etiam
1786 393 1885 424 bestiae
1897 394 1991 425 multa
2000 395 2126 431 faciunt,

1165 421 1241 469 duce
1251 424 1300 471 sua
1308 435 1431 468 quaeque
1444 438 1545 460 natura
1555 435 1662 471 partim
1673 434 1862 475 indulgenter
1873 436 1920 466 vel
1931 446 2000 467 cum
2012 437 2124 473 labore3

1166 471 1240 494 utin
1248 468 1411 512 gignendo,
1424 472 1456 500 in
1465 471 1620 503 educando
1630 474 1771 514 perfacile
1784 486 1926 517 appareat,
1942 479 2023 509 aliud
2034 480 2127 520 quid·

1165 505 1233 535 dam
1245 517 1283 536 iis
1291 509 1474 556 propositum
1489 533 1497 545 ‚
1516 523 1578 544 non
1590 516 1773 557 voluptatem
1786 521 1797 548 ?
1815 524 1830 547 7
1841 528 1968 550 turtures
1980 520 2122 556 &tcursu⁸

1166 546 1200 577 &
1233 555 1474 590 peregrinatione
1494 555 1630 587 laetantur
1652 568 1657 587 :
1680 563 1911 601 congregatione
1928 562 1994 592 aliae
2009 572 2129 594 coetum·

1164 590 1296 638 quodam
1316 594 1410 624 modo
1427 597 1556 626 civitatis
1576 599 1739 631 imitantur.
1775 602 1915 633 videmus
1931 605 1961 633 in
1988 605 2123 645 quodam

1164 631 1336 680 volucrium
1355 645 1463 675 genere
1473 640 1620 670 nonnulla
1630 642 1739 673 indicia
1749 646 1867 683 pietatis
1878 665 1886 678 .
1899 647 2122 687 cognitionem„

1163 681 1345 720 memoriam
1360 687 1365 705 :
1385 672 1400 695 8
1417 679 1449 707 in
1460 680 1566 709 multis
1576 685 1663 712 etiam
1677 683 1816 716 desideria
1824 687 1975 717 videmus.
1998 690 2077 729 Ergo
2088 690 2122 719 in

1162 713 1264 745 bestiis
1280 726 1369 764 erunt
1386 719 1493 750 secreta
1515 721 1531 751 ἐι
1549 723 1702 763 voluptate
1713 728 1920 759 humanarum
1936 729 2073 770 quaedam
2086 729 2123 759 si-

1161 756 1291 803 mulacra
1301 767 1448 791 virtutum
1466 764 1515 792 :in
1529 762 1596 803 ipsis
1607 766 1786 798 hominibus
1795 772 1901 804 virtus,
1913 769 1968 800 nisi
1977 772 2123 811 volupta-

1161 805 1198 827 tis
1209 800 1292 848 causa
1302 820 1311 834 ,
1331 802 1500 834 nullaerit?
1527 805 1560 835 &
1573 815 1703 837 trorum
1719 829 1727 842 ‚
1738 814 1789 850 qui
1799 814 1904 842 ceteris
1913 812 2120 843 animantibus

1157 839 1328 878 plurimum
1348 843 1461 883 praestat
1473 866 1481 878 ‚
1501 849 1643 887 praecipui
1654 848 1669 879 a
1680 859 1782 882 natura
1795 854 1873 883 nihil
1887 854 1988 885 datum
2001 853 2120 885 essedi-

1157 886 1285 932 cemus?
1306 888 1373 915 Nos
1391 887 1462 917 vero
1478 908 1486 921 ‚
1507 886 1528 918 fi
1543 890 1667 930 quidem
1688 893 1720 921 in
1737 894 1889 934 voluptate
1912 897 1978 926 sunt
1995 898 2112 931 omnia,

1156 922 1268 971 longe,
1289 927 1484 969 multumque
1507 931 1703 971 superamur}
1717 933 2030 978 bestiiszquibusipsa
2041 948 2117 970 terra

1157 963 1257 997 fundit
1274 978 1312 999 ein:
1331 969 1390 1000 sese
1406 970 1504 1010 pastus
1523 975 1638 1008 varios,
1656 977 1798 1018 varieque
1817 977 2014 1009 abundanteis
2033 981 2116 1011 nihil

1155 1006 1359 1041 laborantibus
1375 1022 1380 1040 :
1395 1013 1485 1043 nobis
1504 1023 1603 1046 autem
1624 1026 1675 1047 aut
1695 1020 1749 1048 vix
1761 1039 1770 1052 ,
1790 1028 1840 1050 aut
1860 1030 1898 1050 ne
1912 1023 1965 1051 vix
1975 1022 2113 1062 quidem,

1156 1049 1316 1089 suppetunt
1336 1054 1434 1084 multo
1446 1055 1545 1086 labore
1554 1059 1768 1097 quaerentibus.
1788 1071 1844 1091 nec
1854 1070 1954 1093 tamen
1971 1064 2033 1094 ullo
2044 1074 2113 1094 mo-

1154 1090 1194 1120 do
1208 1093 1353 1131 summum
1357 1096 1471 1137 pecudis
1481 1096 1582 1127 bonum
1591 1119 1599 1133 ‚
1612 1100 1647 1132 ὼ·
1660 1101 1789 1136 hominis,
1801 1103 1875 1132 idem
1882 1104 1954 1134 mihi
1963 1105 2054 1134 videri
2061 1114 2118 1147 po‹

1153 1132 1219 1180 teff.
1242 1136 1315 1176 quid
1333 1139 1419 1168 enirn
1430 1148 1513 1170 tanto
1527 1150 1602 1180 opus
1614 1141 1656 1172 est
1668 1142 1912 1176 instrumentoin
1928 1148 2056 1186 optimis
2066 1158 2113 1178 ar·

1152 1175 1232 1223 tibus
1251 1181 1459 1219 comparandis
1470 1202 1478 1214 ,
1498 1182 1569 1223 quid
1583 1192 1665 1214 tanto
1674 1186 1819 1217 concursu
1831 1187 2112 1220 honestiffimorum

1152 1216 1320 1250 studiorum
1332 1240 1341 1255 ,
1357 1230 1439 1252 tanto
1449 1225 1762 1262 virtutum-comitatu,
1775 1227 1796 1258 si
1805 1239 1838 1259 ea
1847 1230 1963 1260 nullam
1974 1230 2010 1261 ad
2019 1232 2111 1262 aliani

1149 1268 1213 1309 rem
1234 1280 1242 1294 ,
1269 1260 1324 1292 nisi
1347 1263 1383 1293 ad
1402 1265 1588 1306 voluptatem
1609 1270 1851 1310 conquiruntur?
1870 1281 1920 1306 ut,
1942 1271 1961 1301 fi
1981 1275 2111 1307 Xerxes,

1150 1308 1222 1349 curri
1232 1305 1318 1333 tantis
1328 1304 1464 1337 classibus
1476 1327 1484 1342 ‚
1496 1309 1644 1349 tantisque
1657 1310 1842 1351 equestribus
1850 1332 1860 1347 ,
1872 1313 1906 1344 &
1914 1313 2111 1354 pedestribus,

1149 1346 1247 1383 copiis
1265 1365 1273 1378 ‚
1293 1347 1493 1393 Hellesponto
1511 1350 1620 1390 juricio
1632 1371 1641 1384 .
1669 1356 1685 1379 9
1703 1354 1825 1384 Athone
1843 1354 1976 1395 perfoffo
1989 1377 1999 1390 ‚
2020 1358 2113 1388 maria

1149 1385 1376 1433 ambulavislet‚
1398 1398 1566 1433 terramque
1577 1392 1751 1435 navigasset,
1765 1393 1785 1425 si
1797 1416 1805 1429 ‚
1816 1397 1888 1428 cum
1899 1406 1982 1429 tanto
1994 1399 2114 1439 impetu

1149 1436 1182 1456 in
1202 1429 1350 1460 Graeciam
1370 1431 1514 1466 venisset,
1533 1435 1651 1465 causam
1670 1437 1734 1476 ejus
1752 1439 1818 1477 quis
1837 1448 1875 1469 ex
1894 1449 1932 1470 eo
1951 1449 2110 1480 quaereret,

1148 1476 1296 1501 cantarum
1307 1475 1461 1512 copiarum
1473 1494 1482 1508 ,
1499 1478 1633 1517 tantique
1643 1478 1716 1508 belli
1727 1498 1736 1512 ‚
1748 1482 1778 1498 ¹0
1786 1480 1873 1520 malfe
1882 1482 1992 1521 auferre
2000 1492 2035 1511 ex
2047 1485 2110 1524 Hs-

1147 1517 1233 1540 metro
1256 1513 1373 1551 voluiffi’
1390 1514 1502 1546 diceret
1512 1537 1520 1550 ‚
1542 1519 1622 1548 certe
1642 1517 1702 1549 fine
1712 1521 1795 1551 caus'a
1806 1523 1959 1553 videretur
1968 1532 2047 1555 tanta
2058 1535 2113 1555 co·

1147 1560 1233 1582 natus
1245 1564 1250 1581 :
1264 1552 1302 1584 fic
1313 1564 1369 1585 nos
1381 1556 1540 1596 sapientem
1554 1578 1562 1591 ,
1574 1560 1716 1599 plurimis
1726 1581 1735 1594 ,
1750 1562 1783 1592 Sc
1791 1561 1970 1602 graviffimis
1980 1565 2107 1601 artibus,

1144 1602 1233 1634 atque
1244 1596 1407 1626 virtutibus
1416 1598 1596 1630 instruet-um
1609 1621 1617 1634 ,
1639 1603 1673 1632 δε
1685 1610 1827 1634 ornatu-m
1838 1624 1850 1638 ‚
1863 1613 1927 1636 non
1937 1625 1946 1640 ‚
1959 1614 1992 1636 ut
2002 1606 2106 1642 illum„

1145 1638 1238 1666 maria
1255 1637 1381 1677 pedibus
1390 1648 1592 1681 peragrantem
1607 1662 1616 1676 ,
1634 1642 1769 1675 claffibus
1782 1649 1933 1681 monteis‚
1954 1648 2004 1678 sed
2015 1657 2112 1680 omne

1143 1678 1256 1708 coelum
1269 1698 1277 1713 ,
1298 1688 1431 1723 toramqu
1440 1692 1455 1712 e
1468 1693 1538 1713 curn
1550 1686 1692 1715 universo
1703 1688 1780 1717 mari
1791 1696 1898 1719 terram
1909 1699 2012 1720 mente
2020 1700 2110 1721 com·-

1143 1720 1270 1760 plexum
1282 1741 1291 1755 ‚
1307 1722 1493 1764 voluptatem
1502 1733 1604 1765 petere
1615 1725 1635 1756 fi
1646 1726 1781 1759 dicemus
1792 1749 1801 1763 ‚
1813 1730 1915 1760 mellis
1922 1732 2008 1762 causa
2020 1732 2107 1763 dice-

1144 1771 1214 1792 mus
1236 1771 1314 1795 tanta
1328 1766 1484 1797 molitum.
1507 1767 1543 1798 ad
1555 1777 1709 1800 Atii-rona
1724 1779 1886 1811 QAEDAM
1899 1792 1907 1805 ‚
1920 1773 1953 1803 ὃς
1966 1774 2109 1816 magni&

1143 1805 1298 1839 centioia,
1318 1807 1397 1837 mihi
1417 1809 1522 1843 crede,
1543 1812 1716 1851 Torquate,
1738 1814 1799 1842 nati
1812 1813 1933 1844 sumus:
1955 1824 2013 1846 nec
2022 1816 2054 1847 id
2064 1827 2103 1848 ex

1142 1847 1240 1876 animi
1259 1845 1359 1877 solum
1379 1850 1531 1889 partibus,
1558 1853 1591 1881 in
1609 1853 1722 1893 quibus
1744 1853 1822 1885 inest
1842 1858 1992 1888 memoria
2001 1867 2105 1890 rerum

1141 1888 1426 1923 innumerabilium,
1441 1894 1467 1911 ¹¹
1481 1893 1548 1923 vitae
1559 1894 1685 1933 quidem
1696 1894 1834 1929 infinita,
1845 1897 2105 1939 inestconjeQ-ura

1140 1928 1403 1969 consequentium,
1417 1942 1481 1963 non
1492 1934 1626 1964 multum
1638 1934 1653 1965 ὲ
1663 1935 1850 1968 divinatione
1860 1938 2014 1975 differens,
2025 1942 2104 1973 inest

1139 1969 1295 2017 ¹nuideratoi·
1314 1973 1478 2013 cupiditatis
1494 1975 1584 2016 pudor
1597 1996 1605 2010 ,
1623 1976 1701 2008 inest
1712 1978 1748 2009 ad
1758 1980 1922 2012 humanam
1933 1982 2105 2015 societatem

1135 2010 1260 2052 justitiae
1279 2011 1338 2044 fida
1356 2014 1507 2046 custodia:
1527 2017 1606 2049 inest
1626 2020 1659 2048 in
1676 2021 2043 2060 perpetiendislaboribus
2051 2026 2105 2056 ad-

1137 2053 1304 2095 eundisque
1322 2057 1462 2095 periculis
1482 2056 1568 2089 firma
1585 2079 1594 2094 ,
1625 2059 1660 2090 δε
1675 2060 1789 2092 stabilis
1811 2062 1925 2095 doloris
1947 2084 1956 2099 ,
1980 2068 2103 2098 mortis-

1137 2105 1196 2136 que
1205 2100 1385 2128 contemtio.
1409 2109 1480 2140 ergo
1490 2100 1552 2131 haec
1561 2102 1592 2131 in
1605 2104 1717 2132 animis
1729 2114 1734 2132 :
1746 2113 1777 2134 tu
1787 2113 1886 2136 autem
1899 2109 1986 2138 etiam
1998 2117 2100 2139 mem·-

1132 2138 1183 2168 bra
1202 2138 1262 2177 ipsa
1279 2138 1437 2180 sensusque
1453 2140 1695 2185 confiderachui
1718 2145 1775 2175 tibi
1796 2155 1828 2177 ut
1847 2148 1968 2189 reliquae
1987 2159 2097 2190 corpo-

1136 2181 1178 2210 ris
1197 2188 1294 2219 partes
1316 2201 1325 2215 ,
1346 2191 1410 2212 non
1431 2186 1561 2214 comites
1579 2185 1681 2216 solum
1700 2188 1851 2218 virtutum
1869 2209 1878 2223 ‚
1898 2191 1947 2221 sed
1966 2191 2099 2223 ministri

1139 2223 1230 2252 etiam
1245 2222 1438 2254 videbuntur.
1461 2225 1544 2266 quid,
1558 2225 1578 2256 fi
1588 2229 1622 2257 in
1635 2227 1700 2267 ipso
1711 2239 1835 2270 corpore
1845 2231 1941 2263 multa
1951 2234 2099 2274 voluptati

1137 2264 1335 2304 proponenda
1348 2266 1426 2300 sunt,
1441 2275 1473 2296 ut
1486 2269 1563 2298 vires
1573 2288 1581 2302 ,
1593 2269 1728 2300 valitudo
1739 2290 1749 2304 ,
1760 2272 1902 2303 velocitas
1913 2293 1921 2308 ‚
1933 2275 2100 2314 pulchritu-

1136 2305 1199 2336 do?
1217 2305 1290 2346 quid
1309 2307 1430 2337 tandem
1451 2310 1482 2338 in
1497 2311 1608 2340 animis
1621 2312 1745 2342 censes?
1765 2314 1798 2343 in
1809 2314 1918 2355 quibus
1931 2316 2096 2349 doetiffimi

1133 2347 1180 2377 illi
1201 2356 1315 2378 veteres
1330 2348 1423 2379 inefl'e
1440 2351 1602 2393 quidquam
1609 2352 1703 2389 caeleste
1715 2354 1896 2386 &divinum
1906 2367 2095 2397 putaverunt.

1134 2388 1217 2430 quod
1238 2388 1259 2418 si
1276 2388 1348 2420 effer
1367 2393 1400 2421 in
1419 2393 1572 2433 voluptate
1592 2394 1749 2426 summum
1759 2396 1877 2428 bonum
1898 2400 2096 2443 (urdicitis‚)

1134 2431 1267 2471 optabile
1284 2429 1354 2462 esset
1368 2453 1376 2467 ‚
1395 2435 1427 2464 in
1438 2435 1590 2475 voluptate
1601 2438 1755 2471 maxima,
1777 2439 2095 2474 nullointervalloin-

1133 2471 1259 2513 terje&0
1277 2493 1287 2508 ‚
1310 2473 1374 2506 dies
1389 2495 1398 2510 ‚
1418 2475 1597 2518 noffteisque
1614 2479 1743 2515 versari,
1765 2476 1838 2512 cum
1862 2491 1971 2514 omnes
1991 2484 2095 2516 sensus

1989 2528 2095 2562 dulce—

134 2577 2100 2603 ,Ἣ

149 2612 154 2615 ·
169 2616 192 2633 i.
213 2607 320 2641 Jucundi
331 2609 382 2633 afli
389 2608 509 2642 labores]
532 2607 606 2634 idem
618 2606 666 2634 ms.
685 2609 713 2634 δε
724 2607 770 2634 alii
781 2616 907 2643 praeterea
916 2615 1030 2645 quatuor
1041 2609 1087 2643 ju-

128 2643 200 2669 cundil
210 2647 259 2669 affl
267 2645 358 2668 labores
368 2652 377 2674 ς
397 2652 483 2679 neque
493 2643 564 2670 secus
575 2643 640 2670 Aldi
652 2643 717 2670 senis
728 2643 823 2670 editio.

148 2692 151 2694 v
164 2688 193 2705 2.
211 2680 299 2705 sums
315 2681 420 2705 laborum
432 2683 467 2706 eff
479 2683 594 2712 prmerl't.
605 2680 674 2714 ἀι]
696 2680 739 2707 Est
759 2681 774 2706 a
786 2679 870 2707 Palat.
888 2690 929 2716 pr.
943 2690 1002 2708 nam
1021 2680 1088 2709 editi

126 2715 212 2741 sua-vis
221 2719 257 2741 ef?
263 2716 381 2747 laborum,
392 2715 464 2751 quod
474 2715 620 2751 refiiigebat
630 2715 793 2742 Gulielmius
803 2717 828 2742 in
835 2736 842 2749 ,
851 2721 930 2743 Suaw.
942 2720 972 2750 est
981 2719 1032 2744 lab.

165 2759 191 2785 3.
211 2753 315 2779 (Arelas
327 2771 334 2783 ,
346 2753 473 2786 saepjigsqm
482 2753 594 2786 relinquit
603 2752 713 2786 causam]
735 2753 775 2779 Ita
786 2752 842 2779 Pal.
853 2762 893 2788 pr.
906 2754 933 2779 ὃ(
945 2761 1008 2780 tert.
1019 2763 1088 2790 qno-

129 2795 186 2813 rum
203 2797 245 2824 pr.
255 2795 383 2824 praeterea
393 2788 470 2814 habet
481 2790 586 2822 causam.
606 2797 659 2814 non
671 2788 739 2815 male
757 2788 889 2825 publicati·
904 2795 966 2816 ante
977 2790 1088 2817 Lambi-

126 2832 190 2850 num
203 2833 212 2855 3
233 2826 330 2856 avolat,
340 2830 368 2850 ur
377 2826 468 2858 ajebat,
473 2824 614 2858 fhffiuffiue,
624 2824 674 2856 &a

163 2866 191 2892 4.
213 2862 317 2886 Nihilne
325 2867 350 2886 te
356 2861 454 2886 deleant
462 2869 570 2894 unquam
579 2864 589 2886 ?
597 2861 614 2895 ]
635 2861 678 2886 Sic
688 2860 757 2887 Poell.
778 2860 831 2888 sine
841 2861 889 2888 illo
900 2861 1024 2889 Lambini
1038 2881 1047 2895 ‚
1065 2869 1089 2888 te

124 2894 257 2929 fitasponre
265 2896 310 2922 del.
331 2896 401 2932 quod
414 2896 512 2923 frustra
524 2895 678 2932 magnifacit
689 2897 771 2923 Michw.
784 2899 894 2925 Brutus.

145 2937 149 2941 ⁷
169 2938 193 2963 5.
214 2934 265 2957 Hac
271 2934 361 2958 leviora
366 2941 453 2966 punam
464 2943 470 2958 .-
483 2935 566 2966 poi‘nm
575 2952 586 2965 ,
593 2936 731 2965 arationem,
740 2943 792 2959 ciem
800 2935 944 2968 aiaetsrribi'ir,
954 2934 1023 2969 ἀι]
1044 2935 1088 2961 Sic

130 2965 188 2992 mss.
201 2967 279 2994 nostri
291 2967 368 2999 fere3
389 2969 436 2996 nili
447 2969 517 3006 quod
528 2969 631 3006 aliquot
642 2970 769 2997 omittant
780 2970 847 2996 illud
864 2973 964 3003 pob‘ma3
986 2970 1087 3006 primus

130 3003 194 3028 vero
206 3002 259 3029 alio
269 3003 353 3039 positu
365 3004 476 3038 referat,
482 3009 561 3039 po'e'tna
565 3014 664 3040 ponam,
673 3010 810 3040 orationem,
821 3016 871 3034 cum
876 3025 887 3039 ,-
893 3008 944 3039 glyc.
966 3015 996 3034 ut
1007 3006 1032 3034 su
1037 3007 1087 3043 spi—

126 3047 173 3064 cer
184 3047 275 3065 vocem
287 3038 464 3073 adhucpoemm
473 3042 716 3070 exterminandam.

164 3075 192 3100 6.
208 3076 257 3109 Q!
260 3082 356 3107 propter
365 3086 398 3102 me
407 3078 501 3110 aliquid
504 3079 609 3111 gaudeat
620 3098 628 3111 ‚
643 3081 700 3113 plm-
709 3088 782 3114 quam
790 3087 824 3112 ego
833 3080 878 3113 1⁵pr
893 3079 1023 3114 gaudeat]
1047 3081 1090 3106 Ita

1131 2619 1165 2636 mo
1174 2612 1286 2643 voluptas
1296 2614 1383 2638 oritur.
1986 2638 1989 2641 ,

1166 2654 1193 2680 7.
1213 2651 1327 2672 Turtures
1336 2648 1365 2678 clf
1374 2648 1443 2681 curfh
1452 2648 1481 2679 ὠ·
1494 2650 1681 2682 peregrinatione
1698 2651 1834 2685 laetantum]
1857 2650 1901 2677 Sic
1909 2651 2014 2688 aliquot
2025 2653 2093 2681 Pali.

1130 2691 1188 2709 nam
1200 2682 1254 2709 duo
1266 2692 1274 2713 3
1295 2686 1392 2709 Cirures
1401 2685 1429 2714 &¹
1438 2686 1526 2718 ταώς
1544 2685 1588 2711 sed
1600 2685 1681 2713 letitia
1691 2693 1803 2722 utraque
1813 2687 1945 2720 morbida,
1956 2688 2092 2726 liquidem

1129 2717 1263 2754 lequiinur
1274 2719 1330 2745 Pal.
1340 2728 1381 2755 pr.
1401 2719 1422 2746 is
1434 2721 1504 2747 enim
1515 2720 1599 2748 {olum
1611 2721 1689 2749 habet
1700 2741 1709 2754 ,
1723 2725 1817 2755 partim
1825 2724 1895 2758 cursu
1906 2743 1915 2756 ‚
1929 2725 1981 2756 &aa
2006 2724 2093 2752 Aliud

1128 2758 1200 2781 certi:
1213 2754 1276 2789 quid
1288 2755 1354 2781 latet
1366 2775 1373 2787 ‚
1396 2756 1467 2791 quod
1477 2757 1504 2784 in
1517 2756 1563 2783 hac
1572 2757 1740 2785 festinatione
1756 2759 1876 2793 jamnon
1896 2769 1961 2787 eruo
1972 2768 1981 2791 ;
2000 2767 2046 2788 aut
2057 2760 2093 2788 fic

1130 2791 1216 2826 potius
1230 2790 1370 2826 legendum
1382 2792 1445 2819 erit.
1468 2801 1526 2819 nam
1538 2793 1606 2820 illud
1617 2801 1724 2820 turtures
1735 2794 1793 2822 sane
1806 2795 1995 2829 ineptissimum
2006 2797 2052 2825 est.

1164 2825 1191 2853 8.
1211 2829 1238 2853 In
1248 2828 1326 2853 multis
1344 2831 1415 2853 etiam
1432 2829 1543 2862 dqffderia
1559 2830 1695 2865 videmus-q
1717 2831 1786 2858 Este
1797 2831 1895 2858 Tufiini
1905 2831 2006 2865 codice,
2017 2833 2084 2860 item

1128 2863 1196 2889 Pali.
1206 2863 1330 2890 omnibus
1344 2873 1351 2894 3
1364 2863 1411 2890 etsi
1423 2874 1473 2891 non
1486 2874 1579 2901 negem
1591 2866 1661 2902 poss'e
1669 2867 1747 2901 abjici
1761 2876 1850 2894 vocem
1863 2867 1997 2895 ultimam.
2009 2869 2091 2896 lianc-

1128 2909 1178 2935 que
1189 2901 1269 2926 etiam
1281 2900 1407 2935 exprcffit
1416 2899 1571 2937 scripturam
1584 2902 1731 2930 Victorius.
1750 2904 1816 2930 olim
1828 2903 1892 2935 cusi,
1902 2907 1974 2931 etiam
1984 2905 2090 2939 discipli·

1124 2944 1180 2962 nam
1204 2936 1313 2962 videmus
1324 2947 1331 2961 .-
1358 2937 1520 2964 rcceiitiores
1539 2938 1627 2974 primo
1647 2939 1728 2967 verbo
1747 2947 1854 2967 retento
1871 2940 2032 2968 deleverunt
2050 2940 2092 2969 se-

1129 2971 1257 2999 cundum.

1161 3017 1190 3043 9.
1210 3011 1300 3036 Athone
1315 3010 1437 3045 perfiſjb]
1460 3010 1503 3038 Sic
1513 3011 1630 3039 nosti-tim
1651 3019 1704 3040 tres
1715 3021 1724 3045 3
1745 3012 1826 3040 ceteri
1840 3013 1970 3042 accedunt
1981 3014 2090 3051 vulgato

1128 3047 1242 3073 ςΑΛΙΜνε.

1169 3090 1210 3107 10.
1230 3082 1439 3117 Melfeaufirre]
1462 3083 1542 3111 Hand
1560 3085 1640 3112 aliter
1658 3084 1808 3120 conjecerat
1826 3086 1858 3113 P.
1869 3087 2005 3114 Manutius
2017 3105 2026 3120 ,
2047 3094 2092 3114 re-

124 3110 235 3145 quidem
256 3109 340 3137 editio
350 3111 474 3139 Vierorii.
494 3121 521 3143 at
532 3114 661 3144 Aldinon
679 3115 797 3156 agnoscit
818 3125 893 3142 voces
913 3117 1029 3152 quinque
1041 3125 1087 3152 po-
1129 3116 1230 3153 statque
1241 3118 1268 3144 iii
1279 3119 1527 3155 l'al.pr.publicati
1537 3128 1614 3148 antea
1624 3122 1721 3154 afferre.

123 3147 233 3173 §ri-emas
245 3166 253 3178 ,
273 3156 357 3183 neque
377 3147 443 3174 adeo
455 3158 521 3175 unus
532 3149 726 3179 Palatinarum.
746 3161 791 3188 qur
803 3159 881 3178 etiam
895 3161 947 3179 urio
965 3151 1087 3179 consensu
1112 3165 1118 3176 fl

125 3184 243 3212 retinent
255 3194 260 3211 :
282 3184 537 3220 derobaripotqft‚
546 3193 572 3212 ut
581 3187 602 3214 is
611 3190 652 3223 qui
659 3195 751 3223 propter
760 3197 794 3216 me
804 3188 1017 3224 aliquidgaudear.
1028 3192 1085 3217 am*-
1128 3191 1229 3226 quiderm

1168 3162 1208 3179 ii.
1232 3156 1286 3183 Vim
1303 3156 1393 3190 quidem
1411 3157 1544 3192 infinitam]
1578 3158 1635 3186 rai.
1654 3158 1726 3187 idem
1748 3158 1854 3188 videtui·
1874 3158 1971 3188 habere
1989 3178 1998 3192 ‚
2026 3160 2051 3184 1⁸⁷1
2070 3163 2096 3184 1ss

1437 3228 1601 3259 Niiiinnu
1622 3238 1637 3258 2
1998 3229 2095 3258 afflue
