2337 3400
126 129 234 178 '7¹0
540 103 615 150 M.
687 99 1053 148 TULL11

129 197 329 228 ..decimi-em.
354 189 420 221 Feci
440 189 530 228 igitur
552 187 724 217 sermonem
744 185 822 214 inter
839 192 895 213 nos
913 181 1050 212 habiturn
1071 181 1101 210 in

144 241 292 270 Cumauo,
304 233 375 263 cum
386 228 458 261 ess'et
468 229 526 260 unii
538 228 737 267 Pomponius.
754 230 763 246 ¹
777 225 831 256 tibi
841 225 911 255 dedi
922 233 1027 264 parteis
1039 226 1102 253 An·

145 280 301 310 tiochiiias:
313 283 384 314 quas
396 273 411 302 ὲ
422 281 449 302 te
459 271 576 312 probari
589 267 770 300 intellexisse
782 268 859 297 mihi
869 267 1006 296 videbar:
1023 265 1102 294 mihi

146 318 234 351 sumsi
250 317 398 348 Philonis.
422 317 498 345 Puto
508 312 571 342 fore
584 331 591 345 ,
614 320 664 345 ut,
684 310 756 340 cum
767 310 871 350 legeris
883 328 890 342 ,
904 306 1030 341 mirere,
1046 315 1103 337 nos

143 362 173 392 id
187 362 302 390 locutos
314 355 373 387 css'e
385 357 462 386 inter
476 364 531 385 nos
545 374 553 388 ,
580 353 661 394 quod
682 361 847 392 numquam
872 351 965 380 locuti
984 350 1099 380 sumus.

143 403 192 434 sed
204 399 282 432 nosti
293 407 411 429 morem
423 398 623 438 dialogorum.
649 393 781 425 Posthaec
791 403 890 423 autem
902 412 910 426 ‚
932 394 976 421 mi
999 394 1105 424 Varro,

147 445 236 486 quam
248 443 378 483 plurima
388 460 395 474 ‚
408 438 427 469 si
438 438 557 469 videtur
569 458 576 471 ‚
597 438 630 467 δε
640 437 676 467 de
688 437 776 466 nobis
787 439 865 465 inter
875 443 949 465 nos:
971 432 1034 464 sero
1045 431 1107 462 for—

146 484 230 517 tass'e:
254 484 302 515 sed
315 483 501 523 superiorum
516 477 821 519 temporumfortuna
840 479 911 517 reip.
930 476 1046 506 causam
1060 474 1109 505 su—

146 527 261 559 stineat.
287 528 360 556 Haec
374 522 426 564 ipsi
435 521 568 563 praestare
579 521 736 552 debemus.
761 523 859 561 Atque
873 520 990 549 utinam
1000 518 1109 559 quietis

147 568 334 609 temporibus
347 588 354 600 ,
382 576 466 606 atque
477 566 578 605 aliquo
590 585 598 597 ,
619 561 639 593 si
659 573 724 593 non
733 562 835 595 bono,
861 570 890 591 at
906 561 1007 591 saltem
1027 568 1108 589 certo

148 612 222 643 statu
241 612 389 642 civitatis,
422 610 484 638 haec
504 610 582 637 inter
600 615 656 636 nos
679 603 774 635 studia
790 613 927 634 exercere
947 599 1108 642 possemus.

138 657 339 695 ›Qiamquam
351 660 416 681 tum
427 649 551 691 quidem
574 648 622 678 vel
640 648 706 678 aliae
723 647 871 688 quaepiam
885 647 1016 675 rationes
1027 663 1034 676 ‚
1057 644 1109 672 ho-

150 692 246 726 nestas
258 694 345 724 nobis
357 693 390 722 δε
400 701 482 722 curas
496 691 528 721 ὅ(
539 690 675 720 afflones
688 689 791 719 darent
807 699 812 717 ;
840 697 921 717 nunc
930 695 1029 716 autem
1040 682 1113 725 quid

151 737 210 771 est,
231 735 290 766 sine
313 737 359 765 his
377 744 429 765 cur
440 736 538 763 vivere
555 733 711 762 velimus?
732 731 812 760 Mihi
824 729 895 760 vero
907 738 976 758 cum
988 724 1110 766 hisipfis

150 781 221 809 vix:
248 780 293 808 his
303 786 402 808 autem
412 774 551 806 detraffls
562 794 571 808 ,
595 783 632 804 ne
644 776 695 803 vix
705 772 839 813 quidem.
862 770 918 801 Sed
930 771 991 799 haec
998 769 1112 800 coram.

152 821 185 852 ὃ(
201 821 314 861 saepius.
348 820 564 860 Migrationem
576 835 585 850 ‚
610 816 642 846 &
660 824 831 844 emtionem
848 812 977 842 feliciter
996 811 1116 840 evenire

152 863 238 897 volo,
250 871 396 902 tuumque
410 863 443 890 in
453 870 486 890 ea
496 869 525 889 re
535 856 696 889 consilium
706 855 810 896 probo.
837 857 913 885 Cura
923 863 955 883 ut
965 852 1070 883 valeas.

270 919 584 951 DOLABELLA
615 914 944 945 CICERON1.si
959 913 1000 941 D.

258 969 296 995 V.
313 968 349 995 G.
362 967 399 993 V.
423 962 570 993 &Tullia
580 959 677 990 nostra
693 957 773 989 τςᾶὲ
791 961 828 988 V.
847 959 990 989 Terentia
1008 953 1112 985 minus

158 964 208 1043 S
229 1019 242 1033 ο
260 1008 338 1038 belle
350 1006 468 1036 habuit:
493 1003 541 1034 sed
559 1012 673 1033 certum
692 1002 753 1032 scio
770 1003 831 1040 J'am
843 996 1027 1030 convaluiss'e
1037 1007 1113 1027 earn.

155 1054 298 1082 Praeterea
307 1046 466 1078 refiliffime
478 1046 545 1076 sunt
554 1044 630 1085 apud
642 1054 669 1074 te
679 1044 794 1074 omnia.
813 1040 871 1073 Etfi
881 1041 968 1072 nullo
980 1049 1115 1079 tempore

154 1095 189 1123 in
200 1093 399 1132 suspicionem
419 1088 474 1118 tibi
495 1087 585 1117 debui
602 1088 706 1116 venire
718 1106 726 1119 ,
746 1087 873 1125 partium
890 1083 973 1114 causa
992 1080 1114 1121 potius,

155 1134 247 1175 quam
260 1143 326 1166 tua,
346 1131 401 1161 tibi
412 1130 547 1163 suadere,
569 1137 601 1158 ut
617 1137 644 1158 te
654 1137 781 1159 autcum
791 1127 918 1159 Caesare,
939 1124 1116 1154 nobiscum·

157 1186 216 1217 que
225 1182 441 1214 conjungeres,
460 1180 510 1202 aut
528 1170 607 1201 certe
625 1173 659 1201 in
680 1172 779 1200 otium
797 1169 938 1199 referres,
967 1164 1114 1206 praecipue

158 1218 312 1253 nunciam
325 1236 332 1249 ,
345 1215 487 1245 inclinata
497 1212 622 1243 vietor-ia
631 1232 638 1246 ‚
664 1222 701 1242 ne
715 1210 834 1252 poffum
845 1209 968 1251 quidem
980 1209 1011 1237 in
1023 1207 1116 1236 ullam

156 1260 245 1290 aliam
257 1257 389 1288 incidere
399 1258 580 1296 opinionem
594 1274 602 1288 ‚
631 1258 645 1274 ²
659 1253 713 1286 nisi
723 1257 754 1283 in
764 1263 829 1283 eam
845 1272 853 1286 ‚
876 1254 909 1281 in
930 1260 987 1291 qua
1005 1248 1117 1279 scilicet

155 1302 211 1332 tibi
226 1300 345 1331 suadere
355 1298 474 1332 videar,
498 1296 580 1338 quod
590 1296 639 1336 pie
650 1305 742 1327 tacere
752 1305 816 1325 non
834 1292 957 1333 possum.
993 1293 1045 1321 Tu
1064 1300 1115 1320 au-

155 1352 217 1374 tem
230 1363 238 1376 ,
263 1344 307 1372 mi
323 1343 428 1371 Cicero
439 1361 448 1374 ,
468 1338 506 1369 sic
519 1342 580 1369 haec
595 1340 739 1378 accipies,
759 1346 792 1367 ut
807 1357 816 1370 ‚
836 1335 894 1366 sive
912 1333 1118 1375 probabuntur

156 1385 213 1416 tibi
224 1405 232 1418 ‚
245 1382 303 1413 sive
311 1392 376 1413 non
385 1382 591 1423 probabuntur
604 1401 612 1415 ‚
627 1381 662 1411 ab
671 1382 790 1420 optimo
800 1378 879 1409 certe
888 1379 993 1407 animo
1005 1395 1013 1408 ‚
1024 1384 1056 1405 ac
1066 1375 1117 1404 de-

148 1425 304 1458 iditiffimo
313 1425 368 1455 tibi
381 1445 389 1458 ,
401 1425 433 1454 &
443 1425 566 1465 cogitata
578 1443 587 1456 ‚
600 1423 632 1453 &
641 1422 744 1462 scripta
753 1419 942 1461 effejudices.
968 1416 1116 1448 Animad-

158 1469 270 1502 verris,
290 1470 324 1497 C.
336 1468 517 1506 Pompejum
529 1475 583 1496 nec
593 1466 731 1495 nominis
750 1464 793 1494 sui
804 1482 812 1497 ‚
833 1471 889 1492 nec
906 1470 1006 1491 rerum
1023 1457 1118 1499 gesta-

159 1519 228 1541 rum
238 1511 350 1552 gloria,
372 1517 468 1548 neque
478 1510 570 1537 etiam
583 1517 686 1547 regum
698 1526 707 1540 ‚
727 1515 760 1536 ac
779 1507 939 1535 nationum
957 1501 1116 1533 clientelis,

154 1561 233 1594 ¹quas
244 1551 390 1581 ostentare
402 1549 506 1580 crebro
518 1549 649 1582 solebat,
671 1546 729 1578 effe
743 1556 839 1577 tutum
854 1557 859 1575 :
885 1546 918 1575 δε
936 1546 994 1574 hoc
1015 1545 1116 1575 etiarn,

157 1594 244 1635 quod
260 1591 370 1623 infimo
381 1593 488 1632 cuique
499 1592 637 1632 contigit,
650 1590 768 1619 illinon
782 1586 863 1629 poss'e
876 1589 1053 1625 contingere
1067 1604 1075 1618 ,
1087 1593 1119 1613 ut

168 1635 295 1666 honeste
307 1633 437 1674 effugere
450 1631 554 1672 poffit,
579 1632 663 1672 pulso
683 1631 786 1664 Italia,
819 1627 928 1660 arniffis
954 1628 1119 1667 Hispaniis,

163 1687 249 1718 capto
278 1678 411 1706 exercitu
430 1684 571 1705 veterano
587 1694 595 1707 ,
627 1673 853 1703 circumvallato
873 1680 954 1700 nunc
973 1669 1119 1709 denique:

164 1719 247 1760 quod
258 1718 358 1748 nescio
371 1737 378 1750 ,
398 1727 436 1747 an
455 1717 509 1746 ulli
521 1725 664 1756 umquam
676 1713 778 1745 nostro
789 1713 927 1744 acciderit
938 1711 1121 1751 imperatori.

158 1760 371 1801 ,Qamobrem
383 1778 391 1792 ‚
415 1758 487 1798 quid
499 1767 548 1788 aut
558 1758 608 1787 ille
618 1757 727 1796 sperare
737 1754 826 1796 possit
835 1775 843 1789 ,
863 1764 912 1785 aut
923 1763 953 1783 tu
964 1773 971 1787 ,
983 1755 1120 1783 animum

163 1805 283 1834 adverte
293 1811 347 1841 pro
357 1810 406 1830 tua
423 1799 589 1839 prudentia.
621 1801 668 1829 Sic
685 1800 768 1828 enim
787 1796 951 1829 facillime,
973 1793 1122 1835 quodtibi

163 1843 358 1875 utilissimum
371 1844 426 1871 erit
437 1861 446 1874 ,
462 1839 580 1871 consilii
589 1845 695 1879 capies.
720 1843 732 1867 3
744 1839 822 1869 Illud
834 1847 934 1868 autem
945 1846 971 1867 te
981 1845 1062 1876 peto,
1078 1844 1120 1868 ut,

162 1885 255 1926 fijam
266 1886 317 1914 ille
326 1885 482 1914 evitaverit
493 1884 550 1912 hoc
560 1882 728 1922 periculum
739 1901 747 1914 ‚
769 1881 801 1910 δε
812 1881 839 1910 se
849 1878 996 1909 abdiderit
1006 1879 1040 1907 in
1050 1877 1120 1906 clas-

162 1929 239 1962 sem,
251 1936 282 1957 tu
295 1928 353 1956 tuis
361 1925 448 1956 rebus
457 1924 612 1955 consulas:
628 1923 661 1953 &
670 1922 831 1963 aliquando
841 1921 897 1952 tibi
907 1920 1021 1961 potius,
1033 1918 1124 1960 quam

163 1971 262 2001 cuivis
271 1989 280 2003 ‚
305 1967 340 1997 sis
348 1969 474 1998 amicus.
496 1964 687 1996 Satisfaffiim
698 1965 811 2004 estjam
825 1964 840 1994 ii
852 1972 880 1993 te
890 1964 938 1993 vel
950 1960 1065 1994 officio,
1076 1961 1124 1991 vel

163 2008 558 2044 &amiliaritathsatisfaEium
571 2009 659 2038 etiarn
671 2007 821 2049 partibus,
844 2006 877 2035 δε
896 2007 923 2034 ei
941 2006 1012 2044 reip.
1035 2013 1124 2044 quam

167 2064 199 2085 tu
212 2052 365 2094 probabas.
390 2052 541 2092 reliquum
556 2049 598 2080 est
610 2069 618 2083 ,
631 2050 682 2079 ubi
694 2059 775 2079 nunc
786 2048 828 2078 est
837 2048 909 2087 resp.
921 2047 963 2092 ihi
972 2045 1023 2075 sim
1030 2055 1061 2075 us
1071 2055 1126 2085 po-

167 2095 247 2129 tius,
270 2094 360 2135 quam
371 2093 444 2123 dum
459 2093 542 2122 illam
558 2101 690 2121 veterem
703 2092 860 2131 sequamur
871 2109 878 2123 ,
892 2088 1024 2119 simusin
1034 2088 1125 2117 nulla.

168 2141 267 2175 Quare
276 2136 371 2166 velim
384 2155 391 2169 ‚
405 2132 673 2174 mijucundissime
696 2135 818 2167 Cicero,
839 2130 859 2161 si
873 2131 951 2161 forte
966 2130 1128 2170 Pompejus

168 2178 271 2219 pulsus
282 2179 328 2207 his
339 2185 458 2217 quoque
469 2176 542 2205 locis
552 2176 650 2205 rursus
660 2175 730 2205 alias
740 2176 876 2216 regiones
888 2182 985 2214 petere
996 2181 1126 2213 cogatur,

168 2230 202 2251 ut
213 2228 281 2250 tute
292 2219 338 2248 vel
351 2220 478 2248 Athenas
492 2238 499 2250 ,
517 2218 607 2246 velin
631 2218 769 2258 quamvis
795 2217 927 2257 quietam
943 2216 1064 2254 recipias
1086 2215 1129 2243 ci-

168 2270 304 2294 vitatem.
328 2260 417 2301 Qod
429 2258 448 2288 si
459 2262 515 2289 eris
524 2258 670 2291 faCturus,
685 2258 778 2288 velim
791 2258 868 2287 mihi
881 2256 986 2287 scribas
1000 2277 1007 2290 ,
1021 2265 1128 2295 utegO,

171 2303 193 2334 si
205 2303 268 2333 ullo
279 2302 374 2333 modo
385 2310 489 2341 potero
501 2321 508 2332 ‚
527 2301 561 2330 ad
579 2310 607 2330 te
620 2300 770 2330 advolem.
803 2302 1009 2340 Qaecumque
1029 2298 1064 2328 de
1084 2307 1131 2327 tua

170 2346 315 2387 dignitate
327 2344 363 2374 ab
374 2346 550 2382 imperatore
561 2341 846 2380 eruntimpetranda
857 2360 865 2373 ‚
886 2350 942 2380 qua
961 2339 1003 2369 est
1023 2340 1131 2369 huma-

174 2391 266 2418 nitate
278 2387 369 2417 Caesar
380 2406 388 2419 ‚
407 2385 588 2414 facillimum
604 2385 657 2412 erit
670 2382 706 2412 ab
717 2393 753 2412 co
774 2380 891 2421 tibiipsi
902 2390 1077 2420 impetrare:
1097 2380 1130 2410 &

175 2438 368 2459 nieastarnen
378 2436 477 2468 preces
488 2425 564 2465 apud
584 2435 654 2454 eum
673 2434 737 2454 non
757 2426 925 2453 minimum
948 2421 1130 2452 au&oritatis

173 2471 322 2501 habituras
341 2479 423 2509 puto.
457 2469 521 2498 Erit
542 2477 599 2497 tuae
617 2476 738 2507 quoque
754 2463 843 2497 fidei,
874 2465 906 2494 &
926 2465 1131 2497 humanitatis,

172 2523 272 2543 curare
285 2533 293 2545 ,
315 2521 347 2541 ut
364 2513 388 2541 is
409 2510 594 2542 tabellarius,
614 2507 749 2549 quemad
760 2504 864 2537 temisi
875 2508 981 2537 reverti
992 2503 1082 2546 possit
1097 2505 1133 2535 ad

174 2564 241 2585 me:
266 2554 298 2584 ἃ
307 2559 322 2584 a
333 2562 359 2583 te
370 2553 449 2583 mihi
458 2553 566 2582 litteras
579 2553 694 2581 reiciat.

110 924 134 956 9

219 2718 242 2735 ι.
261 2710 312 2734 Tibi
319 2709 459 2741 dedipartts
470 2707 651 2742 Antiochsnas]
673 2709 713 2733 lta
724 2707 781 2734 Pal.
792 2707 892 2743 primus
904 2718 912 2738 3
925 2715 953 2734 ut
964 2718 996 2734 ex
1009 2706 1058 2734 suis
1069 2717 1138 2744 quo-

179 2753 229 2780 que
239 2744 322 2771 edidit
334 2744 486 2770 vator-ius:
510 2743 657 2778 habentque
669 2744 787 2770 Vaticani
799 2751 937 2779 excerpta,
948 2745 975 2770 &
987 2743 1071 2771 editio
1082 2745 1137 2780 pri-

181 2790 232 2806 ma.
245 2781 329 2806 l'alat.
348 2780 436 2806 senus
456 2782 638 2807 antiochenas.
661 2780 740 2815 vulgo
759 2781 956 2807 eAntiotlnanas.
976 2780 1066 2816 paxillo
1082 2780 1137 2816 post

181 2825 215 2843 ex
229 2816 294 2842 Pali.
305 2816 406 2843 duobus
419 2835 427 2847 ‚
439 2817 559 2842 Vatican.
571 2817 705 2842 stewech.
718 2817 841 2851 Hittorp,
853 2815 1002 2843 editionum
1013 2817 1139 2852 primaria

1129 98 1680 147 'CicEnonis

1236 184 1280 212 M.
1298 183 1489 213 CICERO
1509 182 1898 217 P.DOLABELLAE‚
1916 181 1999 214 s.D.

1254 239 1280 267 Ο
1293 247 1312 266 Ν
1334 236 1398 266 sum
1421 236 1506 266 ausus
1525 237 1624 267 Salvio
1644 237 1746 268 nostro
1766 236 1888 268 nihilad
1898 227 2101 267 telitterarurri

1247 278 1325 309 dare.
1350 288 1404 308 nec
1416 278 1587 308 mehercule
1598 279 1742 310 habebam
1754 299 1762 313 ‚
1774 279 1847 321 quid
1857 278 2014 310 scriberem
2027 295 2035 309 2
2047 273 2103 307 nisi

1145 331 1172 352 te
1191 322 1206 351 a
1227 331 1276 350 me
1295 320 1474 350 mirabiliter
1494 321 1602 349 amari:
1620 320 1656 350 de
1672 331 1733 361 quo
1751 325 1841 352 etiam
1860 321 1938 351 nihil
1958 318 2104 349 scribente

1148 371 1241 396 me‚te
1251 372 1315 392 non
1326 359 1557 393 dubitaremus
1568 360 1639 391 scio.
1652 364 1790 393 Omnino
1801 365 1878 393 mihi
1890 364 1984 403 magis
1998 360 2104 390 litterae

1148 406 1215 435 sunt
1226 403 1430 444 exspectandae
1441 403 1456 433 a
1467 413 1508 436 te,
1521 402 1612 444 quam
1625 401 1642 432 ὲ
1654 413 1704 433 me
1715 404 1781 434 tibi.
1802 405 1890 434 Nihil
1901 406 1984 434 enim
1996 404 2106 432 Roma:

1149 455 1275 490 geritur.
1287 446 1368 486 quod
1379 455 1406 476 te
1416 454 1519 486 putem
1530 445 1602 474 scire
1612 454 1712 475 curare
1725 456 1730 474 :
1742 444 1796 475 nisi
1807 446 1885 476 forte
1897 447 1968 476 scire
1978 446 2024 474 vis
2036 463 2044 477 ,
2056 451 2105 472 me

1151 493 1226 519 inter
1237 490 1360 518 Niciam
1371 487 1507 518 nostrum
1520 506 1528 520 ‚
1551 486 1584 516 δε
1597 486 1724 516 Vidium
1738 507 1746 521 ,
1756 487 1889 526 judicem
1905 485 1972 517 esse.
1991 483 2105 517 Profert

1150 531 1221 561 alter
1241 530 1295 570 (ut
1322 530 1452 570 opinor)
1470 528 1589 558 duobus
1617 527 1768 559 versiculis
1798 529 1964 569 expensum
1992 528 2106 557 Niciae:

1149 574 1220 603 alter
1232 571 1417 602 Aristarchus
1428 572 1482 600 hos
1499 569 1635 612 εζεὶίζει.
1662 572 1736 612 Ego,
1751 579 1891 611 tanquam
1902 571 2021 600 criticus
2033 570 2111 599 :inti-

1151 615 1435 657 quus,judicaturus
1446 615 1509 646 sum
1524 636 1532 649 ,
1548 624 1648 645 utrum
1660 611 1715 643 sint
1727 614 1762 644 τῖς
1774 613 1888 650 τοιιῖἰὲ,
1904 623 1940 643 an
1955 611 2106 652 παρεμζε-

1152 662 1303 701 ςλημὲιόι.
1328 662 1403 690 Puto
1413 669 1494 689 nunc
1504 659 1616 689 dicere:
1628 656 1787 689 oblitusne
1800 669 1831 689 es
1844 660 1929 700 igitur
1941 656 2104 698 fungorum

1149 705 1362 746 illorum,quos
1373 702 1449 743 apud
1461 705 1597 733 Niciam?
1612 702 1644 732 δε
1653 704 1843 742 ‘ringentium
1854 703 2021 732 culinarum
2033 710 2105 731 curn

1153 748 1264 787 Sophia
1282 747 1457 786 Septimiae?
1480 745 1561 786 Qid
1580 754 1650 785 ergo
1671 747 1681 774 ?
1699 753 1729 774 tu
1746 744 1820 775 adeo
1838 745 1916 774 mihi
1937 741 2086 773 excussam
2098 761 2106 776 ,

1155 789 1340 819 severitatem
1359 796 1487 818 veterem
1499 796 1582 827 putas
1593 807 1601 820 ‚
1624 795 1654 816 ut
1665 797 1701 816 ne
1712 788 1744 816 in
1758 786 1826 817 foro
1836 785 1960 826 quidem
1973 785 2106 825 reliquiae

1154 830 1286 872 pristinae
1296 830 1404 862 frontis
1414 831 1580 870 appareant?
1590 828 1637 858 scd
1650 838 1750 859 tamen
1761 826 1965 859 suaviffimum
1976 826 2108 866 συμζιώ-

1156 876 1218 906 (τίω
1231 874 1368 906 nostrum
1380 894 1387 907 ,
1406 872 1549 914 praestabo
1560 873 1753 913 integellum:
1774 883 1829 903 nec
1839 874 2031 903 committam
2046 891 2053 904 ,
2065 880 2109 909 ut,

1155 918 1175 949 si
1190 929 1245 961 ego
1258 929 1328 949 eum
1340 918 1555 949 condemnaro,
1571 924 1602 945 tu
1614 914 1756 950 restituas,
1768 926 1804 945 ne
1814 915 1916 945 habeat
1926 914 2015 944 Bursa
2023 913 2112 944 Plan-

1156 971 1209 991 cus
1222 981 1230 994 ,
1254 960 1330 1001 apud
1353 969 1444 1001 quem
1463 959 1572 988 litteras
1583 957 1683 988 discat.
1706 957 1760 988 Sed
1772 957 1843 998 quid
1854 959 1929 998 ago?
1947 956 2019 987 cum
2032 956 2110 985 mihi

1156 1002 1189 1033 sit
1199 1005 1348 1032 incertum
1358 1022 1365 1035 ‚
1383 1001 1587 1041 tranquillone
1602 997 1636 1028 fis
1647 1003 1750 1029 animo
1761 1020 1769 1033 ‚
1792 1010 1829 1029 an
1841 1020 1849 1032 ,
1870 1001 1941 1028 utin
1954 998 2035 1028 bello
2046 1018 2054 1031 ‚
2078 1000 2111 1028 in

1156 1045 1253 1084 aliqua
1272 1043 1435 1084 majuscula
1451 1052 1537 1075 cura,
1561 1044 1724 1081 negotiove
1736 1042 1867 1075 versere,
1886 1041 1969 1070 labor
1979 1041 2110 1080 longius.

1157 1086 1235 1116 Cum
1256 1087 1343 1127 igitur
1354 1085 1431 1114 mihi
1443 1086 1497 1113 erit
1507 1084 1715 1122 exploratum,
1729 1093 1755 1114 te
1768 1084 1894 1112 libenter
1904 1080 1960 1112 ess'e
1971 1082 2111 1115 risurum,

1157 1128 1281 1158 scribam
1301 1126 1337 1156 ad
1357 1135 1384 1156 te
1403 1125 1550 1165 pluribus.
1580 1126 1626 1153 Te
1637 1134 1738 1154 tamen
1753 1126 1809 1154 hoc
1820 1125 1890 1154 scire
1901 1124 1973 1153 volo
1989 1144 1997 1157 ,
2020 1124 2113 1153 vehe-

1157 1178 1275 1200 menter
1294 1168 1443 1208 populum
1462 1167 1628 1197 sollicitum
1639 1165 1724 1196 fuisse
1735 1166 1772 1196 dc
1782 1166 1912 1196 P.su11ae
1923 1174 2030 1198 morte,
2043 1164 2111 1195 ante

1154 1211 1246 1252 quam
1269 1219 1385 1240 certum
1395 1209 1503 1251 scierit.
1526 1211 1619 1238 Nunc
1628 1218 1758 1249 quaerere
1768 1206 1934 1240 desierunt,
1955 1206 2113 1247 quomodo

1155 1255 1286 1294 perierit.
1305 1252 1371 1282 satis
1379 1259 1501 1291 putant,
1521 1251 1551 1280 se
1561 1250 1632 1281 scire
1645 1270 1654 1283 ‚
1666 1250 1747 1290 quod
1761 1250 1865 1279 sciunt.
1890 1251 1953 1289 Ego
1963 1249 2115 1287 ceteroqui

1154 1297 1260 1326 animo
1278 1304 1365 1335 aequo
1381 1292 1462 1327 fero,
1485 1301 1583 1323 unum
1602 1302 1724 1326 vereor,
1750 1301 1787 1321 ne
1805 1289 1883 1321 hasta
1893 1290 2012 1321 Caesaris
2029 1289 2116 1319 refri-

1156 1346 1242 1368 xerit.

1359 1395 1550 1425 CICERO
1580 1393 1919 1424 DOLABELLAE.

1264 1443 1288 1471 E
1303 1450 1322 1470 L
1341 1449 1413 1470 meo
1433 1439 1523 1480 ipsius
1544 1441 1667 1470 interitu
1686 1439 1810 1469 mallem
1828 1439 1940 1468 litteras
1953 1447 2034 1467 meas
2043 1435 2117 1467 defi-

1261 1482 1388 1516 dames,
1398 1483 1489 1523 quarn
1500 1483 1610 1512 eocasu
1621 1502 1629 1515 ,
1642 1491 1704 1522 quo
1714 1481 1779 1511 sum
1790 1478 1960 1521 graviffime
1970 1478 2116 1509 affliaus:

1159 1533 1249 1565 quem
1268 1523 1379 1554 ferrem
1397 1524 1478 1554 certe
1494 1523 1700 1556 moderatius,
1721 1521 1742 1552 fi
1760 1532 1788 1552 te
1805 1521 1955 1552 haberem.
1980 1524 2063 1552 Nam
2082 1522 2117 1552 &

1161 1567 1256 1596 oratio
1277 1575 1326 1596 tua
1335 1565 1467 1605 prudens
1477 1586 1485 1600 ,
1510 1566 1543 1596 &
1552 1575 1638 1596 amor
1648 1575 1713 1606 erga
1724 1574 1772 1594 me
1784 1562 1934 1605 singularis
1946 1583 1955 1597 ,
1978 1563 2113 1593 multum

1161 1609 1278 1638 levaret.
1301 1607 1357 1638 Sed
1367 1617 1462 1648 quum
1478 1608 1562 1637 brevi
1573 1616 1708 1647 tempore
1720 1626 1728 1639 ‚
1740 1615 1772 1635 ut
1786 1607 1893 1645 opinio
1903 1603 2003 1634 nostra
2013 1603 2056 1634 est
2066 1625 2074 1639 ,
2088 1613 2115 1634 te

1163 1650 1229 1680 sum
1237 1650 1364 1683 visurus,
1375 1652 1413 1679 ita
1423 1659 1473 1679 me
1483 1648 1624 1679 affeetum
1636 1646 1783 1681 offendes,
1796 1656 1828 1677 ut
1839 1646 1970 1676 multum
1983 1645 1999 1676 a
2008 1655 2036 1676 te
2047 1647 2117 1687 pos-

1164 1691 1217 1722 fim
1233 1693 1330 1731 juvari
1346 1702 1351 1720 τ
1365 1701 1428 1721 non
1446 1690 1509 1732 quo
1531 1693 1570 1721 ita
1586 1689 1639 1720 sim
1649 1689 1758 1719 fra-&us
1769 1708 1777 1722 ,
1797 1697 1888 1719 utaut
1899 1689 2058 1718 hominem
2068 1698 2118 1718 me

1162 1732 1218 1763 esse
1229 1734 1342 1763 oblitus
1356 1731 1409 1762 sim
1422 1753 1430 1767 ‚
1454 1742 1504 1763 aut
1514 1731 1642 1763 fortunae
1654 1730 1912 1762 succumbendum
1926 1738 2046 1769 putem:
2068 1729 2118 1761 sed

1163 1785 1263 1805 tamen
1273 1775 1403 1804 hilaritas
1413 1774 1465 1804 illa
1475 1773 1573 1805 nostra
1586 1795 1595 1807 ‚
1609 1775 1640 1804 δε
1651 1773 1776 1803 suavitas
1788 1793 1796 1806 ,
1818 1781 1883 1812 quae
1893 1779 1920 1800 te
1930 1781 2035 1811 praeter
2043 1770 2124 1802 cete-⁴

1165 1826 1212 1847 ros
1230 1815 1395 1847 dele&abat
1409 1836 1417 1849 ‚
1440 1820 1453 1843 5
1467 1826 1565 1856 erepta
1584 1817 1662 1845 mihi
1682 1816 1785 1845 omnis
1806 1813 1859 1843 est.
1882 1814 2123 1843 Firmitatemta-

1166 1869 1238 1888 men
1259 1858 1292 1888 δε
1312 1857 1510 1888 constantiam
1524 1878 1533 1890 ‚
1555 1856 1574 1886 si
1598 1855 1694 1887 modo
1716 1856 1774 1886 fuit
1791 1853 1996 1895 aliquandoin
2006 1855 2116 1888 nobis,

1165 1900 1292 1931 eandem
1301 1900 1463 1940 cognosces
1474 1919 1483 1933 ,
1494 1908 1586 1941 quam
1599 1898 1756 1938 reliquisti.
1779 1896 1870 1939 Qod
1881 1896 1982 1926 scribis
2000 1917 2008 1930 ‚
2018 1896 2124 1937 proelia

1166 1952 1193 1973 te
1206 1952 1271 1972 mea
1281 1942 1364 1972 causa
1374 1941 1532 1972 sustinere:
1545 1950 1679 1971 nontam
1690 1939 1721 1970 id
1731 1939 1834 1970 laboro
1850 1959 1859 1972 ,
1880 1947 1930 1972 ut,
1953 1937 1972 1968 si
1983 1941 2035 1980 qui
2045 1939 2123 1968 mihi

1166 1983 1354 2017 obtreEient,
1376 1984 1391 2014 ἐι
1411 1993 1438 2014 te
1455 1982 1624 2014 refutentur
1636 1993 1641 2012 t
1653 1982 1744 2024 quam
1762 1981 1891 2021 intelligi
1907 1983 1998 2021 cupio
2013 2001 2022 2014 ,
2041 1979 2123 2021 quod

1166 2026 1244 2057 certe
1254 2026 1435 2066 intelligitur
1445 2045 1453 2060 ,
1472 2025 1548 2056 mea
1558 2034 1586 2055 te
1597 2026 1699 2055 amari.
1713 2023 1794 2065 quod
1806 2032 1838 2053 ut
1851 2022 1938 2052 facias
1952 2043 1960 2056 ‚
1971 2031 1997 2053 te
2008 2024 2098 2052 etiam
2112 2041 2121 2054 ,

1167 2077 1253 2110 atque
1277 2070 1367 2098 etiam
1387 2078 1469 2108 rogo.
1496 2068 1691 2108 Ignoscasque
1710 2065 1845 2096 brevitati
1864 2064 2027 2095 litterarum
2041 2073 2124 2094 mea·

1167 2120 1247 2140 rum.
1260 2119 1328 2140 nam
1341 2110 1374 2139 ὃ(
1384 2112 1520 2140 celeriter
1530 2107 1589 2139 unzi
1599 2108 1717 2138 futuros
1727 2117 1782 2138 nos
1792 2107 1929 2141 arbitror,
1942 2107 1975 2137 &
1983 2105 2122 2137 nondum

1170 2152 1235 2183 satis
1248 2151 1444 2182 confirmatus
1454 2151 1489 2182 ad
1500 2150 1704 2182 scribendum.

1366 2212 1558 2240 CICERO
1589 2209 1925 2239 DOLABELLAE.

1179 2255 1255 2333 G
1268 2260 1295 2288 R
1309 2268 1331 2288 Α
1342 2269 1361 2287 τ
1372 2268 1394 2288 U
1407 2268 1426 2287 L
1437 2268 1456 2287 o
1466 2267 1487 2287 R
1507 2258 1584 2296 Baiis
1604 2255 1713 2286 nostris
1735 2266 1740 2285 :
1759 2254 1905 2296 siquidem
1919 2273 1928 2286 ,
1954 2262 1985 2283 ut
2005 2252 2125 2285 scribis,

1263 2300 1391 2330 salubres
1410 2299 1532 2338 repente
1547 2297 1632 2328 &61ae
1653 2298 1720 2327 sunt
1732 2296 1804 2326 :nisi
1820 2295 1897 2325 forte
1913 2304 1939 2324 te
1950 2304 2068 2329 amant,
2093 2294 2127 2324 δε

1179 2341 1235 2370 tibi
1246 2339 1425 2370 ass'entantur
1437 2351 1441 2369 :
1455 2340 1486 2370 &
1504 2339 1637 2371 tamdiu,
1649 2338 1723 2368 dum
1735 2347 1767 2368 tu
1777 2337 1864 2371 ades,
1883 2337 2058 2366 suntoblitae
2073 2336 2129 2366 sui.

1175 2382 1264 2422 Qod
1275 2382 1398 2422 quidem
1411 2379 1431 2410 si
1443 2382 1480 2411 ita
1495 2380 1537 2411 est
1548 2401 1556 2414 ,
1577 2380 1710 2410 minime
1718 2381 1812 2409 miror
1822 2399 1830 2412 ,
1844 2379 2050 2409 caelumetiam
2062 2398 2071 2412 ‚
2096 2378 2130 2408 &

1174 2432 1262 2453 terras
1272 2426 1337 2453 vim
1349 2423 1430 2452 suam
1443 2443 1451 2455 ‚
1477 2421 1496 2451 si
1508 2423 1561 2453 tibi
1573 2424 1612 2452 ita
1620 2424 1792 2454 conveniat,
1803 2421 1965 2451 dimittere.
1989 2422 2135 2451 Oratiuns

1176 2463 1273 2494 culam
1286 2475 1340 2505 pro
1351 2466 1496 2503 Dejotaro
1507 2485 1515 2498 ‚
1528 2474 1618 2504 quarn
1629 2464 1796 2504 requirebas
1807 2484 1815 2497 ‚
1839 2462 1982 2492 habebam
1995 2471 2128 2494 mecum,

1179 2507 1261 2546 quod
1281 2517 1344 2536 non
1362 2515 1508 2546 putaram,
1533 2510 1637 2546 1taque
1647 2516 1711 2535 eam
1725 2505 1781 2535 tibi
1793 2503 1868 2534 misi.
1888 2514 1978 2544 quam
1990 2504 2084 2534 velim
2095 2502 2133 2532 fic

1180 2548 1256 2589 legas
1268 2568 1276 2583 ‚
1289 2558 1321 2579 ut
1330 2549 1446 2579 causam
1457 2548 1630 2582 tenuem,&
1639 2548 1778 2588 inopem,
1789 2557 1844 2577 nec
1853 2546 2012 2587 scriptione
2021 2553 2132 2586 magno

2043 2595 2132 2627 opere

1179 2708 1247 2734 Pali.
1259 2708 1374 2740 duobus,
1386 2709 1515 2735 Vaticano
1526 2728 1532 2738 ,
1545 2708 1677 2735 stewech.
1689 2708 1771 2734 Peck.
1781 2708 1897 2735 editione
1906 2707 1991 2743 prima
1999 2714 2079 2743 atque
2089 2707 2137 2733 Vi-

1180 2745 1270 2771 Storii.
1293 2746 1419 2771 excusum
1431 2745 1466 2771 est
1480 2753 1486 2769 :
1506 2746 1653 2770 laudantem
1662 2744 1678 2769 ἃ
1687 2752 1775 2776 repeto.
1986 2743 1991 2746 '

1216 2789 1243 2814 4.
1263 2784 1392 2813 lugentium
1402 2783 1542 2806 Culmarum
1552 2790 1602 2805 cum
1611 2782 1694 2812 Sophia
1703 2779 1839 2812 Septimia]
1852 2777 1930 2804 Nihil
1943 2779 1957 2804 :i
1970 2777 2078 2813 vulgata
2089 2777 2137 2805 de-

1181 2825 1284 2843 mutare
1297 2817 1426 2843 voluimus
1438 2815 1580 2852 praesertiui
1593 2816 1659 2841 nihil
1677 2814 1861 2848 adjuvantibus
1873 2813 1957 2839 libris.
1980 2815 2036 2840 Pal.
2047 2823 2087 2849 pr.
2098 2818 2138 2840 in—

180 2861 210 2879 ac
223 2850 385 2882 Vifiioriina,
397 2852 481 2889 scripsi
492 2863 498 2879 t
519 2853 570 2885 Pey?
580 2854 623 2877 lm·
633 2860 710 2877 autem
723 2871 730 2883 ,
740 2856 771 2878 mi
780 2856 867 2883 Varro,
877 2851 1089 2887 qutirnpluriinast
1097 2856 1140 2879 ‘vi-
1160 2876 1162 2888 ι
1173 2857 1279 2887 gentium
1289 2855 1398 2879 cularum
1407 2862 1456 2878 cum
1464 2852 1656 2884 Sojhiaseptime.
1681 2852 1778 2876 Sextus
1788 2851 1852 2875 veri>
1866 2861 1871 2876 ε
1893 2859 1922 2880 θ’
1930 2853 2017 2883 ingenti
2024 2852 2139 2875 vincula-

179 2888 262 2919 ὁσίην,
271 2887 300 2918 &¹
309 2888 335 2912 de
345 2889 405 2914 nobis
417 2891 478 2913 inter
487 2897 528 2914 nus
540 2899 546 2913 .-
556 2892 608 2921 Jero
617 2888 720 2921 fortqffb.

218 2932 246 2948 2.
267 2923 349 2956 Nffiin
359 2932 408 2948 eam
421 2943 428 2955 ,
446 2927 471 2950 in
481 2924 620 2957 quascilicet
635 2924 783 2956 tibisimdcre
792 2924 905 2958 videam]
928 2925 969 2950 Ita
981 2924 1036 2950 Pal.
1048 2923 1138 2951 sextus

177 2968 210 2987 ac
219 2957 334 2985 ViEmrii
344 2958 442 2985 editio:
464 2960 548 2995 prima
560 2960 621 2985 vero
634 2960 661 2985 S<
674 2960 808 2986 Palatinus
829 2961 928 2996 primus
942 2980 950 2992 ,
972 2960 1070 2986 Peckio
1089 2971 1136 2987 ex-

181 3002 271 3032 cerpta
282 3005 286 3020 z
309 2998 334 3020 in
343 2994 485 3029 quascili'cet
495 3002 515 3020 te
525 2996 682 3029 iibifiiadere.
697 2996 776 3032 vulgo
788 3007 793 3023 ;
805 2997 895 3029 fiilia-t
906 3004 949 3022 tna
959 2998 984 3022 de
995 3007 1018 3022 re
1029 2997 1139 3030 iibifiaea-

178 3031 338 3057 dcrevidear.
358 3029 443 3056 statim
455 3030 523 3056 linea
532 3031 753 3059 alteraiul'eriore
773 3032 839 3068 legit
857 3042 890 3060 cx
910 3032 1065 3065 comestura
1080 3034 1138 3060 Gu-

179 3067 299 3094 lielmius
311 3077 316 3093 :
341 3075 382 3093 nce
392 3067 489 3092 nominis
498 3070 535 3091 vii
557 3075 585 3093 ut
597 3068 622 3093 iu
636 3068 766 3095 Pilbneiu.

211 3111 242 3166 ἶ.
261 3103 322 3143 m‘fd
330 3109 406 3142 amer-n
427 3110 449 3126 te
462 3109 513 3134 peto
528 3103 540 3135 J
565 3103 660 3129 l'ulilla
670 3104 776 3138 quidem
789 3103 941 3131 emendatio
954 3124 961 3136 ,
981 3104 1022 3131 sed
1035 3101 1067 3131 iie
1078 3106 1136 3142 quis

179 3141 208 3171 iu
222 3140 348 3169 olentiaui
360 3145 473 3166 miretur
485 3158 494 3172 ,
505 3138 660 3171 locutionis,
672 3142 833 3168 mouentium
843 3141 910 3168 duxi
922 3161 930 3174 ‚
949 3141 987 3169 ita
996 3142 1099 3170 exstare
1110 3142 1138 3169 iu

1181 2899 1234 2914 rum
1252 2898 1303 2914 cum
1319 2890 1404 2922 Sophia
1422 2889 1533 2921 sal-ptume.
1555 2887 1631 2912 Varie
1651 2893 1738 2911 :iucem
1758 2886 1959 2911 excarnificatus
1980 2886 2069 2913 locus:
2092 2886 2138 2912 alii

1178 2926 1408 2959 integriuscularmn.
1432 2924 1475 2949 alii
1494 2926 1621 2956 ingentium
1635 2923 1763 2955 gidarum:
1783 2922 1823 2947 vel
1843 2924 1970 2955 ingr-utinm
1981 2924 2140 2947 cathlcarumv

1180 2963 1277 2997 partim
1295 2963 1422 2994 ingentium
1431 2961 1587 2993 serculorum.
1622 2957 1746 2984 Lambin.
1765 2957 1905 2993 probarit:
1927 2961 2053 2991 ingentium
2067 2960 2139 2992 gaui-

1185 3007 1285 3023 narum.

1219 3043 1244 3067 ς.
1264 3036 1355 3066 Erepta
1364 3033 1422 3058 mihi
1430 3031 1499 3056 omm'x
1510 3031 1570 3065 effi]
1593 3030 1735 3065 Eleganter
1748 3030 1780 3056 fic
1790 3030 1859 3056 Pali.
1870 3029 1923 3057 duo
1935 3049 1942 3061 ,
1954 3030 2039 3056 vatic.
2052 3028 2139 3056 Pecto.

1181 3068 1294 3095 ViEim-ii
1314 3067 1397 3094 [ditio
1411 3075 1492 3102 :itque
1510 3067 1629 3093 oninium
1650 3067 1743 3102 prima
1764 3066 1845 3092 blitea
1869 3067 1903 3093 eli:
1926 3065 2143 3102 vt.lgatale8tio5

1179 3105 1426 3137 creptan,³hilomni7m
1435 3106 1480 3130 efl.
1504 3103 1591 3140 paucis
1603 3103 1679 3130 lineis
1690 3104 1746 3140 post
1759 3103 1814 3130 Pal.
1825 3103 1938 3139 primus,
1942 3104 1965 3138 st
1973 3106 2015 3137 qui
2024 3111 2057 3127 me
2066 3104 2144 3128 obtre-

1183 3143 1256 3173 clcnt,
1267 3139 1366 3167 stribit.

2014 3189 2040 3208 i.
2061 3181 2138 3209 wlu-

2074 190 2166 219 -10

2138 1406 2175 1432 11

2146 2221 2188 2245 12
