2339 3379
67 760 77 772 Ι

510 135 770 180 ORATIO
818 147 886 178 1N
918 134 985 180 L.
1019 134 1473 181 (3110101101οΜ
1516 134 1817 190 Pisonem.

2055 151 2148 209 539

181 213 255 247 cum
265 211 474 254 accepiffemus
483 230 492 246 ,
505 210 590 252 (quid
600 211 685 241 enim
694 210 788 242 facere
798 221 969 252 poteramus
981 213 1007 254 ?)
1019 211 1141 253 paullis-
1185 213 1271 246 diret.
1295 215 1370 256 Qis
1381 215 1438 245 hoc
1448 212 1520 244 fecit
1530 214 1590 246 ulla
1600 215 1632 244 in
1641 214 1758 253 Scythia
1768 222 1928 254 tyrannus,
1944 222 1978 244 ut
1988 223 2039 243 eos
2049 234 2057 249 ,
2069 225 2146 256 quos

181 268 235 299 per
243 256 380 288 stetimus
390 257 422 284 in
431 254 487 284 1110
496 262 654 294 ganearum
668 262 785 284 tuarum
798 254 904 285 nidore
915 274 924 288 ,
942 263 1029 295 atque
1038 254 1136 284 fumo:

182 299 264 330 unde
275 307 307 329 tu
321 306 378 327 nos
390 295 460 326 cum
474 292 694 334 improbissime
705 296 914 336 respondendo
924 315 933 330 ‚
953 305 1020 326 tum
1032 294 1138 335 turpis-

182 340 256 372 fime
275 336 438 370 0106130110
451 335 575 377 ejecisti.
599 335 684 366 Idem
704 337 760 368 illo
777 337 840 368 fere
860 337 954 368 biduo
972 337 1137 378 produfflms

182 385 217 414 in
233 382 416 414 concionem
435 378 471 408 ab
488 388 542 411 eo,
564 380 613 408 cui
631 377 668 408 sic
677 388 828 420 aequatum
844 379 990 420 praebebas
1000 379 1137 410 consula-

183 434 247 456 tum
259 431 343 454 tuum
354 440 362 454 ‚
374 419 445 450 cum
457 418 527 450 effes
538 422 733 462 interrogatus
743 442 750 455 ‚
765 422 838 463 quid
850 423 970 452 sentires
979 421 1015 451 de
1025 421 1133 451 consu-

179 467 241 497 latu
252 473 337 495 meo:
356 464 451 503 gravis
461 461 564 493 306101
573 482 581 495 ,
595 463 747 494 Calatinus
756 464 844 494 credo
855 464 962 504 aliquis
973 483 981 497 ‚
997 471 1047 493 aut
1057 461 1135 492 Afri-

178 516 271 539 canus
280 525 288 539 ‚
299 513 350 536 aut
359 506 514 535 Maximus
526 524 534 537 ‚
547 504 579 534 &
590 514 653 534 non
663 506 837 536 Caesoninus
845 525 853 539 ,
873 505 1135 545 semiplacentinus

180 549 371 580 Calventius,
390 546 549 587 respondes
561 567 569 580 ‚
590 547 682 577 altero
691 547 726 577 ad
738 547 871 578 frontem
886 547 1000 577 sublato
1010 566 1019 580 ‚
1041 547 1134 577 altero

179 590 216 622 ad
225 598 366 620 mentum
378 587 511 628 depress'o
523 588 678 629 supercilio
687 608 695 623 ,
709 590 908 619 Crudelitatem
918 587 972 617 tibi
981 599 1032 618 non
1038 588 1134 629 place·

145 635 166 674 7
179 642 216 663 re.
260 630 321 662 Hic
338 640 366 661 te
383 630 435 660 ille
448 631 543 661 homo
557 629 745 672 digniffimus
761 633 820 661 tuis
833 630 971 661 laudibus
984 629 1133 660 collauda-

177 676 231 705 vit.
254 672 444 704 Crudelitatis
454 692 463 707 ,
481 682 512 703 tu
520 672 662 706 furcifer,
680 673 815 703 senatum
825 672 930 702 consul
940 673 973 701 in
983 673 1132 701 concione

175 715 379 747 condemnas?
400 724 463 745 non
472 717 556 744 enim
568 725 618 745 me
626 734 634 748 ,
645 716 698 755 qui
708 715 820 744 senatui
830 714 923 753 parui.
945 722 1017 742 nam
1027 713 1132 742 relatio

174 758 228 789 1113
243 758 373 788 salutaris
384 777 392 791 ‚
412 757 445 787 &
457 756 604 797 diligens,
623 755 720 786 fuerat
736 754 887 785 consulis:
909 753 1127 784 animadversio

172 799 298 841 quidem
315 818 323 833 ,
347 799 380 829 &
394 798 547 838 judicium
561 816 570 831 ,
593 798 715 828 senatui.
749 806 815 836 quae
835 793 906 825 cum
928 795 1130 835 reprehendis,

172 841 319 874 ostendis,
331 841 426 882 qualis
437 849 478 872 tu,
491 838 511 869 fi
521 842 560 869 ita
568 838 646 869 forte
655 836 815 871 accidisset,
826 837 917 867 fueris
928 838 984 867 illo
995 846 1129 877 tempore

171 884 276 915 consul
293 882 420 913 futurus.
443 880 593 921 stipendio
604 879 788 914 mehercule,
803 879 836 910 &
854 878 1009 909 frumento
1023 880 1129 909 Catili-

171 935 243 956 nam
253 923 309 954 effe
321 921 445 964 putasses
452 921 707 962 juvandquid
717 923 800 951 enim
813 920 949 951 interfuit
958 922 1037 951 inter
1046 922 1126 951 Cati-

169 966 313 1001 linam‚&
323 965 455 998 eum‚cui
465 973 495 994 tu
506 964 621 993 senatus
631 962 977 997 au&oritatem,salutem
987 964 1128 995 civitatis,

169 1017 265 1040 totam
275 1006 423 1046 rempubl.
434 1007 596 1045 provinciae
604 1006 729 1044 praemio
739 1003 901 1035 vendidisti
915 1007 925 1034 ?
947 1007 1021 1046 Qiae
1040 1006 1124 1035 enim

169 1049 369 1080 L.Catilinam
380 1056 540 1078 conantem
550 1047 655 1077 consul
664 1047 806 1086 prohibui
820 1067 828 1081 ‚
848 1056 881 1077 03
891 1047 1070 1077 P.Clodium
1082 1045 1124 1076 fa-

164 1094 297 1122 cientem
309 1089 446 1120 consules
457 1088 644 1130 adjuverunt.
668 1089 768 1119 voluit
783 1089 835 1119 ille
852 1089 988 1119 senatum
1007 1086 1122 1119 interfi-

143 1143 247 1171 *cere‚
263 1142 319 1162 vos
330 1130 503 1162 sustulistis:
523 1132 601 1172 leges
612 1131 789 1164 incendere,
810 1141 864 1161 vos
874 1129 1054 1171 abrogastis:
1074 1132 1125 1160 in-

166 1176 255 1205 terire
273 1175 416 1214 patriam,
437 1182 494 1203 vos
512 1172 677 1212 adjuvistis.
699 1172 781 1214 Qid
798 1171 859 1206 est,
877 1172 967 1202 vobis
978 1175 1062 1202 Coss.
1073 1183 1125 1213 ge-

166 1216 247 1247 stum
258 1215 319 1246 fine
328 1217 438 1247 armis?
454 1214 613 1244 incendere
630 1215 682 1244 1113
698 1215 924 1254 conjuratorum
942 1224 1049 1244 manus
1067 1224 1124 1245 vo·

165 1258 224 1288 luit
233 1258 356 1288 urbem:
378 1266 434 1287 vos
446 1257 510 1295 ejus
525 1256 654 1286 domum
665 1276 674 1289 ,
693 1265 783 1296 quem
794 1264 914 1296 propter
924 1256 992 1285 urbs
1003 1256 1122 1287 incensa

166 1310 232 1330 non
244 1299 294 1330 est.
319 1301 362 1329 Ac
378 1308 416 1328 ne
434 1298 479 1328 illi
495 1297 619 1338 quidem
631 1318 640 1331 ,
660 1296 680 1327 fi
698 1297 866 1327 habuissent
880 1297 970 1327 vestri
989 1296 1121 1328 similem

165 1341 324 1372 consulem
337 1352 345 1375 3
364 1340 400 1370 de
411 1339 491 1369 urbis
502 1339 645 1369 incendio
655 1349 691 1369 co
714 1337 840 1369 itass'ent.
863 1349 929 1369 non
939 1341 1023 1370 enim
1033 1340 1062 1369 se
1076 1348 1122 1369 te-

167 1382 346 1423 &isprivare
357 1381 534 1411 voluerunt:
554 1380 603 1410 sed
620 1381 668 1410 his
686 1349 830 1411 {antibus
848 1381 969 1411 nullum
988 1381 1119 1411 domici-

164 1425 244 1455 lium
258 1424 359 1455 sceleri
371 1423 425 1453 suo
438 1421 503 1452 fore
519 1431 707 1462 putaverunt.
733 1422 845 1453 caedem
857 1423 903 1452 1111
914 1424 1048 1457 civium,
1066 1433 1120 1453 vos

165 1466 339 1497 servitutem
349 1462 510 1504 expetistis.
522 1462 581 1493 Hic
591 1474 645 1493 vos
655 1466 743 1494 etiam
755 1464 944 1495 cmdeliores.
954 1466 1026 1495 huic
1035 1466 1118 1494 enim

165 1507 280 1549 populo
290 1508 330 1536 ita
338 1504 434 1536 fuerat
441 1514 508 1536 ante
517 1515 573 1535 vos
584 1508 669 1535 Coss.
679 1506 799 1536 libertas
810 1505 894 1537 insita
904 1527 913 1540 ,
926 1516 958 1537 ut
967 1507 1054 1536 emori
1064 1517 1120 1547 po-

165 1552 225 1581 tius
237 1570 245 1583 ‚
255 1544 454 1590 quizmfirvire
464 1547 620 1587 praestaret.
643 1548 723 1578 Illud
734 1548 806 1578 vero
817 1550 976 1589 geminum
987 1547 1121 1578 consiliis

167 1591 303 1622 Catilina:
314 1611 322 1624 ,
340 1591 373 1620 &
382 1590 525 1623 Lentuli,
542 1589 623 1630 quod
635 1599 684 1619 me
694 1590 788 1620 domo
799 1600 865 1620 mea
878 1589 1052 1631 expulistis,
1064 1593 1119 1621 Cn.

163 1633 346 1673 Pompejum
364 1632 493 1662 domum
511 1632 593 1662 suam
611 1631 810 1672 compulistis.
832 1642 930 1673 neque
943 1634 1048 1667 enim,
1070 1643 1120 1663 me

163 1674 277 1708 stante,
298 1674 331 1704 &
347 1682 487 1704 manente
504 1675 538 1703 in
554 1673 635 1703 urbis
651 1674 755 1714 vigilia
766 1695 774 1708 ,
793 1684 891 1715 neque
901 1673 1051 1705 resistente
1061 1677 1119 1705 Cn.

163 1718 329 1757 Pompejm
341 1717 483 1746 omniurn
493 1717 630 1757 gentium
640 1716 756 1746 victore
765 1736 773 1749 ,
789 1726 933 1757 umquam
945 1717 972 1747 se
982 1717 1029 1746 illi
1039 1727 1122 1746 rem-

165 1759 238 1799 pub.
249 1758 346 1788 delere
358 1756 440 1797 posse
450 1757 609 1788 duxerunt.
633 1757 650 1788 a
658 1767 708 1788 me
717 1757 842 1799 quidem
853 1760 942 1789 etiam
953 1768 1056 1798 poenas
1067 1769 1121 1789 ex-

163 1800 279 1842 petistis
290 1820 298 1834 ‚
312 1799 422 1841 quibus
430 1800 500 1839 conj
505 1808 657 1830 uratorutri
669 1810 772 1830 manes
783 1808 976 1830 mortuorum
987 1802 1122 1840 expiare-

165 1844 204 1872 tis
218 1852 223 1871 :
239 1851 332 1871 omne
342 1841 447 1870 odium
457 1841 610 1871 inclusum
620 1841 740 1871 nefariis
750 1840 879 1871 sensibus
890 1843 1056 1881 impiorum
1065 1862 1074 1876 ‚
1086 1843 1121 1872 in

159 1893 219 1914 ,me
233 1882 415 1924 profudistis.
437 1893 568 1923 quorum
577 1893 632 1924 ego
642 1882 738 1913 furori
749 1881 804 1912 nisi
817 1881 959 1913 ceffiss'em
971 1898 985 1917 ‚·
998 1885 1032 1913 in
1040 1885 1120 1914 Cati—

161 1926 237 1956 111130
250 1924 337 1955 busto
347 1943 355 1958 ‚
375 1923 463 1954 vobis
473 1924 600 1954 ducibus
612 1945 621 1958 ,
640 1924 783 1954 1113613103
793 1923 895 1954 essem.
918 1925 1009 1967 Qod
1018 1934 1119 1956 autem

165 1968 264 2006 majus
274 1966 423 1996 indicium
434 1965 608 2005 exspefihns
617 1986 626 1999 ,
645 1966 724 1996 nihil
732 1968 809 1996 inter
819 1976 874 1996 vos
885 1986 894 2000 ,
915 1967 947 1997 &
958 1966 1118 1997 Catilinam

163 2007 334 2039 interfuisse
345 2027 354 2041 ,
373 2007 464 2048 quam
481 2006 564 2048 quod
581 2007 706 2038 eandem
726 2008 809 2037 illam
827 2018 953 2040 manum
971 2018 1009 2038 ex
1026 2010 1120 2038 inter-

164 2051 296 2081 mortuis
307 2050 440 2080 Catilinae
452 2050 587 2090 reliquiis
596 2048 765 2079 concitastis
777 2054 787 2080 ?
805 2048 886 2090 quod
899 2052 1019 2080 omneis
1030 2049 1119 2080 undi-

158 2101 223 2132 rque
232 2091 366 2132 perditos
376 2090 557 2131 collegistis?
569 2091 656 2132 -quod
674 2093 706 2120 in
724 2101 775 2121 me
792 2101 938 2121 carcerem
957 2090 1118 2122 effudistis?

158 2132 248 2174 quod
265 2134 437 2173 conjuratos
452 2132 606 2163 armastis?
626 2131 731 2173 ¹quod
752 2142 856 2162 eorum
877 2133 957 2163 ferro
969 2144 1001 2164 ac
1023 2133 1117 2164 furori

161 2184 267 2205 meum
287 2184 394 2214 corpus
409 2195 417 2207 ,
440 2183 525 2214 atque
543 2176 687 2204 omnium
705 2175 856 2205 bonorum
877 2178 969 2205 vitam
989 2175 1118 2214 objicere

162 2216 324 2247 voluistis?
345 2216 401 2247 Sed
416 2216 479 2255 jam
498 2216 586 2246 redeo
604 2217 638 2246 ad
656 2217 823 2256 praeclaram
836 2217 921 2247 illam
935 2219 1116 2248 concionem

130 2259 257 2293 8·tuam.
282 2261 331 2288 Tu
343 2268 372 2288 es
382 2257 434 2287 1110
444 2277 453 2290 ,
468 2260 517 2288 cui
526 2258 684 2288 crudelitas
696 2258 852 2297 displicet?
869 2261 938 2293 001,
953 2269 1022 2289 cum
1034 2259 1118 2289 sena-

155 2299 357 2334 1031061001,
378 2299 558 2329 30110101·οω
570 2300 658 2329 suum
676 2299 765 2330 vestis
781 2302 950 2330 mutatione
968 2301 1117 2331 declaran-

163 2341 238 2372 dum
254 2340 429 2374 censuisset,
448 2340 519 2370 cum
529 2341 647 2371 videres
659 2351 786 2371 moerere
795 2342 931 2381 rempub.
943 2340 1117 2382 ampliffimi

166 2384 284 2414 ordinis
294 2383 376 2413 1116111
387 2403 395 2417 ,
408 2381 427 2412 ὃ
437 2382 537 2413 noster
546 2383 715 2414 misericors
727 2403 734 2416 ‚
747 2383 819 2424 quid
831 2383 923 2413 facis?
941 2384 1022 2424 quod
1034 2385 1116 2414 nulla

161 2427 195 2455 in
212 2425 343 2455 barbaria
357 2425 514 2466 quisquam
533 2433 685 2465 tyrannus.
708 2428 821 2455 omitto
831 2427 913 2456 enim
925 2426 1002 2456 illud
1013 2446 1021 2460 ‚
1041 2435 1115 2456 con—

161 2467 257 2498 sulem
266 2467 400 2500 edicere,
421 2475 453 2496 ut
466 2467 581 2497 senatus
594 2467 849 2497 senatusconsulto
866 2478 903 2497 ne
918 2468 1113 2508 obtemperet:

160 2518 222 2549 quo
226 2509 332 2548 foedius
343 2519 398 2539 nec
407 2507 470 2538 fieri
481 2529 490 2542 ‚
509 2519 563 2542 ncc
572 2510 694 2550 cogitari
704 2509 867 2550 quidquam
878 2509 983 2548 potest.
1007 2510 1042 2540 ad
1053 2511 1114 2540 mi-

159 2550 351 2581 sericordiam
363 2551 452 2581 redeo
469 2551 533 2587 ejus
542 2571 551 2585 ‚
571 2561 621 2580 cui
633 2553 726 2580 nimis
737 2551 857 2581 videtur
868 2551 982 2581 senatus
993 2554 1027 2581 in
1037 2561 1112 2582 con-

158 2592 298 2622 servanda
313 2594 407 2632 patria
422 2591 508 2622 fuisse
526 2593 668 2623 crudelis.
691 2592 815 2623 Edicere
825 2591 868 2622 est
876 2593 962 2623 ausus
973 2603 1044 2624 cum
1056 2594 1111 2624 illo

155 2633 212 2664 suo
222 2636 281 2674 pari
293 2654 302 2668 ‚
321 2643 412 2675 quem
431 2643 530 2664 tamen
549 2634 693 2664 omnibus
711 2635 794 2664 vitiis
810 2634 942 2674 superare
960 2635 1108 2675 cupiebat,

154 2684 188 2706 ut
203 2676 318 2706 senatus
328 2696 337 2710 ‚
357 2675 477 2710 contra,
497 2675 587 2717 quarn
598 2677 659 2716 ipse
668 2674 825 2706 censuifl'et
836 2696 844 2709 ,
865 2676 900 2706 ad
911 2675 1054 2707 vestitum
1064 2687 1109 2707 re—

1184 255 1267 286 10ἃο
1278 255 1416 290 afficeret,
1427 256 1520 297 lugere
1530 267 1581 286 non
1585 255 1685 298 sitierat
1695 259 1706 285 ?
1717 265 1880 286 mcerorem
1892 256 2052 298 relinquis:
2065 266 2144 287 moe-

1182 300 1258 327 roris
1267 297 1365 329 aufers
1375 297 1508 339 insignia.
1531 300 1621 338 eripis
1635 299 1777 338 lacrymas
1791 308 1855 329 non
1868 297 2052 329 consolando
2063 318 2071 332 ‚
2093 299 2142 331 sed

1181 340 1339 369 minando.
1363 339 1454 382 Qod
1474 340 1494 369 si
1512 339 1626 370 vestem
1644 349 1708 370 non
1725 340 1848 380 publico
1866 338 1992 371 consilio
2012 359 2020 373 ,
2047 349 2142 380 patres

1181 381 1361 420 conscripti,
1384 382 1431 412 sed
1445 384 1560 422 privato
1579 380 1682 413 officio
1694 401 1702 416 ‚
1722 382 1988 413 autmisericordia
1998 382 2143 413 mutavis-

1181 421 1264 454 sent,
1278 430 1379 453 tamen
1390 422 1420 453 id
1433 426 1470 453 iis
1482 434 1545 453 non
1557 424 1644 454 licere
1653 433 1704 464 per
1712 423 1870 454 interdidh
1878 424 2060 454 crudelitatis
2069 433 2138 460 tuae.

1179 462 1331 501 potestatis
1342 473 1403 494 erat
1419 475 1482 494 non
1497 465 1640 495 serendae.
1664 465 1736 495 cum
1747 464 1862 497 veroid
1873 466 1988 496 senatus
1997 465 2137 506 frequens

1178 503 1350 534 censuisset:
1370 506 1491 536 ordines
1506 507 1614 547 reliqui
1631 507 1692 545 jam
1710 506 1778 537 ante
1788 506 1942 539 feciss'ent:
1960 516 1992 538 tu
2003 517 2040 537 ex
2052 517 2137 538 tene-

1178 545 1682 586 0110013Ρορ111300111010111138105
1693 570 1702 582 ‚
1722 558 1792 579 cum
1809 550 1862 580 illa
1879 549 2022 582 saltatrice
2040 550 2134 587 tonsa,

1175 589 1190 606 ²
1205 587 1340 617 senatum
1358 589 1463 627 populi
1480 591 1573 619 Rom.
1595 591 1734 620 occasum
1748 610 1756 624 ‚
1780 600 1866 633 atque
1883 592 2041 622 interitum
2061 593 2134 631 reip.

1177 629 1275 670 lugere
1293 629 1426 660 vetuisti.
1470 633 1510 660 At
1527 631 1674 670 quaercbat
1693 634 1782 662 etiam
1801 633 1902 673 paullo
1923 632 1992 664 ante
2014 633 2050 664 de
2072 644 2133 667 me,

1175 670 1249 711 quid
1260 671 1313 700 suo
1326 672 1404 701 milii
1414 681 1489 711 opus
1501 671 1601 702 fuiss'et
1613 674 1744 702 auxilio:
1766 684 1817 704 cur
1826 684 1889 705 non
1900 678 1975 706 meis
1985 677 2132 710 inimicis,

1174 714 1251 742 meis
1269 714 1365 752 copiis
1383 711 1562 743 restitissem.
1587 713 1675 754 Qasr
1695 715 1766 744 vero
1786 726 1849 745 non
1868 716 1963 748 modo
1982 727 2037 759 ego
2051 738 2058 751 ,
2080 718 2135 759 qui

1175 754 1282 784 multis
1291 755 1364 794 saepe
1373 754 1491 785 auxilio
1500 753 1620 789 fuissem
1633 775 1642 788 ,
1662 755 1710 784 sed
1727 757 1883 797 quisquam
1895 768 1953 789 tam
1966 761 2054 799 inops
2065 759 2132 790 fue-

1172 797 1210 826 rit
1221 806 1366 837 umquam
1379 817 1388 829 ‚
1399 797 1451 837 qui
1462 816 1471 831 ,
1482 795 1540 826 isto
1552 807 1614 826 non
1627 795 1721 826 niodo
1731 808 1947 839 propugnatore
1956 821 1965 835 ,
1986 805 2132 832 tutiorem

1172 837 1201 867 se
1212 857 1221 871 ‚
1241 838 1290 868 sed
1302 838 1446 868 advocato
1457 857 1466 871 ‚
1484 847 1533 868 aut
1543 837 1751 878 adstipulatore
1761 859 1769 872 ‚
1789 842 1963 879 paratiorem
1974 842 2038 873 fore
2048 852 2133 883 puta-

1172 888 1228 909 ret.
1251 883 1316 921 Ego
1327 879 1412 911 istius
1421 879 1546 920 pecudis
1557 901 1565 914 ‚
1577 890 1609 910 ac
1621 884 1633 908 3
1645 880 1755 920 putidae
1765 883 1859 911 carnis
1870 882 1994 914 confilio
2005 885 2125 920 scilicet,

1172 930 1222 951 aut
1235 920 1370 961 praesidio
1384 923 1441 952 niti
1455 922 1618 953 volebam?
1636 922 1672 952 ab
1691 924 1748 952 hoc
1767 922 1864 962 ejeeto
1884 924 2022 955 cadavere
2041 926 2131 966 quid«

1170 973 1261 1003 quarn
1276 965 1353 994 mihi
1370 973 1418 994 aur
1433 965 1498 1003 opis
1511 983 1519 996 .
1540 973 1589 994 aut
1608 966 1779 999 ornamenti
1797 966 1993 1005 expetebam?
2015 968 2130 999 Consu-

1173 1005 1235 1035 lem
1245 1015 1301 1047 ego
1311 1015 1376 1036 tum
1388 1005 1574 1046 requirebam
1587 1026 1594 1040 ‚
1608 1007 1766 1036 consulem
1777 1026 1785 1040 ,
1804 1008 1929 1048 inquam
1941 1028 1950 1042 ,
1964 1018 2028 1038 non
2038 1009 2129 1041 illum

1169 1046 1294 1087 quidem
1307 1067 1316 1081 ‚
1335 1051 1452 1088 4quem
1462 1049 1494 1077 in
1507 1048 1564 1078 hoc
1574 1049 1698 1078 animali
1707 1050 1844 1079 invenire
1855 1059 1919 1079 non
1929 1049 2045 1090 possem
2058 1071 2064 1084 ‚
2076 1053 2127 1091 qui

1167 1097 1280 1119 tantam
1297 1089 1414 1129 reipub.
1426 1089 1540 1119 causam
1557 1092 1697 1130 gravitate
1708 1111 1716 1124 ‚
1739 1090 1772 1120 &
1786 1089 1912 1122 consilio
1923 1092 1976 1122 suo
1988 1101 2127 1123 tueretur:

1166 1130 1215 1160 sed
1226 1133 1297 1171 qui,
1322 1139 1463 1172 tanquam
1475 1140 1597 1161 truncus
1609 1152 1617 1165 ‚
1637 1141 1724 1173 atque
1735 1132 1823 1173 stipes
1833 1154 1842 1167 ,
1865 1131 2008 1172 sistetiffit
2017 1134 2123 1172 modo,

1166 1171 1260 1212 poss'et
1270 1172 1413 1203 sustinere
1424 1183 1524 1203 tamen
1535 1175 1657 1204 titulum
1668 1174 1848 1205 consulatus.
1872 1178 1950 1206 Cum
1962 1178 2045 1207 enim
2057 1175 2127 1208 essct

1170 1216 1275 1245 omnis
1285 1215 1370 1245 causa
1380 1215 1431 1246 illa
1441 1225 1507 1245 mea
1516 1215 1679 1246 consularis
1690 1216 1722 1246 &
1731 1216 1875 1247 senatoria
1886 1237 1894 1251 ‚
1915 1219 2030 1249 auxilio
2048 1220 2126 1250 mihi

1171 1266 1247 1296 opus
1266 1256 1361 1287 fuerat
1378 1257 1411 1288 &
1429 1257 1559 1287 consulis
1571 1278 1580 1292 ‚
1601 1258 1634 1288 &
1652 1257 1785 1288 senatus:
1805 1268 1936 1300 quorum
1946 1261 2072 1294 alterum
2084 1270 2126 1291 et-

1162 1299 1223 1328 iam
1236 1298 1270 1329 ad
1286 1300 1452 1338 perniciem
1466 1309 1566 1330 meam
1584 1308 1644 1331 erat
1661 1298 1677 1330 a
1698 1299 1786 1330 vobis
1804 1301 1980 1332 consulibus
1997 1312 2124 1333 conver-

1161 1340 1227 1369 sum
1240 1351 1245 1369 :
1263 1341 1390 1371 alterum
1401 1341 1514 1381 reipub.
1527 1342 1648 1381 penitus
1659 1351 1805 1382 ereptum.
1829 1346 1971 1373 Attamen
1983 1364 1991 1377 ,
2013 1343 2033 1373 si
2045 1354 2120 1374 con-

1162 1380 1262 1412 silium
1272 1384 1406 1423 exquiris
1416 1393 1535 1412 meum:
1550 1393 1647 1424 neque
1660 1394 1714 1425 ego
1723 1382 1864 1414 ceffiffem
1873 1405 1881 1418 ,
1898 1385 1931 1416 &
1941 1395 1991 1415 me
2001 1386 2061 1426 ipsa
2071 1386 2123 1417 suo

1164 1424 1328 1464 complexu
1345 1426 1436 1464 patria
1454 1424 1592 1455 tenuifl'et
1601 1446 1610 1459 ,
1632 1424 1652 1455 fi
1663 1426 1740 1455 mihi
1751 1436 1822 1457 cum
1832 1427 1888 1456 ilio
1900 1425 2051 1457 bustuario
2061 1428 2122 1468 gla—

1162 1465 1276 1496 diatore
1286 1486 1295 1500 ,
1317 1467 1351 1496 &
1369 1475 1468 1496 tecum
1482 1487 1490 1500 ,
1514 1467 1547 1497 &
1557 1477 1628 1497 cum
1639 1467 1752 1509 collega
1764 1477 1817 1498 tuo
1827 1467 2040 1499 decertandum
2049 1469 2123 1500 fuis-

1164 1507 1215 1537 set.
1241 1509 1307 1540 Alia
1320 1510 1403 1538 enim
1419 1508 1503 1539 causa
1516 1508 1832 1549 praestantiffimiviri,
1850 1511 2015 1550 QMetelli
2026 1530 2034 1544 ‚
2054 1510 2120 1542 fuit:

1162 1559 1253 1590 quem
1274 1560 1328 1590 ego
1342 1552 1443 1580 civem
1456 1570 1464 1584 ‚
1484 1560 1555 1581 meo
1565 1551 1703 1591 judicio,
1723 1561 1794 1582 cum
1816 1551 1944 1582 deorum
1963 1554 2123 1583 inimorta-

1162 1592 1239 1622 litim
1251 1591 1336 1622 laude
1347 1593 1501 1633 conjungo
1512 1603 1517 1621 :
1528 1595 1581 1632 qui
1592 1595 1624 1623 C.
1638 1593 1680 1622 illi
1692 1595 1788 1623 Mario
1799 1613 1807 1627 ,
1819 1592 1979 1624 fortiffimo
1991 1597 2057 1625 viro
2066 1614 2074 1628 ‚
2089 1595 2122 1625 Sc

1162 1633 1300 1668 consuli,
1321 1633 1353 1664 &
1372 1633 1493 1665 sextum
1512 1634 1646 1668 consuli,
1671 1635 1705 1664 &
1723 1636 1786 1674 ejus
1804 1635 1931 1665 inviffls
1949 1636 2120 1677 legionibus

1162 1685 1194 1704 ne
1207 1676 1289 1704 armis
1302 1675 1479 1716 confligeret,
1498 1675 1669 1706 cedendum
1680 1675 1738 1707 effe
1752 1676 1850 1707 duxit.
1874 1677 1964 1719 Qod
1975 1679 2119 1720 1111111181-

1162 1725 1210 1747 tur
1222 1727 1373 1747 certamen
1387 1717 1457 1748 csset
1470 1718 1669 1758 hujusmodi?
1686 1729 1757 1749 cum
1770 1721 1802 1749 C.
1812 1721 1910 1750 Mario
1921 1720 2033 1750 scilicet
2044 1740 2052 1754 ,
2072 1729 2122 1751 aut

1160 1769 1230 1789 curn
1241 1759 1341 1800 aliquo
1350 1762 1412 1800 pari
1423 1780 1437 1793 λ
1452 1770 1490 1791 an
1509 1770 1580 1790 cum
1597 1761 1689 1791 altero
1699 1781 1708 1794 ,
1730 1761 1851 1792 barbato
1861 1763 2009 1802 Epicureo
2019 1782 2028 1796 ,
2048 1772 2121 1794 cum

1161 1801 1254 1831 altero
1264 1821 1274 1836 ‚
1289 1805 1303 1829 5
1312 1802 1447 1832 Catilinae
1456 1802 1632 1832 laternario?
1648 1812 1724 1844 quos
1734 1812 1832 1843 neque
1844 1803 1964 1833 hercule
1975 1813 2031 1845 ego
2042 1824 2051 1838 ‚
2066 1814 2122 1835 ne-

1161 1852 1219 1883 que
1229 1843 1421 1883 supercilium
1433 1852 1537 1878 tuum,
1553 1854 1649 1885 neque
1659 1844 1780 1884 colleg-a:
1791 1847 1835 1874 tui
1844 1845 1998 1885 cymbala,
2012 1856 2046 1876 ac
2054 1856 2120 1876 cro-

1160 1884 1307 1925 talafugi:
1326 1895 1424 1926 neque
1436 1894 1496 1916 tam
1507 1885 1552 1916 fui
1564 1886 1709 1922 timidus,
1727 1895 1777 1919 ut,
1795 1889 1848 1927 qui
1858 1888 1891 1916 111
1901 1889 2046 1918 maximis
2059 1897 2120 1919 tur-

1160 1925 1285 1956 binibus
1297 1936 1329 1957 ac
1343 1926 1486 1957 fluCtibus
1496 1927 1610 1967 reipub.
1622 1937 1730 1957 navem
1740 1926 1948 1968 gubernassem
1960 1948 1969 1963 ‚
1990 1929 2117 1960 salvam-

1158 1977 1216 2007 que
1227 1969 1259 1997 in
1268 1976 1356 2007 portu
1366 1967 1556 1998 collocassem
1569 1988 1578 2002 ,
1593 1968 1701 1999 frontis
1712 1977 1768 1999 tuae
1777 1968 1942 1999 nubeculam
1952 1991 1961 2005 ,
1979 1979 2045 2001 tum
2055 1972 2121 2001 col-

1158 2009 1230 2048 legae
1244 2011 1287 2039 tui
1297 2011 1541 2041 *contaminatum
1554 2010 1690 2049 spiritum
1706 2012 1958 2050 pertimescerem.
1969 2013 2054 2043 Alios
2065 2023 2121 2055 ego

1160 2050 1221 2080 vidi
1238 2059 1362 2081 ventos:
1381 2051 1455 2081 alios
1469 2051 1608 2091 prospexi
1620 2054 1724 2082 animo
1738 2054 1901 2092 procellas:
1921 2055 2119 2095 aliisimpen-

1159 2091 1300 2122 dentibus
1318 2092 1540 2133 tempestatibus
1558 2103 1621 2123 non
1635 2093 1703 2124 ceffi
1715 2114 1723 2128 ‚
1744 2094 1794 2125 sed
1812 2095 1859 2125 his
1878 2105 1975 2126 unum
1993 2106 2045 2126 me
2062 2106 2117 2136 pro

1160 2135 1302 2164 omnium
1322 2135 1411 2165 salute
1430 2134 1539 2164 obtuli.
1569 2137 1671 2176 Itaque
1689 2135 1814 2167 discefl‘u
1832 2146 1897 2167 tum
1917 2148 1989 2168 meo
2007 2148 2119 2168 omnes

1158 2176 1203 2205 illi
1225 2175 1331 2206 nefarii
1351 2176 1443 2218 gladii
1464 2176 1501 2205 de
1523 2177 1666 2207 manibus
1689 2177 1898 2209 crudelissimis
1920 2173 2116 2210 exciderunt':

1157 2216 1230 2247 cum
1244 2217 1367 2258 quidem
1382 2226 1431 2251 tu,
1453 2217 1472 2248 ὃ
1485 2228 1608 2252 vecors,
1630 2219 1662 2249 &
1678 2230 1801 2255 amens,
1822 2220 1894 2251 cum
1912 2231 2022 2252 omnes
2042 2222 2117 2252 bon'i

1158 2258 1251 2290 abditi
1262 2279 1270 2293 ,
1286 2258 1450 2300 inclusique
1461 2269 1640 2294 moererent,
1656 2263 1767 2302 templa
1777 2272 1951 2307 gemerent,
1970 2263 2046 2294 10613
2055 2264 2116 2303 ipsa

1159 2301 1241 2331 urbis
1255 2302 1408 2342 lugerent,
1429 2303 1609 2341 complexus
1627 2312 1657 2332 es
1675 2304 1751 2335 illud
1769 2303 1923 2335 funestum
1945 2305 2055 2335 animal
2075 2315 2114 2335 ex

1158 2342 1280 2373 nefariis
1300 2342 1427 2383 stupris,
1447 2353 1485 2373 ex
1504 2344 1587 2374 civili
1606 2355 1729 2380 cruore,
1748 2356 1787 2376 ex
1805 2349 1948 2379 omnium
1969 2347 2112 2378 scelerum

1157 2387 1386 2425 importunitate
1396 2405 1405 2419 ,
1426 2385 1460 2415 &
1472 2384 1656 2427 flagitiorum
1666 2389 1846 2427 impunitate
1855 2398 2029 2418 concretum
2041 2408 2050 2422 ‚
2070 2397 2115 2418 at-

1156 2437 1214 2468 que
1225 2426 1335 2457 eodem
1346 2429 1376 2457 in
1388 2428 1523 2467 templo,
1545 2428 1653 2458 eodem
1665 2429 1768 2460 &loci
1782 2429 1925 2470 vestigio,
1946 2430 1979 2460 80
1993 2439 2113 2470 ternpo—

1157 2471 1197 2500 ris
1209 2489 1218 2503 ‚
1233 2468 1358 2498 arbitria
1372 2479 1437 2499 non
1452 2471 1513 2499 mei
1526 2470 1623 2500 solum
1635 2490 1643 2503 ,
1664 2471 1713 2501 sed
1724 2471 1940 2511 patriaefuncris
1952 2470 2111 2506 abstulisti.

1156 2511 1236 2552 Qiid
1248 2521 1303 2552 ego
1312 2511 1435 2541 illorum
1447 2511 1564 2540 dierum
1576 2513 1676 2551 epulas
1687 2533 1695 2546 ,
1714 2512 1786 2553 quid
1797 2513 1930 2543 laetitiam
1942 2533 1951 2547 ‚
1970 2513 2002 2543 &
2012 2522 2110 2555 gratu-

1155 2553 1302 2584 lationem
1322 2562 1403 2583 tuam
1415 2573 1423 2586 ‚
1443 2552 1515 2593 quid
1529 2563 1599 2582 cum
1614 2556 1672 2584 tuis
1685 2553 1895 2584 sordidissimis
1906 2555 2044 2596 gregibus
2060 2557 2110 2585 in-

1153 2591 1432 2635 temperantiss‘imas
1442 2596 1660 2634 perpotationes
1669 2595 1827 2634 praedicem
1839 2598 1848 2624 ?
1859 2598 1924 2636 quis
1937 2605 1964 2626 te
1972 2597 2034 2626 illis
2044 2596 2110 2627 die-

1152 2636 1208 2666 bus
1220 2637 1353 2667 sobrium
1365 2656 1373 2669 ,
1393 2638 1460 2676 quis
1475 2645 1610 2676 agentem
1623 2637 1738 2677 aliquid
1750 2657 1758 2670 ,
1778 2637 1859 2678 quod
1875 2636 1946 2668 ess'et
1961 2637 2045 2668 libero
2061 2638 2110 2669 di-

1152 2688 1247 2719 gnum
1260 2698 1268 2712 ‚
1280 2680 1346 2718 quis
1357 2678 1487 2718 denique
1498 2687 1530 2707 in
1540 2678 1663 2718 publico
1672 2678 1769 2709 vidit?
1786 2678 1857 2709 cum
1867 2679 1988 2721 collegae
1999 2681 2042 2711 tui
2053 2680 2109 2710 do-

2039 2732 2108 2752 mus

193 2787 202 2802 1
211 2799 216 2805 .
235 2780 302 2811 Qud
309 2781 454 2813 eornmsbrro
463 2789 492 2804 ac
501 2781 608 2813 furori.]
630 2782 670 2806 lta
681 2781 767 2806 locum
778 2779 877 2815 supplex
887 2781 893 2805 i
905 2784 918 2805 0
933 2780 988 2806 l’al.
1000 2779 1049 2806 sec.
1062 2788 1103 2807 at-
1129 2809 1130 2815 ἵ

151 2821 204 2877 pue
214 2815 254 2840 Tu
260 2816 371 2850 ringicO.
390 2815 461 2852 prius
472 2814 572 2848 aberat,
583 2825 612 2841 a:
630 2818 705 2842 urori.
724 2816 795 2852 quod
805 2824 892 2842 13111011
903 2816 960 2842 11010
969 2816 1106 2852 appolitis-

165 2850 245 2876 imum
257 2851 303 2877 est.

189 2895 217 2912 τι.
227 2891 336 2913 Senatum
341 2890 419 2920 populi
426 2891 488 2914 Rom.
498 2890 602 2921 occafitm
611 2896 682 2922 mque
689 2891 811 2914 interitum
821 2891 878 2921 reip.
890 2888 989 2921 limera]
1002 2887 1106 2915 Redin-

152 2923 254 2956 tegravi
266 2922 353 2950 locum
363 2924 431 2950 hunc
440 2933 473 2951 ex
487 2924 553 2950 l’all.
573 2925 657 2951 tribus
670 2944 678 2957 ‚
693 2924 788 2959 quibus
799 2924 900 2950 accedit
919 2924 1003 2950 editio
1014 2924 1106 2959 prisca.

152 2957 244 2992 itaque
259 2959 355 2985 nonest
365 2959 435 2994 quod
446 2960 503 2996 quis
517 2967 591 2996 putet
601 2960 668 2988 istud
680 2960 769 2986 deberi
781 2961 888 2996 ingenio
901 2960 1033 2987 Lambini.

193 3000 218 3027 3.
238 2995 327 3020 Puri-{1
335 2996 440 3030 carnis]
453 2997 515 3022 Non
526 2996 635 3023 absurde
649 2998 740 3023 Petrus
753 2996 836 3023 Faber·
847 2998 921 3027 canis,
933 2997 979 3022 lib.
995 3006 1016 3023 1.
1033 3006 1055 3022 c.
1070 3006 1104 3023 11.
1127 3020 1128 3024 ,

155 3028 334 3056 Semestriuni.
352 3030 394 3057 sed
403 3032 472 3058 enim
485 3032 501 3058 11
512 3033 657 3060 retinemus
669 3042 731 3059 mos:
743 3043 774 3059 ei:
796 3033 895 3059 lii-„loro
905 3036 1011 3066 majalem
1024 3053 1031 3064 ,
1052 3043 1103 3059 non

156 3062 262 3090 videtur
271 3064 443 3095 abjiciendum
455 3069 532 3094 carnis
544 3079 550 3093 .-
569 3077 598 3095 ut
607 3069 726 3095 alluserit
735 3069 766 3096 ad
778 3070 946 3105 prouerbium
961 3069 1031 3104 vulgi
1045 3089 1052 3100 ‚
1065 3071 1107 3103 sifi

156 3102 262 3162 §niglam
285 3108 327 3134 pro
337 3102 390 3135 fiale
405 3104 488 3129 datam
508 3123 516 3136 ,
543 3114 572 3130 ne
593 3108 737 3138 ptuiscerc25
759 3106 832 3136 cuius
853 3108 880 3131 Sc
899 3105 962 3132 alibi
983 3105 1105 3132 meminit

157 3141 192 3162 no
217 3144 254 3161 er.

139 3209 153 3226 t
191 3178 218 3204 4.
238 3172 310 3206 th
325 3175 352 3198 in
369 3174 407 3199 hoc
424 3176 533 3210 majali]
554 3176 618 3204 Non
638 3177 710 3213 potui
729 3184 900 3205 contemnere
915 3177 1105 3205 auftoritatcm

1149 2782 1242 2807 llitlori
1264 2781 1296 2807 lic
1314 2781 1445 2807 laudantis
1467 2782 1534 2807 liunc
1552 2781 1640 2807 locum
1661 2781 1730 2807 libro
1751 2790 1785 2807 11.
1810 2782 1965 2817 Etyniolog.
1984 2791 2040 2817 cap.
2060 2790 2105 2818 31.

1150 2818 1268 2853 quamvis
1280 2817 1413 2853 displiceat
1426 2818 1580 2843 Hotomano
1592 2817 1660 2843 libro
1672 2827 1743 2844 vrri.
1755 2817 1895 2845 Observut.
1910 2827 1966 2853 cap.
1977 2826 2005 2851 7.

1167 2857 1175 2863 ’
1188 2862 1213 2887 5.
1232 2855 1340 2879 (larilinae
1349 2856 1478 2879 lawr-nario
1488 2857 1497 2879 ἓ
1508 2854 1573 2888 ὼε]
1595 2853 1735 2880 Turnebus
1746 2853 1791 2880 lib.
1803 2863 1866 2880 xxx.
1885 2863 1913 2880 ca
1935 2874 1941 2880 .
1956 2854 1997 2880 18.
2011 2852 2105 2890 probat

1147 2890 1312 2925 quorundam
1328 2889 1417 2916 Codri.
1428 2889 1581 2925 scripturam
1594 2909 1602 2920 ‚
1614 2891 1777 2916 Mummi-irio.
1795 2889 1898 2926 Lipsius
1929 2889 1965 2916 ib.
1978 2899 2029 2916 111.
2041 2891 2103 2916 Var„

1149 2926 1213 2952 1001.
1234 2935 1290 2961 cap.
1305 2926 1345 2952 1¹3.
1367 2934 1451 2952 totum
1473 2926 1562 2952 locum
1582 2926 1614 2952 iic
1632 2925 1820 2953 restituendum
1840 2933 1979 2952 autumat:
2002 2927 2105 2951 bari-ar·

1149 2965 1248 2994 Epicuro
1260 2965 1269 2988 ‚5¹
1289 2971 1339 2987 cum
1350 2963 1422 2987 altero
1432 2964 1539 2987 Catilina
1551 2966 1561 2987 ,7
1578 2965 1612 2988 A!
1622 2962 1746 2988 simuletis.
1765 2972 1822 2996 quos
1833 2966 1843 2988 ,⁷
1861 2971 1939 2996 nempe
1948 2964 2039 2987 herculi-
2057 2971 2102 2995 (go,

1148 2998 1198 3027 dm
1219 2997 1363 3032 vulgatum
1375 2997 1459 3024 exstat
1480 2998 1505 3024 in
1518 2997 1574 3024 Pil,
1590 3007 1630 3034 pr.
1642 2997 1689 3024 nisi
1703 2997 1774 3034 quod
1792 2997 1882 3026 addim
1892 2998 1968 3024 litera
1978 2997 2103 3024 exhibe-it

1146 3036 1374 3060 lantr2·nario.1miii
1387 3033 1435 3059 sec.
1446 3036 1608 3066 lanternario,
1621 3034 1691 3069 quod
1703 3035 1780 3062 etiam
1792 3035 1817 3061 in
1830 3035 1874 3061 sno
1885 3034 1986 3061 fortean
1999 3034 2101 3060 invenit

1148 3070 1191 3104 qni
1204 3070 1317 3105 primum
1338 3070 1382 3096 has
1393 3071 1526 3096 orationes
1546 3071 1700 3106 publicarit.
1717 3070 1842 3108 expressit
1860 3071 1931 3097 enini
1949 3072 2102 3096 t'ancematio.

1150 3106 1192 3132 1²21!
1200 3126 1205 3131 .
1216 3105 1271 3132 oet.
1284 3105 1359 3132 babet
1370 3108 1510 3132 lamera-io.
1524 3106 1686 3134 Gulielmius
1697 3107 1851 3139 conjiciebat
1862 3110 1926 3132 lanto
1935 3109 2029 3139 amilio,
2040 3115 2103 3142 pro-

1146 3141 1311 3178 ducebatque
1321 3142 1442 3169 Tullium
1453 3152 1501 3179 pro
1511 3142 1592 3170 domo
1602 3142 1645 3170 ilia
1655 3153 1712 3181 cap.
1722 3140 1769 3177 34.
1789 3143 1833 3172 ubi
1855 3150 1928 3170 vocat
1939 3142 2044 3169 delitias
2055 3144 2104 3167 Ca-

1148 3180 1229 3205 tila'nae.

1550 3215 1630 3252 Yyy
1651 3224 1668 3242 2
2008 3215 2108 3240 Lomm'

2151 640 2174 672 9

2132 2524 2175 2550 10
