2360 3400
489 122 834 169 Ac‘ADEM.
893 117 1793 182 QuaesrxonumsLiali.

2031 149 2122 197 99¹

171 204 255 240 idem
274 203 346 238 huic*
364 200 468 234 nostro
481 200 636 232 videbitur
647 219 656 234 ‚
676 209 732 230 nec
745 207 845 229 tamen
858 196 1047 232 affemiemm
1065 198 1135 239 quia
1150 197 1153 202 '
1168 202 1251 243 posse
1259 207 1380 246 percipi,
1404 207 1471 249 Jam
1483 205 1557 238 istuc
1568 216 1595 238 te
1606 218 1726 250 quoque
1738 207 1896 250 impediet,
1908 208 1941 240 jn
1954 208 2137 251 nam-gando,

169 243 392 286 nobismetipsis
402 243 497 275 modo
507 242 672 275 caeruleum
682 240 838 272 videbatur
850 252 860 276 3
882 244 891 260 ¹
904 250 995 271 matie
1005 238 1132 286 flayum3

170 290 312 332 quodque
321 297 405 318 nunc
415 306 425 321 ‚
446 289 460 306 ²
471 287 541 327 quia
551 285 566 316 a
578 284 637 331 sole
649 284 779 331 collucet
789 302 799 330 3
817 282 956 329 albescit,
980 281 1013 312 &
1024 280 1130 314 vibrat,

169 330 369 370 diffimileque
378 328 421 359 est
433 329 578 369 proximo
589 337 616 356 ei
628 333 816 356 continenti:
838 333 889 358 ut,
908 332 998 355 etiam
1011 321 1030 353 si
1042 321 1133 362 possis

168 375 318 405 rationem
329 371 450 401 reddere
462 390 470 403 ‚
491 379 543 400 cur
555 369 585 399 id
596 370 713 398 eveniat
723 388 732 401 ‚
752 376 853 398 tamen
864 362 927 396 n'on
938 362 1027 405 poffis
1038 364 1068 394 id
1081 371 1150 394 ve-'i

168 424 237 446 rum
249 412 319 447 effe,
331 412 412 454 quod
423 411 578 443 videbatur
588 411 696 444 oculis,
708 408 877 440 defendere.
893 406 975 437 vnde
984 406 1129 439 memoria,

165 455 196 498 fi
211 455 286 485 nihil
296 455 486 497 percipimus?
508 452 557 493 (fic
569 455 654 489 enirn
672 451 848 493 qnaerebas‚)
861 447 943 497 quod
958 446 1131 479 meminifle
1148 465 1149 470 =

166 498 230 528 visa
242 517 251 532 ‚
269 496 323 535 nisi
342 496 557 537 comprehensa
570 504 634 525 non
647 492 812 534 possumus.
837 492 918 539 Qid
932 493 947 529 ἲ>
961 491 1130 530 Polyaenus,
1147 511 1148 514 η

165 541 219 580 qui
238 549 365 581 magnus
383 540 613 569 mathematicus
631 534 720 567 fuiffe
736 535 868 579 dicitur·²
894 542 920 563 is
937 531 1131 578 posteaquam

167 583 299 622 Epicuro
310 579 482 613 assentiens,
495 589 589 610 totam
600 579 797 620 geometriam
807 574 867 605 esle
875 574 979 606 falsam
991 573 1129 607 credidit,

168 632 246 655 num
260 623 312 653 illa
324 625 414 653 etiam
427 643 435 656 ‚
454 632 520 663 quae
531 621 658 654 sciebat,
679 619 793 650 oblitus
807 616 870 648 est?
892 617 1004 657 Atqui,
1018 615 1131 655 falsum

166 665 244 707 quod
251 664 294 694 eff
306 685 315 698 ‚
331 665 362 694 id
365 666 470 706 percipi
480 675 530 693 non
542 661 634 706 potest*
644 682 653 696 ‚
673 665 685 689 3
698 670 729 692 ut
739 658 962 699 nobismetipsis
971 658 1075 698 placet.
1098 659 1129 688 Si

169 709 263 749 igitur
274 708 424 741 memoria
433 715 637 747 perceptarum
648 724 656 738 ‚
676 701 1019 743 comprehensarumque
1029 709 1130 731 rerum

165 748 210 780 est
220 760 226 778 2
237 752 343 779 omnia
352 769 360 783 ,
371 759 437 790 quae
448 748 572 789 quisque
583 747 746 778 meminit,
758 743 848 774 habet
856 753 889 774 ea
897 741 1123 782 comprehensa,

166 799 254 832 atque
273 800 421 831 percepta.
441 789 504 820 falfi
516 798 616 820 autem
629 785 848 827 comprehendi
862 784 942 815 nihil
961 783 1075 824 potest:
1096 783 1130 813 &

166 835 274 864 omnia
288 834 433 863 meminit
446 835 560 871 Scyron
575 831 699 870 Epicuri
716 828 864 870 dogmata.
887 835 956 856 vera
972 827 1062 866 igitur
1078 825 1130 855 illa

168 875 238 906 sunt
256 885 340 905 nunc
357 875 475 904 omnia.
500 875 567 902 Hoc
583 881 635 911 per
655 880 705 900 me
722 870 800 900 licet.
825 868 874 899 sed
886 867 943 898 tibi
957 877 1006 897 aut
1019 876 1129 897 conce-

165 917 303 948 dendum
315 918 356 947 ita
367 913 426 946 effe
437 935 446 948 ,
465 913 547 954 quod
561 912 694 942 minime
709 912 771 940 vis:
791 919 845 940 aut
855 911 1038 940 memoriam
1049 909 1128 939 mihi

165 961 299 990 remittas
310 979 319 992 ,
333 964 468 997 oportet,
488 959 506 982 4
514 953 643 985 &facile
656 952 715 983 esse
725 954 752 982 ei
764 952 867 982 locum
879 970 889 985 ‚
907 953 1000 981 etiam
1011 950 1030 980 fi
1041 960 1127 981 com-

165 998 339 1041 prehensio,
356 998 568 1039 perceptioque
582 996 666 1026 nulla
685 993 727 1025 sit.
751 994 833 1035 Qid
844 992 896 1024 fiet
906 993 1040 1024 artibus?
1060 994 1129 1034 qui-

167 1045 223 1074 bus
236 1044 247 1071 ?
260 1041 336 1071 iisne
347 1060 355 1074 ‚
370 1050 436 1080 quae
446 1039 516 1079 ipsae
525 1038 654 1069 fatentur
662 1035 836 1077 conjectura
844 1035 874 1066 se
883 1036 952 1076 plus
963 1036 1006 1065 uti
1015 1054 1024 1070 ,
1035 1036 1127 1076 quam

162 1084 284 1115 scientia
295 1093 300 1112 :
318 1092 354 1113 an
365 1083 403 1112 iis
416 1102 424 1115 ,
436 1091 502 1122 quae
514 1079 632 1112 tantum
644 1079 675 1109 id
687 1099 695 1113 ‚
709 1078 792 1120 quod
803 1077 939 1112 videtur,
951 1077 1125 1118 sequuntur,

160 1134 223 1158 'nec
241 1125 352 1155 habent
366 1124 451 1154 istam
465 1132 558 1153 artem
572 1121 700 1152 vestram
712 1141 720 1155 ‚
742 1130 798 1161 qua
810 1130 878 1150 vera
888 1119 921 1150 &
930 1119 1001 1150 falsa
1013 1119 1056 1159 dij
1061 1119 1127 1149 udi-

163 1176 233 1198 cent
245 1169 256 1197 ?
276 1167 332 1197 Sed
342 1167 395 1196 illa
406 1166 474 1196 sunt
485 1165 595 1194 lumina
605 1164 658 1193 duo
667 1184 674 1197 ,
689 1173 756 1204 quae
767 1161 905 1193 maxime
913 1161 1031 1192 causam
1042 1160 1128 1192 istam

162 1211 334 1240 continent.
358 1207 495 1248 primum
508 1208 593 1237 enim
612 1214 715 1246 negans
724 1204 792 1243 fieri
807 1203 896 1244 poste,
921 1211 957 1233 ut
974 1203 1129 1246 quisquam
1146 1224 1147 1241 ἢ

164 1252 237 1281 nulli
246 1251 285 1280 rei
295 1249 473 1288 assentiatur.
497 1252 537 1279 At
547 1249 578 1278 id
589 1249 713 1289 quidem
724 1247 794 1287 peis
789 1248 916 1288 picuum
926 1244 969 1276 est
980 1255 1066 1276 :cum
1077 1248 1130 1276 Pa—

164 1295 272 1324 naetius
284 1312 293 1327 ‚
307 1294 444 1332 princeps
455 1290 548 1331 prope
559 1310 569 1324 ‚
582 1300 653 1319 meo
664 1290 787 1329 quidem
796 1287 913 1328 judicio
925 1308 934 1322 ,
944 1289 1127 1321 stoicorum,

163 1345 198 1365 ea
208 1334 245 1364 de
255 1345 284 1365 re
297 1334 432 1364 dubitate
443 1333 470 1363 se
481 1333 575 1366 dicat,
586 1341 676 1373 quam
688 1340 797 1362 omnes
807 1350 816 1365 ,
833 1339 936 1370 praeter
947 1340 1017 1360 eum
1028 1349 1037 1363 ‚
1050 1331 1127 1360 Stoi—

163 1379 194 1407 ci
210 1375 400 1407 certiiiimam
414 1383 538 1415 putant,
557 1382 649 1404 VERA
669 1382 743 1404 ESSE
760 1376 773 1400 5
785 1372 972 1412 haruspicum
986 1372 1125 1412 auspicia,

164 1418 301 1452 oracula,
321 1418 461 1449 somnia,
482 1417 731 1448 vaticinationes,
756 1414 843 1454 seque
861 1414 898 1444 ab
915 1413 1027 1444 assensu
1041 1412 1127 1444 susti-

166 1469 245 1491 neat.
269 1458 359 1497 Quod
371 1460 398 1488 is
407 1457 504 1498 potest
513 1456 608 1487 facere
617 1456 654 1486 de
664 1458 701 1485 iis
712 1455 801 1485 rebus
813 1475 822 1489 ,
831 1465 903 1497 quas
914 1456 960 1486 illi
970 1475 979 1489 ‚
992 1457 1007 1487 a
1016 1455 1127 1496 quibus

159 1502 228 1542 -ipse
237 1501 361 1533 didicit,
373 1509 465 1530 certas
474 1499 632 1529 habuerint
646 1508 651 1527 z
669 1507 722 1528 cur
731 1496 762 1527 id
771 1497 888 1536 sapiens
897 1497 934 1527 de
945 1498 1069 1538 reliquis
1080 1508 1126 1527 re—

165 1543 223 1574 bus
231 1541 326 1573 facere
336 1552 400 1572 non
411 1539 498 1581 poffit
509 1545 519 1570 ?
532 1550 568 1571 ari
579 1539 621 1570 est
629 1539 743 1580 aliquid
756 1558 765 1572 ,
775 1538 856 1578 quod
868 1537 995 1578 positum
1008 1539 1057 1569 vel
1069 1541 1127 1569 im-

160 1585 290 1626 probare
299 1603 308 1618 ‚
319 1583 367 1614 vei
378 1582 538 1623 approbare
549 1580 636 1623 poffit
646 1601 655 1615 ‚
668 1581 798 1611 dubitari
808 1590 871 1610 non
882 1579 990 1621 poffit?
1003 1590 1039 1611 an
1052 1589 1083 1610 tu
1094 1582 1126 1610 in

163 1627 262 1658 soritis
270 1627 381 1666 poteris
392 1627 450 1655 hoc
459 1645 467 1659 ,
484 1624 557 1655 curn
568 1624 671 1654 voles:
691 1624 743 1653 ille
754 1626 787 1653 in
797 1622 920 1663 reliquis
930 1623 1019 1653 rebus
1043 1620 1124 1652 6non

163 1670 276 1710 poterit
294 1668 401 1698 eodem
422 1667 518 1697 modo
538 1665 688 1698 infistere,
710 1664 873 1706 praesertim
885 1664 956 1695 cum
967 1662 1054 1706 poffit
1066 1662 1127 1694 fine

157 1708 329 1741 >affenfione
349 1710 441 1750 ipsam
464 1706 762 1739 verisimilitudinem
800 1717 865 1737 non
883 1708 1064 1747 impeditam
1084 1707 1126 1738 se·

162 1754 218 1793 qui
230 1755 241 1780 ?
263 1753 401 1781 Alterum
413 1750 457 1781 est
467 1770 475 1784 ‚
496 1750 578 1791 quod
589 1751 699 1790 negaris
708 1748 846 1778 astionem
856 1750 940 1778 auius
952 1750 992 1778 rei
1010 1748 1079 1790 pvffiae
1096 1750 1126 1779 in

162 1804 190 1824 eo
201 1793 249 1831 εζῖὲ
258 1813 266 1828 ,
278 1794 330 1835 qui
340 1794 448 1823 nullam
455 1802 513 1823 rem
529 1791 638 1831 affensu
649 1792 701 1831 suo
712 1790 865 1832 comprobet
894 1790 1029 1831 primum
1041 1793 1124 1822 enim

163 1836 261 1866 videri
271 1844 398 1875 oportet,
411 1837 442 1864 in
453 1844 515 1876 quo
526 1833 659 1864 fitetiam
671 1832 811 1864 ass'ensus.
833 1833 942 1863 dicunt
951 1835 1035 1862 enim
1046 1835 1127 1864 Stoi-

162 1879 189 1908 ci
201 1897 210 1912 ,
225 1877 321 1918 fi'nsm
331 1878 399 1917 ipsbs
408 1876 527 1918 assenfm
538 1876 586 1914 effe
595 1886 606 1902 :
620 1885 697 1916 quos
706 1875 853 1916 quoniam
865 1876 1010 1914 appetitio
1020 1876 1124 1905 conse·

158 1928 283 1960 quatur,
295 1919 449 1949 achonem
462 1919 554 1959 sequi.
578 1918 646 1947 tolli
655 1927 755 1947 autem
768 1919 875 1947 omnia
885 1936 893 1950 ‚
909 1915 929 1946 fi
940 1917 1002 1947 visa
1013 1917 1124 1947 tollan-

161 1970 218 1991 tur.
244 1963 308 1992 Hac
316 1961 354 1991 de
364 1971 394 1991 re
404 1963 436 1992 in
448 1969 605 2001 utrimque
614 1968 730 2000 partem
741 1959 774 1989 &
786 1957 865 1988 dicta
874 1959 940 1989 sunt
952 1979 960 1992 ,
976 1958 1009 1989 &
1021 1959 1126 2000 scripta

161 2003 259 2033 multa
275 2004 309 2042 (7
320 2003 388 2034 vide
411 2004 572 2043 superiora)
584 2002 633 2031 sed
648 2002 732 2031 brevi
746 2011 791 2030 res
808 2000 905 2041 potest
921 2010 983 2031 tota
1001 2000 1123 2031 confici.

159 2056 215 2087 ego
233 2047 319 2075 enim
339 2044 389 2075 etsi
403 2046 572 2077 maximam
586 2042 738 2073 actionem
754 2052 844 2083 puto,
868 2053 1030 2084 repugnare
1041 2042 1121 2078 vifis,

158 2086 301 2119 obsistere
310 2087 508 2127 opinionibus
520 2107 529 2120 ‚
548 2085 677 2116 aisensus
689 2085 819 2116 lubricos
828 2084 970 2116 sustine-'re
987 2105 995 2119 ‚
1016 2086 1123 2116 credo—

157 2140 217 2172 que
228 2131 422 2160 Clitomacho
431 2132 471 2160 ita
480 2128 621 2159 scribenti
633 2147 641 2161 ,
657 2123 672 2146 8
685 2127 808 2157 Herculi
822 2128 974 2168 quendam
986 2127 1122 2159 laborem

159 2171 351 2203 exanclatum
369 2173 385 2202 a
404 2170 572 2203 Carneade,
593 2171 674 2211 quod
686 2189 694 2202 ‚
715 2178 748 2199 ut
764 2169 858 2199 feram
872 2189 880 2203 ‚
903 2170 936 2200 ὃς
953 2172 1121 2201 immanem

156 2214 275 2245 beluam
288 2234 296 2247 ‚
317 2212 355 2244 sic
367 2223 406 2243 ex
419 2215 530 2243 animis
543 2212 655 2243 nostris
672 2211 860 2252 assenfionem,
883 2211 913 2242 id
933 2211 994 2246 est,
1017 2214 1119 2252 opina—

155 2258 275 2287 tionem
287 2276 295 2290 ,
309 2256 549 2286 &temeritatem
561 2253 733 2285 extraxisset
746 2264 752 2283 ε
771 2263 874 2284 tamen
887 2274 893 2287 ,
912 2263 944 2284 ut
954 2264 986 2284 ea
995 2264 1059 2295 pars
1069 2255 1121 2285 de-

154 2297 301 2329 fensionis
321 2299 525 2338 relinquatur,
545 2297 618 2338 quid
638 2295 782 2336 impediet
797 2295 950 2326 actionem
963 2297 1028 2336 ejus
1039 2316 1047 2330 ,
1068 2300 1120 2338 qui

154 2340 320 2380 probabilia
337 2340 469 2380 sequitur
487 2359 496 2373 ‚
520 2339 604 2369 nulla
621 2337 870 2378 reimpediente?
902 2340 988 2372 Hoc,
1009 2340 1120 2380 inquit,

153 2382 253 2422 ipsum
264 2382 410 2423 impediet
419 2401 427 2415 ³
440 2380 522 2423 quod
533 2380 637 2412 statuet
645 2400 654 2415 ,
666 2389 704 2411 ne
714 2380 746 2411 id
755 2379 880 2422 quidem
890 2400 899 2415 ‚
910 2380 992 2422 quod
1000 2382 1114 2421 probet,

193 2502 215 2518 i.
237 2493 440 2532 queflawcm]
461 2492 502 2518 Sic
514 2491 582 2519 Pali.
602 2501 663 2518 iiam
677 2491 833 2519 &Vicioris
852 2501 946 2519 acrum.
967 2492 1112 2519 Lambinus
1135 2513 1136 2517 .

151 2528 298 2564 publicavit
308 2538 395 2555 rmum
405 2531 463 2563 quia
471 2528 486 2554 ἃ
497 2531 544 2555 sole
558 2547 566 2560 ‚
585 2528 678 2555 omiffo
688 2528 799 2563 quodque.
819 2528 891 2564 quod
901 2528 928 2556 iii
939 2527 1001 2556 edd.
1012 2529 1040 2555 δε
1052 2528 1110 2556 mss.

151 2565 258 2605 nostris.
276 2567 364 2591 Rivum
372 2564 441 2591 illud
451 2566 523 2591 eruit
533 2568 546 2591 ὲ
556 2565 650 2592 Nonio
662 2584 671 2598 ,
692 2574 744 2592 nou
755 2564 808 2601 ipse
818 2565 919 2600 primus
932 2583 940 2597 ,
959 2564 1003 2592 sed
1014 2566 1112 2592 Came-

152 2610 312 2669 132&ssinst
322 2638 370 2662 Sole
379 2636 498 2671 albescit]
518 2636 714 2672 Reponendum
735 2636 842 2663 videtur
853 2655 862 2668 ,
879 2636 928 2671 quei
939 2636 954 2662 ὰ
964 2639 1023 2664 Sole.
1043 2647 1113 2674 quo—

148 2673 233 2700 modo
243 2674 328 2700 exstat
338 2671 363 2698 in
376 2673 432 2698 Pal.
443 2671 566 2699 secundo.
729 2686 732 2688 ·

147 2729 152 2732 .
190 2718 217 2745 3,
237 2713 266 2734 Ut
275 2710 382 2741 nobismet
395 2709 447 2742 iffis
455 2708 558 2742 placet]
581 2708 624 2734 Ari
636 2717 688 2734 non
700 2708 788 2744 potius
800 2719 806 2735 ε
829 2708 949 2741 vobismet.

188 2754 218 2778 4.
239 2749 271 2771 Et
274 2747 350 2778 facile
359 2745 399 2779 effi
407 2748 429 2770 ei
440 2744 540 2779 locum]
561 2745 590 2771 S.
600 2743 718 2771 ViEtoris
728 2743 852 2781 scriptus,
857 2746 949 2778 facere.
960 2745 1112 2773 P.Maiautii
1126 2737 1136 2764 3

152 2781 249 2813 codex,
258 2782 374 2816 &saclas
383 2782 424 2814 effe
433 2792 452 2806 ee
462 2783 546 2807 locum.

1150 247 1151 295 ἐ
1173 245 1206 275 &
1215 248 1248 276 in
1260 248 1446 279 conserendo
1457 269 1466 281 ‚
1485 252 1518 279 in
1529 259 1624 280 uxore
1635 251 1771 282 ducenda
1782 271 1791 286 ‚
1811 254 1844 282 in
1858 251 1961 282 liberis
1976 261 2139 293 procrean-

1172 286 1219 317 dis
1231 308 1239 321 ,
1250 289 1447 332 plurimisque
1458 294 1491 321 iti
1502 291 1590 322 rebus
1602 313 1611 326 ,
1625 295 1659 323 in
1671 293 1781 333 quibus
1793 294 1872 323 nihil
1882 292 2002 335 sequete
2013 313 2022 327 ‚
2032 303 2138 334 praeter

1170 329 1333 368 probabile.
1359 335 1396 362 Et
1417 342 1518 363 tamen
1538 333 1614 364 illud
1636 334 1774 365 usitatum
1788 355 1796 368 ‚
1819 335 1851 365 ὅ(
1862 335 1937 376 saepe
1946 336 2136 376 repudiatum

1168 370 1259 401 refers
1272 381 1335 402 non
1347 383 1379 403 ut
1389 377 1543 414 Antipater
1553 395 1561 409 ,
1582 376 1629 406 {ed
1642 396 1651 410 ‚
1671 386 1703 407 ut
1714 380 1756 407 ais
1767 398 1775 411 ‚
1796 375 1930 417 pressius.
1955 388 2024 408 nam
2037 379 2130 408 Anti-

1167 421 1284 459 patrum
1297 416 1507 454 reprehensum
1520 437 1528 450 ‚
1540 416 1622 457 quod
1633 418 1744 449 diceret
1754 439 1761 453 ‚
1774 419 2010 450 consentaneum
2023 417 2081 449 esse
2090 421 2131 453 ei,

1168 456 1220 495 qui
1231 458 1392 501 affirmaret
1403 477 1411 489 ,
1433 459 1504 487 mhi!
1515 458 1584 499 ρο]Ιὲ
1592 461 1778 502 comprehendi
1788 481 1796 494 ‚
1818 461 1847 491 id
1859 461 1956 500 ipsum
1968 462 2071 492 saltem
2083 460 2132 491 di·

1165 505 1231 526 cere
1249 496 1330 536 posie
1347 501 1566 538 comprehendi
1579 511 1583 529 :
1601 503 1680 542 quod
1693 501 1745 542 ipsi
1756 504 1908 533 Antiocho
1920 513 2031 544 pingue
2041 504 2129 533 vide—

1171 537 1273 572 batur,
1296 539 1329 568 ὃς
1348 539 1401 570 fibi
1415 544 1609 572 contrarium.
1633 553 1697 574 non
1708 547 1790 574 enim
1803 543 1899 584 potest
1908 547 2129 575 convenienter

1168 578 1228 610 dici
1243 600 1252 614 ‚
1273 581 1351 610 nihil
1374 585 1590 622 comprehendi
1610 585 1692 624 posse
1715 606 1723 618 ‚
1755 586 1774 616 si
1794 587 1892 627 ipsum
1911 587 2129 627 comprehendi

1166 620 1248 661 poss‘e
1255 622 1378 653 dicatur.
1401 624 1461 654 Illo
1471 625 1564 655 modo
1575 627 1674 666 petitis
1685 637 1765 667 putat
1780 628 1951 669 urgendum
1961 627 2049 659 fuiffe
2060 631 2131 659 Car-

1166 663 1294 694 neadem
1318 675 1323 693 :
1348 674 1421 695 CUM
1442 675 1615 697 spirim-ris
1638 671 1758 700 nullum
1781 670 1934 700 decretum
1955 669 2014 700 effe
2031 669 2131 710 posiin

1167 705 1223 735 nisi
1233 707 1487 746 comprehensum
1501 728 1509 742 ‚
1520 718 1693 749 perceptum
1705 731 1713 744 ‚
1725 713 1882 753 cognitum
1896 725 1904 746 ·,
1924 722 1956 743 ut
1967 714 2024 742 hoc
2033 712 2131 752 ipsum

1165 747 1319 777 decretum
1332 768 1340 782 ,
1352 749 1434 789 quod
1448 750 1587 789 sapientis
1599 750 1684 785 esset,
1708 756 1784 783 nihil
1793 752 1874 794 poffe
1883 756 2014 794 percipi,
2026 752 2133 784 fatere-

1165 799 1213 819 tur
1232 788 1289 820 effe
1305 800 1489 830 perceptum.
1521 793 1648 831 proinde
1666 793 1745 834 quasi
1766 796 1880 835 sapiens
1904 797 2027 827 nullum
2051 795 2132 826 aliud

1167 830 1320 862 decretum
1340 832 1464 867 habeat,
1484 833 1517 864 &
1535 832 1595 863 sine
1605 835 1728 865 decretis
1741 839 1834 867 vitam
1848 847 1933 878 agere
1951 836 2046 878 poffit.
2069 837 2126 868 Sed

1167 882 1199 903 ut
1209 874 1259 903 illa
1270 874 1358 903 habet
1366 874 1532 914 probabilia
1543 896 1552 909 ,
1573 886 1636 906 non
1647 886 1785 917 percepta
1797 898 1805 911 ‚
1823 877 1861 908 sic
1873 882 1930 909 hoc
1943 880 2041 920 ipsum
2053 898 2062 913 ,
2080 881 2132 910 ni-

1167 916 1209 944 hil
1223 914 1305 956 posl'e
1319 918 1439 957 percipi.
1463 927 1533 947 nam
1555 916 1575 948 fi
1595 920 1629 948 iii
1648 920 1706 949 hoc
1725 921 1871 951 9liaberet
1880 924 2064 962 cognitionis
2074 931 2134 952 no—

1167 967 1229 987 tam
1241 977 1250 992 ‚
1262 957 1364 988 eadem
1377 967 1508 989 uteretur
1518 963 1550 992 in
1561 962 1680 990 ceteris.
1696 972 1787 1003 quam
1798 965 1944 1004 quoniam
1956 973 2020 993 non
2031 962 2130 994 haber.

1167 1002 1261 1030 utitur
1279 1000 1493 1041 probabilibus.
1517 1004 1618 1043 Itaque
1638 1013 1702 1033 non
1722 1007 1832 1034 metuit
1851 1023 1859 1037 2
1888 1014 1925 1035 ne
1944 1005 2132 1036 confundere

1167 1044 1272 1072 omnia
1286 1042 1421 1073 videatur
1431 1063 1438 1077 ,
1462 1043 1615 1075 &incerta
1629 1045 1758 1076 reddere.
1783 1056 1847 1078 non
1860 1048 1944 1076 enim
1957 1067 1965 1081 ,
1985 1047 2133 1088 quemad-

1168 1084 1298 1114 modum
1310 1104 1318 1117 ,
1332 1083 1351 1113 si
1363 1083 1518 1126 quaefitum
1530 1096 1567 1116 ex
1581 1097 1618 1116 eo
1630 1086 1677 1121 iit,
1693 1087 1844 1119 stellarum
1855 1098 2001 1119 numerus
2012 1099 2062 1129 par
2074 1109 2082 1123 ,
2093 1099 2131 1119 ari

1167 1127 1263 1166 impar
1274 1125 1326 1156 sit:
1344 1129 1418 1157 item
1431 1147 1439 1161 ,
1460 1125 1479 1156 si
1493 1128 1529 1158 de
1540 1127 1644 1163 officio
1655 1150 1663 1163 ,
1677 1130 1841 1171 multisque
1851 1131 1917 1161 aliis
1926 1130 1963 1160 de
1973 1131 2060 1161 rebus
2073 1151 2080 1165 ‚
2097 1133 2132 1160 in

1166 1169 1276 1208 quibus
1286 1168 1434 1203 versatur,
1455 1171 1690 1211 exercitatusque
1702 1170 1734 1202 sit
1746 1192 1754 1206 ,
1774 1173 1886 1203 nescire
1896 1173 1923 1202 se
1934 1172 2021 1203 dicat.
2043 1173 2072 1202 in
2086 1173 2134 1202 in-

1165 1210 1246 1240 certis
1258 1212 1341 1240 enim
1360 1212 1438 1241 nihil
1452 1210 1486 1247 est
1501 1210 1662 1254 probabile:
1676 1216 1709 1244 jn
1721 1214 1830 1254 quibus
1843 1224 1942 1245 autem
1954 1214 1996 1245 est
2006 1234 2015 1248 ,
2033 1217 2066 1244 in
2081 1214 2130 1244 his

1166 1262 1230 1282 non
1240 1252 1334 1282 deerit
1345 1253 1489 1293 sapienti,
1512 1264 1567 1285 nec
1578 1255 1649 1295 quid
1661 1255 1747 1286 faciat
1758 1276 1766 1289 ‚
1789 1266 1845 1287 nec
1857 1256 1929 1297 quid
1944 1256 2129 1296 respondeat.

1167 1296 1216 1324 Ne
1227 1294 1311 1324 illam
1322 1295 1445 1335 quidem
1456 1295 1668 1335 praetermisisti
1677 1318 1686 1331 ,
1699 1298 1826 1328 Luculle
1838 1318 1846 1332 ‚
1864 1297 2130 1338 reprehensionem

1166 1337 1312 1366 Antiochi
1323 1338 1390 1375 (nec
1401 1339 1513 1368 mirum
1529 1348 1534 1367 ;
1555 1340 1589 1368 in
1600 1340 1709 1378 primis
1720 1342 1802 1370 enim
1815 1340 1856 1370 est
1866 1340 1993 1381 nobilis)
2007 1349 2065 1381 qua
2077 1340 2128 1370 so-

1164 1378 1244 1408 lebat
1254 1378 1355 1408 dicere
1366 1380 1555 1414 Antiochus,
1576 1381 1737 1411 Philonem
1750 1382 1886 1413 maxime
1905 1383 2126 1422 perturbatum·

1165 1418 1236 1450 curn
1249 1422 1332 1449 enim
1345 1421 1510 1451 sumeretur
1522 1423 1682 1461 unum‚effie
1690 1424 1899 1464 quadamfalsa
1910 1424 2140 1462 vista-alterum.-

1164 1462 1277 1490 m'hic'ea
1287 1462 1395 1502 differre
1405 1461 1422 1491 >1
1432 1464 1515 1498 veria
1528 1474 1589 1494 non
1601 1467 1901 1506 attendere,supeiius
1913 1466 2020 1496 ¹0illud
2031 1476 2063 1495 ea
2074 1475 2104 1495 re
2112 1466 2130 1495 ὲ

1165 1503 1192 1532 se
1202 1502 1261 1533 ess'e
1271 1503 1444 1534 concessum
1456 1525 1464 1538 ‚
1479 1505 1559 1545 quod
1572 1507 1721 1537 Videietur
1731 1506 1790 1537 effe
1799 1508 1937 1548 quaedam
1950 1509 1982 1536 in
1992 1506 2059 1537 visis
2070 1504 2131 1537 dif-

1163 1543 1289 1574 ferentia
1301 1565 1309 1578 ,
1322 1555 1386 1575 eam
1398 1547 1464 1576 tolli
1479 1548 1581 1580 altero,
1593 1558 1655 1588 quo
1667 1558 1754 1588 neget
1765 1550 1826 1579 visa
1835 1550 1851 1579 a
1861 1547 1940 1580 falsis
1950 1558 2016 1578 vera
2026 1546 2130 1578 differ—

1165 1596 1197 1615 re
1209 1598 1215 1615 z
1229 1587 1307 1616 nihil
1318 1595 1378 1617 tam
1389 1597 1561 1628 repugnare.
1584 1591 1618 1619 Id
1630 1592 1668 1619 ita
1678 1589 1765 1624 ess‘et,
1782 1589 1802 1620 si
1812 1600 1868 1620 nos
1880 1600 1982 1620 verum
1995 1591 2129 1619 omnino

1167 1628 1354 1658 tolleremus.
1368 1633 1393 1649 ¹¹
1405 1639 1467 1659 non
1481 1630 1607 1660 facimus
1641 1640 1713 1661 tiam
1726 1641 1785 1661 tarn
1795 1641 1863 1662 vera
1876 1631 1966 1672 quam
1978 1630 2049 1661 falsa
2062 1640 2128 1661 cet—

1164 1670 1278 1699 nimus.
1304 1670 1352 1701 sed
1364 1671 1508 1711 probandi
1521 1672 1630 1712 species
1642 1672 1699 1703 est*
1720 1675 1906 1714 percipiendi
1927 1672 2042 1715 signum
2057 1673 2128 1703 nul-

1164 1712 1231 1741 lum
1251 1712 1404 1744 habemus.
1451 1717 1494 1743 Ac
1514 1715 1591 1744 mihi
1612 1714 1716 1745 videor
1734 1718 1829 1746 nimis
1843 1717 1933 1746 etiam
1950 1725 2030 1746 nunc
2043 1725 2127 1755 agere

1158 1754 1272 1794 jejune.
1304 1753 1376 1784 cum
1399 1753 1433 1785 fit
1457 1765 1542 1786 enim
1562 1766 1686 1797 campus
1707 1777 1715 1791 ‚
1747 1760 1779 1788 in
1796 1768 1857 1798 quo
1875 1756 1962 1797 poffit
1981 1757 2128 1788 exsultare

1161 1798 1277 1826 oratio:
1299 1807 1351 1827 cur
1371 1806 1436 1827 eam
1457 1799 1490 1827 in
1510 1807 1602 1829 tantas
1623 1799 1789 1840 angustias,
1811 1800 1889 1829 &in
1904 1800 2061 1829 Stoicorum
2072 1799 2128 1828 du-

1160 1845 1236 1866 meta
1253 1839 1471 1878 compellimus
1489 1844 1499 1871 ?
1523 1838 1542 1869 si
1560 1842 1644 1870 enim
1665 1843 1742 1871 mihi
1769 1851 1839 1871 cum
1858 1842 2053 1881 Peripatetico
2081 1851 2128 1872 res

1162 1878 1254 1913 effet,
1275 1883 1328 1920 qui
1346 1880 1377 1911 id
1387 1883 1499 1920 percipi
1510 1880 1592 1921 poss'e
1602 1881 1730 1916 diceret,
1750 1881 2127 1924 quodimprefl'umefl‘ete

1160 1931 1253 1951 vero:
1274 1931 1373 1962 neque
1392 1922 1544 1953 adhiberet
1561 1924 1646 1953 illam
1669 1934 1808 1966 magnam
1821 1923 2017 1955 accefl'ionem
2029 1945 2037 1958 ‚
2062 1934 2125 1965 quo

1161 1963 1256 1992 modo
1274 1965 1413 2004 imprimi
1429 1974 1494 1994 non
1511 1963 1606 2005 poffet
1624 1965 1639 1995 a
1661 1965 1752 2000 falso:
1771 1976 1843 1996 cum
1857 1966 1985 2006 simplici
1997 1968 2127 1997 homine

1160 2003 1333 2045 simpliciter
1348 2016 1465 2047 agerem
1481 2027 1489 2041 ‚
1510 2017 1566 2037 nec
1581 2017 1760 2049 magnopere
1780 2009 1997 2039 contenderem
2009 2028 2018 2043 ‚
2036 2017 2126 2050 atque

1162 2050 1251 2077 etiarn
1274 2067 1282 2080 ‚
1303 2046 1323 2076 fi
1344 2068 1352 2081 ‚
1372 2047 1443 2078 cum
1464 2059 1521 2090 ego
1540 2048 1618 2079 nihil
1639 2052 1770 2081 dicerem
1790 2050 1873 2091 poffe
1889 2050 2121 2091 comprehendi,

1157 2088 1268 2119 diceret
1278 2089 1343 2123 ille,
1354 2090 1517 2130 sapientem
1530 2091 1681 2122 interdum
1693 2095 1826 2132 opinati:
1840 2102 1904 2122 non
1915 2102 2124 2134 repugnarem:

2149 1724 2198 1758 35*

1158 2131 1320 2171 praesertim
1332 2142 1369 2162 ne
1378 2133 1527 2164 Carneade
1536 2133 1659 2173 quidem
1674 2135 1743 2165 huic
1754 2136 1822 2166 loco
1834 2134 1919 2165 valde
1929 2143 2124 2175 repugnante:
2165 2139 2167 2141 ’

1162 2183 1244 2203 nunc
1265 2174 1338 2213 quid
1358 2173 1453 2204 facere
1475 2174 1617 2215 poss‘um?
1637 2179 1747 2216 Qaero
1770 2179 1855 2207 enim
1867 2196 1875 2210 ,
1892 2176 2007 2218 quidfit
2020 2197 2029 2210 ‚
2047 2176 2126 2218 quod

1157 2216 1346 2255 comprehendi
1361 2215 1449 2257 poffit.
1486 2217 1646 2257 respondet
1665 2220 1744 2248 milii
1767 2228 1834 2249 non
1852 2218 2050 2252 Aristoteles,
2070 2226 2122 2249 aut

1158 2257 1382 2297 Theophrastus
1395 2279 1402 2291 ‚
1416 2268 1453 2289 ne
1465 2261 1648 2290 Xenocrates
1659 2260 1796 2301 quidem,
1809 2270 1857 2291 aut
1867 2261 1995 2291 Polemo
2007 2280 2015 2294 ‚
2031 2264 2058 2280 ¹²
2068 2259 2119 2290 sed

1158 2300 1235 2328 mihi
1248 2302 1351 2330 minor
1362 2300 1424 2335 est3
1442 2302 1498 2331 tale
1508 2311 1612 2331 verum
1627 2322 1635 2335 ‚
1656 2304 1744 2343 quale
1757 2302 1864 2333 falsum
1875 2300 1932 2332 esse
1943 2312 2007 2333 non
2018 2300 2113 2342 poffit·

1159 2342 1247 2370 Nihil
1263 2342 1415 2382 ejusmodi
1435 2345 1570 2373 invenio.
1592 2346 1729 2384 ¹3itaque
1742 2347 1774 2375 in
1785 2346 1958 2386 cognitione
1970 2345 2119 2374 nimirum

1158 2381 1314 2419 ass'entiar,
1335 2385 1366 2415 id
1387 2383 1450 2419 est,
1476 2385 1632 2426 opinabor.
1657 2388 1714 2417 hoc
1723 2387 1844 2417 mihi&
1857 2387 2064 2428 Peripatetici,
2085 2385 2125 2416 δε

2035 2436 2123 2459 vetus

1190 2502 1219 2528 9.
1242 2496 1346 2519 Habere!
1357 2496 1488 2528 cognitionis
1498 2497 1607 2529 mltum]
1629 2496 1686 2522 Pal.
1697 2495 1746 2522 sec.
1758 2497 1925 2528 recognitionis.
1947 2487 1949 2494 ἲ

1193 2548 1236 2565 10.
1256 2540 1317 2564 Illud
1325 2549 1352 2565 ca
1363 2539 1411 2565 rea
1424 2540 1526 2575 fieffin]
1548 2540 1661 2568 Videtur
1672 2549 1699 2565 ea
1710 2550 1733 2565 re
1746 2560 1752 2571 ‚
1772 2539 1822 2566 effe
1833 2538 1960 2574 spurium.
1981 2543 2053 2566 certe
2066 2549 2118 2567 iton

1151 2583 1288 2611 comparet
1299 2576 1324 2602 iii
1336 2575 1394 2602 Pal.
1404 2576 1453 2602 sec.
1465 2578 1511 2613 qui
1527 2584 1613 2603 tamen
1629 2577 1707 2603 habet
1717 2576 1888 2609 illudeiscsefe.

1199 2628 1208 2646 1
1218 2629 1225 2645 i
1234 2640 1240 2646 .
1261 2623 1312 2646 Non
1321 2621 1437 2653 facimus.
1452 2629 1508 2646 nam
1518 2628 1567 2646 ram
1577 2630 1650 2653 vera,
1660 2621 1728 2655 dnn]
1750 2619 1806 2646 Pal.
1818 2618 1867 2647 sec.
1878 2621 2046 2662 nonsaslnitxae3
2055 2630 2117 2647 yion:

1132 2665 1133 2672 ¹
1151 2662 1202 2681 tam
1212 2665 1286 2687 vera,
1298 2656 1349 2687 dvc.
1369 2656 1441 2691 quod
1455 2657 1556 2683 malim.

1193 2708 1236 2726 η.
1257 2700 1301 2726 sed
1310 2702 1368 2726 mibi
1376 2703 1451 2726 minor
1461 2702 1497 2726 er?
1506 2712 1515 2733 ,-
1525 2702 1573 2726 tale
1582 2698 1694 2733 verum]
1716 2700 1806 2726 Locus
1818 2698 2007 2726 vexatiffimus.
2019 2708 2046 2726 re
2068 2708 2116 2726 rae-

1150 2734 1330 2771 sentav‘iquod
1341 2736 1435 2763 eratin
1447 2736 1506 2762 Pal.
1526 2736 1606 2772 prim.
1626 2745 1710 2771 neque
1721 2736 1807 2762 abibat
1818 2735 1867 2761 lec.
1890 2738 1970 2770 quain
1986 2745 2044 2771 quo
2079 2737 2115 2768 is,

1142 2772 1189 2805 fid
1206 2773 1263 2797 mlh}
1274 2775 1373 2797 minores
1393 2773 1441 2797 tale
1459 2782 1560 2798 verum:
1581 2772 1739 2808 volebatque
1759 2772 1883 2799 ultimum
1895 2772 1961 2797 istud
1973 2772 2116 2798 Turnebus

191 2826 221 2851 5.
239 2819 395 2851 aruspicum
405 2817 538 2851 auspicia]
560 2817 587 2843 s·
598 2815 672 2843 Vi&.
682 2818 823 2849 „aspa-m,
844 2816 935 2842 mffim
949 2835 958 2848 ν
977 2819 1112 2852 aruspicia,
1152 2807 1200 2834 lib.
1213 2817 1277 2836 xvi.
1288 2806 1402 2834 Advers.
1413 2817 1468 2844 cap.
1485 2807 1526 2834 18.
1538 2808 1558 2834 f.
1570 2810 1584 2835 a
1597 2818 1683 2849 primo
1695 2808 1799 2835 videtui·
1811 2809 1875 2835 stare
1885 2807 1970 2834 codex
1982 2809 2008 2833 S.
2020 2807 2117 2835 Victo-

151 2855 269 2886 auspicia,
278 2855 328 2886 &a
348 2853 376 2879 &
390 2855 452 2879 vero
465 2854 522 2880 Pal.
532 2853 583 2879 see.
594 2852 671 2879 habet
682 2855 815 2886 auspicum
827 2856 960 2887 aruspicia.

188 2888 215 2915 6.
237 2892 287 2915 Non
300 2892 388 2923 poterit
404 2891 478 2915 eodem
489 2891 549 2915 modo
566 2891 674 2922 insipere.
695 2887 791 2915 Forsan
803 2896 857 2915 tres
879 2898 956 2915 voces
973 2888 1110 2927 superfluae

155 2922 226 2950 sunt,
245 2924 303 2952 saii'c
315 2925 371 2953 Pal.
383 2935 423 2962 pr.
435 2926 512 2953 habet
521 2926 676 2958 eoa'cmstudio
685 2926 731 2958 ἱππ-[ζ

185 2967 216 2993 7.
235 2961 439 2996 Videsuperiom]
459 2962 525 2989 Aldi
536 2961 645 2989 senioris
664 2961 749 2988 editio
759 2961 820 2986 unde
831 2961 971 2994 fiarerion‘e.
991 2961 1042 2988 Sed
1062 2961 1110 2989 ad-

151 2994 251 3022 sentior
261 2997 354 3023 Paullo
365 2999 498 3031 Manufio,
508 2998 650 3025 arbitranti
660 2997 879 3024 adiiotamentuni
892 2997 1012 3024 lectoris.

188 3030 217 3058 8.
237 3035 331 3059 Herculi
337 3035 454 3068 quendam
464 3037 563 3061 laborem
573 3034 751 3068 exambitum]
773 3034 815 3059 Sic
824 3043 917 3060 omnes
929 3034 1021 3066 nosti-i,
1037 3033 1110 3070 quod

151 3066 184 3094 ad
206 3077 294 3094 vocem
313 3070 423 3104 primam
442 3072 540 3098 attinet
551 3090 559 3103 ‚
578 3071 648 3107 quod
669 3072 696 3097 &
716 3070 748 3097 de
760 3070 810 3096 suis
829 3071 934 3096 monuit
955 3070 1110 3098 Lambinus.

147 3104 259 3140 antique
278 3113 326 3140 pro
337 3107 452 3131 Herculis.
474 3107 594 3133 ultimam
612 3106 759 3134 <lichenem
779 3105 865 3133 sei-vat
875 3107 998 3133 omnibus
1011 3107 1108 3134 littei-is

149 3140 207 3166 Pal.
219 3141 268 3167 sec.
289 3149 347 3167 nam
359 3150 400 3177 pr.
419 3143 583 3168 madulanum
593 3145 620 3169 S.
632 3143 704 3170 Vie't.
713 3144 876 3170 exaridarum.
898 3152 956 3178 quae
967 3152 1054 3170 tamen
1064 3143 1107 3170 di-

150 3176 256 3222 ferfitas
266 3175 367 3205 aceedit
376 3176 410 3206 ad
419 3180 570 3206 melam
578 3180 674 3214 magis,
685 3182 767 3215 quam
777 3179 893 3208 aliorum
901 3182 1062 3207 exantlatum.

1152 2844 1187 2870 ris
1198 2853 1206 2874 ς
1234 2854 1320 2880 neque
1331 2842 1430 2870 recedit
1440 2843 1524 2870 editio
1534 2843 1697 2871 Visioriana.
1720 2844 1806 2871 Aldu-³
1818 2844 1902 2872 senior
1913 2843 2038 2880 expreffit
2050 2853 2058 2876 3
2072 2846 2118 2878 sed

1149 2882 1214 2906 m'ht!
1220 2883 1312 2906 minor:
1331 2881 1392 2915 quod
1407 2882 1443 2906 ef?
1458 2881 1506 2905 tale
1514 2890 1608 2907 verum.
1623 2881 1744 2916 Junior3
1760 2881 1804 2914 sed
1811 2883 1883 2907 m'lxlo
1901 2883 1992 2906 minor:
2010 2881 2070 2914 quod
2078 2883 2115 2906 eff

1150 2918 1199 2942 tale
1208 2926 1302 2942 verum.
1323 2926 1333 2940 w
1342 2916 1450 2951 ulgatur
1462 2915 1517 2942 fere
1530 2927 1535 2942 :
1552 2917 1596 2950 sed
1603 2918 1757 2943 nihilmiror:
1777 2918 1838 2951 quod
1846 2919 1880 2943 ei?
1889 2918 1945 2942 tale.
1966 2916 2127 2943 Lanibiuus'

1152 2952 1246 2979 maluit
1258 2971 1267 2984 ‚
1279 2953 1401 2986 sednihilo
1410 2956 1498 2984 minet:
1520 2953 1561 2986 effe
1577 2955 1626 2979 tale
1635 2962 1733 2979 verum:
1754 2954 1826 2987 cujus
1840 2961 1927 2980 tamen
1938 2952 2014 2979 adeat
2024 2959 2114 2985 iiotaS,

1151 2989 1196 3024 qui
1209 2989 1299 3015 videre
1309 2990 1367 3015 vult
1387 2987 1542 3016 :iiidabatani
1559 2997 1721 3026 pugnantem
1741 2999 1800 3017 cuin
1822 2989 1913 3017 umbra
1931 2988 2015 3016 divini
2033 2989 2119 3026 plane-

1152 3027 1193 3052 Tu
1199 3024 1271 3052 ruebi
1278 3045 1284 3050 .

1191 3079 1233 3107 ις.
1251 3075 1336 3106 Iraque
1344 3074 1370 3098 in
1380 3074 1503 3105 cognitione
1511 3074 1623 3098 nimirum
1631 3073 1754 3106 adsentiar
1767 3072 1779 3106 ]
1794 3071 1942 3099 sx'istorxs
1955 3072 1981 3098 δε
1994 3072 2050 3098 Pal.
2062 3071 2113 3099 sec.

1150 3110 1250 3133 mirum.-
1271 3108 1336 3134 adeo
1348 3115 1375 3134 ut
1389 3118 1438 3136 non
1450 3109 1561 3136 omnino
1571 3108 1680 3135 absurde
1692 3110 1837 3136 Lambinu·;
1852 3128 1859 3139 ,
1878 3112 1962 3141 ltaque
1981 3111 2007 3134 in
2027 3112 2111 3141 cognita

1151 3146 1264 3169 nimirum
1274 3145 1404 3178 adfimiar.
1425 3144 1467 3172 sed
1477 3155 1530 3173 uon
1540 3144 1603 3173 ideo
1612 3153 1701 3173 rameii
1714 3144 1784 3173 idem
1796 3146 1898 3173 inferre
1915 3144 2029 3172 debebat
2049 3144 2111 3169 im-

1152 3179 1252 3208 fuiidiis
1261 3180 1378 3208 auctoris
1384 3200 1391 3207 .

2044 3224 2066 3242 i.
2077 3216 2110 3240 Et
