2295 3400
184 165 285 216 404
594 139 1108 192 M.TU1,L11

184 236 257 267 viris
270 232 342 274 {qui
354 250 362 266 ,
375 230 472 262 audita
482 237 511 259 re
523 247 531 260 ,
542 225 713 266 frequentes
721 224 757 256 ad
769 235 817 256 me
829 234 917 256 mane
926 229 1143 257 convenerant,

188 277 323 308 litterasa
342 283 390 304 mc
399 274 480 312 prius
490 270 614 310 aperiri,
632 278 722 309 quam
742 272 752 288 ¹
765 267 801 298 ad
824 267 960 298 senatum
979 264 1143 298 referrem,

187 319 315 361 placeret
328 327 333 344 :
353 325 392 344 ne
404 335 412 347 ,
437 311 458 342 si
468 311 546 342 nihil
556 308 626 340 ess'ct
636 313 798 340 inventum
810 329 818 343 .
839 307 978 339 temerea
987 317 1037 337 me
1046 315 1146 337 tantus

189 359 338 392 tumultus
353 354 482 395 injeetus
493 354 606 383 civitati
614 351 781 383 videretur:
804 352 911 392 negavi
923 359 972 380 me
982 347 1039 380 esse
1050 348 1146 379 ἕεᾶιι-

192 411 260 433 rum
278 420 286 433 ‚
305 408 337 428 ut
347 397 383 428 de
398 392 654 439 periculopublico,
680 393 789 424 nonad
807 391 968 423 consilium
987 391 1143 432 publicum

192 453 255 474 rem
268 444 412 480 integram
422 436 580 468 deferrem.
604 437 725 467 Etenim
736 454 744 468 ,
766 436 900 475 Qiirites
910 454 917 467 ,
937 432 999 465 siea
1009 453 1018 466 ‚
1038 442 1103 474 quae
1114 442 1145 462 e-

191 492 255 514 innt
264 483 299 512 ad
309 492 358 512 me
368 480 463 511 delata
473 499 481 513 ‚
502 487 613 519 reperta
624 487 688 507 non
701 475 795 507 essent
807 487 812 505 :
833 485 935 506 tamen
945 485 1000 517 ego
1019 484 1083 519 non
1101 483 1145 503 ar-

189 524 319 556 bitrabar
331 525 362 553 'in
370 523 458 552 tantis
468 520 584 560 reipub·
595 519 735 559 periculis
746 519 823 548 mihi
835 516 892 548 effe
900 518 1021 546 nimiam
1029 516 1148 555 dingen-

192 567 270 596 tiam
282 562 561 606 pertimescendam.
584 564 727 592 Senatum
738 559 928 602 frequentem
943 559 1096 591 celeriter,
1117 565 1149 586 ut

189 607 308 639 vidistis
320 627 328 639 ‚
349 607 444 646 co'e'gi.
468 607 567 645 Atque
576 604 687 633 interea
696 601 794 632 statim
807 622 815 635 ‚
835 601 995 631 admonitu
1007 599 1150 644 Allobrof

194 660 267 680 eum
279 670 287 684 ,
309 651 341 678 C.
353 647 520 687 Sulpicium
532 665 540 678 ‚
552 654 708 685 praetorem
721 663 730 677 ,
748 643 858 687 fortem
869 644 967 673 virum
979 663 987 676 ,
1001 640 1069 672 misi
1079 660 1087 674 ,
1098 650 1151 686 qui

193 675 233 722 te'x
242 691 357 722 aedibus
368 690 490 729 Cethegi
503 708 512 721 ,
531 685 551 716 si
560 686 632 727 quid
644 686 773 716 telorum
784 684 853 715 esset
864 706 873 718 ,
899 683 1150 723 efferret.exqu1-

195 734 251 764 bus
271 733 322 763 ille
342 733 514 761 maximum
528 727 650 758 sicarum
665 737 827 757 numerum
839 747 847 760 ,
875 726 907 756 δε
917 725 1085 770 gladiorum
1097 733 1149 754 ex-

152 777 176 808 4
197 776 277 805 tulit.
301 772 461 803 Introduxi
471 770 665 800 Vulturcium
677 768 735 799 sine
747 770 841 799 Gallis
853 779 857 797 z
868 768 954 806 fidem
964 765 1148 808 eipuhlimm,

191 816 274 858 juss‘u
287 816 399 846 senatus
415 833 425 847 ,
444 812 531 843 dedi:
552 813 685 841 hortatus
699 811 784 844 sum,
804 819 837 840 ut
846 820 890 843 ea,
916 820 981 850 quae
992 810 1094 842 sciret,
1115 806 1152 854 si-

196 868 235 889 ne
246 861 355 888 timore
366 856 519 886 indicaret.
541 857 556 873 ²
567 856 650 884 Tum
662 853 712 883 ille
722 872 730 886 ‚
750 850 822 883 cum
833 854 887 882 vix
899 852 925 881 se
935 861 973 881 ex
983 860 1094 891 magno
1105 858 1151 896 ¹ti-

196 909 284 930 more
294 895 465 938 recepisset,
487 896 582 926 dixit:
607 896 622 924 a
640 897 670 925 Ρ.
683 894 814 924 Lentulo
826 894 853 924 se
873 893 978 923 habere
996 892 1032 922 ad
1047 891 1153 922 Catili-

161 957 163 959 ·
190 951 268 973 siam
280 941 438 972 mandata,
460 938 493 968 &
512 937 640 970 litteras,
659 945 692 966 ut
705 936 852 975 servarum
864 934 982 977 prasidio
999 942 1147 966 uteretur,

198 984 233 1014 &
241 983 277 1014 ad
288 983 394 1012 urbem
405 976 633 1021 quamprimum
643 988 714 1007 cum
725 979 856 1007 exercitu
866 976 1032 1006 accederet:
1050 975 1081 1005 id
1101 984 1153 1004 au-

196 1035 262 1056 tem
275 1034 312 1055 co
330 1021 458 1054 consilio
470 1041 478 1054 ,
499 1029 550 1052 ut,
569 1018 640 1050 cum
660 1019 766 1049 urbem
782 1018 928 1048 omnibus
944 1028 983 1048 ex
999 1017 1132 1057 partibus
1144 1035 1152 1049 ‚

196 1063 461 1108 quemadmodum
480 1062 681 1101 descriptum,
698 1060 952 1101 distributumque
962 1069 1040 1092 erat,
1061 1069 1153 1087 meen-

195 1108 295 1146 diffint
310 1126 318 1141 ,
330 1106 502 1145 caedemque
515 1101 668 1132 infinitam
681 1104 797 1133 civium
809 1101 942 1132 fecissent
952 1112 957 1130 ;
969 1099 1073 1141 praesto
1084 1099 1154 1129 esset

197 1151 251 1181 ille
260 1170 269 1183 .
296 1150 348 1190 qui
359 1149 391 1177 &
401 1147 558 1188 fugienteis
571 1146 737 1184 exciperet,
750 1144 783 1173 ὃς
794 1145 821 1174 se
831 1154 900 1173 cum
912 1144 958 1172 his
968 1142 1087 1172 urbanis
1096 1141 1153 1171 du-

195 1192 284 1223 cibus
297 1190 500 1229 conjungeret.
525 1185 693 1216 introducti
709 1195 810 1216 autem
824 1185 923 1218 Galli,
942 1182 1151 1223 jusjurandum

194 1232 253 1263 sibi
265 1253 275 1265 ‚
297 1232 452 1262 &litteras
465 1228 665 1259 aP.Lentulo
679 1247 687 1262 ‚
706 1228 837 1268 Cethego
851 1246 859 1259 ‚
879 1226 996 1256 Statilio
1014 1225 1049 1255 ad
1069 1225 1152 1254 suam

195 1283 318 1315 gentem
335 1272 414 1303 dms
433 1268 490 1301 effe
508 1269 667 1300 dixerunt:
686 1279 774 1310 atque
784 1271 824 1298 ita
835 1266 888 1297 fibi
898 1268 933 1298 ab
943 1268 989 1296 his
1000 1286 1011 1300 ,
1032 1267 1066 1296 &
1080 1269 1096 1296 a
1115 1267 1150 1295 L.

198 1314 297 1347 Cass'io
308 1313 366 1344 effe
376 1313 578 1355 praescriptum
590 1331 599 1345 ,
610 1320 642 1342 ut
651 1312 815 1352 equitatum
825 1311 858 1339 in
868 1310 985 1340 Italiam
992 1318 1081 1349 quam
1092 1309 1152 1348 pri—

200 1356 292 1388 mum
307 1358 469 1386 mitterent:
482 1352 641 1394 pedestreis
650 1352 703 1383 fibi
710 1353 811 1392 copias
821 1361 885 1381 non
894 1350 1045 1381 defuturas
1057 1352 1154 1380 :Len-

197 1400 299 1430 tulum
308 1407 408 1428 autem
428 1395 480 1426 sibi
490 1393 676 1426 confirmass‘e
699 1398 710 1421 3
724 1404 762 1424 ex
771 1392 838 1424 fatis
848 1393 1004 1433 Sibyllinis
1013 1412 1022 1426 ‚
1040 1392 1152 1432 aruspi-

194 1450 328 1482 cumque
346 1436 489 1480 responsis
506 1437 533 1467 se
543 1434 599 1467 esse
614 1439 736 1468 tertium
756 1435 847 1465 illum
862 1437 1073 1465 Coum-:mma
1084 1454 1092 1467 ‚
1115 1431 1150 1478 ad

195 1493 289 1524 quern
303 1491 429 1523 regnum
441 1480 527 1520 hujus
539 1479 628 1513 urbis,
650 1487 736 1519 atque
745 1477 909 1517 imperium
919 1478 1074 1516 pervenire
1084 1473 1155 1504 esset

198 1523 330 1556 necesse:
355 1526 486 1554 Cinnam
506 1529 574 1551 ante
590 1521 618 1551 se
629 1541 638 1554 ‚
662 1520 695 1551 &
712 1519 826 1550 Sullam
842 1517 945 1548 fuiffe:
963 1517 1153 1557 eundemque

199 1565 309 1597 dixisse
320 1585 329 1598 ,
341 1564 466 1604 fatalem
483 1564 564 1592 hunc
583 1561 641 1592 effe
658 1570 774 1592 annum
783 1559 819 1590 ad
839 1561 994 1590 interitum
1006 1560 1095 1599 hujus
1106 1569 1154 1588 ur-

197 1609 248 1640 bis
260 1628 269 1641 ,
290 1616 374 1648 atque
383 1606 504 1645 imperii
514 1624 522 1637 ‚
533 1606 585 1644 qui
594 1603 665 1634 ess’et
672 1603 808 1633 decimus
819 1611 914 1632 annus
926 1601 991 1641 post
999 1603 1152 1642 virginum

198 1649 425 1681 absolutionem
440 1667 448 1681 ‚
470 1645 537 1687 post
551 1645 690 1686 Capitolii
705 1653 803 1675 autem
827 1642 1031 1674 incensionem
1050 1641 1155 1673 vicesi-

200 1701 280 1722 mus.
293 1693 378 1721 Hanc
386 1698 485 1720 autem
501 1689 633 1728 Cethego
645 1697 715 1718 cum
726 1687 830 1716 ceteris
837 1683 1067 1716 controversiam
1079 1683 1154 1715 fuis-

200 1734 230 1764 se
241 1733 383 1764 dixerunt
398 1730 523 1771 “quod‚
550 1729 679 1761 Lentulo
691 1748 699 1762 ,
728 1728 837 1758 &aliis
851 1748 860 1761 ‚
880 1727 1083 1758 Saturnalibus
1099 1736 1155 1757 cae-

201 1775 274 1806 dem
284 1773 367 1808 fieri,
379 1782 465 1814 atque
475 1773 580 1802 urbem
592 1770 714 1801 incendi
723 1770 848 1810 placeret
861 1781 870 1803 5
881 1770 1012 1810 Cethego
1020 1770 1155 1798 nimium

161 1826 182 1857 5
203 1817 232 1848 id
245 1817 371 1856 longum
382 1815 487 1844 videri.
513 1817 572 1847 Ac,
592 1823 630 1843 ne
650 1813 776 1854 longum
788 1809 839 1844 fit,
861 1812 1013 1848 Quirites,
1039 1810 1157 1840 stabel—

199 1860 243 1890 las
254 1858 378 1899 proferri
384 1854 524 1896 jussimus
535 1875 542 1889 ‚
557 1865 622 1896 quae
632 1854 647 1884 a
656 1863 777 1894 quoque
787 1852 960 1882 dicebantur
977 1851 1061 1882 datae.
1093 1853 1157 1883 Pri-

201 1899 293 1931 mum
309 1898 496 1929 ostendimus
506 1899 637 1937 Cethego
648 1896 780 1936 fignum:
792 1894 934 1934 cognovit.
959 1890 976 1913 ⁶
988 1903 1044 1923 nos
1055 1894 1155 1924 linum

197 1942 384 1973 incidimus:
403 1940 543 1981 legimus.
563 1947 622 1968 erat
631 1937 771 1977 scriptum
781 1935 868 1976 ipsius
878 1945 991 1969 nianu3
1013 1935 1158 1965 Allobro-

200 1994 275 2027 gum
287 1983 397 2014 senatui
409 2001 418 2015 ,
443 1981 476 2011 ὃς
486 1980 600 2021 populo
611 1999 621 2013 ‚
640 1979 697 2010 sese
708 1998 717 2012 ,
738 1987 803 2018 quae
819 1987 924 2007 eorum
936 1977 1035 2018 legatis
1043 1975 1156 2007 confir-

203 2023 324 2058 rnass‘ct,
343 2023 401 2054 esse
410 2022 576 2053 fa&urum:
600 2031 682 2052 orare
693 2040 702 2054 ‚
718 2029 751 2050 ut
767 2021 841 2049 item
860 2018 907 2048 illi
924 2017 1071 2053 facerent,
1091 2029 1156 2059 quae

202 2067 258 2097 sibi
268 2067 355 2108 legati
366 2075 471 2096 eorum
483 2060 691 2105 praecepissent.
707 2065 791 2093 Tum
803 2061 948 2101 Cethegus
959 2080 968 2094 ‚
986 2065 1000 2089 7
1011 2062 1062 2102 qui
1072 2060 1158 2101 paul-

202 2108 235 2140 lo
247 2119 314 2139 :inte
323 2107 436 2148 aliquid
448 2107 483 2137 de
493 2106 615 2147 gladiis,
623 2115 654 2135 ac
665 2103 809 2145 sicis‚quae
818 2102 894 2144 apud
905 2102 1004 2142 ipsum
1013 2112 1095 2133 erant
1105 2102 1157 2132 de-

198 2151 369 2193 prehensae,
387 2146 604 2189 respondisset,
623 2144 822 2186 dixissetque,
844 2144 870 2174 se
880 2144 995 2184 semper
1004 2144 1157 2175 bonorum

201 2194 454 2225 ferramentorum
466 2189 635 2220 studiosum
644 2185 730 2218 fuiss'e
744 2198 748 2216 :
768 2187 892 2216 recitatis
904 2186 1009 2216 litteris
1020 2186 1158 2216 debilita-

201 2243 250 2267 tus
267 2255 274 2267 ,
292 2242 379 2274 atque
397 2232 529 2269 abienus
540 2251 549 2266 ,
567 2229 732 2270 confidentia
742 2226 886 2257 convistm
898 2247 906 2260 ‚
926 2229 1047 2267 repente
1058 2229 1157 2258 conti-

201 2278 275 2308 cuit.
298 2273 490 2305 Intmdutstus
502 2274 630 2304 Statilius
640 2291 651 2305 ‚
674 2270 822 2311 cognovit
832 2278 957 2298 manum
968 2288 976 2302 ‚
997 2269 1029 2299 &
1040 2268 1157 2310 signum

202 2319 301 2349 suum.
326 2314 666 2347 Recitataesunttabellae
685 2314 719 2342 in
733 2310 858 2341 eandem
877 2309 938 2339 fere
957 2310 1154 2340 sententiam:

201 2357 353 2392 confessus
363 2356 414 2387 est.
438 2359 521 2387 Tum
533 2354 649 2386 ostendi
668 2353 788 2384 tabellas
798 2351 930 2382 Lentulo
943 2361 948 2380 :
972 2350 1133 2392 &quaesivi
1145 2371 1154 2384 ,

200 2400 432 2438 cognosceretne
448 2397 576 2439 signum.
609 2396 735 2426 Annuit.
768 2392 819 2425 Est
835 2391 908 2423 vero
919 2412 927 2425 ,
958 2394 1081 2433 inquam
1092 2412 1100 2427 ,
1119 2391 1155 2421 fi-

203 2434 298 2484 gisum
308 2441 434 2483 quidem
444 2448 552 2470 notum
564 2460 573 2473 ‚
598 2440 698 2479 imago
713 2437 760 2467 avi
771 2437 814 2466 tui
825 2455 834 2469 ‚
851 2430 1004 2465 clarissimi
1013 2437 1070 2465 viri
1082 2454 1090 2468 ‚
1102 2435 1155 2475 qui

202 2486 315 2519 amavit
333 2485 419 2513 unice
437 2484 560 2523 patriam
572 2501 581 2515 ‚
611 2481 644 2510 &
661 2481 754 2509 civeis
767 2478 854 2508 suos:
874 2486 940 2517 quae
956 2476 1080 2517 quidem
1095 2484 1122 2506 te
1142 2474 1158 2505 a

204 2535 286 2556 tanto
308 2525 414 2556 scelere
430 2524 518 2554 etiam
536 2530 617 2551 mura
637 2529 776 2551 revocare
793 2519 904 2549 debuit.
937 2519 1098 2565 Leguntur.
1110 2527 1158 2547 ea-

206 2568 276 2598 dem
285 2569 397 2597 ratione
407 2566 443 2598 ad
460 2566 595 2597 senatum
616 2563 834 2603 Allobrogum,
853 2560 1060 2602 populumque
1080 2559 1160 2590 litte-

247 2681 257 2697 1
266 2692 271 2698 .
291 2674 454 2706 cA-lfinarum
464 2674 707 2708 refert-emplastra]
731 2674 774 2701 Est
790 2675 804 2700 :i
818 2672 874 2700 Pali
885 2671 934 2699 sec.
946 2681 1009 2699 non.
1019 2671 1123 2698 Uverd.
1138 2672 1166 2697 &

206 2708 283 2735 libris
305 2710 414 2736 Mureti.
436 2720 520 2746 neque
538 2710 615 2737 aliter
634 2712 661 2737 in
681 2710 782 2737 excusis
804 2711 819 2736 a
839 2709 962 2736 Manutio
971 2716 1016 2736 aut
1027 2708 1168 2735 Lambino.

210 2745 284 2781 prius
297 2744 362 2770 editi
376 2764 383 2776 ‚
405 2747 497 2778 referri.

248 2789 275 2806 2.
291 2782 347 2806 'mm
355 2783 391 2806 ille
403 2800 411 2812 ,
423 2791 473 2806 cnm
483 2783 559 2815 vixse
569 2791 598 2807 ex
607 2791 688 2815 magno
695 2789 783 2815 pavore
794 2782 907 2815 receptffet
918 2800 926 2813 ,
944 2780 1031 2815 dixin]
1054 2780 1096 2807 Est
1108 2781 1123 2807 ix
1133 2780 1168 2806 li-

209 2815 260 2843 bro
271 2817 382 2842 Mureti.
404 2818 509 2843 malleni
520 2817 605 2850 adhuc
614 2817 710 2844 aberret
722 2838 729 2850 ,
741 2819 812 2844 dixit.
835 2817 936 2853 vulgati
946 2817 1067 2851 recreaffct
1078 2835 1086 2849 ,
1097 2815 1168 2852 quod

211 2852 239 2880 in
251 2853 343 2879 nostris
355 2852 455 2889 seriptis
468 2853 500 2879 ad
511 2855 591 2879 unum
603 2854 735 2880 omnibus.

249 2896 275 2923 3.
296 2890 400 2921 Exsam
410 2890 548 2923 stlyllinis]
571 2891 667 2916 Carrio
679 2890 739 2916 lib.i
748 2897 757 2916 ι
767 2898 789 2915 i.
801 2889 896 2925 Antiq.
907 2887 972 2915 left.
983 2887 1067 2924 caph.
1079 2896 1170 2913 emen-

208 2923 257 2950 dat
269 2933 302 2950 ex
313 2924 508 2957 Genibl.sastir‚
517 2924 586 2960 quod
598 2926 625 2950 δέ
637 2926 774 2952 inventum
785 2925 812 2951 in
826 2926 900 2951 Hitt.
912 2925 938 2951 in
950 2923 1053 2950 Uvenl.
1063 2924 1171 2950 Guliel-

211 2960 280 2988 mius
292 2959 326 2985 set
338 2960 421 2991 uitur,
435 2968 484 2986 tani
498 2961 554 2986 heic
565 2970 641 2996 quani
653 2961 733 2988 infra.
753 2970 803 2997 ego
814 2968 891 2987 tueor
902 2969 960 2986 rece
980 2967 1033 2986 tani
1044 2959 1078 2985 ob
1089 2959 1170 2985 ratio-

213 3005 259 3024 nes
271 2969 410 3032 produistis
423 2996 455 3022 ab
465 2997 549 3022 amico
559 2997 769 3034 iiostroJoseplio
780 2997 929 3024 Castalione
940 2997 959 3022 li
979 3005 1008 3023 ro
1023 3005 1046 3023 i.
1059 2994 1172 3022 Obierv.

214 3041 271 3068 cap.
284 3039 310 3066 3.
324 3032 368 3066 qui
380 3031 498 3058 adeatur.

249 3075 276 3100 4.
306 3067 374 3099 Qod
391 3070 489 3093 Lentulo
501 3087 508 3099 ,
527 3067 556 3097 (θ’
565 3067 619 3093 aliis
632 3087 639 3099 ,
650 3069 701 3098 (isc.
731 3070 819 3102 longum
837 3068 944 3102 videri]
972 3069 984 3094 1
987 3075 1013 3094 ta
1031 3074 1084 3093 tres
1104 3066 1173 3093 Pau.

214 3104 243 3129 8<
256 3103 329 3129 Hitt.
344 3103 448 3130 Uverd.
461 3113 508 3129 nee
520 3113 570 3130 non
581 3103 664 3129 editio
674 3104 792 3139 princeps
806 3123 813 3136 ,
826 3104 872 3130 nisi
883 3103 953 3140 quod
964 3104 987 3130 ei
998 3103 1096 3130 deesset
1107 3101 1173 3128 illud

213 3140 245 3202 (ἶ
255 3139 319 3165 aldit.
337 3139 411 3177 prius
421 3138 536 3178 iinpreffi
547 3148 556 3174 5
577 3140 637 3177 quod
646 3140 695 3167 clam
704 3141 803 3168 Lcmnlo
811 3140 841 3173 ὰ
849 3141 930 3171 celeth
939 3159 950 3175 ,
967 3141 1019 3173 ἅτ.
1034 3141 1123 3176 longum
1131 3142 1175 3167 ‘vt'-

234 3182 324 3204 untur.

1188 137 1729 188 C1czssours

1187 231 1235 253 rae.
1250 219 1270 251 si
1280 220 1352 263 quid
1360 220 1396 252 de
1405 223 1453 252 his
1462 221 1549 253 rebus
1558 222 1656 254 dicere
1665 223 1768 258 vellet,
1778 221 1836 254 feci
1845 221 2032 265 potestatem.
2044 225 2145 266 Atque

1187 264 1240 294 illc
1248 262 1350 304 primo
1360 264 1485 305 quidem
1494 268 1612 306 negavit
1621 285 1630 299 ,
1640 264 1707 306 post
1719 275 1817 296 autem
1829 267 1996 307 aliquanto,
2007 274 2072 296 toto
2081 267 2147 305 jam

1189 305 1306 336 indicio
1316 305 1451 346 exposito
1461 326 1470 341 ,
1496 315 1584 348 atque
1593 307 1674 337 edito
1686 327 1694 341 ‚
1709 308 1835 338 surrexit
1847 318 1852 337 :
1862 306 1995 349 quaesivit
2005 307 2020 338 a
2037 308 2144 341 Gallis,

1190 347 1262 389 quid
1274 346 1326 377 sibi
1338 346 1409 379 ess'et
1427 358 1497 378 cum
1512 350 1549 378 iis
1565 360 1569 378 :
1591 349 1789 390 quamobrem
1801 349 1930 380 domum
1951 350 2033 380 suam
2045 348 2146 379 venis-

1190 389 1616 430 sent3itemqucaVulturcio.
1641 392 1693 431 qui
1713 390 1785 420 cum
1798 392 1843 421 illi
1856 391 2000 424 breviter,
2022 389 2147 426 constan-

1193 439 1233 460 ter
1255 441 1288 459 ue
1297 430 1512 471 respondissent
1526 452 1534 465 ,
1558 442 1608 472 pei·
1626 441 1717 472 quern
1736 433 1771 462 ad
1788 443 1859 462 eum
1871 452 1879 466 ,
1900 432 2075 474 quotiesque
2094 441 2148 462 ve-

1193 442 1303 502 nissent
1317 483 1322 501 :
1339 471 1560 513 quaesislentquc
1569 474 1605 503 ab
1617 484 1674 507 eo,
1697 474 1815 504 nihilne
1827 475 1927 504 secum
1938 474 2007 505 ess'et
2023 475 2060 504 de
2078 473 2148 504 satis

1189 515 1348 554 Sibyllinis
1364 514 1497 544 locutus:
1510 516 1636 545 tuniille
1651 513 1762 549 subito,
1775 516 1880 545 scelere
1891 515 2027 549 demens,
2039 525 2149 561 quanta

1194 556 1360 595 conscientia
1369 566 1410 584 vu
1421 555 1492 586 ess'ct
1502 576 1510 589 ‚
1525 556 1666 586 ostendit.
1690 567 1771 590 nam,
1787 556 1857 587 cum
1868 558 1898 587 id
1909 557 2146 597 posl'etinlitiaii,

1192 597 1313 637 repente
1323 607 1426 637 praetei·
1441 600 1621 637 opinionem
1636 601 1779 628 omnium
1789 597 1938 629 confessus
1950 599 2000 630 est.
2027 601 2066 630 ita
2075 608 2146 629 eum

1197 649 1260 669 non
1276 638 1370 669 modo
1382 641 1540 680 ingenium
1552 640 1676 673 illud,&
1687 640 1807 670 dicendi
1817 642 2059 682 exercitatio,qua
2070 641 2149 671 sem-

1196 691 1248 720 per
1256 681 1349 711 valuit
1359 700 1368 714 ‚
1388 681 1436 711 std
1447 684 1535 711 etlam
1546 691 1664 721 propter
1672 684 1735 711 vim
1745 683 1859 712 sceleris
1874 682 2023 713 manifesti
2037 703 2046 716 ‚
2061 692 2150 724 atque

1194 721 1377 762 deprehensi,
1389 724 1587 763 impudentia,
1603 733 1660 764 qua
1670 724 1817 763 superabat
1827 724 2151 765 omneis‚impr0bit·.is-

1196 775 1253 804 que
1263 763 1381 794 defecit.
1405 765 1578 795 Vulturcius
1592 776 1663 795 vero
1677 764 1774 795 subito
1791 766 1914 805 proferri
1929 767 2049 800 litteras,
2062 775 2150 807 atque

1196 804 1400 846 aperirijuffit,
1411 816 1482 847 quas
1494 805 1546 836 sibi
1557 807 1572 837 31
1584 808 1715 837 Lentulo
1726 807 1760 837 ad
1772 808 1931 837 Catilinam
1943 808 2021 838 datas
2032 806 2088 838 esse
2103 808 2151 838 di-

1196 848 1288 877 cebat.
1308 850 1406 888 Atque
1419 849 1460 878 ibi
1471 848 1732 879 vehementissime
1743 849 1925 889 perturbatus
1937 850 2095 883 Lentulus,
2107 858 2152 880 ta-

1199 899 1271 919 men
1283 889 1315 919 &
1326 888 1442 929 signum
1463 891 1549 920 suum
1563 902 1571 924 3
1591 891 1623 920 ὃς
1641 901 1767 920 manuni
1778 893 1938 931 cognovit,
1959 899 2152 921 erantautcm

1197 931 1309 970 scriPtae
1321 929 1380 961 sine
1393 934 1521 962 nomine
1532 952 1540 966 ‚
1553 932 1601 962 sed
1615 935 1671 963 ita:
1692 942 1750 972 Qir
1767 943 1828 962 SIM
1839 953 1848 966 ,
1865 943 1906 963 Ex
1922 943 1962 963 zo
1973 954 1981 966 ,
1994 943 2091 972 Qum
2106 942 2152 962 An

1200 982 1242 1002 τε
1261 983 1335 1002 Misi
1348 993 1356 1006 ‚
1378 983 1569 1013 coouosczs.
1593 984 1683 1004 cuim
1697 995 1704 1008 ‚
1726 985 1768 1005 υτ
1791 985 1852 1004 vm
1872 984 1936 1008 εις,
1952 984 1992 1004 ετ
2012 984 2151 1008 εοῡιτΑ,

1199 1023 1296 1052 QEM
1326 1015 1505 1045 inlocum
1527 1026 1573 1045 sis
1596 1026 1799 1046 PROGRESSUS
1823 1027 1828 1044 :
1862 1027 1902 1046 isi·
1926 1026 2008 1046 γιῡε
2027 1037 2036 1050 ,
2061 1025 2106 1057 Qr
2114 1025 2153 1046 11>

1196 1065 1265 1094 JAM
1284 1066 1356 1086 rim
1378 1067 1429 1086 SlT
1446 1067 1597 1087 NECESSE.
1615 1067 1706 1088 cutm
1720 1079 1729 1090 ‚
1742 1069 1785 1088 υτ
1800 1068 1947 1088 omnium
1960 1068 2032 1088 Trai
2050 1067 2153 1088 Avxi-

1199 1106 1260 1126 L1A
1276 1106 1469 1132 ADmNGAs,
1494 1109 1606 1128 ETIAM
1631 1110 1842 1129 mrrMQRuM.
1883 1100 2030 1130 Gabinius
2043 1100 2156 1130 deinde

1198 1138 1388 1169 introdutstus
1399 1160 1408 1172 ,
1422 1140 1493 1169 cum
1504 1140 1604 1180 primo
1616 1141 1806 1180 impudenter
1816 1152 1844 1171 re
1851 1141 1993 1181 spondere
2001 1139 2147 1181 coepiss‘et,

1198 1179 1232 1210 ad
1243 1189 1415 1210 extremum
1431 1182 1509 1210 nihil
1525 1192 1563 1211 ex
1574 1184 1628 1216 iis,
1648 1193 1712 1222 quae
1725 1182 2042 1216 Galliinsimulabant,
2063 1193 2154 1223 nega-

1198 1223 1252 1251 vit.
1276 1224 1320 1251 Ac
1329 1223 1407 1251 milii
1417 1222 1699 1264 quidem,Qirites‚
1711 1221 1782 1253 cum
1794 1225 1844 1254 illa
1853 1223 2008 1254 certissima
2019 1225 2086 1254 sunt
2093 1224 2155 1255 vifil

1197 1273 1368 1304 argumenta
1378 1284 1386 1297 ‚
1397 1273 1482 1304 atque
1491 1265 1602 1294 indicia
1612 1265 1725 1295 sceleris
1736 1285 1744 1298 ,
1757 1264 1866 1298 rabel&³
1875 1265 1966 1306 signa,
1979 1275 2087 1300 manus,
2097 1265 2153 1297 de-

1199 1307 1293 1345 nique
1315 1306 1548 1346 uniuscujusque
1568 1306 1708 1345 consqffio:
1731 1315 1796 1336 turn
1819 1309 1917 1337 multo
1936 1308 1988 1337 illa
2004 1310 2150 1340 certiora,

1198 1348 1278 1380 color,
1291 1347 1376 1380 oculi,
1388 1348 1498 1381 vultus,
1512 1349 1704 1377 taciturnitas.
1730 1347 1767 1378 sic
1777 1350 1860 1378 enim
1871 1348 2081 1389 obstupuerant
2094 1370 2102 1383 ,
2114 1348 2154 1380 sic

1195 1396 1302 1419 terram
1318 1389 1511 1419 intuebantur
1521 1409 1529 1424 ,
1550 1388 1588 1420 fic
1603 1389 1709 1420 furtim
1721 1399 1953 1431 nonnumquam
1969 1393 2047 1421 inter
2059 1392 2088 1422 se
2098 1391 2152 1422 ad-

1203 1430 1365 1470 spiciebant
1376 1451 1385 1464 ,
1408 1440 1441 1461 ut
1453 1432 1586 1471 nonjam
1597 1432 1634 1462 ab
1644 1433 1709 1462 aliis
1718 1431 1843 1462 indicari
1852 1452 1860 1466 ‚
1883 1433 1932 1462 sed
1943 1432 2019 1472 ipsia
2030 1434 2057 1463 se
2067 1433 2154 1464 vide-

1202 1481 1312 1502 rentur.
1336 1472 1461 1503 Indiciis
1479 1471 1639 1512 expositis,
1663 1482 1750 1514 atque
1768 1474 1875 1508 editis,
1895 1476 2045 1516 Qirites‚
2071 1476 2151 1505 sena·
2169 1475 2196 1509 6

1205 1522 1271 1544 tum
1280 1515 1420 1544 consului
1443 1510 1502 1544 Sde
1514 1516 1630 1546 summa
1642 1517 1714 1555 reip.
1725 1515 1798 1556 quid
1819 1514 1882 1545 fieri
1894 1517 2028 1555 placeret.
2053 1516 2154 1548 Dieiae

1202 1555 1269 1586 sunt
1277 1556 1292 1585 a
1300 1557 1486 1596 principibus
1496 1558 1646 1587 acerrimae
1659 1577 1667 1591 ,
1678 1567 1710 1587 ac
1720 1556 1883 1588 fortissimae
1895 1558 2048 1588 sententia:
2060 1579 2068 1591 .
2080 1568 2154 1599 quas

1200 1597 1315 1627 stnatus
1327 1596 1386 1627 sine
1398 1598 1458 1627 ulla
1467 1600 1605 1628 varietate
1613 1598 1655 1629 est
1664 1599 1851 1629 consecutus.
1864 1602 1902 1629 Et
1915 1602 2062 1640 quoniam
2071 1610 2153 1631 non-

1200 1638 1274 1669 dum
1286 1638 1327 1669 est
1347 1640 1539 1680 perscriptum
1558 1643 1586 1670 S.
1599 1643 1633 1670 C.
1654 1650 1692 1671 ex
1702 1643 1850 1671 memoria
1866 1642 1974 1674 vobis,
2005 1643 2152 1683 Qirites.

1201 1685 1217 1708 9
1230 1681 1302 1722 quid
1312 1681 1427 1712 senatus
1439 1682 1599 1715 censuerit,
1611 1692 1772 1722 exponam.
1796 1682 1933 1713 Primum
1947 1684 2132 1724 mihigratiae
2141 1703 2153 1716 ,

1202 1723 1301 1753 verbis
1318 1721 1507 1763 ampliffimis
1525 1733 1668 1765 aguntur,
1697 1732 1787 1763 Qon
1810 1734 1983 1758 V1RTUTE,
2004 1724 2151 1759 consilio,

1201 1764 1390 1805 providentia
1417 1774 1484 1795 mea
1499 1785 1507 1799 ‚
1537 1766 1612 1805 resp.
1643 1766 1782 1806 periculis
1800 1764 1834 1796 sit
1852 1767 1996 1796 maximis
2015 1766 2154 1797 liberata:

1203 1806 1312 1836 deinde
1327 1808 1364 1836 L.
1375 1806 1494 1837 Flaccus
1505 1827 1513 1841 ‚
1526 1807 1559 1837 &
1572 1810 1604 1837 C.
1615 1809 1773 1838 Pomtinus
1784 1828 1792 1841 ,
1804 1816 1941 1847 praetores
1952 1827 1960 1841 ‚
1985 1816 2075 1847 Qion
2097 1818 2155 1839 Eo·

1205 1858 1282 1879 RUM
1301 1858 1389 1888 opera
1399 1847 1492 1881 forti.
1513 1846 1655 1890 fidelique
1664 1849 1731 1880 usus
1750 1847 1866 1882 ess‘em,
1884 1847 2015 1883 merito,
2035 1860 2068 1882 ac
2085 1851 2155 1890 jure

1205 1889 1379 1920 laudantur:
1401 1898 1487 1931 atque
1505 1891 1596 1920 etiam
1621 1892 1689 1920 viro
1706 1890 1798 1925 forti,
1820 1891 1978 1932 ¹⁰collegae
1988 1901 2078 1926 meo,
2091 1893 2155 1923 laus

1205 1932 1375 1971 impertitur
1385 1951 1393 1965 ,
1406 1941 1495 1971 Qon
1505 1941 1561 1962 Eos
1572 1952 1581 1966 ,
1593 1934 1646 1973 qui
1655 1933 1744 1971 hujus
1762 1934 1981 1973 conjurationis
1999 1936 2156 1974 participes

1206 1971 1331 2003 fuiss‘ent
1341 1992 1350 2007 ,
1362 1973 1377 2003 a
1387 1974 1447 2003 suis
1456 1993 1464 2007 ‚
1479 1974 1512 2003 δε
1521 1976 1591 2014 reip.
1603 1973 1734 2004 consiliis
1744 1973 1926 2005 removiffet.
1937 1984 2024 2016 atque
2034 1977 2074 2006 ita
2082 1986 2156 2006 cen-

1205 2015 1344 2050 suerunt,
1364 2024 1395 2045 ut
1415 2018 1445 2045 P.
1455 2016 1619 2050 Lentulus,
1637 2014 1710 2046 cum
1721 2016 1750 2046 se
1764 2024 1884 2059 praetgcra
1899 2015 2068 2055 abdicaffit‚
2087 2026 2155 2049 tum

1203 2058 1237 2087 in
1247 2056 1414 2087 custodiam
1424 2057 1600 2088 traderetur:
1626 2059 1758 2099 itemque
1769 2061 1809 2088 uti
1824 2061 1855 2089 C.
1871 2060 2017 2100 Cethegus
2026 2079 2035 2093 ‚
2046 2061 2081 2089 L.
2092 2062 2158 2091 Sta-

1203 2099 1287 2129 tilius
1298 2119 1306 2133 ,
1328 2103 1358 2131 P.
1371 2098 1519 2130 Gabinius
1534 2119 1545 2133 ‚
1564 2101 1616 2141 qui
1626 2109 1734 2130 omnes
1744 2100 1900 2139 praesentes
1909 2110 2000 2134 erant,
2013 2102 2044 2131 in
2055 2100 2157 2131 custo-

1202 2140 1283 2171 diam
1295 2141 1492 2178 traderentui·:
1515 2150 1603 2182 atque
1614 2141 1694 2172 idem
1706 2143 1762 2172 hoc
1776 2142 1927 2172 decretum
1937 2141 2021 2173 estin
2042 2145 2076 2173 L.
2088 2142 2158 2173 Cas-

1205 2181 1280 2212 sium
1292 2203 1302 2216 ,
1323 2185 1375 2224 qui
1389 2181 1442 2214 fibi
1455 2185 1696 2223 procurationem
1708 2183 1903 2214 incendendae
1924 2184 2005 2214 urbis
2023 2183 2158 2224 depopo-

1205 2225 1311 2254 scerat:
1330 2227 1364 2255 in
1373 2226 1416 2254 Μ,
1428 2226 1593 2264 caepari'um
1604 2244 1613 2258 ‚
1632 2226 1682 2255 cui
1692 2224 1731 2252 ad
1730 2224 1919 2274 fhuicitanfios
1924 2224 2038 2265 pastores
2048 2245 2057 2259 ‚
2072 2228 2157 2266 Apu-

1204 2266 1277 2295 liam
1287 2265 1345 2296 ess'e
1357 2267 1528 2297 attributam
1540 2285 1548 2299 ‚
1574 2275 1631 2295 erat
1641 2265 1822 2296 indicatum:
1846 2267 1880 2295 in
1899 2269 1930 2296 P.
1942 2269 2065 2297 Furium
2076 2287 2085 2301 ‚
2102 2268 2157 2308 qui

1204 2306 1248 2336 est
1257 2317 1294 2336 ex
1304 2309 1351 2337 his
1371 2308 1522 2339 coloniis,
1540 2316 1610 2347 quas
1629 2306 1745 2336 Fesulas
1764 2307 1891 2337 L.Sulla
1901 2307 2040 2338 deduxit:
2062 2311 2094 2339 in
2113 2311 2166 2349 Q

1204 2348 1355 2378 Manlium
1370 2349 1531 2378 Chilonem
1542 2368 1550 2382 ‚
1570 2349 1622 2388 qui
1632 2347 1690 2377 una
1699 2357 1770 2377 cum
1781 2349 1839 2377 hoc
1856 2351 1947 2379 Furio
1964 2350 2080 2390 semper
2098 2359 2159 2382 erat

1203 2391 1236 2420 in
1257 2390 1311 2420 hac
1321 2389 1520 2432 Allobrogum
1537 2390 1746 2420 sollicitatione
1760 2390 1904 2420 versatus:
1927 2393 1961 2421 in
1979 2394 2013 2421 P.
2024 2392 2158 2422 Umbre-

1204 2441 1279 2461 num
1292 2451 1300 2465 ‚
1329 2431 1506 2462 libertinum
1527 2432 1705 2464 hominem,
1729 2430 1745 2461 ἒι
1762 2441 1822 2472 quo
1840 2431 1976 2471 primum
1997 2434 2100 2464 Gallos
2120 2433 2157 2464 ad

1205 2474 1368 2504 Gabinium
1380 2473 1538 2513 perduCtos
1548 2472 1605 2503 effe
1614 2472 1773 2503 constabat.
1797 2476 1895 2514 Atque
1905 2484 1937 2504 ea
1946 2475 2067 2506 lenitate
2077 2476 2161 2506 sena·-

1207 2524 1254 2546 tus
1270 2515 1312 2546 est
1322 2515 1391 2544 usus
1402 2534 1411 2550 ,
1434 2516 1565 2561 Qirites
1576 2535 1585 2548 ‚
1602 2523 1633 2545 ut
1643 2524 1682 2546 ex
1691 2523 1768 2546 tanta
1776 2517 2000 2552 conjuratione,
2021 2526 2160 2558 tantaque

1204 2559 1235 2589 vi
1244 2577 1255 2594 ,
1277 2567 1310 2590 ac
1321 2557 1515 2588 multitudine
1530 2555 1767 2588 domesticorum
1780 2556 1916 2588 hostium
1927 2578 1936 2592 ‚
1955 2569 2055 2588 novem
2068 2559 2159 2589 homi-

2093 2610 2164 2631 num

1249 2680 1274 2705 5.
1291 2672 1393 2697 raheria
1407 2671 1512 2704 proftrri
1520 2667 1656 2704 juffimuae]
1677 2668 1787 2695 Brevius
1805 2668 1833 2694 δε
1845 2668 1938 2695 melius
1949 2669 2048 2697 colon.
2066 2672 2165 2696 tabellas

1206 2709 1591 2778 prog.⁷¹‘'1n{‚:51'irin11niincidimus]
1614 2742 1655 2767 Ita
1665 2739 1722 2766 Pal.
1732 2739 1861 2774 decimus,
1871 2741 1899 2768 Sc
1909 2739 2056 2768 editionum
2066 2741 2164 2777 prima.

1211 2779 1265 2819 alii.
1276 2781 1336 2805 niss‘.
1353 2781 1439 2811 lignum
1450 2797 1459 2810 ‚
1478 2776 1547 2813 quod
1558 2777 1657 2813 placuit
1668 2775 1816 2804 Gulielmio
1826 2797 1835 2810 ‚
1853 2787 1887 2805 ex
1899 2777 1973 2804 Hitt.
1982 2778 2009 2803 ὅτ
2022 2777 2100 2804 Fabr.
2111 2787 2164 2814 ego

1214 2816 1278 2886 mhylff
1292 2822 1428 2884 ῐὲἓιᾞὲιωῶ
1438 2855 1492 2874 anre
1502 2848 1596 2882 aliquid
1603 2848 1720 2881 degladiir
1732 2867 1739 2879 ‚
1756 2848 1824 2882 dra]
1848 2847 1917 2874 Pali.
1936 2846 1989 2874 duo
2008 2847 2035 2873 &
2051 2848 2124 2876 Hitt.
2135 2849 2166 2876 δί

1213 2887 1318 2914 Uverd,
1338 2886 1430 2920 aliquid
1446 2892 1524 2910 tamen
1534 2902 1542 2916 ,
1562 2883 1657 2919 absque
1668 2893 1721 2919 quo
1731 2893 1821 2911 marim
1832 2885 1859 2910 δε
1870 2882 1969 2919 frigida
1979 2883 2107 2912 sententia
2116 2886 2166 2919 est,

1213 2923 1273 2950 insit
1283 2921 1458 2949 Gulielmius.

1250 2958 1277 2985 8.
1296 2959 1426 2991 Desiaemma
1444 2956 1519 2990 reip.]
1540 2954 1683 2983 Lambinus
1695 2962 1743 2988 rep.
1754 2954 1904 2982 confidatur
1915 2955 2038 2990 Cujacius
2049 2956 2096 2984 lib.
2108 2965 2166 2985 xix.

1215 2994 1464 3070 Οἴειέψῖῖῗεηῖῒκ
1473 3028 1585 3062 cenfieerir
1594 3026 1730 3061 exponam]
1749 3025 1847 3054 Forfiui
1858 3034 2000 3060 expromam,
2012 3034 2166 3055 annotatum

1215 3076 1230 3092 a
1242 3065 1400 3134 egllll-'Clgaegg
1408 3110 1452 3126 meo
1460 3102 1515 3125 laur
1524 3098 1684 3132 impertitum]
1707 3097 1764 3125 Alii
1775 3097 1948 3131 interserunt,
1958 3101 1985 3125 C.
1996 3101 2095 3126 Antonio
2106 3119 2114 3131 ‚
2124 3098 2169 3126 sed

1216 3137 1291 3171 hujus
1311 3137 1414 3164 nullum
1433 3135 1571 3171 vestigium
1590 3135 1618 3161 in
1636 3133 1753 3163 editione
1766 3134 1852 3172 prima
1864 3153 1872 3170 ‚
1891 3145 1944 3165 non
1953 3136 2037 3172 magis
2049 3137 2130 3173 quam
2139 3136 2168 3163 in

1217 3173 1285 3203 Pali.
1296 3172 1382 3203 tribus
1392 3173 1420 3201 &
1430 3170 1536 3202 Uverd.
1550 3171 1626 3201 Hitt.
1635 3170 1691 3198 Ah,
2097 3215 2110 3235 ¹
2143 3209 2172 3236 U,
