2360 3400
581 105 676 136 DE
757 93 1001 138 FA'ro

1081 93 1375 144 LiBER

1457 97 1486 144 S
1529 114 1548 144 1-
1585 116 1617 145 N
1656 116 1701 146 G..
2012 107 2132 153 1181

167 171 327 215 possumne
336 168 450 210 ahquid
462 167 563 200 audire
574 179 584 201 :2
595 172 648 201 Tu
661 170 734 202 vero
745 173 869 212 inquam
881 191 890 206 >
903 171 1073 206 velandire,
1089 173 1137 202 vel
1180 177 1221 207 Ut
1231 178 1320 217 igitur
1338 170 1373 208 ad
1394 178 1534 218 quasdam
1557 190 1602 210 res
1624 189 1725 212 natura
1742 181 1800 212 Ioci
1821 183 2069 225 pertinetaliquid
2082 206 2089 217 ‚
2102 185 2136 216 ad

168 216 265 244 dicere.
288 222 344 243 nec
364 213 446 241 enim
463 211 557 252 (quod
571 211 649 243 reete
661 213 830 254 existimas)
839 216 968 244 oratoria
979 215 1028 243 illa
1040 213 1136 243 studia

169 256 305 286 deseruit
326 253 434 294 quibus
446 263 534 284 etiarn
547 263 574 283 te
587 255 706 285 incendi
719 275 727 289 ‚
748 265 933 296 quamquam
950 254 1134 295 flagrantiffi—

166 307 255 327 mum
275 304 443 335 acceperam
458 306 462 324 z
484 306 538 326 nec
549 306 598 329 ea,
621 307 687 337 quae
698 308 779 328 nunc
790 297 882 327 uasto
893 300 1037 327 minuunt
1052 316 1061 330 ‚
1083 297 1132 327 sed

165 346 274 378 augent
284 336 387 377 potius
407 337 490 367 'illam
505 337 687 369 facultatem.
712 350 781 369 narn
794 349 864 368 cum
876 340 933 368 hoc
944 348 1051 379 genere
1063 339 1132 377 phi-

165 379 312 419 Iosophiae
327 400 335 413 ‚
360 378 439 420 quod
460 390 515 409 nos
530 381 697 420 sequimur,
724 390 863 421 magnam
876 380 1070 410 habetorator
1084 379 1132 409 so-

163 423 313 451 cietatem.
333 420 528 459 fiobrilztatem
545 424 629 451 enim
650 422 685 452 ab
697 423 859 452 Academia
868 430 1036 455 mutuatur,
1061 421 1131 450 &ei

161 461 296 493 .viciffim
306 463 404 493 reddit
423 462 581 492 ubertatem
589 465 734 497 oratiam,
764 464 796 493 ὃς
810 472 987 493 ornamenta
998 462 1128 493 dicendi.

199 505 372 535 uamobrem
386 525 393 538 ,
415 506 537 545 inquam
551 525 559 538 ‚
583 508 729 546 quoniam
750 505 901 545 utriusque
921 504 1011 534 studii
1030 503 1129 534 nostra

164 545 303 588 poss'cffio
321 546 382 580 est,
403 548 494 576 hodie
506 567 514 580 ‚
536 557 602 578 utro
617 546 675 576 frui
690 548 798 580 malis,
817 550 901 586 optio
920 545 1020 577 sittua.
1044 550 1128 576 Tum

166 590 286 619 Hirtius
298 610 307 622 ‚
320 587 528 619 Gratissimum
547 609 555 622 ‚
568 591 676 628 inquit,
690 589 721 619 ὃς
732 598 854 619 tuorum
865 590 1009 618 omnium
1021 586 1128 617 simile.

164 631 338 664 nihilonim
361 641 504 671 umquam
523 630 626 660 abnuit
650 641 720 660 meo
731 630 831 660 studio
841 631 1047 660 voluntastua.
1073 629 1128 660 Sed

166 675 313 712 quoniam
338 674 505 703 ¹rhetorica
527 674 604 702 mihi
625 672 725 702 nostra
742 673 781 702 sat
791 681 880 705 nota,
904 681 992 712 teque
1004 682 1035 701 in
1046 673 1082 701 iis
1095 672 1127 701 δε

167 714 341 744 audivimus
351 714 445 754 saepe,
474 714 507 743 &
527 714 704 746 audiemus,
726 723 813 754 atque
831 715 906 744 hanc
925 713 1128 743 Academico—

166 765 234 785 rum
247 775 254 789 ,
267 765 368 786 contra
379 754 565 796 propositum
578 756 768 794 disputandi,
780 753 1031 785 consuetudinem
1045 755 1126 784 indi—

166 807 233 827 cant
242 807 269 827 te
289 796 441 837 suscepisse
455 798 613 836 Tufim'anae
623 797 839 835 disputationem
853 800 868 815 2
880 806 992 836 ponere
1002 796 1127 836 aliquid,

164 839 201 869 ad
212 839 292 879 quod
303 839 419 869 audiam
436 859 443 872 ‚
456 837 474 867 si
488 840 540 867 tibi
554 840 670 868 nonest
683 838 861 871 molestum,
873 839 956 868 volo.
979 841 1027 867 An
1038 839 1127 871 mihi,

163 882 289 920 inquam
304 899 312 914 ‚
338 879 436 919 potest
455 879 619 918 quidquam
629 879 685 908 ess'c
699 879 860 909 molestum
872 899 880 912 ‚
905 879 985 919 quod
997 880 1051 909 tibi
1063 890 1127 920 gra-

158 930 231 954 ,tum
259 921 394 951 futurum
416 919 449 950 fit
469 929 479 950 ,ἓ
506 920 554 949 sed
573 921 614 950 ita
630 920 751 954 audies,
773 930 806 951 ut
824 923 1003 951 Romanum
1022 923 1127 951 homi-

162 972 236 992 nem
249 983 263 995 ,
278 972 310 993 ut
332 962 439 992 timide
459 961 679 1002 ingredientem
699 963 735 992 ad
754 963 811 992 hoc
829 972 924 1004 genus
943 963 1124 1003 disputandi,

161 1014 198 1034 ut
221 1005 312 1045 longo
329 1004 491 1035 intervallo
510 1005 572 1033 hece
595 1003 689 1034 studia
712 1014 906 1044 repetentem.
932 1008 974 1035 Ita
984 1025 992 1039 ,
1012 1007 1124 1046 inquit,

161 1046 282 1077 audiam
293 1056 321 1076 te
330 1046 532 1086 disputantem
546 1058 555 1079 3
567 1055 596 1075 ut
607 1056 640 1075 ea
649 1046 718 1085 lego
734 1067 742 1079 ‚
753 1057 817 1086 quae
828 1045 974 1087 scripfisti,
997 1047 1126 1087 proinde

123 1093 143 1126 3
156 1089 268 1120 ordire.
291 1090 403 1118 ¹Multa
413 1088 570 1127 hit-definit.
600 1091 611 1115 3
624 1087 845 1118 consideramus
856 1087 925 1120 hic:
950 1099 1081 1130 quorum
1092 1091 1124 1120 in

152 1131 226 1160 >aliis
235 1150 244 1165 ‚
257 1140 289 1161 ut
299 1132 332 1160 in
343 1133 502 1169 Antipatro
513 1131 599 1169 poeta
614 1149 622 1162 ‚
646 1133 721 1160 utin
732 1131 859 1161 brumali
873 1130 921 1161 die
931 1134 1007 1161 natis
1019 1151 1028 1165 ‚
1047 1134 1121 1161 utin

155 1170 250 1206 ,simul
260 1173 472 1214 aegrotantibus
481 1171 623 1202 fratribus
637 1192 644 1205 ‚
667 1181 698 1201 ur
709 1173 742 1201 in
753 1174 836 1203 urina
848 1191 856 1206 ‚
870 1181 902 1202 ut
915 1174 947 1202 in
959 1173 1122 1213 unguibus,

153 1223 196 1247 nit
207 1216 238 1244 in
249 1216 373 1255 reliquis
383 1213 534 1253 ejusmodi
547 1234 563 1247 ,,
581 1222 692 1244 naturae
702 1216 840 1255 contagio
851 1215 928 1245 valet
944 1225 949 1244 :
965 1225 1054 1256 quam
1065 1226 1121 1257 ego

158 1266 226 1287 non
236 1257 313 1287 tollo
328 1259 389 1286 :vis
399 1256 442 1287 est
451 1258 534 1286 nulla
543 1255 648 1287 fatalis.
671 1259 708 1287 In
717 1257 784 1287 aliis
794 1267 890 1288 autern
900 1257 1030 1296 fortuita
1041 1269 1120 1299 qua:-

159 1298 231 1328 dam
243 1297 300 1328 effe
319 1296 441 1339 poss'unt
451 1319 459 1332 ‚
484 1308 517 1329 ut
528 1302 559 1328 in
569 1299 624 1328 illo
637 1302 777 1340 naufrago
788 1319 797 1334 ‚
817 1301 891 1330 utin
904 1300 1005 1330 Icadio
1016 1320 1024 1334 ,
1047 1303 1120 1331 utin

155 1341 298 1380 Daphita.
322 1342 468 1378 Quasdam
488 1350 577 1371 etiam
587 1340 768 1371 Posidonius
790 1344 871 1381 (pace
892 1341 1121 1382 magistridixe-

154 1384 229 1423 tim)
241 1383 434 1413 comminisci
445 1382 576 1412 videtur.
599 1385 675 1412 Sunt
687 1403 694 1416 ‚
718 1386 842 1423 inquam
853 1403 863 1417 ‚
884 1385 1008 1424 quidem
1019 1384 1119 1415 absur—

156 1423 205 1454 da.
230 1425 311 1464 Qid
321 1426 405 1454 enim
417 1432 428 1454 ‚²
448 1423 468 1453 si
483 1425 620 1462 Daphitae
630 1423 727 1454 fatum
740 1424 799 1454 fuit
813 1425 848 1455 de
859 1435 937 1465 equo
947 1427 1048 1456 cadere
1058 1446 1068 1460 ,
1078 1436 1118 1457 at-

155 1475 215 1507 que
226 1468 266 1496 ita
282 1467 397 1506 perire?
419 1475 456 1495 ex
475 1465 571 1494 hocne
595 1475 675 1505 equo
695 1468 749 1505 qui
766 1465 838 1496 cum
859 1477 954 1506 equus
964 1478 1026 1497 non
1036 1467 1118 1502 effer,

149 1517 273 1537 nomen
295 1506 420 1536 habebat
438 1506 571 1536 alienum
587 1509 598 1534 ἓ
618 1515 667 1535 aut
676 1507 836 1546 Philippus
854 1508 938 1537 hasce
962 1511 994 1538 in
1013 1510 1119 1549 capulo

153 1548 342 1590 quadrigulas
354 1557 444 1578 vitare
454 1548 632 1577 monebatur
642 1546 741 1588 ?qu;1s1
751 1547 821 1577 vero
831 1549 937 1587 capulo
948 1547 980 1579 sit
991 1551 1119 1580 occisus.

152 1589 235 1629 de
246 1599 346 1620 autem
359 1599 501 1630 magnum
513 1609 522 1623 ,
543 1589 575 1620 &
586 1590 760 1630 naufragum
772 1590 861 1619 illum
874 1588 933 1620 fine
945 1593 1073 1621 nomine
1084 1595 1118 1622 in
1136 1603 1139 1605 ·

150 1633 220 1662 rivo
230 1630 286 1661 ess'e
296 1632 410 1672 lapsum
424 1635 433 1660 ?
455 1641 637 1672 quamquam
658 1632 728 1662 huic
736 1631 860 1672 quidem
873 1634 923 1662 hic
934 1632 1119 1673 scribitprae·

151 1672 269 1703 dietum
291 1674 321 1702 in
338 1684 417 1715 aqua
440 1674 488 1710 eslii
502 1673 678 1714 pereundum.
702 1675 750 1703 Ne
760 1675 881 1704 hercule
890 1674 983 1704 Icadii
992 1676 1115 1715 quidem

150 1715 305 1756 praedonis
329 1716 418 1746 video
427 1714 522 1745 fatum
536 1716 646 1745 ullum.
669 1715 747 1744 nihi]
760 1716 844 1745 enirn
855 1715 956 1745 scribit
971 1717 1118 1756 eipraedi—

149 1757 249 1787 Cium.
272 1757 354 1799 Qid
375 1759 488 1787 mirum
504 1758 617 1797 igitur,
641 1766 683 1786 ex.
696 1757 834 1795 spelunca
853 1757 963 1787 saxum
985 1759 1017 1786 in
1033 1768 1116 1788 crura

147 1800 214 1839 ejus
223 1798 378 1829 incidiss'e?
397 1808 471 1839 puto
483 1802 566 1828 enim
580 1818 588 1832 ‚
599 1807 689 1828 etiam
703 1797 722 1827 si
733 1798 848 1828 Icadius
858 1807 922 1828 tum
936 1800 968 1828 in
978 1799 1117 1837 spelunca

149 1850 216 1871 non
231 1840 350 1874 fuiss'et,
371 1841 477 1871 saxum
499 1850 599 1870 tamen
619 1839 693 1869 illud
705 1841 841 1869 casurum
852 1838 950 1870 fuiffe.
975 1842 1056 1870 Nam
1067 1851 1116 1871 aut

148 1883 230 1912 nihil
241 1882 283 1913 est
304 1885 436 1914 omnino
446 1882 607 1913 fortuitum
623 1901 631 1915 ,
652 1891 701 1911 aut
710 1884 768 1911 hoc
778 1882 876 1921 ipsum
886 1883 1114 1921 potuitevenire

147 1923 280 1955 foi-tuna.
305 1927 415 1965 Qaero
434 1925 539 1966 igitur,
566 1924 665 1964 (atque
685 1924 809 1954 hoclate
820 1921 1113 1964 patebit)fifatiom-

147 1968 227 1997 nino
238 1967 487 1996 nullumnomen
498 1986 506 2000 ,
517 1966 600 1996 nulla
610 1974 711 1996 natura
720 1986 728 1998 ‚
741 1965 824 1995 nulla
834 1966 879 1994 vis
889 1964 959 1995 esset
968 1985 976 2000 ,
989 1965 1114 2004 &forte²

143 2007 248 2038 ,temero
256 2009 342 2048 ‚casia
350 2018 399 2039 aut
409 2009 546 2049 pleraque
558 2006 663 2038 fierent
673 2027 682 2041 ‚
693 2017 742 2038 aut
753 2009 858 2037 omnia
871 2017 961 2037 :num
971 2008 1068 2041 aliter,
1081 2019 1113 2038 ac

145 2059 232 2081 nunc
241 2054 409 2084 eveniunt,
428 2053 610 2080 evenirent?
632 2050 704 2090 quid
716 2059 785 2091 ergo
795 2050 901 2080 attinet
910 2051 1059 2080 inculcare
1069 2049 1111 2081 fa-

145 2101 212 2122 tum
225 2112 234 2126 ,
252 2091 324 2122 cum
337 2091 396 2122 sine
407 2092 467 2122 rato
480 2095 556 2123 ratio
570 2102 713 2122 omnium
724 2102 824 2121 rerum
835 2091 870 2122 ad
881 2101 1016 2122 naturam
1028 2112 1036 2127 ‚
1048 2091 1109 2122 foi·-

104 2147 130 2180 4
147 2143 288 2164 tunamve
299 2134 438 2164 referatur
451 2138 462 2163 ἓ
475 2135 530 2165 Sed
540 2132 747 2167 Posidonium,
759 2133 830 2164 sicut
840 2144 960 2175 aequum
972 2133 1025 2167 est,
1037 2145 1106 2165 cum

145 2176 224 2206 bona
237 2178 327 2217 gratia
338 2176 545 2207 dimittamus:
567 2175 604 2206 ad
614 2174 768 2215 Chrysippi
778 2177 901 2216 laqueos
911 2185 1103 2206 revertamur.

143 2220 203 2248 Cui
219 2217 355 2258 primum
380 2218 503 2259 quidem
520 2218 556 2248 de
575 2218 634 2257 ipsa
647 2228 739 2246 rerum
752 2218 913 2258 contagione
926 2218 1108 2258 respondea—

143 2269 235 2289 mus:
256 2261 369 2300 reliqua
389 2259 489 2299 postea
506 2261 726 2300 persequemur.
751 2263 832 2289 Inter
859 2260 981 2289 locorum
990 2268 1107 2290 naturas

135 2311 290 2341 quantum
311 2301 444 2335 intersit,
461 2303 615 2333 videmus:
636 2302 713 2331 alios
722 2300 949 2334 effesalubieis,
969 2303 1044 2332 alios
1054 2312 1105 2343 pe-

138 2343 292 2379 „stilenteis
307 2354 312 2373 z
335 2345 369 2373 in
387 2344 453 2373 aliis
476 2342 532 2373 effe
541 2344 701 2383 pituitosos
713 2364 721 2377 ‚
742 2342 864 2384 &quasi
880 2343 1104 2379 redundanteis,

143 2386 252 2415 inaliis
264 2384 439 2419 exsiccatos,
461 2395 546 2427 atque
561 2386 677 2416 aridos:
699 2387 854 2426 multaque
865 2386 999 2416 suntalia
1011 2405 1019 2420 ,
1039 2397 1105 2427 quae

139 2428 222 2457 inter
231 2428 333 2458 locum
343 2448 352 2462 ‚
366 2428 510 2458 &locum
522 2428 688 2467 plurimum
701 2426 853 2457 differunt.
877 2430 1005 2458 Athenis
1016 2438 1106 2458 tenue

143 2469 254 2498 caelum
267 2489 276 2503 ,
296 2480 334 2499 ex
350 2480 412 2511 quo
429 2471 664 2500 asutioz-esetiam
679 2471 954 2510 putantur-Attici:
978 2469 1105 2501 crafl'um

143 2510 271 2540 Thebis.
293 2512 392 2552 itaque
412 2511 674 2553 pinguesThebani‚
696 2512 731 2544 (9-
752 2511 886 2541 valentes.
912 2515 1032 2542 Tamen
1051 2523 1104 2542 rie—

141 2561 202 2593 que
215 2552 292 2582 illud
314 2561 402 2583 tenue
412 2559 519 2583 caelum
533 2553 642 2584 efficiet
654 2574 662 2587 ‚
687 2563 718 2583 ut
726 2563 776 2584 aut
787 2554 945 2583 Zenonem
957 2556 1023 2594 quis
1035 2574 1043 2588 2
1054 2564 1104 2584 aut

141 2592 302 2624 Arcesilam
314 2614 323 2627 ,
343 2604 393 2625 aut
403 2594 648 2635 Theophrastum
666 2595 766 2624 audiat
787 2605 885 2635 neque
903 2595 1029 2625 crass'um
1043 2615 1051 2629 ,
1073 2605 1104 2626 ut

142 2638 263 2666 Nemea
279 2635 383 2675 potius
397 2656 406 2671 ‚
430 2637 520 2677 quam
539 2635 656 2667 Isthmo
673 2635 833 2668 vi&0riam
851 2644 937 2676 petat.
967 2637 1103 2678 Dijunge

140 2676 273 2718 longius.
297 2680 370 2718 quid
388 2689 473 2708 enim
492 2680 551 2709 loci
571 2689 671 2708 natura
689 2676 792 2708 afferre
810 2678 925 2718 pooest,
946 2681 1019 2709 utin
1032 2689 1101 2719 por—

139 2721 201 2749 ticu
221 2722 360 2760 Pompeii
379 2721 500 2760 potius,
533 2720 621 2761 qujim
644 2722 676 2750 in
697 2731 805 2761 campo
824 2721 1038 2751 ambulemus?
1058 2731 1102 2752 te-

127 2771 208 2802 cum
221 2781 231 2796 ‚
252 2766 345 2803 quam
363 2772 433 2793 cum
455 2763 540 2794 alio?
564 2762 669 2793 Idibus
686 2763 810 2803 potius,
833 2763 924 2804 quam
943 2763 1102 2797 Kalendis?

731 2824 743 2833 a

176 2897 200 2914 1.
219 2890 343 2914 Rhetorica
361 2891 417 2915 mihi
435 2891 513 2922 nostra
525 2889 567 2922 sk?
579 2889 660 2923 norm]
683 2888 750 2915 Pali.
764 2889 824 2923 sum
840 2897 896 2916 nota
908 2909 916 2922 ‚
936 2889 1007 2925 quod
1026 2891 1053 2916 Sc
1065 2891 1092 2918 in

133 2923 324 2952 Gulielmiaiiis
335 2926 419 2953 tribus
432 2946 440 2959 ,
452 2926 496 2962 qui
507 2933 633 2962 practerea
642 2927 734 2958 vestra.
754 2925 824 2961 quod
837 2935 887 2961 ego
897 2925 1007 2962 expreffi
1020 2936 1035 2953 a
1046 2927 1093 2954 vi-

132 2958 273 2986 aerianis.

170 3005 199 3022 ².
217 2999 305 3022 Ponere
313 2998 414 3031 aliquid,
425 2999 459 3023 ad
465 2997 526 3032 quod
534 2997 658 3031 audiam]
682 2997 726 3024 Est
737 2998 751 3024 a
763 2998 820 3024 inss'.
831 2998 949 3035 quinque
960 3008 1044 3033 neque
1055 2999 1094 3026 se-

132 3040 179 3059 cus
191 3031 306 3058 victor-'ii
317 3031 410 3058 editio.
429 3034 556 3069 publicati
569 3033 624 3060 fere
633 3042 766 3067 proponere.

122 3086 127 3089 »
171 3076 199 3104 3.
217 3069 393 3102 Confideramm
400 3068 448 3100 hfc,
458 3077 565 3103 quoium,
574 3071 641 3104 dra]

1138 2966 1164 2992 in
1186 2976 1237 3001 quc
1252 2971 1358 3000 Algam..

1139 3002 1232 3029 nebus.

667 3070 806 3096 'i‘iii-iiebus
818 3071 922 3097 monuit
933 3078 999 3098 vett.
1011 3071 1093 3098 libros
1112 3077 1113 3087 ¹

130 3105 257 3139 praeferre
267 3105 438 3138 constamufic1'5
453 3114 485 3131 ex
497 3114 551 3140 quo
562 3105 661 3131 factum
673 3105 740 3132 illud
753 3107 904 3142 vulgatum,
914 3109 1093 3140 Connduramm
1111 3117 1112 3126 ¹

1177 219 1315 257 quasdam
1338 228 1437 249 autem
1456 222 1534 251 nihil
1550 232 1556 251 .·
1574 221 1612 251 fic
1625 222 1736 262 [ιῇῑέίέίο
1752 223 1888 260 astrorum
1902 227 2014 260 valeat,
2033 226 2053 256 si
2074 229 2139 261 vis,

1177 259 1212 289 ad
1232 260 1371 300 quasdam
1390 271 1434 291 res
1450 274 1458 296 3
1476 263 1511 293 ad
1525 266 1645 294 omneis
1659 266 1738 295 certe
1752 276 1814 296 non
1830 267 1948 298 valebit.
1994 272 2033 299 At
2053 272 2139 299 enim

1177 305 1321 340 quoniam
1341 305 1372 332 in
1395 306 1508 334 naturis
1528 306 1692 336 hominum
1711 306 1969 340 diffimilitudines
1987 309 2054 341 sunt
2072 331 2081 344 ‚
2104 320 2138 341 ut

1176 343 1254 372 alios
1277 344 1374 374 dulcia
1391 364 1400 379 ‚
1429 346 1504 376 alios
1527 347 1678 378 subamara
1697 349 1849 381 delthent
1867 363 1876 385 ς
1897 352 1948 382 alii
1968 351 2134 386 libidinosi,

1175 384 1225 413 alii
1245 385 1379 415 iracundi
1402 405 1411 419 ‚
1439 397 1488 418 aut
1506 389 1641 419 crudeles
1657 410 1665 423 ‚
1692 400 1742 420 aut
1761 392 1879 432 superbi
1901 392 1978 427 fint3
2001 395 2051 424 alii
2070 395 2138 425 tali-

1175 425 1229 454 bus
1240 428 1321 456 vitiis
1331 427 1522 460 abhorreant:
1542 433 1687 471 quoniam
1700 434 1788 473 igitur
1799 454 1807 467 ,
1824 436 1938 475 inquit,
1955 444 2069 466 tantum
2083 446 2137 466 nar

1175 476 1236 498 tura
1256 468 1386 515 assnatura
1398 469 1504 504 distat,
1528 472 1599 512 quid
1613 476 1723 504 mirum
1736 474 1778 504 est
1788 496 1796 509 ‚
1814 477 1863 505 has
1875 476 2134 508 dissimilitudines

1172 519 1212 539 ex
1233 509 1441 540 differentibus
1461 512 1551 543 causis
1562 513 1619 543 effe
1628 514 1740 546 factas?
1763 520 1834 547 Haec
1845 516 1987 549 differens
1999 539 2008 552 ‚
2030 530 2087 560 qua
2097 520 2133 550 de
2155 529 2169 553 >

1172 561 1204 595 ije
1214 560 1313 591 agatur
1327 563 1336 585 3
1359 552 1390 581 ὃς
1400 555 1432 582 in
1443 564 1504 594 quo
1516 557 1597 586 causi
1607 556 1743 588 consistat
1754 578 1763 592 ‚
1775 569 1838 589 non
1850 559 1939 589 videt.
1964 563 2037 591 Non
2048 564 2134 592 enim

1173 594 1191 621 ii
1214 595 1265 622 ahi
1288 592 1323 622 ad
1336 594 1390 622 alia
1399 595 1603 635 propensiores
1615 597 1667 628 sint
1678 609 1794 639 propter
1804 602 1901 632 causis
1914 603 2058 633 naturales
2070 623 2078 637 ‚
2101 604 2136 634 &t

1168 633 1528 669 antecedenteis,idc1·1·co
1539 641 1627 669 eriam
1639 641 1806 672 nostrarum
1819 643 2009 674 voluntatum
2021 664 2030 678 ‚
2043 654 2132 685 atque

1172 678 1393 721 appetitionum
1408 678 1475 708 sunt
1485 681 1576 710 causae
1588 686 1733 712 naturales
1746 704 1753 717 ,
1776 685 1807 715 ὃς
1819 685 2041 716 antecedentes.
2062 697 2133 716 nam

1173 718 1251 747 nihil
1269 716 1339 747 esset
1362 721 1392 748 in
1417 720 1515 750 nostra
1534 722 1676 761 potestate
1690 744 1697 757 ‚
1717 724 1737 754 si
1753 736 1796 755 res
1809 728 1848 757 ita
1858 728 1886 756 se
1898 727 2027 758 haberet.
2050 738 2133 759 nunc

1171 758 1382 789 verofatemur
1393 782 1402 794 ‚
1415 770 1523 792 ACUTI
1539 783 1546 796 ‚
1559 773 1751 795 manassis-zie
1763 778 1767 796 :
1779 768 1910 799 valentes
1921 789 1929 802 ‚
1944 769 2132 800 imbecilline

1173 799 1264 831 simus
1276 821 1284 834 ‚
1306 811 1370 831 non
1389 801 1448 832 esse
1466 804 1495 833 id
1507 806 1538 834 in
1550 806 1648 835 nobis.
1675 810 1735 849 Qui
1751 819 1848 839 autem
1861 821 1897 840 ex
1913 821 1949 841 co
1959 814 2127 853 cogiptitat‚

1172 854 1211 873 ne
1223 853 1255 873 ut
1271 844 1424 874 sedeamus
1434 846 1557 885 quidem
1570 867 1578 880 ‚
1593 851 1863 886 auranibulemiis;
1885 854 2050 884 voluntatis
2060 852 2130 888 effe,

1172 887 1196 915 is
1216 895 1278 915 non
1298 884 1380 916 videt
1392 906 1399 919 ,
1421 897 1488 927 quae
1503 898 1651 930 quamque
1663 901 1706 920 res
1715 893 1921 933 consequatur.
1947 898 1989 924 Ut
2001 898 2084 925 enim
2097 896 2132 926 &2

1171 926 1318 968 ingeniosi
1339 948 1347 961 ‚
1381 929 1414 959 δε
1440 929 1513 960 tardi
1536 933 1575 961 ita
1594 932 1748 963 nascantur
1767 936 2010 966 antecedentibus
2027 936 2130 971 causis,

1171 972 1305 1010 itemque
1320 971 1472 1004 valentes,
1493 972 1704 1004 &imbecill‘u
1727 986 1791 1006 non
1801 977 1931 1018 sequitur
1950 988 2049 1009 tamen
2065 999 2073 1014 ,
2096 989 2131 1010 ut

1169 1012 1369 1043 etiamsedere
1382 1034 1390 1047 ,
1405 1014 1436 1044 &
1447 1014 1609 1049 ambulare,
1621 1017 1728 1047 &rem
1737 1028 1820 1058 agere
1830 1020 1970 1060 aliquam,
1981 1023 2132 1061 pi‘Incipa-

1168 1053 1247 1083 libus
1256 1053 1347 1085 causis
1357 1055 1528 1090 definitum,
1542 1057 1573 1086 δε
1584 1058 1781 1089 constitutum
1793 1059 1833 1090 sit.
1854 1062 2022 1102 Stilponem
2033 1067 2050 1090 4
2062 1065 2134 1093 Me-

1167 1097 1300 1137 garicum
1311 1097 1526 1138 philosophum
1538 1119 1548 1132 ,
1567 1109 1687 1130 acutum
1700 1101 1766 1131 sane
1777 1103 1938 1135 hominem
1949 1123 1958 1137 ‚
1981 1104 2014 1134 δε
2023 1105 2131 1144 proba—

1169 1147 1234 1167 tum
1253 1140 1441 1179 temporibus
1462 1141 1525 1170 illis
1543 1143 1719 1181 accepimus.
1746 1145 1837 1174 Hunc
1846 1144 1979 1176 scribunt
1989 1145 2131 1186 ipfiusfa-

1171 1180 1300 1211 miliares
1320 1182 1353 1211 ὃς
1372 1182 1523 1212 ebriosum
1536 1202 1546 1215 ‚
1573 1183 1605 1213 ὃς
1624 1185 1822 1215 mulierosum
1842 1185 1947 1216 fuiffe:
1963 1197 2060 1228 neque
2069 1189 2130 1219 hoc

1168 1221 1300 1253 scribunt
1311 1225 1522 1264 vituperanteS,
1535 1224 1582 1255 sed
1593 1226 1694 1265 potius
1705 1226 1869 1256 aci-laudem.
1886 1229 2026 1260 vitiosam
2041 1231 2127 1260 enim

1169 1273 1304 1294 naturam
1316 1265 1353 1295 ab
1363 1276 1400 1296 eo
1411 1264 1448 1297 sic
1459 1266 1624 1297 edomitam
1636 1287 1645 1301 ‚
1659 1268 1692 1298 δε
1701 1269 1900 1309 compressam
1911 1268 1968 1300 effe
1978 1270 2128 1307 dmitrina,

1168 1315 1200 1336 ut
1208 1316 1301 1337 nemo
1312 1317 1456 1348 umquam
1473 1310 1665 1339 vinolentum
1676 1311 1787 1345 illum3
1806 1322 1900 1342 nemo
1930 1313 2011 1343 ineo
2024 1313 2130 1344 libidi-

1166 1350 1213 1378 nis
1230 1348 1391 1391 vestigium
1411 1350 1529 1380 viderit.
1561 1351 1664 1392 Qid?
1686 1355 1836 1383 Socratem
1857 1364 1959 1384 nonne
1982 1355 2125 1396 legimus,

1164 1391 1425 1430 quemadmodum
1445 1394 1554 1422 notarit
1566 1394 1701 1433 Zopyrus
1714 1414 1723 1428 ‚
1742 1394 1986 1437 physiognomon
2000 1416 2008 1430 ,
2032 1399 2084 1438 qui
2099 1398 2129 1428 se

1164 1431 1357 1471 profitebatur
1366 1434 1509 1463 hominnm
1519 1445 1604 1463 mores
1619 1455 1627 1468 ,
1637 1437 1809 1477 naturasque
1822 1447 1859 1467 ex
1870 1439 2126 1478 corpore,oculis‚

1164 1474 1249 1504 vultu
1262 1494 1271 1507 ,
1290 1474 1390 1505 fronte
1401 1477 1597 1515 pernoscere?
1617 1481 1629 1503 ἲ
1640 1477 1794 1518 stupidum
1805 1478 1861 1508 effe
1873 1482 2022 1510 Socratem
2034 1480 2126 1515 dixit,

1166 1515 1198 1545 &
1218 1516 1343 1545 bardum
1357 1537 1365 1550 ,
1386 1517 1467 1557 quod
1480 1518 1582 1558 jugula
1593 1529 1723 1549 concava
1735 1530 1801 1549 non
1812 1521 1931 1550 haberet
1943 1531 1949 1550 2
1961 1520 2127 1553 obstrustas

1164 1566 1211 1586 eas
1221 1566 1328 1596 parteis
1339 1577 1347 1591 ,
1371 1559 1402 1588 ὃς
1416 1559 1565 1589 obturatas
1577 1559 1634 1589 ess'e
1644 1560 1760 1590 dicebat
1776 1561 1909 1591 :addidit
1919 1563 2010 1592 etiarn
2027 1582 2035 1595 ‚
2056 1573 2127 1593 mu-

1165 1597 1307 1628 lierosum
1323 1609 1328 1627 z
1351 1601 1381 1628 in
1405 1609 1466 1640 quo
1476 1600 1840 1631 Alcibiadesvcachinnum
1851 1601 2125 1634 dicitursustuliffe.

1163 1639 1219 1668 Sed
1232 1642 1294 1669 hac
1304 1650 1341 1670 ex
1352 1639 1535 1671 naturalibus
1545 1640 1635 1672 caufis
1643 1644 1719 1672 vitia
1728 1643 1806 1674 nasci
1816 1642 1939 1684 poss'unt
1950 1656 1955 1674 z
1967 1645 2123 1685 exstirpati

1163 1690 1263 1711 autem
1287 1682 1320 1712 ὅ(
1340 1682 1476 1712 funditus
1497 1684 1584 1717 tolli,
1605 1693 1636 1714 ut
1656 1687 1681 1714 is
1702 1686 1762 1725 ipse
1776 1706 1785 1719 ‚
1805 1686 1903 1726 quiad
1916 1696 1947 1717 ea
1960 1689 2125 1727 propensus

1162 1722 1251 1752 fuerit
1260 1725 1275 1753 a
1286 1726 1374 1754 tantis
1387 1727 1469 1755 vitiis
1480 1733 1617 1755 avocetur
1629 1747 1638 1760 ‚
1658 1737 1719 1756 non
1729 1726 1771 1757 est
1780 1728 1809 1757 id
1821 1726 1951 1767 positum
1963 1739 1996 1758 in
2007 1739 2125 1760 natura-

1160 1764 1241 1794 libus
1251 1764 1342 1795 causis
1356 1785 1365 1799 ,
1379 1766 1471 1796 sedin
1481 1768 1639 1801 voluntate,
1643 1767 1746 1804 studio,
1758 1769 1914 1810 disciplina.
1934 1772 2124 1810 quaetollun—

1164 1815 1209 1834 tur
1228 1809 1334 1837 omnia
1347 1827 1355 1839 ,
1377 1806 1396 1836 si
1416 1811 1460 1837 vis
1473 1828 1482 1840 ‚
1503 1809 1535 1837 δε
1555 1818 1658 1839 natura
1677 1811 1728 1840 fati
1747 1820 1785 1840 ex
1795 1811 1994 1841 divinationis
2007 1815 2122 1844 ratione
2152 1845 2154 1848 ,

1162 1844 1342 1877 firmabitur.
1367 1851 1489 1878 Etenim
1510 1848 1580 1879 siest
1590 1850 1739 1881 divinatio
1750 1872 1758 1885 ,
1778 1850 1793 1871 ⁶
1804 1852 1941 1893 qualibus
1951 1863 2021 1884 nam
2030 1855 2045 1885 a
2054 1865 2120 1894 per-
2142 1857 2165 1890 6

1160 1889 1253 1927 ceptis
1271 1898 1340 1918 artis
1356 1888 1570 1929 proficiscitur:
1589 1901 1724 1932 percepta
1744 1894 1878 1933 appello,
1897 1904 1961 1935 qua:
1981 1895 2123 1927 dicuntur

1163 1930 1264 1960 Graece
1279 1932 1429 1965 ἓεωρὲμκῖᾶ-
1447 1935 1521 1962 Non
1541 1934 1624 1962 enim
1636 1934 1725 1964 credo
1738 1936 1825 1965 nullo
1834 1945 1972 1976 percepto
1983 1947 2031 1967 aur
2041 1949 2123 1969 cete-

1160 1981 1209 2001 ros
1220 1970 1346 2002 artifices
1357 1973 1465 2004 versari
1478 1976 1509 2003 in
1520 1975 1572 2004 suo
1587 1985 1724 2009 munere,
1736 1987 1783 2007 aut
1795 1987 1857 2011 eos,
1869 1980 1922 2018 qui
1932 1978 2122 2010 divinatione

1161 2022 1281 2043 utantur
1292 2034 1300 2047 2
1311 2014 1409 2045 futura
1418 2016 1586 2055 praedicere.
1610 2020 1684 2047 Sunt
1695 2019 1784 2059 igitur
1791 2018 2008 2060 astrologorum
2020 2031 2121 2061 perce,—

1158 2064 1206 2095 pta
1218 2057 1402 2096 hujusmodi.
1421 2060 1451 2089 Si
1463 2060 1529 2098 quis
1540 2078 1547 2091 ,
1560 2059 1644 2088 verbi
1656 2060 1737 2090 causa
1750 2081 1760 2093 ‚
1773 2071 1926 2091 0R1ENTE
1937 2065 2122 2094 CAuicuLA

1161 2107 1266 2127 NATus
1288 2108 1362 2133 nst,
1387 2109 1416 2128 is
1441 2110 1477 2129 IN
1493 2110 1585 2130 MARI
1602 2111 1668 2130 NON
1685 2111 1876 2132 MORIETLLR.
1915 2105 2012 2146 Vigila
2022 2106 2120 2145 Chry-

1158 2138 1236 2179 sippe
1247 2160 1255 2173 ,
1279 2151 1317 2170 nc
1329 2150 1412 2171 tuam
1423 2142 1537 2172 causam
1552 2162 1560 2175 ,
1572 2145 1603 2172 in
1615 2153 1671 2182 qua
1682 2144 1734 2173 tibi
1745 2154 1814 2174 cum
1828 2145 1968 2175 Diodoro
1978 2167 1986 2180 ‚
2001 2149 2117 2177 valente.

1157 2181 1328 2216 dialetsslticc,
1338 2193 1450 2224 ,magna
1461 2184 1584 2214 lustatio
1596 2186 1649 2217 est,
1665 2186 1786 2216 deseras.
1809 2190 1840 2216 Si
1851 2189 1933 2216 enirn
1945 2198 2049 2218 verum
2062 2189 2116 2223 est,

1155 2224 1236 2263 quod
1247 2225 1288 2254 ita
1297 2225 1505 2259 connectitur,
1517 2226 1548 2255 Sz
1559 2236 1620 2267 quis
1629 2230 1744 2257 oriente
1756 2229 1899 2258 Canicula
1909 2230 2043 2259 natusest
2054 2251 2061 2263 ‚
2082 2234 2115 2261 in

1156 2267 1230 2296 mari
1251 2276 1318 2296 non«
1336 2269 1497 2297 morietur-2
1520 2269 1596 2298 illud
1615 2279 1734 2309 quoque
1751 2280 1856 2299 verum
1879 2270 1939 2304 cst,
1958 2272 1990 2300 Si
2010 2272 2114 2300 Fabius

1153 2309 1270 2337 oriente
1287 2310 1427 2339 Canicula
1444 2319 1530 2339 natus
1547 2309 1590 2340 est
1602 2330 1610 2343 ,
1635 2311 1741 2341 Fabius
1751 2313 1783 2340 in
1794 2314 1869 2342 mari
1882 2322 1945 2342 non
1956 2316 2112 2343 morietur.

1152 2351 1290 2389 Pugnant
1299 2361 1369 2392 ergo
1380 2352 1442 2380 haec
1453 2354 1530 2381 inter
1541 2352 1568 2382 se
1581 2372 1588 2385 ‚
1601 2354 1722 2382 Oriente
1732 2354 1866 2383 canicula
1879 2363 1982 2384 natum
1999 2354 2069 2388 effe,
2079 2356 2112 2385 &

1152 2401 1186 2420 in
1205 2394 1280 2422 mari
1298 2394 1424 2422 Fabium
1437 2396 1636 2423 moriturum:
1653 2394 1685 2424 &
1697 2404 1840 2434 quoniam
1850 2406 1965 2425 certum
1978 2398 2009 2426 in
2022 2398 2114 2428 Fabio

1151 2435 1297 2472 ponitur,
1319 2444 1419 2464 ortum
1439 2433 1496 2465 esse
1518 2445 1589 2465 eum
1610 2438 1752 2466 Canicula
1762 2439 1876 2467 oriente
1890 2457 1898 2470 ‚
1920 2439 1983 2467 haec
1992 2449 2113 2479 quoque

1151 2484 1284 2515 pugnant
1297 2497 1305 2510 ‚
1327 2478 1360 2506 &
1376 2475 1434 2506 ess'e
1453 2477 1576 2507 Fabium
1591 2498 1598 2511 ,
1619 2478 1651 2507 &
1672 2488 1702 2508 in
1721 2481 1796 2509 mari
1816 2481 2008 2509 moriturum.
2032 2483 2111 2522 Ergo

1151 2518 1213 2546 haec
1231 2527 1352 2558 quoque
1370 2518 1549 2558 conjuntstio
1569 2519 1612 2549 est
1629 2530 1667 2549 ex
1687 2522 1922 2560 repugnantibus
1934 2541 1942 2554 ,
1962 2523 1994 2551 &
2006 2521 2048 2552 est
2057 2525 2112 2553 Fa-

1152 2557 1229 2591 bius,
1241 2559 1320 2588 &in
1333 2570 1407 2590 mari
1420 2561 1528 2590 Fabius
1542 2571 1687 2591 morietur
1701 2572 1706 2590 z
1719 2562 1801 2601 quod
1815 2572 1846 2592 ut
1856 2562 2040 2602 propositum
2052 2564 2106 2599 est,

1151 2608 1188 2628 ne
1205 2598 1268 2630 fieri
1287 2601 1411 2641 quidem
1429 2602 1536 2641 potest.
1561 2603 1722 2642 Ergoillud
1738 2623 1745 2636 ,
1765 2605 1918 2633 „Morietur
1927 2606 1956 2633 in
1966 2605 2108 2635 mariFa-

1147 2639 1209 2669 bins
1221 2662 1229 2674 ‚
1242 2652 1281 2671 ex
1290 2652 1438 2682 eogenere
1449 2643 1492 2673 est
1506 2664 1512 2675 ‚
1524 2645 1604 2684 quod
1617 2643 1679 2674 fieri
1691 2655 1754 2674 non
1765 2645 1870 2684 potest.
1894 2649 2103 2689 Omneigitur‚

1146 2684 1227 2723 quod
1237 2683 1345 2713 falsum
1358 2684 1509 2714 diciturin
1521 2686 1622 2715 futuro
1634 2705 1642 2719 ,
1667 2686 1695 2715 id
1709 2685 1771 2716 fieri
1782 2697 1845 2716 non
1856 2688 1958 2727 potest.
1984 2692 2022 2720 At
2034 2690 2101 2724 hoc,
2126 2703 2144 2736 7

1147 2723 1305 2765 Chryfippe
1315 2746 1323 2760 ‚
1344 2728 1474 2756 minime
1488 2730 1545 2757 vis.
1573 2730 1765 2768 maximeque
1777 2729 1830 2758 tibi
1842 2729 1878 2759 de
1890 2731 2020 2770 hocipso
2031 2742 2104 2763 cum

1147 2767 1289 2798 Diodoro
1299 2777 1451 2800 certamen
1460 2768 1512 2800 est.
1536 2770 1588 2800 ille
1597 2780 1682 2801 enim
1698 2771 1728 2800 id
1740 2771 1839 2801 solum
1851 2770 1914 2804 fieri
1924 2770 2006 2813 posse
2015 2773 2101 2808 dicit,

2019 2816 2102 2856 quod

1138 2893 1224 2921 nescio
1236 2902 1302 2929 quot
1316 2905 1319 2909 ⁴
1331 2894 1400 2921 ersus
1414 2895 1584 2921 admiserint.

1173 2938 1200 2963 4.
1221 2932 1399 2965 witgarium]
1421 2933 1463 2958 Eri
1477 2941 1491 2957 a
1504 2931 1617 2957 risio-ii
1636 2930 1765 2958 editione.
1777 2931 1916 2957 &accedit
1927 2931 1983 2957 Pal.
1995 2931 2102 2958 secund.

1411 2976 1469 2994 nam
1489 2968 1571 2994 ceteri
1589 2970 1739 3000 Migan'cnm
1751 2987 1759 2999 ‚
1778 2967 1873 3003 quibus
1893 2967 2009 2994 adliaeret
2028 2970 2102 2994 Tur-

1178 3047 1202 3071 5.
1221 3039 1345 3070 stipidum
1355 3039 1395 3070 effi>
1404 3043 1523 3066 Socratem
1532 3039 1620 3072 dixin]
1633 3038 1794 3066 Gulielmius
1805 3038 1943 3066 adnotavit
1957 3039 2039 3066 vidsi
2051 3049 2101 3066 ezo-

1139 3074 1291 3108 purweiida'
1302 3079 1347 3097 .'·',c.
1358 3083 1418 3099 ,Ji-m
1427 3076 1499 3106 dixit,
1513 3083 1541 3101 ut
1555 3075 1731 3110 luperiwucuaz,
1753 3075 1791 3101 uti
1805 3085 1893 3101 revera
1905 3081 1974 3102 lunc.

1174 3118 1190 3135 (,·
1239 3112 1367 3143 aihu-(itam
1379 3120 1393 3135 iz
1403 3112 1514 3144 ,ow-ceptis
1525 3112 1596 3136 ize-risv
1609 3111 1675 3144 dra]
1698 3114 1740 3136 S=c
1751 3111 1873 3137 meiito-es
1887 3111 1944 3138 mss.
1956 3121 2040 3146 iisque
2050 3110 2100 3137 ali-

129 3143 207 3170 Him'.
227 3140 285 3170 Pal.
295 3138 346 3170 stc.
365 3141 453 3170 servat
462 3141 524 3169 odire
534 3142 675 3176 confidamus
684 3143 722 3170 hic
730 3144 768 3171 hle
777 3143 839 3171 dom
846 3153 952 3178 quomm-
973 3144 1018 3172 alli
1029 3144 1096 3178 dut),
1109 3144 1111 3178 ξ
1139 3154 1179 3174 t·;i-
1192 3148 1326 3176 Victorius
1339 3147 1492 3179 Turnebus,
1504 3148 1602 3173 Aldus.
1625 3148 1680 3178 ulii,
1692 3149 1798 3183 quamn-t
1805 3156 1901 3174 nasum
1911 3148 2062 3182 ap,„.·0stis.

1363 3183 1388 3210 K
1399 3181 1415 3208 l<
1430 3183 1448 3209 {t
1463 3187 1480 3209 l<
1514 3184 1528 3208 ¹¹.
1544 3185 1561 3210 lt
1573 3183 1592 3209 k
1614 3192 1626 3220 3
1989 3191 2011 3209 1.
2021 3184 2097 3209 Dim-
