2379 3400
301 98 419 160 2293
698 85 770 132 M.
848 83 1212 129 TULLii

1292 84 1830 132 Crcssnonrs

294 177 326 206 S<
346 172 451 206 amiffo
470 170 600 201 exercitu
617 185 621 198 2
642 165 809 203 ereptisque
826 160 927 192 castris
948 155 1118 197 turpissime
1130 156 1237 190 vffius,
1260 197 1261 200 Ἴ
1280 164 1332 203 qui
1346 161 1483 192 nondum
1493 160 1630 192 ortusest
1642 181 1650 195 ,
1671 162 1748 192 nihil
1758 165 1902 203 pertinuit
1915 184 1924 200 ,
1947 165 1985 197 fic
1994 175 2033 197 ne
2042 164 2078 197 ad
2088 173 2159 196 eum
2168 161 2241 206 qui*

295 227 325 248 ..τι
345 218 493 246 servorum
519 217 624 239 manus
643 208 686 235 vii
709 205 865 237 summus,
889 202 921 232 &
940 197 1241 231 clariffirnusincidit.
1260 202 1262 206 ⁴

295 267 353 289 vita
374 254 445 285 verb
467 262 498 282 iit
515 247 721 280 miserabiliter
732 243 1154 286 privatusfitcomrnemorare
1165 240 1243 270 nihil

297 299 335 329 εΗ
351 294 465 327 necesse
479 292 566 323 :cum
576 300 612 320 eo
623 289 687 329 ipso
699 308 707 321 ‚
720 286 812 328 quod,
825 288 857 317 in
868 295 928 316 tani
941 285 1079 315 miseram
1090 283 1241 313 fortunam

297 338 428 376 delapsus
438 355 447 369 ,
460 343 555 364 vitam
566 330 628 362 cito
635 329 776 361 amiserit,
789 330 893 359 minus
902 325 1019 357 foitasse
1030 324 1119 355 miser
1129 325 1243 355 censeri

296 378 393 410 nollit.
413 373 595 407 beatissimus
605 381 704 403 autem
715 369 849 404 obiisset,
864 368 883 399 sl
895 389 903 402 ,
913 368 985 399 cum
999 369 1029 397 in
1044 366 1165 406 Repub.
1185 365 1245 395 flo—

295 413 376 452 'iebat
386 440 393 451 ‚
404 418 475 449 cum
487 415 600 447 valebat
609 413 782 445 au&oritate
796 431 804 446 ,
817 412 850 442 δε
862 413 951 453 gratia
962 430 970 443 ‚
983 409 1054 440 cum
1066 410 1171 448 copiis,
1181 409 1245 447 opi-

297 464 411 499 busque
421 459 571 491 affluebat,
582 457 599 486 ὲ
616 459 675 486 vita
685 451 856 485 decessiss'et.
878 453 964 492 cujus
973 453 1144 492 propagatio
1154 458 1247 490 quan-

297 514 362 535 tum
371 504 415 532 iili
428 502 565 531 moeroris
576 519 583 531 ‚
595 508 627 528 ac
639 496 736 527 inritus
746 496 887 529 attulerit,
898 504 962 524 non
974 493 1068 524 modo
1080 490 1248 523 scribendo,

296 545 345 576 sed
365 546 417 574 vix
436 544 526 572 etiam
537 539 698 581 cogitando
708 538 852 577 consequi
863 536 1019 577 quisquam
1030 533 1130 575 poffit.
1151 535 1249 572 itaque

296 589 353 617 hoc
364 585 495 621 stabilito
506 603 515 616 ‚
536 584 571 620 &q
584 580 645 611 fixo
655 600 664 614 ‚
688 588 820 610 mortem
832 576 989 618 saepissime
999 577 1115 607 beatam
1128 576 1251 604 homini

295 630 481 667 contingere,
492 635 556 655 nori
567 620 762 662 solum,quod
774 630 830 651 nos
843 622 873 650 iri
887 621 1001 649 beatam
1012 620 1104 649 vitam
1118 617 1250 647 inducat,

297 670 346 699 sed
372 672 459 698 etiam
471 687 480 701 ,
499 666 581 707 quod
598 665 760 695 multarum
774 682 783 697 ,
808 670 1043 702 magnarumque
1063 659 1251 689 miseriarum

296 711 383 742 sensu
394 711 497 739 liberet
513 729 521 741 ‚
543 708 575 738 &
587 707 602 737 a
611 706 718 736 futuris
729 705 777 734 vel
789 702 1008 735 calamitatibus
1018 722 1027 735 ,
1040 701 1086 731 vel
1095 699 1252 730 doloribus

297 751 459 784 abstrahat,
477 749 551 791 quid
567 750 630 788 jam
645 748 854 787 relinquetur,
874 754 926 775 cur
947 753 1011 773 non
1031 752 1129 773 morte
1147 742 1252 772 laetari,

295 804 328 825 ac
347 794 496 824 clarorum
508 792 672 821 hominum
683 791 824 818 virtutem
837 807 846 822 ‚
865 789 916 827 qui
927 786 1041 815 nullius
1054 784 1177 814 interitu
1188 791 1253 822 per-

301 836 410 866 turbati
429 834 496 864 sunt
510 852 518 866 ‚
539 834 653 862 imitari
663 831 846 860 debeamus?
866 833 915 858 An
925 837 989 857 non
999 828 1145 867 optimam
1158 843 1165 857 ‚
1188 826 1253 854 bea-

299 886 420 918 tamque
434 884 565 905 mortem
579 872 727 913 judicabat
741 874 775 901 L.
787 873 893 901 Brutus
906 890 915 903 ‚
934 869 1007 899 cum
1021 871 1201 908 Tyrannum
1211 875 1253 895 ai·-

300 929 370 950 cens
383 938 393 952 ,
413 927 504 958 quem
524 916 696 956 expulerat,
715 915 807 943 vitam
825 921 879 952 pro
899 911 998 941 nihilo
1015 909 1162 940 ducebat?
1179 910 1253 937 item

300 962 408 994 Decii,
425 969 486 999 quo
507 966 642 997 ternpore
660 965 731 986 cum
752 956 868 984 Latinis
885 962 939 993 pro
960 954 1052 992 patria
1061 950 1255 982 dimicantes,

300 1003 359 1033 sese
377 1000 511 1031 hostium
532 1000 599 1029 telis
617 996 819 1037 objiciebant?
836 995 1100 1035 praetei·eaScipio‚
1125 992 1253 1023 Paullus,

300 1043 461 1073 Marcellus
474 1061 483 1075 2
502 1040 650 1073 Albium>
671 1048 747 1079 quos
770 1040 864 1067 vitam
884 1037 920 1066 in
937 1033 1146 1072 aclel'dvassdae
1157 1032 1273 1073 patriaef
1297 1037 1459 1077 habeatque
1477 1037 1634 1067 sollicitos.
1667 1039 1719 1076 qui
1740 1039 1822 1066 enirn
1845 1038 1873 1067 se
1893 1038 2056 1066 morituros
2076 1043 2249 1075 numquam

298 1085 381 1116 causa
401 1081 566 1114 fortissime
586 1078 749 1121 profudisse
772 1080 929 1109 memoriae
948 1077 1103 1118 proditum
1115 1077 1253 1116 legimus.

302 1130 338 1158 Et
354 1125 426 1156 vero
444 1125 522 1155 nihil
540 1123 617 1157 fuit,
637 1121 836 1163 quamobrem
846 1121 924 1151 elato
935 1139 943 1153 ,
964 1119 1141 1158 excelsoque
1151 1118 1255 1147 animo

301 1170 442 1199 homines
460 1168 555 1196 vitam
566 1175 629 1195 non
639 1164 822 1204 despicerent
835 1182 844 1196 ,
866 1171 897 1192 ut
906 1162 1116 1201 sempiternam
1128 1159 1254 1199 gloriam

300 1210 446 1250 consequi
464 1206 593 1248 possent.
611 1215 682 1236 narn
694 1215 765 1235 cum
777 1205 862 1234 nullo
874 1224 884 1237 ,
900 1204 950 1233 vel
961 1203 1038 1233 certe
1051 1203 1187 1231 minimo
1199 1199 1254 1229 do-

302 1253 373 1282 loris
382 1250 467 1281 sensu
479 1270 488 1283 ‚
509 1258 601 1290 quem
613 1256 777 1277 morientes
787 1245 940 1286 perferunt
951 1264 959 1278 ,
972 1242 1123 1274 infinitam
1136 1241 1255 1272 laudem

303 1291 543 1324 commutabant.
563 1292 643 1320 hunc
656 1291 740 1318 enim
753 1289 854 1317 locum
865 1287 900 1317 de
912 1289 1033 1327 exiguo,
1046 1285 1094 1315 vel
1104 1285 1191 1314 nullo
1201 1292 1257 1323 po-

302 1338 359 1366 tius
377 1334 482 1364 dolore
504 1341 611 1362 mortis
632 1351 641 1364 ‚
670 1340 763 1371 quern
782 1329 864 1369 supra
882 1327 1133 1369 perstrinximuS,
1156 1326 1258 1366 paullo

301 1376 422 1406 uberius
440 1382 653 1415 percurramus.
678 1375 787 1412 Neque
805 1373 890 1401 enim
907 1369 1030 1400 absurde
1050 1366 1160 1399 dixisse
1180 1367 1257 1397 mihi

300 1418 417 1448 videtur
432 1420 457 1446 is
475 1436 484 1450 ,
510 1417 564 1457 qui
581 1416 781 1445 morientium
792 1433 800 1447 ,
821 1420 1074 1452 mortuorumque
1090 1411 1255 1439 hominum

302 1459 411 1490 statum
421 1479 430 1493 ,
449 1458 482 1488 &
492 1457 703 1488 conditionem
714 1455 828 1485 duabus
841 1452 1030 1495 potissimum
1043 1462 1081 1482 ex
1094 1451 1183 1482 rebus
1191 1460 1257 1491 per-

299 1504 376 1542 cipi,
397 1509 484 1540 atque
499 1499 629 1538 intelligi
648 1496 729 1538 poss'e
747 1495 907 1527 affirmavit
919 1506 925 1525 ·.
937 1505 1063 1536 quarum
1073 1503 1164 1523 unam
1176 1492 1259 1522 som-

303 1552 377 1572 num
400 1541 519 1573 statuit,
539 1541 660 1570 alteram
680 1537 751 1568 vero
777 1547 894 1578 tempus
914 1537 989 1566 illud
1002 1556 1010 1570 ,
1025 1535 1109 1576 quod
1120 1533 1256 1564 nostrum

303 1584 447 1623 cujusque
469 1590 570 1611 ortum
578 1578 741 1611 antecessit·
762 1580 794 1608 δε
805 1579 872 1609 sane
882 1581 921 1608 ita
932 1577 975 1607 est
986 1597 994 1610 ,
1016 1586 1048 1606 ut
1061 1586 1099 1606 ex
1111 1576 1257 1604 omnibus

304 1623 521 1665 opinionibus,
542 1631 667 1663 quarum
686 1630 782 1650 errore
807 1620 875 1650 duci
897 1620 1003 1659 vulgus
1023 1618 1116 1650 solet,
1136 1615 1208 1645 curn
1221 1615 1257 1645 de

307 1675 405 1696 morte
427 1666 580 1705 loquitur,
606 1663 687 1693 nulla
706 1662 793 1701 plane
815 1661 850 1691 ad
873 1662 1028 1690 veritatem
1048 1658 1181 1688 videatur
1200 1656 1256 1686 ess'e

304 1705 489 1747 propensior.
511 1708 551 1736 ita
570 1707 653 1734 enim
673 1704 763 1733 multi
778 1704 905 1735 vivunt,
925 1699 1158 1740 utpraesentibus
1169 1698 1257 1727 bonis

303 1747 439 1779 ¹scitantur
452 1759 457 1777 :
470 1757 525 1778 nec
548 1747 616 1776 sane
637 1747 788 1786 cogitent,
814 1743 888 1784 quid
911 1744 1010 1782 paucis
1027 1739 1094 1781 post
1112 1741 1199 1769 annis
1210 1739 1257 1768 vel

304 1790 371 1831 ipsis
383 1810 390 1824 ‚
401 1790 449 1819 vel
458 1791 564 1820 ceteris
578 1788 664 1820 boni,
674 1795 722 1816 aut
733 1786 804 1815 mali
814 1783 906 1824 poss'it
915 1784 1047 1813 evenire.
1071 1784 1174 1821 Itaque
1186 1780 1257 1820 saepe

303 1842 367 1862 non
379 1833 507 1872 opinatis
517 1829 633 1860 morbis
645 1847 653 1861 ,
670 1826 945 1867 perturbationibus
957 1845 965 1858 ,
977 1823 1137 1865 angoribus
1147 1832 1258 1851 vexan—

304 1884 360 1904 tur.
382 1875 490 1903 mortis
509 1870 581 1902 vero
596 1890 604 1904 ‚
623 1869 660 1899 de
676 1879 734 1909 qua
743 1866 932 1908 potissimum
944 1869 1073 1907 cogitare
1082 1864 1256 1896 debuerant,

306 1926 345 1946 :ta
356 1925 418 1945 non
430 1913 665 1945 reminiscuntur
676 1931 683 1943 ,
697 1920 727 1940 ut
737 1910 772 1940 :id
787 1910 813 1939 se
827 1908 994 1938 minimum
1006 1908 1089 1937 illam
1100 1908 1261 1946 pertinere,

304 1967 359 1988 nec
379 1958 426 1987 sua
446 1956 611 1996 quidquam
627 1950 763 1982 interesse
774 1950 958 1981 existiment.
978 1951 1054 1990 qui,
1075 1949 1261 1978 utPanaetius

303 1998 479 2029 Africanum
494 1997 590 2026 dicere
602 1995 725 2025 solitum
738 1993 839 2026 tradit,
850 1992 1012 2022 ferociores
1022 1999 1116 2031 equos
1125 1989 1263 2019 domito—

304 2042 386 2071 ribus
397 2038 554 2070 tradendos
564 2036 622 2067 efl'e
636 2055 643 2069 ,
667 2045 698 2065 ut
708 2035 863 2075 paullatim
874 2032 973 2074 parere
984 2052 993 2066 ‚
1013 2033 1100 2073 seque
1111 2033 1260 2063 mitiores,

304 2093 336 2112 ac
354 2082 511 2111 molliores
520 2079 648 2119 praebere
660 2078 805 2117 incipiant
817 2087 821 2105 z
835 2075 871 2105 sic
884 2073 934 2115 ipsi
947 2077 978 2104 in
989 2083 1095 2115 gyrum
1108 2072 1262 2103 fortitudi-

304 2126 352 2154 nis
365 2133 397 2154 ac
407 2124 557 2162 patientiae
569 2119 730 2150 reducendi
743 2118 811 2148 sunt
821 2138 829 2151 ‚
852 2127 888 2147 ne
900 2137 908 2151 ‚
930 2115 950 2146 si
962 2125 1044 2146 mors
1057 2114 1263 2155 imprudentes

306 2163 478 2204 oppresserit
489 2183 497 2197 ,
509 2170 733 2203 perterreantur,
745 2160 889 2200 planeque
899 2158 1070 2189 concidant.
1092 2156 1148 2187 Sed
1161 2155 1262 2186 nescio

306 2217 367 2248 quo
387 2206 481 2236 modo
491 2205 642 2244 voluptate
653 2222 662 2236 ‚
682 2202 814 2242 luxuque
827 2201 950 2231 delinita
960 2201 1122 2229 hominurn
1136 2198 1262 2228 consue-

306 2248 381 2279 tudo
402 2247 438 2278 de
449 2246 526 2277 reEira
537 2247 690 2284 majorum
704 2246 765 2273 vita
776 2241 919 2276 deflexit,
941 2251 1037 2282 eoque
1048 2238 1154 2271 sensim
1167 2239 1261 2269 delata

309 2289 370 2323 est,
389 2289 621 2320 utnihilminus
636 2306 643 2319 ‚
669 2285 893 2326 quamverum,
917 2284 1072 2325 agnoscat,
1093 2292 1169 2315 nec,
1189 2279 1259 2311 cum

306 2331 418 2372 aliquid
439 2332 554 2371 agitur,
575 2327 691 2366 reikam
710 2327 759 2360 id,
778 2336 873 2357 necne
893 2324 926 2355 sit
945 2333 1125 2366 magnopere
1142 2325 1262 2363 cogitet.

308 2384 365 2414 qua
376 2373 458 2403 nulla
472 2373 568 2410 major
580 2369 669 2411 pestis
681 2390 689 2402 ,
707 2379 738 2399 ac
748 2370 892 2408 pernicies
903 2369 1043 2397 humanis
1055 2365 1140 2396 rebus
1152 2385 1163 2398 ,
1175 2364 1259 2394 valde

308 2418 371 2455 jam
382 2413 563 2444 labefactatis
575 2433 585 2446 ,
604 2413 703 2451 potuit
720 2409 828 2441 afferri.
846 2410 947 2450 atqui,
967 2407 988 2437 si
1007 2410 1039 2437 in
1049 2407 1114 2437 ullo
1123 2408 1263 2439 homine,

308 2456 387 2488 certe
407 2458 439 2486 in
459 2456 505 2485 his
516 2453 581 2494 ipsis
592 2455 709 2494 vulgare
719 2452 838 2483 dictum
849 2452 882 2481 &
894 2459 1000 2481 verum
1013 2469 1021 2484 ,
1043 2450 1075 2479 δε
1090 2449 1174 2478 acute
1183 2450 1264 2488 cogi-

310 2506 403 2529 tatum
422 2495 480 2527 effe
489 2496 729 2536 deprehenditur.
752 2493 825 2535 quid
836 2495 920 2523 enirn
931 2491 977 2522 isti
988 2491 1067 2521 aliud
1079 2499 1169 2531 agunt
1180 2510 1189 2523 ,
1210 2487 1265 2518 nisi

311 2549 390 2571 toros
401 2539 465 2569 dies
475 2548 526 2578 per
539 2540 677 2568 inertiam
687 2536 815 2576 perdunt
825 2555 832 2569 ‚
854 2543 940 2575 atque
951 2536 989 2563 ita
1002 2535 1111 2563 vivunt
1121 2552 1130 2565 ,
1153 2541 1182 2561 ut
1194 2530 1265 2561 ster—

312 2592 370 2612 tere
388 2580 491 2621 potius
510 2580 600 2620 quam
622 2579 686 2609 ullo
697 2577 784 2618 paeto
796 2579 900 2607 vivere
912 2576 1090 2605 videantur?
1110 2573 1267 2603 dormiens

309 2632 409 2654 autem
428 2632 460 2652 ut
470 2622 549 2652 nihil
563 2622 671 2654 sentit,
693 2619 860 2659 nihilagit,
881 2618 1047 2647 nihilcurat
1061 2627 1065 2645 :
1079 2614 1116 2645 fic
1129 2624 1267 2645 mortuus

313 2664 385 2704 quid
398 2674 491 2705 agere,
503 2663 577 2704 quid
585 2666 755 2696 curare3aut
769 2661 875 2692 sentire
886 2657 974 2699 possit
983 2679 991 2692 ,
1006 2658 1081 2688 haud
1094 2658 1161 2688 sane
1177 2657 1266 2687 intel-

314 2707 392 2747 ligas.
415 2709 511 2746 itaque
523 2710 554 2735 in
563 2704 674 2735 fabulis
687 2723 694 2737 ‚
707 2712 783 2744 quos
795 2702 838 2732 dii
853 2702 990 2731 maxime
999 2701 1191 2733 adamarunt,
1203 2708 1266 2732 εοε,

316 2757 354 2776 ne
372 2749 586 2777 imminentem
604 2747 733 2786 aliquam
751 2745 950 2775 calamitatem
962 2742 1264 2782 sentirecogerentur‚

316 2786 339 2817 fi
356 2787 539 2828 vigilassent,
559 2788 574 2818 a
594 2788 651 2819 diis
671 2785 895 2817 immortalibus
904 2784 1078 2824 consopitos
1088 2782 1146 2813 effe
1156 2784 1266 2822 accepi-

317 2838 396 2859 mus-
421 2839 553 2859 mortem
563 2831 652 2870 igitur
663 2848 671 2862 ‚
684 2827 833 2870 siquidem
844 2829 953 2858 somno
968 2824 1073 2855 similis
1082 2824 1136 2859 est,
1149 2823 1269 2865 singulis

320 2869 459 2900 noffibus
483 2871 659 2904 induimus,
678 2871 709 2900 &
722 2890 731 2904 ‚
751 2869 823 2900 cum
842 2871 875 2899 in
898 2869 1008 2898 somno
1030 2867 1128 2897 sensus
1140 2864 1269 2906 fitplane

318 2911 421 2942 nullus
432 2931 442 2943 ‚
460 2913 580 2941 nullum
599 2914 687 2943 etiam
699 2914 730 2942 in
740 2909 984 2942 mortesuturum
992 2907 1049 2939 effe
1059 2909 1175 2939 sensum
1189 2927 1197 2942 ‚
1220 2917 1271 2938 ve—

319 2951 433 2984 rissime
454 2951 576 2982 statuere
590 2953 745 2984 debemus.
769 2952 849 2994 quod
862 2961 892 2982 ut
908 2951 992 2982 sensu
1004 2951 1066 2991 ipso
1076 2950 1164 2990 plane
1177 2950 1271 2990 perci-

319 2996 399 3041 pitin
412 3013 421 3026 2
444 2992 480 3023 fic
501 3003 537 3022 ne
554 2994 589 3023 de
607 2995 698 3025 altero
718 2996 843 3036 quidem
853 2993 982 3024 dubitari
995 2993 1059 3023 ullo
1068 2991 1155 3033 padio
1166 2990 1274 3032 potest,

321 3045 397 3077 qum
408 3054 416 3068 2
430 3035 618 3082 'qualestante
629 3055 637 3068 2
655 3036 746 3076 quam
759 3038 923 3069 ornemur,
945 3034 1062 3065 fuimus
1072 3054 1080 3067 ,
1102 3035 1171 3064 tales
1183 3035 1273 3064 etiam

322 3085 437 3109 mortui
454 3079 548 3110 tutum
562 3074 664 3107 simus.
684 3086 768 3108 mors
776 3079 861 3109 enim
873 3076 1137 3119 quemadmodum
1145 3076 1181 3107 ad
1191 3085 1274 3110 eum,

1285 207 1354 234 dem
1366 223 1375 237 ‚
1394 205 1447 244 qui
1459 213 1595 234 mortuus
1603 202 1647 233 est
1657 222 1665 236 ‚
1676 205 1736 233 ulla
1747 207 2038 245 rationepertinebit.
2058 207 2093 238 ad
2105 209 2242 237 morien·

1287 255 1347 276 tem
1358 246 1433 275 vero
1443 246 1491 276 vel
1501 245 1591 278 nihil,
1601 245 1649 274 vel
1659 254 1763 284 parum
1771 246 1850 277 certe
1860 250 1997 286 pertinet.
2020 249 2163 290 siquidem
2176 256 2239 279 tam

1286 287 1409 329 angusto
1431 287 1522 327 spatio
1531 306 1540 321 ‚
1559 296 1679 327 tamque
1702 287 1786 317 brevi
1795 288 1945 318 curriculo
1954 291 2103 321 co‘e'rcetur
2113 310 2121 324 ‚
2143 299 2174 320 ut
2184 298 2240 319 nee

1264 360 1266 362 ,
1287 329 1306 358 fi
1317 330 1390 359 velit
1399 329 1522 369 quidem
1537 348 1546 362 ,
1557 330 1635 358 vires
1647 328 1711 359 suas
1720 331 1855 359 nimium
1867 331 2026 371 porrigere,
2040 341 2087 361 aut
2095 332 2242 372 explicare

1288 369 1384 410 possit.
1407 373 1482 412 Qae
1501 369 1543 400 est
1563 372 1767 412 igitui·eoi·um
1778 373 1893 405 oiatio,
1912 374 2091 412 quitantum
2103 375 2135 402 in
2145 381 2243 403 morte

1289 413 1426 442 dolorem
1451 412 1478 442 se
1498 415 1604 442 timere
1616 432 1624 445 ,
1643 420 1731 452 atque
1746 413 1940 453 expavescere
1959 412 2117 443 diffinit-it?
2135 423 2245 454 quam-

1290 464 1379 501 quam
1392 464 1455 484 non
1466 454 1534 484 sane
1544 453 1637 483 video
1650 473 1658 487 ‚
1672 463 1734 493 quo
1748 455 1841 484 modo
1854 455 1936 484 aliter
1949 453 2043 485 facere
2052 453 2171 493 poss'int.
2189 456 2245 495 qui

1292 505 1376 542 enim
1396 504 1527 525 mortem
1547 505 1713 535 numquam
1724 498 1840 535 experti
1852 495 1926 530 sint,
1943 506 2032 536 quam
2045 496 2136 525 semel
2149 497 2245 526 homo

1292 537 1443 584 subiturus
1451 536 1493 567 est
1507 558 1515 571 ‚
1538 547 1598 582 quo
1610 537 1704 566 modo
1717 557 1726 570 ,
1747 538 1825 568 bona
1837 558 1846 571 ,
1858 539 1973 568 malane
1983 536 2016 567 fit
2027 557 2035 571 ,
2046 537 2114 567 vere
2126 537 2244 571 sentire,

1291 588 1322 608 ac
1333 577 1494 617 dijudicare
1504 577 1645 618 possunt?
1668 581 1836 609 Morientes
1844 581 1927 618 ajunt
1935 581 2077 612 cruciari,
2089 588 2176 618 angi,
2186 577 2247 609 dis·

1292 622 1431 660 torqueri.
1449 620 1531 660 quod
1554 622 1586 649 in
1606 621 1765 650 nonnullis
1782 619 1900 651 fortasse
1919 621 2138 653 animadverti,
2157 628 2246 659 atque

1295 662 1443 691 observari
1453 664 1562 701 potuit.
1581 663 1613 691 in
1627 671 1688 702 quo
1700 671 1763 691 tum
1776 662 1823 692 isti
1836 663 1948 702 aliquid
1959 661 2064 692 dixiss'e
2075 661 2168 691 videri
2178 660 2248 700 pos·

1295 703 1358 732 serit
1372 722 1379 736 ‚
1401 701 1420 732 si
1439 705 1497 734 hoc
1506 713 1544 733 ex
1556 703 1619 743 ipso
1631 706 1738 733 mortis
1749 704 1834 734 sensu
1845 703 1995 743 penderet.
2020 713 2088 734 narn
2102 723 2111 736 ‚
2132 701 2152 732 si
2165 710 2249 732 mors

1296 745 1357 785 ipsa
1373 744 1479 774 dolore
1500 745 1553 775 suo
1571 748 1677 784 corp‘us
1689 745 1780 784 usque
1791 745 1827 775 eo
1837 749 1996 779 cruciaret,
2019 754 2105 785 atque
2115 752 2250 785 angerer.

1296 796 1329 816 ut
1350 788 1411 816 haec
1431 786 1546 832 doloris
1565 786 1653 816 edere
1672 787 1784 817 indicia
1805 797 1974 827 cogeretur:
1993 788 2091 827 negari
2111 783 2251 826 profesio

1297 838 1360 858 non
1376 827 1469 868 posset
1481 848 1489 861 ,
1509 829 1584 868 quin
1595 828 1732 858 dolorem
1744 838 1808 858 non
1819 828 2004 859 levissimum
2015 837 2097 858 mors
2110 828 2169 866 ipsa
2179 825 2252 856 esset

1296 870 1425 900 allatura.
1450 869 1529 900 Cum
1553 868 1624 900 vero
1645 870 1819 909 hujusmodi
1838 880 1984 901 cruciatus
1995 867 2186 910 paucissimos
2195 877 2250 898 an—

1295 920 1342 958 gat
1351 931 1359 945 ,
1383 911 1415 942 &
1425 921 1477 941 eos
1489 912 1637 944 maxime,
1648 914 1698 951 qui
1710 920 1952 952 intemperanter,
1966 911 2124 952 flagitiose,
2137 909 2252 940 nefarie

1296 962 1428 983 vixerint
1445 972 1453 986 ,
1478 963 1559 984 nunc
1579 953 1707 982 dubitari
1732 963 1794 983 nori
1805 953 1900 993 potest
1915 974 1923 987 ‚
1945 956 2018 994 quin
2030 953 2100 983 tales
2110 953 2255 981 homines

1299 1005 1362 1025 non
1382 1004 1465 1024 mors
1486 1014 1495 1028 ,
1516 995 1566 1025 sed
1589 993 1765 1024 amissorum
1785 996 1930 1025 scelerum
1948 995 2127 1025 conscientia
2147 1001 2249 1026 vexet,

1297 1078 1476 1108 crediderint
1490 1098 1501 1112 ,
1516 1088 1551 1108 ac
1563 1088 1600 1107 ne
1610 1080 1768 1118 cogitarint
1779 1079 1902 1119 quidem
1915 1097 1924 1111 ‚
1935 1077 2006 1108 cum
2017 1077 2051 1107 ad
2062 1077 2153 1116 ipsam
2165 1086 2253 1105 mor-

1299 1129 1360 1150 tem
1383 1122 1575 1160 pervenerint
1590 1139 1598 1153 ,
1619 1129 1793 1159 anguntur,
1813 1130 1877 1150 non
1888 1120 1991 1149 doime
2005 1118 2176 1151 moriendi,
2200 1116 2251 1148 set}

1298 1161 1381 1202 quod
1400 1162 1417 1191 e
1438 1164 1498 1192 vita
1516 1161 1781 1191 invitidiscedunt.
1804 1164 1836 1192 in
1846 1161 1983 1202 quacum
1996 1163 2100 1190 omnia
2113 1159 2256 1192 secunda,

1297 1204 1455 1244 feliciaque
1474 1205 1697 1243 experirentur,
1719 1213 1756 1233 ne
1775 1204 1855 1234 secus
1876 1205 2003 1233 mortuis
2014 1201 2125 1232 accidat
2138 1220 2147 1234 ,
2167 1199 2254 1230 valde

1299 1247 1415 1279 vereri,
1433 1255 1466 1276 ac
1486 1245 1619 1275 dubitare
1637 1254 1794 1286 coguntur.
1839 1248 1878 1275 At
1899 1245 1988 1274 bonis
2008 1264 2018 1277 ,
2043 1245 2096 1283 qui
2119 1250 2255 1272 mortem

1301 1287 1435 1327 semper,
1456 1295 1607 1328 tamquam
1631 1287 1781 1326 praesentis
1792 1287 1975 1327 tempestatis
1985 1295 2104 1326 portum
2116 1304 2125 1318 ‚
2144 1286 2177 1313 in
2188 1292 2258 1317 ore,

1300 1339 1331 1359 ac
1341 1329 1479 1359 sermone
1488 1329 1657 1361 habuerint,
1668 1329 1780 1369 quique
1789 1339 1826 1358 ex
1839 1329 1926 1367 hujus
1939 1329 2006 1358 virae
2017 1327 2255 1367 procellismior·

1300 1372 1337 1401 tis
1347 1369 1497 1402 beneficio
1510 1390 1521 1404 ‚
1539 1370 1700 1410 aliquando
1711 1371 1827 1410 egredi,
1841 1368 1996 1410 saepiss'ime
2009 1368 2256 1407 concupiverim.

1300 1413 1378 1442 nihil
1387 1413 1543 1446 libentius,
1555 1412 1758 1452 acjucundius
1769 1432 1777 1445 ,
1799 1414 1956 1442 mentione
1966 1421 1997 1440 ac
2007 1412 2134 1440 nomine
2146 1409 2254 1437 mortis

1299 1454 1415 1484 accidit.
1439 1457 1537 1494 Atque
1561 1456 1592 1483 in
1614 1455 1652 1483 iis
1671 1456 1760 1483 etiarn
1771 1452 1929 1493 praestans,
1948 1449 2255 1492 planequeadmiran-

1299 1496 1372 1526 dum
1385 1495 1512 1526 deorum
1526 1504 1637 1524 munus
1647 1495 1821 1534 agnoscitur
1847 1495 1946 1523 bonos
1956 1496 2039 1523 enim
2052 1513 2061 1525 ,
2083 1491 2116 1521 &
2125 1490 2253 1531 quidem

1299 1538 1447 1576 plurimos
1458 1556 1466 1569 ,
1490 1545 1555 1565 non
1581 1535 1677 1565 modo
1696 1545 1766 1565 cum
1776 1537 1886 1576 exiguo
1897 1535 2018 1567 dolore,
2043 1542 2076 1563 ut
2085 1542 2185 1572 optare
2198 1533 2254 1561 ho-

1304 1580 1404 1607 mines
1423 1576 1516 1617 vulgo
1528 1576 1625 1606 solent
1638 1596 1647 1610 ‚
1668 1576 1716 1606 sed
1727 1587 1829 1606 omnis
1845 1578 1931 1616 piane
1942 1577 2054 1606 doloris
2065 1582 2201 1614 expertes
2212 1582 2254 1603 ex
2283 1570 2284 1573 ’

1302 1620 1353 1649 hac
1365 1622 1426 1648 viti
1437 1616 1564 1658 egressos
1576 1637 1583 1650 2
1605 1616 1665 1647 fine
1676 1619 1735 1648 ulla
1746 1619 1933 1648 dubitatione
1945 1627 2078 1656 reperias.
2094 1625 2131 1645 ex
2143 1614 2255 1655 quibus

1299 1663 1337 1696 Q.
1363 1660 1468 1689 Fabius
1479 1659 1677 1688 Consulatum
1690 1659 1811 1698 adeptus
1826 1678 1836 1692 ,
1854 1658 1925 1687 curn
1936 1661 1967 1687 iri
1977 1660 2066 1687 Curia
2075 1665 2254 1696 praetereun-

1299 1711 1341 1731 tes
1352 1701 1504 1732 salutaret,
1525 1699 1601 1728 nihil
1612 1699 1718 1729 dolens
1732 1719 1740 1732 ,
1766 1699 1972 1729 nihilmoiesti
1982 1699 2112 1729 sentiens
2123 1717 2134 1730 ‚
2152 1696 2257 1728 immb

1297 1742 1383 1782 plane
1394 1740 1555 1789 gaudens,e
1564 1742 1623 1770 vita
1633 1739 1767 1771 discessit.
1789 1751 1874 1782 atque
1888 1742 1968 1770 idem
1976 1742 2103 1780 contigit
2114 1742 2148 1768 A.
2159 1741 2254 1769 Potn-

1300 1784 1367 1823 pejo
1379 1803 1386 1816 ‚
1408 1784 1522 1812 cumin
1534 1781 1594 1812 aede
1603 1784 1690 1824 Jovis
1698 1784 1863 1822 Capitolini
1877 1783 1950 1813 sacra
1959 1779 2074 1812 fecisset
2085 1801 2094 1814 ‚
2113 1783 2251 1820 itemque

1301 1825 1427 1855 Thalnae
1438 1824 1566 1854 Consuli
1581 1843 1590 1856 ‚
1600 1826 1669 1854 Diis
1679 1825 1904 1854 immortalibus
1915 1824 2100 1863 supplicanti.
2117 1821 2188 1862 quid
2199 1823 2257 1851 hos

1303 1870 1332 1896 in
1353 1866 1416 1906 ipso
1442 1867 1549 1895 mortis
1568 1866 1693 1896 articulo
1713 1866 1828 1896 doloris
1844 1875 1979 1906 expertes
1996 1864 2152 1895 existimes
2172 1882 2181 1896 2
2200 1864 2256 1903 qui

1301 1908 1401 1948 paullo
1411 1908 1479 1938 ante
1496 1908 1553 1937 laeti
1563 1907 1704 1937 vivebant
1716 1927 1724 1941 ,
1735 1908 1807 1938 &in
1819 1917 1940 1948 eo,quo
1949 1907 2166 1938 moriebantur,
2176 1914 2258 1943 pun-

1303 1950 1352 1980 clo
1365 1951 1508 1988 temporis
1519 1968 1530 1982 ,
1548 1949 1625 1979 nihil
1636 1949 1760 1990 lugubre
1772 1949 1866 1979 testati
1876 1948 1932 1978 smt
1942 1969 1953 1981 ,
1970 1948 2045 1978 nihil
2058 1947 2158 1976 flebile
2169 1947 2258 1976 dixe-

1303 1994 1384 2022 rint?
1407 1993 1525 2023 Morte,
1547 1992 1686 2031 inquies,
1706 1989 1832 2031 oppreffi
1843 1991 1921 2021 sunt.
1941 1986 2181 2029 atsapientiffimi
2194 2008 2202 2020 ,
2223 1987 2260 2017 &e

1305 2035 1413 2073 optimi
1422 2034 1478 2062 viri
1490 2043 1496 2061 :
1507 2032 1617 2073 quibus
1628 2041 1770 2066 mortem,
1779 2041 1931 2073 tamquam
1941 2032 2032 2061 beata:
2041 2031 2110 2060 vitae
2121 2030 2260 2062 initium,

1306 2076 1349 2106 dii
1368 2076 1557 2104 immortales
1567 2075 1666 2115 largiri
1680 2075 1851 2104 voluerunt.
1879 2083 2014 2115 quameo
2022 2069 2140 2102 fortasse
2154 2071 2262 2106 iucun-

1305 2117 1421 2147 diorem
1438 2114 1504 2155 ipsis
1513 2114 1577 2145 fore
1589 2116 1749 2150 videbant,
1761 2126 1825 2156 quo
1837 2117 1938 2145 minus
1948 2125 1984 2145 eo
1995 2123 2130 2154 tempore
2141 2121 2260 2142 tantum.

1306 2159 1379 2188 boni
1389 2156 1630 2198 exspefilaverant
1645 2178 1653 2192 ‚
1672 2168 1704 2188 ac
1716 2168 1753 2188 ne
1763 2159 1873 2198 sperare
1882 2156 2005 2198 quidem
2016 2162 2163 2197 poterant·
2186 2162 2260 2184 nam

1304 2199 1374 2231 cum
1398 2209 1480 2229 mors
1503 2200 1519 2230 e
1540 2199 1642 2230 divina
1650 2200 1803 2230 voluntate
1817 2208 1877 2229 tota
1885 2199 2010 2239 pendeat
2021 2217 2030 2231 ,
2058 2195 2133 2227 haud
2147 2194 2260 2225 sanein

1305 2243 1440 2272 hominis
1449 2240 1590 2282 potestate
1600 2240 1658 2271 esse
1668 2240 1760 2281 post-'it
1769 2261 1777 2276 ,
1791 2251 1852 2282 quo
1863 2238 2048 2280 potiffimum
2057 2238 2106 2268 die
2122 2257 2132 2271 ,
2143 2245 2264 2277 quaque

1304 2284 1482 2314 conditione
1507 2285 1585 2313 mori
1597 2284 1678 2313 velit.
1703 2286 1770 2313 Nec
1785 2292 1889 2313 verum
1901 2281 1943 2312 est
1954 2281 2036 2322 quod
2049 2280 2158 2310 dicitur
2167 2279 2182 2308 a
2193 2279 2263 2318 qui-

1305 2325 1428 2356 busdam
1441 2345 1449 2358 ‚
1471 2327 1579 2355 mortis
1597 2325 1728 2355 eundem
1749 2325 1893 2355 omnibus
1913 2323 2091 2354 hominibus
2106 2321 2187 2351 diem
2199 2339 2207 2354 ,
2227 2328 2261 2349 ac

1305 2369 1469 2398 terminum
1483 2365 1630 2397 divinitus
1642 2365 1699 2397 esse
1712 2366 1913 2397 constitutum
1925 2376 1930 2394 :
1942 2374 1974 2395 ut
1985 2373 2084 2395 autem
2095 2359 2261 2394 velemus,

1305 2410 1352 2440 vel
1370 2407 1463 2439 serius
1472 2410 1638 2438 moriamur
1649 2429 1657 2442 ‚
1677 2407 1863 2449 singulorum
1874 2409 2037 2437 hominum
2049 2404 2098 2437 vel
2109 2406 2265 2442 intempe-

1306 2453 1417 2484 rantia,
1435 2450 1483 2479 vel
1503 2451 1683 2491 negligentia
1703 2452 1885 2491 contingere.
1907 2458 1997 2482 narn,
2018 2445 2136 2477 utillud
2149 2442 2266 2476 veriffi-

1307 2502 1393 2522 mum
1414 2491 1456 2522 est
1468 2511 1477 2525 ‚
1499 2490 1681 2531 praefiuitum
1702 2490 1759 2521 ess'e
1778 2490 2046 2522 vitaeterminuma
2058 2491 2146 2520 Deo,
2170 2494 2265 2527 quern

1307 2535 1473 2574 praeterire,
1494 2542 1543 2563 aut
1564 2543 1602 2563 ex
1622 2543 1684 2575 quo
1701 2534 1800 2574 egredi
1811 2529 2086 2563 neminiliceat2fic
2097 2528 2172 2559 illud
2182 2525 2266 2558 affir-

1308 2586 1388 2606 mare
1409 2585 1503 2605 nemo
1524 2573 1610 2615 poffit
1628 2595 1637 2609 ,
1664 2576 1794 2606 eundem
1816 2575 1961 2604 omnibus
1979 2593 1988 2608 ‚
2009 2573 2173 2611 eademque
2193 2571 2266 2599 hora

1308 2620 1377 2663 vitae
1397 2615 1490 2647 finem
1502 2616 1688 2656 impendere.
1712 2617 1792 2658 quod
1804 2616 1824 2647 si
1836 2616 2062 2658 agnosceremus
2073 2633 2083 2647 ,
2104 2612 2182 2642 nihil
2193 2609 2263 2641 sant}

1309 2658 1396 2693 esset,
1417 2669 1468 2688 cur
1482 2659 1821 2700 hominiprudentiarn,
1841 2661 2088 2698 temperantiam,
2111 2656 2267 2694 pietatem,

1310 2700 1518 2731 tribueremus.
1542 2710 1606 2741 quae
1626 2710 1733 2730 omnes
1743 2701 1830 2741 plane
1841 2702 1966 2731 virtutes
1977 2718 1987 2733 ,
2003 2697 2023 2728 si
2035 2699 2091 2728 hoc
2101 2694 2266 2732 conseque·

1311 2752 1409 2776 retur,
1430 2752 1493 2772 non
1511 2742 1606 2772 modo
1616 2743 1739 2773 inutiles
1751 2763 1760 2777 ‚
1779 2742 1828 2772 sed
1839 2743 1958 2782 penitus
1971 2742 2074 2771 inanes
2083 2736 2265 2769 viderentur.
2312 2748 2314 2751 >

1311 2794 1363 2815 cur
1385 2786 1469 2814 enim
1488 2784 1644 2824 prudentia
1658 2794 1788 2815 ureretur
1799 2786 1917 2817 homo,
1937 2778 2193 2813 curabstinentia‚
2212 2783 2267 2805 cur
2313 2800 2327 2807 t,

1312 2828 1507 2866 temperantia
1529 2846 1538 2860 ,
1559 2824 1582 2856 fi
1602 2826 1710 2856 eodem
1730 2846 1739 2860 ,
1757 2836 1818 2867 quo
1840 2826 1950 2864 reliqui
1971 2830 2077 2854 omnes
2090 2839 2098 2852 ,
2122 2818 2267 2857 temporis

1312 2869 1404 2907 spatio
1415 2870 1507 2898 vitam
1519 2865 1588 2897 effer
1602 2871 1833 2898 terminaturus?
1854 2870 1896 2897 Ut
1907 2864 2018 2895 diutius
2030 2882 2038 2896 ‚
2051 2862 2162 2900 inquis,
2174 2861 2268 2889 vitam

1314 2910 1474 2950 producere
1486 2910 1598 2940 liceret.
1622 2919 1668 2943 at,
1691 2908 1712 2940 fi
1726 2912 1793 2940 vitae
1803 2910 1950 2939 terminus
1958 2904 2052 2934 fatalis
2062 2901 2104 2932 est
2117 2921 2124 2935 ,
2136 2910 2191 2931 nec
2201 2902 2266 2929 iin-

1316 2953 1423 2982 mutari
1441 2951 1565 2992 quidem
1583 2950 1663 2991 posse
1686 2949 1800 2981 necesse
1818 2948 1871 2979 est.
1894 2950 1946 2978 Sin
1966 2945 2168 2976 voluntarius,
2188 2941 2266 2971 &in

1315 2995 1451 3023 hominis
1462 2993 1584 3023 arbitrio
1593 2992 1724 3033 positus,
1738 2991 1813 3020 nihil
1824 2989 1864 3019 est
1877 3009 1885 3022 ,
1895 2998 1947 3018 cui·
1960 3007 1968 3021 ‚
1979 2986 2056 3017 eund
2071 2995 2107 3014 ·m
2123 2983 2269 3014 omnibus

1313 3046 1328 3064 a
1341 3038 1408 3065 Deo
1418 3033 1617 3064 constitutum
1629 3032 1686 3063 effe
1698 3053 1706 3064 ‚
1718 3033 1870 3072 quisquam
1884 3029 2021 3060 affirmet.
2044 3027 2099 3058 Sed
2109 3027 2146 3056 de
2158 3027 2203 3055 his
2214 3023 2273 3054 sta-

1314 3085 1377 3108 tuat
1388 3076 1589 3118 unusquisque
1600 3074 1726 3107 utlibet.
1746 3073 1819 3115 quid
1829 3082 1930 3105 autem
1940 3072 2039 3102 verius
2046 3068 2078 3100 fit
2089 3089 2096 3105 ‚
2110 3071 2194 3140 Dent}
2203 3066 2264 3114 ipse

2141 3118 2174 3141 vi
2196 3116 2268 3139 erin

2363 2048 2368 2058 Ι
2378 2031 2379 2034 ,

2352 2077 2379 2111 ’έζζ

2356 2112 2379 2129 >a

2355 2128 2375 2196 ΞΣ

2369 2185 2376 2199 2

2360 2221 2367 2234 'i

2369 2225 2375 2250 l

2355 2229 2364 2311 ..-μὴ
