2337 3400
172 131 270 190 624
576 119 1081 169 M.Tut.nir

1163 120 1707 167 CicERouis

168 212 314 243 abstinere
329 207 469 250 putuisset
481 227 488 240 ‚
504 214 605 237 tamen
615 214 711 235 unum
724 203 765 234 ob
781 205 839 234 hoc
848 201 962 233 fa&um
975 221 982 235 ,
998 200 1127 241 dignum
1173 203 1290 234 facilius
1303 202 1339 233 dc
1349 212 1418 242 pace
1427 202 1642 236 deliberabitis.
1655 203 1752 243 dedtffi
1759 203 2025 247 penassceleratum
2036 203 2134 239 cineri,

167 255 259 284 illurn
279 254 366 281 omni
380 259 467 290 pcena
480 258 626 289 putarem.
650 256 719 276 nam
733 266 742 279 ,
768 244 789 275 si
806 244 867 285 ipse
883 244 1132 285 servirepoterat,

171 295 261 325 nobis
269 293 433 323 dominum
443 300 496 321 cur
505 288 704 330 imponebat?
725 287 758 317 ὃς
772 307 780 321 ,
793 285 813 316 si
824 287 888 327 ejus
897 287 1024 327 pueritia
1031 289 1132 325 pertu—

170 337 241 366 lerat
252 334 394 364 libidines
404 337 521 366 eorum,
533 333 586 373 qui
597 337 680 360 erant
691 332 724 360 in
737 339 808 359 eum
817 330 944 369 tyranni,
957 329 1088 357 etiamne
1099 328 1132 356 in

172 375 413 407 nostrosl'iberos
427 375 591 405 dominum
602 393 610 405 ,
624 373 656 403 &
670 381 832 412 tyrannum
840 369 1029 410 comparabat
1044 372 1054 395 ἓ
1074 371 1134 399 Ita-

170 423 233 458 que·
241 417 296 449 illo
307 415 466 447 inter-fe&
477 436 486 450 ,
500 415 629 456 'qualem
648 423 720 443 eum
736 414 769 444 in
785 422 841 442 nos
861 410 919 442 effe
933 412 1053 444 voluit,
1069 410 1134 441 talis

172 459 277 499 ipsein
290 468 402 489 ceteros
413 457 536 488 exstitit.
547 459 613 498 Qa
621 457 705 486 enirn
718 456 751 484 in
762 455 894 485 barbaria
903 454 1060 495 quisquam
1073 461 1133 483 tam

172 510 255 531 teter
264 521 272 535 ,
285 510 346 531 tam
357 499 484 530 crudelis
496 507 637 539 tyrannus
648 517 657 532 ‚
670 496 760 538 quam
774 499 805 526 in
816 498 870 526 hac
883 497 954 526 urbe
965 497 1056 526 armis
1070 494 1135 525 bar—

172 544 313 573 barorum
332 542 454 582 stipatus
472 542 624 571 Antonius
639 548 648 571 ,2
671 539 780 569 Caesare
799 538 976 569 dominante
993 536 1136 567 venieba-

174 594 241 614 mus
257 586 286 614 in
301 585 434 614 senatum
446 604 454 617 ‚
470 583 490 613 si
502 592 565 613 non
575 581 667 612 libere
679 601 687 615 ‚
699 590 830 612 attamen
840 579 914 610 tuto.
941 581 997 609 hoc
1008 579 1137 618 archipi-

175 637 245 658 mm,
258 626 343 667 (quid
355 628 439 656 enirn
450 626 548 656 dicam
563 633 691 664 tyranno
703 631 712 654 ‚²
723 623 734 662 )
745 624 806 653 haec
817 622 954 652 subsellia
962 622 998 651 ab
1009 622 1137 660 Ithyreis

174 669 404 708 occupabantur.
429 669 568 706 Prorupit
580 665 678 697 subito
690 663 893 697 Brundisium,
908 673 939 693 ut
949 663 1030 696 inde,
1042 663 1139 704 agmi-

171 720 212 740 ne
223 710 363 750 quadrato
375 730 382 743 ‚
404 709 439 739 ad
452 709 560 739 urbem
578 707 727 738 accederet
740 718 744 735 z
769 704 964 737 lautiffimum
976 706 1136 745 oppidum,

175 761 256 782 nunc
276 754 481 792 municipium
494 771 503 785 ‚
530 748 812 781 honestissimorum
832 748 987 788 quondam
1011 747 1140 776 colono-

173 803 183 823 ι
193 803 256 826 um,
271 792 415 826 Suessam,
426 791 660 823 fortissimorum
675 791 809 820 militum
826 791 969 830 sanguine
980 789 1137 828 implevit:

177 834 326 865 Brundisii
336 838 366 865 in
376 834 441 865 sinu
454 855 462 868 ‚
478 845 542 865 non
557 833 651 864 modo
663 830 833 863 avariffimae
846 851 854 865 ‚
874 831 924 861 sed
934 833 1025 860 etiam
1035 830 1141 860 crude-

176 876 296 908 lissima:
307 879 409 907 uxoris
421 897 430 910 ‚
447 876 580 907 deleiffis
591 876 705 905 Martiae
716 874 847 914 legionis
866 875 1058 902 centuriones
1079 881 1141 901 tru-

176 919 296 949 cidavit.
323 919 394 949 inde
405 919 433 949 se
444 929 507 960 quo
516 918 616 948 surore
627 937 634 950 ‚
653 926 713 957 quo
724 915 828 946 ardore
839 935 847 948 ‚
860 914 894 945 ad
908 914 1013 944 urbem
1023 934 1033 947 ,
1046 913 1076 944 id
1085 912 1139 947 est,

176 960 214 991 ad
224 961 338 992 caedem
349 963 457 1001 optimi
469 962 513 999 cuj
521 961 609 999 usque
622 958 751 998 rapiebat
759 961 770 983 ἓ
791 959 860 998 Qo
871 966 1006 997 tempore
1016 956 1059 985 dii
1080 958 1142 985 im-

180 1003 321 1034 mortales
336 1002 389 1043 ipfi
408 1002 577 1042 praesidium
590 999 790 1040 improvisum
807 998 1075 1039 nec-opinantibus
1085 1007 1143 1027 no-

133 1048 156 1080 9
179 1044 226 1075 bis
244 1045 427 1075 obtulerunt.
452 1045 571 1074 Caesaris
583 1044 664 1071 enim
687 1041 872 1071 incredibilis
884 1060 892 1074 ‚
914 1051 944 1070 ac
963 1041 1068 1070 divina
1081 1042 1142 1069 vir-

179 1097 225 1117 tus
237 1107 244 1120 ,
263 1087 386 1117 latronis
397 1089 530 1125 impetus
543 1084 688 1114 crudeleis
699 1103 707 1117 ,
725 1093 757 1113 ac
770 1082 951 1113 furibundos
965 1082 1139 1112 retardavit:

177 1139 271 1169 quern
284 1129 410 1159 rumille
421 1127 547 1157 demens
561 1125 666 1155 laedere
677 1126 705 1155 se
715 1125 834 1165 putabat
844 1123 951 1154 εάἰὲὶὶε
963 1145 972 1157 ,
985 1125 1138 1164 ignorans,

178 1180 377 1211 quaecumque
386 1168 460 1199 falso
470 1171 495 1198 is
505 1169 616 1198 diceret
626 1169 659 1196 in
667 1165 890 1200 sanffiffimum
903 1166 1135 1197 adolescentem,

178 1223 212 1242 ea
224 1213 291 1242 vere
304 1211 434 1241 recidere
451 1213 484 1241 in
504 1211 685 1240 memoriam
696 1209 822 1251 pueritiae
842 1209 908 1238 suae.
932 1203 1080 1248 Ingrefl'us
1091 1216 1141 1236 ur-

178 1254 250 1283 bem
262 1253 304 1283 est
315 1274 322 1287 ,
344 1263 405 1294 quo
417 1255 560 1283 comitatu
573 1272 580 1285 ‚
598 1251 646 1282 vel
659 1250 760 1291 potius
777 1252 918 1291 agmine?
935 1259 1007 1279 curn
1025 1248 1139 1281 dextra,

178 1293 301 1328 sinistra,
313 1304 453 1335 gemente
463 1294 576 1335 populo
586 1296 683 1324 Rom.
695 1295 859 1323 minaretur
869 1291 1015 1324 dominis,
1030 1299 1143 1320 notaret

178 1338 289 1368 domos
301 1357 309 1371 ,
329 1337 496 1367 divisurum
517 1337 545 1366 se
558 1336 664 1366 urbem
678 1336 774 1375 palam
788 1335 846 1364 suis
856 1334 1055 1373 polliceretur.
1078 1334 1142 1362 Re-

180 1380 237 1409 diit
246 1379 280 1409 ad
291 1380 404 1409 milites
415 1399 422 1412 ,
436 1379 477 1408 ibi
492 1377 628 1419 pestifera
639 1378 690 1407 illa
700 1377 810 1407 Tiburi
822 1377 940 1406 concio.
961 1374 1031 1405 inde
1045 1374 1080 1404 ad
1092 1384 1143 1404 ur·-

178 1421 250 1451 bem
265 1422 382 1451 cursus:
407 1422 521 1451 senatus
534 1424 566 1450 in
577 1420 775 1459 Capitolium:
794 1427 891 1458 parata
901 1417 937 1447 de
955 1416 1143 1447 circumscri-

180 1462 281 1493 bendo
290 1463 475 1493 adolescente
485 1463 632 1493 sententia
640 1461 804 1492 consularis
816 1471 821 1489 ι
839 1459 911 1489 cum
921 1458 1042 1498 repente
1056 1459 1141 1497 (nam

180 1506 323 1535 Martiam
341 1505 493 1545 legionem
505 1505 589 1534 Albae
608 1500 773 1534 consedisse
785 1501 906 1541 sciebat)
925 1499 1044 1531 affertur
1058 1502 1084 1530 ei
1104 1500 1142 1530 de

179 1555 282 1588 quarta
294 1555 426 1576 nuntius.
445 1557 506 1587 quo
514 1546 666 1588 perculsus
677 1565 685 1579 ,
706 1542 982 1583 abjecitconsilium
993 1542 1141 1573 referendi

180 1588 218 1619 ad
233 1589 367 1618 senatum
385 1588 421 1618 de
432 1589 551 1618 Caesare.
575 1585 702 1628 egress'us
716 1586 759 1616 est
775 1596 839 1615 non
859 1587 934 1618 viis,
955 1585 1004 1615 sed
1015 1585 1143 1614 tramiti-

182 1631 249 1664 bus,
264 1630 420 1670 paludatus
436 1641 440 1659 :
460 1640 554 1671 eoque
566 1629 614 1659 die
633 1629 698 1668 ipso
709 1627 942 1658 innumerabilia
951 1627 1139 1656 senatuscon-

183 1672 258 1703 sulca
269 1671 356 1702 fecit:
378 1682 444 1713 qua:
455 1672 579 1712 quidem
595 1672 699 1700 omnia
711 1669 802 1700 citius
813 1668 888 1699 lesia
899 1689 907 1703 ,
927 1669 1018 1709 quam
1038 1669 1142 1708 scripta

184 1714 261 1744 sunt·
286 1717 331 1744 Ex
342 1724 377 1743 co
389 1717 535 1747 nouiter,
556 1713 605 1743 sed
616 1713 716 1743 cursus
728 1732 736 1746 ‚
749 1712 782 1741 &
793 1711 903 1753 fugam
914 1711 1054 1741 Galliam.
1079 1713 1142 1740 Cae-

185 1756 278 1786 sarem
291 1756 373 1796 sequi
383 1756 574 1785 arbitrabatur
591 1754 659 1785 cum
672 1755 791 1794 legione
805 1754 911 1783 Martia
921 1773 928 1786 ,
949 1762 1020 1783 cum
1030 1761 1141 1793 quarta,

183 1808 254 1828 cum
266 1799 427 1827 veteranis:
451 1808 584 1838 quorum
594 1797 645 1826 ille
656 1806 750 1825 nomen
759 1806 818 1836 prae
829 1804 911 1826 metu
921 1794 996 1824 ferre
1007 1804 1070 1824 non
1088 1804 1142 1834 po-

185 1848 275 1870 terat:
293 1842 380 1880 eique
390 1841 423 1869 in
435 1840 566 1869 Galliam
583 1840 770 1879 penetranti,
789 1840 830 1867 D.
846 1838 875 1867 se
893 1839 998 1866 Brutus
1008 1837 1121 1875 objecit
1136 1846 1141 1864 :

186 1882 278 1922 quise
289 1890 381 1911 totius
400 1881 472 1911 belli
483 1880 626 1911 fludhbus
635 1881 787 1910 circumiri
800 1900 808 1912 ,
829 1879 920 1920 quam
939 1879 1029 1908 illum
1039 1888 1087 1908 aut
1098 1888 1144 1907 re-

185 1923 288 1964 gredi,
311 1932 360 1953 aut
373 1923 511 1964 progredi
531 1923 657 1956 maluit,
681 1924 892 1961 Mutinamque
907 1921 953 1950 illi
972 1920 1142 1953 exsultanti,

186 1975 339 2006 tamquam
349 1964 441 2002 frenos
450 1964 559 1994 furoris
570 1966 682 2004 injecit.
705 1973 795 2004 quam
805 1973 874 1993 cum
894 1962 1053 2002 operibus,
1075 1971 1145 1991 mu·

188 2007 418 2048 nitionibusque
430 2005 632 2047 saepfiss'et‚nec
642 2015 712 2036 eum
726 2003 944 2035 florentiffimae
957 2005 1088 2034 coloniae
1099 2004 1146 2033 di-

185 2051 294 2091 gnitaS,
306 2059 402 2090 neque
412 2050 544 2079 consulis
554 2047 695 2090 designati
706 2049 764 2087 maj
769 2046 841 2078 estas
855 2047 869 2077 a
879 2046 1039 2087 parricidio
1050 2046 1147 2076 deter-

186 2100 263 2120 reret
277 2102 280 2120 :
292 2100 368 2125 tum,
381 2090 549 2130 me,(testor
560 2091 592 2121 &
603 2090 709 2124 vos,&
718 2090 866 2130 populum
878 2091 971 2119 Rom.
983 2088 1016 2118 &
1026 2089 1147 2119 omneis

187 2132 260 2162 deos
272 2153 280 2165 ,
296 2135 348 2173 qui
366 2135 436 2163 huic
449 2133 514 2163 urbi
523 2131 702 2173 praesidenn)
714 2134 816 2161 invito
828 2152 837 2164 ,
849 2131 1073 2173 &repugnante
1084 2150 1092 2164 ,
1106 2130 1149 2159 le-

190 2176 247 2216 gati
257 2173 336 2204 miffi
347 2184 404 2205 tres
414 2176 584 2205 consulares
594 2175 630 2205 ad
641 2175 789 2204 latronem
802 2176 845 2203 M.
857 2176 1030 2203 Antonium
1040 2172 1150 2214 gladia-

192 2226 294 2246 torum
305 2217 422 2246 ducem.
447 2219 522 2259 Qis
540 2227 601 2247 tam
622 2216 760 2246 barbarus
779 2218 947 2256 umquam?
967 2224 1151 2245 tamimma-

192 2259 261 2287 nis?
279 2267 337 2288 tam
361 2257 462 2288 ferus?
478 2269 543 2289 non
562 2259 693 2289 audivit:
714 2267 778 2287 non
794 2257 966 2297 respondit:
988 2267 1087 2298 neque
1101 2266 1152 2286 eos

192 2300 293 2330 solum
303 2301 472 2340 praesenteis
482 2321 490 2333 ,
513 2300 561 2331 sed
578 2299 678 2330 multo
689 2301 783 2340 magis
793 2310 840 2329 nos
849 2319 857 2332 ,
870 2298 885 2328 ὲ
895 2299 1002 2338 quibus
1014 2300 1060 2328 illi
1071 2306 1154 2328 erant

194 2340 276 2371 miffi
289 2362 296 2375 ,
314 2343 439 2381 sprevit,
461 2342 494 2371 δε
503 2342 667 2381 pronihilo
677 2343 803 2381 putavit.
826 2339 928 2371 Postea
937 2359 945 2372 ,
957 2340 1038 2380 quod
1048 2340 1152 2373 scelus,

193 2383 276 2424 quod
293 2383 411 2414 facinus
430 2383 574 2423 parricida
596 2393 660 2412 non
679 2382 794 2413 edidit?
821 2382 1013 2412 circumsedit
1027 2382 1156 2411 colonos

193 2424 307 2455 vestros
319 2445 328 2459 ,
339 2427 505 2456 exercitum
518 2425 622 2466 populi
632 2427 740 2457 Rom-,
751 2425 963 2463 imperatorem
975 2442 983 2456 ,
999 2422 1156 2452 consulem

195 2466 379 2508 defiguatum
394 2478 399 2496 :
421 2477 507 2508 agros
515 2468 635 2497 divexat
642 2468 759 2497 civium
769 2467 961 2505 optimorum
975 2475 980 2493 :
1001 2463 1094 2493 hostis
1106 2472 1157 2493 tae-

199 2512 338 2539 terrimus
360 2510 507 2539 omnibus
521 2509 612 2538 bonis
628 2517 748 2542 cruces,
768 2517 800 2537 ac
819 2515 968 2537 tormenta
990 2507 1155 2535 minitatur.

137 2556 178 2579 ix>
201 2554 282 2583 Cum
289 2553 357 2585 hoc,
371 2553 414 2580 M.
425 2551 550 2590 Lepide,
561 2560 618 2591 pax
628 2549 686 2580 effe
695 2559 760 2590 quae
770 2548 884 2588 potest?
903 2548 988 2584 cujus
998 2558 1036 2578 ne
1047 2547 1157 2587 suppli-

202 2595 250 2622 cio
260 2593 383 2633 quidem
395 2593 459 2622 ullo
471 2593 565 2623 satiari
585 2592 704 2622 videtur
718 2590 799 2631 posse
810 2591 939 2631 populus
950 2593 1043 2620 Rom.
1067 2588 1158 2629 Qod

202 2633 299 2674 siquis
310 2635 404 2664 adhuc
414 2634 550 2664 dubitare
566 2636 664 2675 potuit
681 2654 689 2668 ,
702 2635 777 2674 quin
788 2634 871 2663 nulla
888 2633 1008 2662 societas
1027 2632 1098 2661 huic
1109 2641 1158 2661 or-

203 2676 280 2708 dini,
292 2678 462 2717 populoque
473 2678 566 2706 Rom.
577 2686 647 2706 cum
659 2677 709 2705 illa
719 2673 973 2715 importuniffima
983 2674 1081 2703 bellua
1090 2673 1159 2713 pos-

204 2716 236 2747 sit
245 2716 301 2746 esse
315 2729 318 2746 ;
340 2719 373 2747 dt
380 2717 450 2748 sinat
459 2717 596 2757 profesio
609 2718 754 2751 dubitare,
766 2720 812 2747 his
824 2719 953 2757 cognitis
963 2716 1079 2749 litteris,
1089 2725 1160 2755 quas

203 2760 282 2788 mihi
294 2758 392 2789 millis
411 2760 446 2790 ab
456 2762 558 2789 Hirtio
578 2760 701 2790 consule
715 2759 810 2789 modo
829 2761 937 2799 accepi.
964 2761 1020 2788 Eas
1030 2757 1104 2787 dum
1115 2767 1161 2786 re-

203 2803 265 2831 cito
277 2821 284 2833 ‚
305 2801 437 2841 dumque
448 2802 484 2831 de
495 2801 617 2842 singulis
638 2802 792 2832 sententiis
813 2801 942 2831 breviter
953 2799 1090 2839 disputo,
1110 2809 1161 2830 ve-

205 2844 260 2872 lim
273 2862 280 2875 ,
295 2845 323 2872 Ρ.
337 2846 370 2872 C.
385 2852 415 2872 ut
428 2843 642 2873 adhuetecistis
652 2863 659 2877 ,
673 2853 722 2873 me
731 2851 843 2873 attente
852 2842 986 2872 audiatis.
1009 2841 1162 2870 Antonius

204 2885 314 2916 Hirtio,
327 2884 359 2916 c&
371 2885 473 2923 Caefiiri.
503 2888 612 2925 Neque
622 2886 650 2915 sc
661 2888 873 2926 imperatorem
883 2904 891 2917 ,
912 2894 1009 2924 neque
1025 2886 1161 2913 Hirtium

204 2926 430 2958 consulemmec
441 2937 494 2966 pro
506 2937 630 2966 praetore
641 2927 863 2957 Caefiirem.satis
874 2928 930 2956 hoc
941 2925 1065 2966 quidem
1079 2924 1160 2958 scite,

205 2967 356 3007 deponere
374 2968 507 2998 alienum
528 2979 642 2999 nomen
662 2969 723 3008 ipse
742 2969 850 2998 maluit
860 2988 868 3002 ‚
888 2969 978 3008 quam
1000 2968 1060 2996 illis
1075 2967 1161 2996 suum

203 3009 338 3039 reddere.
368 3012 485 3049 Cognita
502 3018 587 3039 morte
599 3014 628 3039 C.
643 3009 789 3043 Trebonii,
812 3021 862 3039 non
871 3012 935 3051 plus
948 3009 1071 3049 gavifits
1084 3009 1161 3048 fiam,
1182 3008 1183 3013 ¹

203 3061 292 3092 quam
305 3050 390 3079 dolui.
420 3051 525 3081 Videte
537 3053 608 3092 quid
625 3053 653 3082 sc
672 3052 807 3093 gavisum
818 3072 826 3085 ‚
848 3052 920 3093 quid
931 3049 1059 3081 doluiss'e
1069 3051 1143 3081 dicat
1155 3060 1161 3079 ε

242 3180 264 3200 z·
284 3173 402 3207 exist-mis
411 3172 509 3206 publicis
517 3174 538 3209 -]
559 3174 603 3202 Est
615 3173 648 3202 ab
659 3174 982 3215 emendationemrrar'ii,
994 3175 1058 3205 licet
1068 3182 1178 3213 occupet
1187 3176 1307 3206 omnium
1318 3173 1515 3216 neotericorum
1527 3172 1622 3202 libros.
1641 3172 1709 3201 olim
1719 3172 1783 3202 editi
1795 3174 1821 3200 Ξῖ
1833 3172 1934 3209 scripti,
1938 3172 1992 3208 ficia
1994 3172 2097 3207 publice).

1175 253 1262 287 atque
1271 244 1367 284 offibus
1378 243 1520 283 clariffimt'
1529 246 1590 274 viri
1603 266 1611 279 ,
1624 248 1658 279 ὼ·
1667 248 1822 289 apparusffl
1832 259 1930 278 numen
1938 247 2052 276 deorum
2061 254 2140 276 intra

1170 288 1258 327 finem
1272 289 1339 316 anni
1348 287 1498 320 vertentis,
1517 288 1739 329 autjamsoluro
1753 290 1891 332 fiipplicio
1908 289 2067 332 parricidis,
2086 294 2140 317 aut

1177 329 1366 371 impendente,
1390 328 1541 357 [arandum
1558 328 1610 358 eff.
1634 327 1789 371 &Spartace
1805 336 1810 361 2
1833 342 1926 373 quem
1937 334 2021 362 enim
2039 339 2068 361 te
2085 339 2143 371 po-

1178 373 1238 402 tius
1262 371 1410 411 appellem
1430 375 1440 398 ?
1467 371 1552 410 cujus
1570 380 1689 411 propter
1715 372 1827 404 nefaria
1847 375 1953 405 scelera
1978 372 2144 403 tolerabilis

1178 412 1267 444 fuisse
1277 412 1397 443 videtur
1414 413 1558 442 Catilina:
1577 413 1739 444 laetandum
1749 413 1805 446 este
1819 435 1828 449 ,
1851 417 1940 446 ausus
1959 425 1989 445 es
2003 414 2142 448 scribere,

1180 456 1374 486 Trebonium
1385 453 1497 483 dedisse
1517 458 1642 493 poenas·²
1661 455 1837 487 sceleratum
1849 458 2062 488 Trebonium?
2079 465 2144 497 quo

1181 498 1286 528 scelere
1297 516 1304 531 ‚
1324 495 1379 526 nisi
1389 495 1470 536 quod
1481 504 1508 525 te
1523 495 1623 526 idibus
1633 499 1751 527 Martiis
1763 499 1778 528 a
1788 498 1886 529 debita
1896 499 1952 529 tibi
1962 497 2041 539 peste
2054 498 2144 528 sedu-

1181 541 1226 569 xit
1237 542 1246 564 ἒ
1271 542 1343 579 Age,
1356 539 1414 567 hoc
1425 538 1548 568 laetaris:
1569 538 1726 569 videamus
1738 559 1747 573 ,
1759 540 1833 580 quid
1843 539 1969 570 moleste
1980 540 2066 570 feras.
2083 541 2143 569 Ho-

1174 580 1245 617 stem
1257 582 1424 620 judicatum
1443 580 1491 609 hoc
1503 586 1620 620 tempore
1639 579 1833 615 Dolabellam,
1856 592 1903 616 eo,
1921 581 1996 623 quod
2005 581 2142 622 ficarium

1181 623 1323 655 occideris,
1336 623 1370 654 ὠ·
1380 621 1473 651 videri
1484 622 1615 650 rariorem
1631 622 1727 663 populo
1738 623 2040 662 Rom.filiumscurrae,
2052 633 2141 664 quana

1184 668 1212 694 C.
1226 665 1363 705 Caefizrem,
1374 665 1471 706 patriae
1483 671 1638 705 parentem,
1651 665 1886 705 ingemiscendum
1895 664 1947 694 εἶτ’.
1967 665 2048 705 Qid
2058 674 2144 707 inge-

1183 707 1284 737 miscis
1299 706 1416 737 hostem
1437 706 1629 735 Dolabellam
1651 706 1838 742 iudicatum?
1854 706 1949 747 quid?
1966 713 1993 736 te
2011 715 2075 736 non
2094 717 2144 736 in-

1183 749 1294 790 telligis
1305 748 1424 779 dele6tu
1438 756 1498 778 tota
1508 748 1591 778 Italia
1601 746 1900 782 habit0‚consulibus
1912 745 2019 781 mistis,
2032 748 2142 777 Caesare

1185 801 1291 820 ornato
1302 810 1310 824 ,
1330 791 1402 832 sagis
1413 790 1543 830 denique
1563 789 1669 819 sumtis
1685 788 1803 820 hostem
1814 789 2002 830 judicatum-2
2018 789 2090 830 quid
2102 789 2144 820 est

1184 841 1283 863 autem
1296 853 1304 866 ,
1318 833 1455 862 scelerate
1467 851 1475 865 ‚
1486 830 1568 872 quod
1578 841 1680 872 gemas
1691 831 1810 862 hostem
1820 831 2012 861 Dolabellam
2027 830 2147 870 judica-

1186 883 1251 905 tum
1262 875 1277 905 a
1288 875 1411 904 senatu?
1427 883 1517 914 quem
1530 882 1562 903 tu
1575 873 1715 903 ordinem
1732 876 1863 904 omnino
1882 871 1939 903 effe
1955 873 2075 903 nullum
2088 883 2146 913 pu-

1185 925 1239 947 tas.
1255 916 1303 946 sed
1314 926 1379 946 eam
1392 916 1448 946 tibi
1459 915 1576 945 causam
1587 916 1659 945 belli
1668 916 1791 955 gerendi
1800 917 1955 955 proponis,
1967 924 1999 944 ut
2011 915 2146 945 senatum

1184 958 1322 988 funditus
1340 957 1447 987 deleas:
1462 958 1570 998 reliqui
1590 957 1684 992 boni,
1705 958 1738 987 δι’.
1756 958 1918 998 locupletes
1935 966 2043 987 omnes
2061 957 2147 987 sum-

1186 1010 1273 1030 mum
1293 1000 1434 1030 ordinem
1455 1000 1677 1039 subsequantur.
1710 1003 1749 1030 At
1767 1000 1871 1030 scurrae
1891 998 1990 1029 filium
2008 999 2147 1038 appellat.

1186 1040 1273 1081 Qasi
1295 1052 1367 1071 vero
1386 1044 1507 1082 ignotus
1525 1041 1616 1071 nobis
1633 1041 1723 1071 fuerit
1742 1041 1913 1081 splendidus
1936 1051 2026 1082 eques
2046 1043 2145 1071 Rom.

1186 1083 1336 1113 Trebonii
1346 1092 1441 1123 pater.
1464 1086 1493 1112 Is
1502 1091 1602 1112 autem
1613 1083 1817 1113 humilitatem
1835 1083 1985 1122 despicere
1995 1081 2083 1112 audet
2091 1092 2145 1112 cu·-

1181 1125 1192 1164 j
1198 1125 1334 1165 usquam,
1343 1126 1395 1164 qui
1406 1134 1444 1154 ex
1458 1123 1546 1154 Fadia
1555 1122 1706 1154 sustulerit
1714 1124 1845 1154 liberos?
1866 1123 2072 1164 acerbiffimum
2080 1134 2142 1153 vcro

1183 1165 1227 1195 eft*
1239 1186 1246 1199 ‚
1264 1173 1290 1194 re
1302 1187 1310 1199 ‚
1326 1168 1375 1194 ai.
1386 1166 1479 1200 Hirti,
1490 1171 1621 1194 ornatum
1634 1164 1682 1202 effe
1692 1164 1825 1204 beneficiis
1835 1166 1938 1205 Caefim's
1947 1186 1955 1200 ,
1968 1167 2002 1199 (7.
2011 1165 2098 1195 talem
2106 1165 2144 1195 ab

1183 1218 1210 1237 eo
1225 1206 1356 1237 relidam
1368 1227 1376 1240 ,
1388 1207 1503 1249 qualem
1513 1207 1568 1248 ips&
1581 1207 1698 1236 miraris.
1722 1207 1874 1248 Equidem
1885 1217 1989 1248 negare
2000 1217 2064 1237 non
2073 1208 2145 1247 pos-

1184 1250 1250 1280 sum
1262 1269 1270 1284 ‚
1290 1250 1426 1280 aCaesare
1446 1252 1584 1280 Hirtium
1596 1258 1755 1279 ornatum:
1772 1249 1820 1278 sed
1831 1249 1884 1278 illa
1896 1258 2071 1279 ornamenta
2081 1268 2089 1282 ³
2109 1251 2144 1280 in

1183 1294 1293 1322 virtute
1303 1311 1312 1325 ,
1325 1292 1358 1321 ὃς
1371 1291 1516 1322 industria
1526 1289 1617 1331 pofita
1626 1291 1738 1321 lucent.
1764 1293 1815 1321 Tu
1832 1289 1904 1321 verb
1915 1310 1923 1324 ,
1943 1293 1995 1332 qui
2007 1300 2035 1321 te
2044 1291 2080 1320 ab
2091 1301 2145 1321 eo-

1183 1334 1253 1364 dem
1266 1334 1376 1364 Caesare
1387 1342 1528 1364 ornatum
1542 1343 1649 1373 negare
1665 1343 1730 1363 non
1740 1341 1841 1373 potes,
1864 1333 1935 1374 quid
1950 1332 2011 1371 effi’s
2021 1353 2030 1366 ,
2052 1331 2072 1362 fi
2088 1333 2144 1363 tibi

1185 1377 1236 1406 ille
1246 1386 1310 1406 non
1321 1385 1381 1406 tam
1395 1376 1489 1406 multa
1499 1373 1664 1405 tribuisset?
1677 1385 1771 1416 ecquo
1782 1384 1809 1405 te
1823 1385 1872 1405 tua
1882 1378 1976 1405 virtus
1986 1374 2145 1415 provexis-

1185 1418 1227 1448 set
1245 1424 1254 1449 ?
1265 1428 1359 1458 ecquo
1368 1419 1483 1458 genus?
1504 1419 1538 1447 in
1548 1416 1662 1451 lustris,
1675 1418 1797 1457 popinis
1807 1436 1815 1450 ,
1827 1418 1889 1447 alea
1899 1437 1907 1450 ‚
1920 1419 1994 1447 vino
2005 1437 2013 1451 ‚
2024 1426 2145 1457 tempus

1185 1462 1278 1490 aetatis
1295 1470 1389 1490 omne
1399 1458 1617 1493 consumsiss'eS,
1627 1468 1659 1489 ut
1667 1459 1794 1489 faciebas
1805 1479 1813 1492 ,
1828 1469 1899 1489 cum
1909 1461 1941 1489 in
1952 1460 2074 1500 gremiis
2083 1459 2147 1488 mi-

1186 1512 1322 1535 marum,
1335 1511 1473 1531 mentum
1484 1521 1493 1535 ‚
1509 1510 1703 1542 mentemque
1714 1500 1889 1541 deponeres.
1915 1501 1949 1533 &
1968 1508 1995 1530 te
2006 1521 2014 1534 ,
2035 1497 2048 1528 ’ὁ
2063 1507 2141 1541 puer.

1186 1554 1313 1584 puerum
1322 1544 1448 1584 appellat
1460 1565 1468 1577 ,
1483 1553 1574 1584 quem
1590 1553 1654 1573 non
1663 1542 1759 1573 modo
1779 1545 1879 1572 virum
1891 1562 1899 1576 ‚
1919 1542 1967 1572 sed
1982 1546 2070 1573 etiam
2082 1541 2147 1571 for-

1190 1584 1340 1616 tifl'imum
1352 1587 1451 1615 virum
1463 1583 1560 1618 sensit,
1571 1585 1604 1615 &
1614 1585 1732 1615 sentiet.
1747 1584 1799 1615 Est
1810 1583 1884 1614 istuc
1893 1584 2017 1626 quidem
2028 1593 2146 1614 nomen

1189 1629 1293 1661 aetatis,
1305 1627 1353 1657 sed
1363 1627 1398 1657 ab
1410 1638 1446 1658 eo
1457 1627 1588 1657 minime
1599 1626 1813 1667 usurpandum,
1822 1627 1968 1667 quisnam
1978 1627 2146 1656 amentiam

1185 1680 1279 1710 puero
1289 1671 1359 1700 huic
1371 1669 1482 1709 praebet
1491 1669 1526 1699 ad
1540 1669 1677 1710 gloriam.
1701 1670 1753 1709 qui
1762 1678 1856 1697 omma
1865 1669 1922 1707 ejus
1935 1668 2041 1697 nomini
2055 1665 2143 1696 debes.

1186 1713 1273 1742 debet
1283 1711 1355 1741 vero
1366 1731 1373 1745 ‚
1395 1712 1544 1752 solvitque
1556 1710 1706 1751 praeclare.
1730 1709 1750 1739 fi
1759 1712 1843 1740 enim
1861 1711 1914 1740 ille
1924 1711 2023 1750 patriae
2037 1717 2144 1749 parens

1187 1753 1229 1783 est
1243 1773 1252 1787 ,
1273 1762 1306 1783 ut
1319 1761 1350 1783 tu
1361 1754 1487 1793 appellas
1496 1758 1564 1794 (ego
1575 1773 1583 1785 ‚
1604 1752 1676 1793 quid
1688 1752 1813 1782 sentiam
1827 1771 1835 1786 ‚
1848 1751 1969 1782 videro:
1983 1752 1993 1791 )
2010 1760 2062 1781 cur
2079 1759 2144 1780 non

1186 1797 1236 1825 hic
1245 1804 1348 1835 parens
1358 1797 1457 1824 verior
1468 1815 1476 1828 ,
1496 1795 1511 1825 a
1520 1805 1581 1836 quo
1590 1794 1668 1824 certe
1687 1797 1781 1824 vitam
1792 1793 1937 1823 habemus
1947 1813 1956 1826 ,
1976 1793 1992 1823 ἐ
2003 1794 2063 1822 tuis
2072 1791 2147 1822 faci-

1186 1835 1380 1873 norosiffimis
1395 1837 1535 1866 manibus
1549 1846 1680 1876 ereptam
1694 1839 1704 1864 3
1728 1836 1757 1864 id
1765 1845 1844 1876 agere
1856 1855 1865 1869 ,
1876 1843 1909 1864 ut
1919 1835 1985 1874 jure
1993 1834 2146 1863 ιίαγηηιιῑιις

1185 1879 1226 1920 fir
1239 1877 1408 1909 Dolabella?
1431 1881 1568 1919 Turpem
1578 1877 1652 1908 vero
1661 1877 1825 1911 astionem,
1836 1887 1894 1918 qua
1902 1876 2072 1907 defenditur
2080 1884 2148 1906 am-

1186 1920 1311 1961 piissimi
1328 1920 1487 1951 au&oritas
1501 1921 1618 1950 ordinis
1637 1928 1739 1949 contra
1760 1917 1957 1949 crudeliffimi
1975 1917 2147 1959 gladiatoris

1188 1965 1362 1993 amentiam.
1386 1962 1421 1995 (9-
1445 1970 1479 1992 ut
1499 1961 1621 2001 venefica
1639 1963 1690 1990 hac
1709 1960 1840 1991 liberetur
1859 1959 2011 2002 obsidione?
2032 1957 2148 1989 venefi-

1188 2015 1254 2035 cam
1265 2005 1354 2035 audes
1363 2005 1509 2045 appellare
1519 2014 1590 2035 eum
1602 2013 1702 2034 virum
1714 2023 1723 2037 ,
1743 2005 1795 2044 qui
1807 2005 1864 2033 tuis
1880 2001 2036 2033 veneficiis
2050 2010 2148 2031 reme-

1190 2047 1239 2077 dia
1252 2049 1391 2077 invenit?
1412 2057 1505 2088 quem
1516 2049 1556 2077 ita
1565 2044 1680 2076 obsides
1688 2065 1698 2080 ,
1714 2055 1794 2075 nove
1805 2045 1977 2078 Hannibal,
1989 2052 2037 2074 aut
2047 2042 2067 2072 si
2077 2044 2147 2083 quis

1189 2091 1304 2120 acutior
1312 2091 1474 2129 imperator
1481 2088 1551 2122 fuit,
1563 2097 1631 2119 utre
1642 2088 1702 2128 ipse
1712 2085 1856 2121 obsideas,
1868 2097 1966 2128 neque
1976 2095 2005 2116 te
2015 2084 2113 2118 istinc,
2124 2083 2147 2113 fi

1190 2133 1291 2172 cupias
1303 2150 1312 2165 ‚
1331 2130 1422 2171 possis
1432 2131 1589 2171 explicare.
1609 2128 1774 2160 recesseris:
1797 2129 1933 2170 undique
1946 2137 2053 2158 omnes
2068 2125 2151 2156 inse-

1190 2182 1330 2215 quentur.
1355 2173 1498 2204 manseris
1516 2184 1521 2202 z
1544 2172 1681 2202 haerebis.
1712 2173 1863 2202 nimirum
1885 2169 1964 2201 redite
1982 2166 2150 2200 veneficam

1190 2215 1318 2255 appellas
1330 2234 1339 2249 ,
1357 2214 1374 2245 a
1382 2225 1444 2256 quo
1455 2215 1510 2245 tibi
1521 2214 1697 2255 praesentem
1706 2213 1821 2254 pestem
1831 2212 1916 2243 vides
1934 2218 2147 2250 comparatam.

1195 2264 1230 2286 ut
1241 2267 1331 2298 quam
1341 2256 1590 2299 potentiffimusfir
1601 2255 1715 2295 Caffim,
1726 2263 1813 2296 atque
1825 2257 1951 2283 Brutus?
1973 2255 2061 2283 Putes
2071 2253 2151 2281 Cen-

1195 2300 1331 2330 sorinum
1345 2299 1453 2332 dicere,
1469 2307 1518 2329 aut
1526 2298 1707 2328 Ventidium
1718 2316 1726 2330 ,
1742 2305 1792 2326 aut
1800 2298 1888 2326 etiam
1898 2295 1976 2334 ipsos
1987 2293 2151 2324 Antonios.

1196 2350 1249 2371 cur
1265 2350 1364 2370 autem
1382 2341 1485 2370 nolint
1500 2340 1650 2379 potenteis
1669 2335 1726 2367 effe
1747 2346 1811 2366 non
1829 2335 1925 2366 modo
1943 2338 2096 2376 optimos,
2117 2334 2153 2364 &

1200 2380 1407 2411 nobilissimos
1415 2382 1499 2410 viros
1510 2400 1519 2414 ‚
1534 2380 1583 2410 scd
1596 2380 1696 2409 secum
1705 2380 1796 2408 etiam
1806 2378 1840 2408 in
1853 2378 1967 2418 reipub.
1979 2375 2153 2408 defensione

1197 2421 1399 2461 conjunstos?
1420 2422 1557 2450 nimirum
1566 2420 1655 2450 eodem
1667 2419 1745 2449 modo
1763 2421 1814 2448 hac
1826 2420 1962 2459 adspicite
1975 2440 1983 2453 ,
2001 2427 2035 2448 ur
2049 2419 2155 2460 priora,

1198 2474 1265 2505 quae
1290 2462 1432 2494 tandem?
1454 2461 1541 2499 castra
1559 2463 1682 2503 Pompeii
1693 2462 1825 2502 simarum
1841 2463 1990 2504 appellatis.
2014 2463 2063 2491 An
2082 2459 2156 2491 verb
2179 2454 2223 2492 12

1201 2515 1252 2536 tua
1264 2504 1352 2535 castra
1364 2507 1465 2545 potius
1488 2506 1624 2535 senatum
1642 2504 1873 2544 appellaremus?
1894 2507 1928 2533 in
1945 2503 2054 2545 quibus
2065 2511 2097 2533 tu
2109 2504 2159 2532 vi-

1202 2547 1482 2578 delicetconsularis
1494 2567 1502 2580 ,
1514 2548 1600 2587 cujus
1613 2554 1694 2577 totus
1704 2546 1875 2576 consulatus
1885 2545 1927 2576 est
1940 2555 1979 2576 ex
1990 2547 2077 2575 omni
2088 2554 2158 2575 mo-

1202 2598 1422 2620 numentorum
1435 2591 1584 2619 memoria
1600 2588 1734 2618 revulsus
1746 2599 1751 2617 ε
1774 2588 1836 2618 duo
1854 2597 1994 2628 praetores
2002 2585 2063 2616 fine
2077 2586 2161 2617 causa

1201 2630 1291 2661 diffisi
1305 2632 1333 2661 se
1344 2630 1457 2672 aliquid
1467 2631 1620 2661 habituros
1632 2641 1638 2659 ;
1662 2640 1719 2660 nos
1729 2632 1813 2660 enirn
1825 2630 1944 2660 Caesaris
1955 2627 2100 2659 beneficia
2108 2627 2162 2658 de-

1198 2673 1355 2703 fendimus
1367 2684 1372 2702 :
1394 2675 1525 2714 praetorii
1538 2692 1547 2707 ,
1571 2672 1781 2712 Philadelphus
1799 2674 1919 2703 Annius
1928 2692 1937 2705 ,
1962 2671 1996 2700 &
2014 2672 2163 2700 innocens

1205 2716 1320 2745 Gallius
1334 2726 1339 2744 :
1360 2716 1489 2749 aedilitii,
1502 2717 1625 2745 Coricus
1636 2715 1774 2747 laterum,
1789 2714 1822 2744 &
1831 2716 1915 2744 vocis
1924 2723 2000 2742 mete
2010 2710 2114 2744 Bestia,
2126 2711 2161 2741 &

1207 2756 1276 2788 fidei
1287 2766 1430 2797 patronus
1443 2767 1448 2786 :
1472 2755 1622 2787 fraudator
1630 2756 1815 2786 creditorum
1826 2755 2008 2787 Trebellius,
2022 2753 2055 2784 &
2063 2754 2162 2782 homo

1203 2800 1339 2839 diruptus
1351 2819 1359 2833 ‚
1376 2799 1549 2839 dirutusque
1558 2817 1567 2832 ,
1576 2800 1741 2839 'Qcoelius
1753 2818 1761 2831 ‚
1780 2798 1982 2836 columenque
1991 2796 2163 2825 amicorum

1206 2843 1356 2875 Antonii,
1379 2840 1484 2881 Cotyla
1493 2841 1599 2869 Varius
1612 2849 1617 2868 :
1634 2849 1712 2879 quos
1722 2840 1874 2868 Antonius
1893 2837 2070 2867 deliciarum
2080 2836 2164 2867 causa

1206 2884 1280 2913 loris
1290 2886 1324 2913 in
1333 2884 1480 2913 convivio
1489 2881 1563 2911 caedi
1572 2881 1694 2920 jubebat
1707 2883 1717 2898 ¹
1729 2881 1745 2909 a
1755 2880 1846 2910 servis
1856 2879 2001 2919 publicis:
2025 2881 2164 2918 Septem-

1206 2926 1311 2956 virales
1322 2945 1330 2958 ,
1352 2927 1451 2955 Lento
1462 2944 1470 2958 ,
1490 2923 1627 2953 Nucula:
1651 2930 1717 2951 tum
1728 2921 1841 2951 deliciae
1852 2941 1862 2954 ‚
1887 2930 1971 2960 atque
1982 2930 2098 2950 amores
2108 2929 2166 2960 po-

1206 2968 1270 3008 puli
1281 2969 1416 2997 Romani
1427 2968 1463 2996 L.
1476 2966 1627 2995 Antonius
1639 2973 1645 2992 z
1669 2963 1781 2993 tribuni
1791 2965 1924 3003 primum
1937 2962 1998 2992 duo
2011 2961 2164 3003 designati,

1207 3009 1318 3039 Tullus
1327 3007 1494 3041 Hostilius,
1511 3007 1563 3046 qui
1578 3006 1703 3045 suojure
1719 3007 1752 3034 in
1769 3015 1851 3044 porta
1866 3014 1982 3042 nomen
2003 3002 2165 3043 inscripsit:

1207 3053 1343 3092 quicum
1354 3050 1477 3090 prodere
1493 3050 1706 3089 imperatorem
1722 3047 1810 3077 suum
1820 3056 1884 3077 non
1896 3044 2010 3087 poffet,
2030 3046 2164 3118 reliqtliit.

2095 3098 2110 3118 a
2126 3095 2170 3117 ter

2097 3203 2172 3234 :dlis

2168 1130 2206 1156 ii
