2316 3395
152 1126 236 1161 41q

210 124 277 186 46
636 120 1132 170 M.Tu1.1.11

211 205 390 239 conficitur,
402 204 545 237 inferatur
555 223 563 238 ‚
583 204 617 236 ad
628 205 709 235 hunc
719 203 846 234 modurn
863 212 868 231 z
890 200 1007 232 Urbem
1020 201 1108 241 igitur
1119 197 1165 229 di-

214 257 344 278 ruamus.
368 252 428 278 Aut
439 257 471 278 ut
481 247 522 281 id,
544 247 625 287 quod
635 257 700 277 eam
712 255 775 275 rem
789 265 796 277 ‚
809 253 873 284 quae
885 240 1054 274 conficitur,
1066 241 1167 280 sequa-

212 287 388 322 tur,neccffe
398 289 448 320 est.
467 289 502 319 Id
513 288 555 320 est
567 286 737 328 hujusmodi
750 297 755 314 τ
767 289 797 316 Si
808 286 1003 324 peperit,cum
1013 285 1081 312 viro
1091 292 1165 312 con-

214 330 328 360 cubuit.
350 334 463 371 peperit
480 340 589 361 autem.
623 327 791 359 Conficitur
800 328 858 355 hoc
870 337 875 354 2
897 324 1068 355 Concubuit
1078 325 1168 365 igitur

214 381 285 402 cum
296 374 370 401 viro.
397 376 464 402 Hoc
475 371 495 401 si
506 372 584 401 nolis
596 369 750 402 inferi·e,&
762 367 870 397 inferas
880 367 920 400 id,
932 366 1012 407 quod
1023 366 1165 406 sequitur,

213 415 297 443 Fecit
307 416 396 454 igitur
406 413 551 443 incestum
564 423 568 440 1
590 412 622 441 &
632 411 811 440 concluseris
821 409 1121 450 argumentationem,
1135 407 1167 436 &

213 455 398 495 perspicuam
418 454 525 496 fugeris
541 453 803 492 complexionem.
827 454 924 492 Qare
934 452 967 480 in
977 449 1074 490 longis
1084 458 1168 489 argu-

215 497 462 530 mentationibus,
475 505 512 525 ex
524 493 778 524 conductionibus
791 513 799 525 ,
814 501 863 522 aut
874 502 911 521 ex
923 493 1071 521 com-lario
1082 500 1168 519 com-

213 537 304 577 plegii
315 546 448 577 opom’t:
469 539 501 566 in
512 535 651 565 brevibus
663 535 692 565 id
705 535 801 564 solum
813 554 819 566 ‚
832 533 913 574 quod
924 531 1100 565 conficitur,
1114 541 1170 560 ex-

215 588 327 618 ponere
340 589 345 607 1
368 581 399 608 in
411 581 458 611 iis,
469 580 501 607 in
511 577 620 618 quibus
631 579 728 606 exitus
738 576 907 616 perspicuus
918 574 970 608 est,
982 573 1171 604 consecutio—

216 630 254 649 ne
266 622 318 649 uti.
337 621 366 649 Si
377 622 428 659 qui
439 628 538 649 autem
549 629 587 648 ex
598 628 655 648 una
665 627 783 658 quoque
793 626 870 657 parte
881 616 1027 657 putabunt
1037 613 1168 644 constare

214 663 516 702 argumentationem,
528 669 669 700 poterunt
678 659 787 691 dicere,
799 659 873 698 saepe
890 659 955 688 satis
967 656 1022 686 ess'e
1034 657 1091 685 hoc
1102 664 1170 683 rno—

217 702 257 732 do
266 704 558 742 argumentationem
568 701 662 732 facere
675 712 680 730 z
710 702 862 742 Qoniam
872 701 985 739 peperit
995 718 1002 731 ‚
1022 707 1092 726 cum
1102 698 1169 725 viro

214 744 387 774 concubuit.
411 753 481 774 nam
493 744 550 774 hoc
561 743 674 773 nullius
695 752 790 782 neque
811 741 1031 781 approbationis
1043 759 1050 771 ‚
1072 747 1168 778 neque

215 784 405 815 assumtionis
417 806 425 819 ,
445 785 495 815 vel
505 787 568 824 ejus
578 784 798 825 approbationis
811 803 818 815 ,
839 792 934 823 neque
945 780 1168 819 complexionis

215 826 358 868 indigere.
390 826 446 857 Sed
466 827 554 857 nobis
565 827 757 867 ambiguitate
767 826 902 854 nominis
912 823 1053 852 videntur
1062 830 1166 850 errare.

215 877 285 897 nam
295 871 512 909 argumentatio
522 870 647 898 nomine
668 877 729 896 urio
749 876 792 895 res
813 865 884 895 duas
904 862 1046 905 significat
1058 883 1065 896 ‚
1087 860 1167 894 ideo,

214 908 297 949 quod
310 910 514 940 &inventum
523 910 654 950 aliquam
666 911 697 937 in
708 918 769 937 rem
782 906 934 947 probabile
946 926 953 939 ,
975 914 1025 935 aut
1039 902 1168 933 necessa—

213 953 294 980 rium
307 971 314 984 ,
325 954 543 993 argumentatio
552 959 691 983 vocatur,
704 950 736 979 &
747 950 809 989 ejus
821 949 939 977 inventi
948 945 1106 976 artificiosa
1115 955 1169 974 ex-

215 993 333 1032 politio.
358 993 486 1034 Qando
498 995 584 1033 igitur
594 991 746 1032 proferent
755 989 867 1030 aliquid
879 987 1053 1028 hujusmodi
1067 998 1072 1015 ς
1084 989 1169 1027 Qo-

215 1036 299 1064 niam
314 1037 443 1075 peperit,
464 1045 534 1065 cum
546 1036 610 1064 viro
620 1032 801 1063 concubuit:
825 1034 985 1061 inventurn
1005 1028 1168 1070 proferent,

216 1085 280 1106 non
299 1077 528 1116 expolitionem.
553 1085 608 1105 nos
619 1084 718 1104 autem
728 1074 764 1104 de
776 1073 972 1113 expolitionis
983 1070 1112 1111 partibus
1123 1070 1169 1099 lo—

239 1120 348 1147 uimur.
381 1119 469 1148 Nihil
479 1120 568 1158 igitur
576 1117 611 1147 ad
620 1117 696 1146 hanc
706 1125 770 1145 rem
781 1117 854 1145 ratio
865 1114 916 1144 illa
926 1112 1087 1153 pertinebit
1100 1123 1105 1140 z
1125 1121 1167 1141 at-

216 1169 271 1199 que
284 1161 337 1189 hac
347 1159 551 1192 distinetione,
563 1159 619 1189 alia
629 1168 748 1199 quoque
760 1177 768 1191 ,
784 1166 849 1197 quae
858 1155 1040 1186 videbuntur
1050 1152 1169 1184 officere

215 1201 287 1231 huic
296 1203 460 1240 partitioni,
472 1200 721 1240 propulsabimus,
736 1198 757 1229 fi
767 1201 818 1239 qui
827 1207 876 1228 aut
887 1195 1101 1228 affumtionem
1113 1195 1168 1225 ali-

216 1243 337 1283 quando
349 1243 415 1272 tolli
424 1241 505 1283 polle
516 1250 623 1282 putent
633 1262 641 1275 ,
653 1250 702 1272 aut
711 1239 955 1281 propositionem.
981 1242 1054 1279 Qae
1065 1235 1086 1266 fi
1096 1236 1167 1278 quid

214 1284 303 1314 habet
311 1284 461 1324 probabile
473 1304 482 1318 ‚
502 1292 551 1314 aut
560 1282 754 1313 neceffarium
766 1303 773 1316 ,
792 1292 914 1323 quoquo
925 1280 1018 1311 modo
1027 1289 1168 1310 commo-

215 1335 283 1355 veat
293 1325 459 1356 auditorem
471 1324 583 1356 necesse
594 1324 645 1355 est.
677 1324 768 1365 Qud
778 1323 799 1353 si
810 1325 907 1354 solum
919 1322 1096 1363 spe&ai·etur
1105 1342 1113 1355 2
1137 1332 1169 1351 ac

216 1367 306 1400 nihil,
318 1377 379 1408 quo
388 1367 474 1407 Ραᾶο
484 1367 654 1398 tractaretur
663 1367 693 1397 id
706 1387 713 1399 ,
725 1366 806 1407 quod
817 1367 1018 1406 excogitatum
1029 1363 1110 1397 effer,
1122 1374 1168 1393 re-

214 1408 304 1440 ferret
315 1420 320 1438 :
341 1419 528 1450 nequaquam
538 1418 653 1439 tantum
664 1413 674 1427 ¹
687 1411 766 1438 inter
775 1408 910 1438 summos
921 1415 1047 1439 oratores,
1060 1406 1092 1436 &
1103 1415 1168 1435 me-

216 1450 343 1481 diocreis
355 1450 491 1481 intereffe
501 1450 730 1481 existimaretur.
761 1451 876 1480 Vin-iare
887 1458 987 1479 autem
997 1450 1166 1478 orationem

216 1501 395 1534 magnopere
405 1493 562 1533 oportebit.
586 1503 655 1522 nam
667 1491 812 1522 omnibus
830 1494 862 1521 in
880 1491 967 1521 rebus
985 1493 1168 1520 Siiviim-ru-

216 1543 259 1564 Do
270 1533 312 1564 est
322 1535 456 1565 satietatis
467 1543 570 1565 mater.
591 1534 625 1564 Id
636 1533 699 1564 fieri
708 1535 825 1574 poterit,
838 1532 859 1562 si
869 1542 932 1563 non
942 1531 1079 1561 similiter
1089 1532 1168 1561 sem—

214 1585 267 1616 per
288 1576 490 1617 ingrediamur
508 1579 540 1606 in
558 1578 856 1617 argumentationem.
890 1577 970 1604 Nam
990 1572 1125 1613 primum
1136 1583 1170 1602 0-

216 1619 339 1647 mnium
359 1619 518 1659 generibus
536 1617 603 1658 ipsis
621 1617 800 1658 distinguere
820 1618 964 1647 convenit
982 1617 1147 1645 orationem
1162 1635 1169 1646 ‚

218 1659 276 1695 hoc
286 1658 346 1694 est,
368 1669 433 1690 tum
443 1659 620 1690 inductione
631 1662 694 1692 uti,
715 1668 781 1689 tum
792 1659 1026 1689 ratiocinatione.
1049 1657 1169 1686 Deinde

218 1701 253 1730 in
270 1702 331 1742 ipsa
348 1704 607 1743 argumentatione
626 1711 689 1731 non
699 1698 1045 1740 semperapropositione
1056 1700 1170 1739 incipe-

217 1752 249 1774 re
258 1763 267 1777 ‚
280 1753 335 1773 nec
346 1744 459 1784 semper
468 1745 600 1784 quinque
610 1742 740 1784 partibus
750 1743 831 1772 abuti
842 1763 850 1775 ,
863 1751 958 1782 neque
970 1740 1073 1771 eadem
1084 1743 1173 1770 ratio—

218 1794 259 1814 ne
276 1787 444 1824 partitionis
461 1786 612 1825 expolire:
636 1784 686 1815 sed
704 1793 769 1814 tum
789 1784 825 1814 ab
843 1782 1023 1813 assumtione
1042 1785 1173 1822 incipere

217 1827 288 1856 licet
297 1846 305 1860 ‚
318 1835 383 1856 tum
393 1827 429 1857 ab
438 1827 650 1867 approbatione
658 1826 873 1859 alterutra‚tum
883 1834 1014 1865 utraque,
1026 1833 1093 1854 tum
1103 1825 1171 1858 hoc,

218 1877 286 1898 tum
295 1869 350 1898 illo
369 1879 476 1910 genere
494 1869 717 1909 complexionis
736 1869 791 1897 uti.
813 1867 846 1897 Id
858 1875 890 1896 ut
898 1868 1087 1907 perspiciatur
1097 1887 1106 1900 ‚
1125 1875 1174 1896 aut

218 1910 381 1941 scribamus
393 1932 400 1944 ‚
421 1919 471 1940 aut
490 1912 522 1940 in
540 1909 825 1951 quolibetexemplo
834 1908 869 1938 de
881 1911 917 1938 iis
929 1929 936 1942 ‚
955 1918 1020 1948 quae
1028 1906 1174 1947 proposita

218 1952 360 1985 sunt‚hoc
369 1952 451 1982 idem
460 1961 650 1982 exerceamus
661 1971 669 1985 ,
690 1960 722 1980 ut
732 1952 823 1991 quam
833 1949 917 1980 facile
926 1949 1005 1980 factu
1016 1948 1058 1978 sit.
1082 1952 1126 1979 Ac
1138 1949 1173 1979 de

218 1994 349 2034 partibus
361 1994 484 2034 quidem
494 1995 758 2035 argumentationis
771 1993 834 2022 satis
847 1992 933 2022 nobis
953 1990 1069 2021 diG’tum
1088 1990 1173 2020 vide—

219 2044 275 2065 tur.
299 2036 378 2065 Illud
389 2044 489 2065 autem
497 2036 640 2065 volumus
650 2034 779 2075 intelligi
791 2055 799 2067 ‚
811 2043 866 2063 nos
877 2033 967 2073 probe
979 2041 1079 2062 tenere
1090 2053 1098 2066 ,
1108 2033 1174 2062 aliis

216 2086 338 2117 quoque
348 2077 512 2107 rationibus
521 2076 636 2106 tra-stari
646 2078 915 2116 argumentationes
935 2077 967 2104 in
987 2074 1177 2114 philosophia

221 2119 339 2151 multis,
350 2119 382 2148 &
394 2119 538 2150 obscuris,
550 2118 585 2147 de
597 2117 705 2158 quibus
716 2126 830 2146 certum
840 2116 882 2146 est
891 2115 1051 2146 artificium
1062 2115 1174 2145 consti-

220 2168 330 2190 tutum.
362 2159 477 2190 Verum
497 2160 550 2189 illa
568 2158 682 2188 2·n0bis
701 2158 856 2187 abhorrere
877 2157 912 2186 ab
924 2158 976 2187 usu
987 2159 1118 2186 oratorio
1129 2158 1176 2185 vi-

220 2201 338 2231 dentur.
371 2204 445 2242 Qae
463 2203 610 2241 pertinere
628 2209 727 2230 autem
744 2199 778 2228 ad
788 2198 951 2228 dicendum
963 2207 1102 2238 putamus
1112 2217 1120 2230 ,
1142 2208 1175 2227 ea

221 2253 278 2273 nos
288 2243 493 2276 commodius,
505 2242 595 2283 quam
607 2251 729 2274 ceteros,
741 2239 894 2271 attendisse
904 2249 969 2268 non
978 2238 1173 2272 affiimamus,

221 2283 271 2315 sed
290 2283 478 2325 perquisitius
500 2284 532 2314 ὃς
554 2283 727 2324 diligentius
756 2279 956 2321 conscripsisse
983 2280 1172 2320 pollicemur.

223 2329 316 2358 Nunc
327 2347 334 2359 ,
357 2335 388 2355 ut
406 2325 592 2355 instituimus
604 2346 612 2357 ,
636 2323 781 2364 proficisci
793 2322 897 2352 ordine
908 2322 943 2352 ad
954 2324 1065 2362 reliqua
1073 2332 1175 2362 perge-

225 2378 302 2398 mus.
343 2370 582 2397 Repaenexsio
602 2366 655 2398 est,
665 2375 717 2405 pcr
727 2374 816 2406 quam
828 2363 1061 2405 argumentando
1071 2363 1106 2392 ad
1112 2373 1176 2392 ver-

222 2411 367 2440 sariorum
378 2407 568 2439 confirmatio
578 2408 704 2438 diluitur
713 2427 721 2440 ,
732 2416 782 2436 aut
792 2405 971 2438 infirmatur,
986 2409 998 2432 3
1010 2413 1059 2434 aut
1069 2404 1177 2434 alleva-

222 2461 277 2481 tur.
303 2452 376 2480 Haec
385 2450 470 2480 fonte
481 2451 667 2479 inventionis
677 2448 784 2478 eodem
796 2456 911 2481 utetur,
931 2456 992 2487 quo
1002 2449 1093 2476 utitur
1103 2456 1177 2475 con-

224 2491 365 2525 fii-matio,
376 2491 527 2534 propterea
538 2490 619 2532 quod
631 2512 639 2524 ‚
651 2491 760 2531 quibus
771 2500 809 2519 cx
819 2489 893 2518 locis
904 2489 1000 2529 aliqua
1010 2498 1055 2517 res
1065 2486 1176 2517 confir—

224 2535 300 2564 mari
319 2533 415 2573 potest
424 2555 432 2567 ,
453 2533 560 2564 iisdem
579 2533 674 2572 potest
691 2542 729 2562 ex
740 2532 814 2561 locis
825 2529 979 2560 infirmari.
1004 2530 1081 2559 nihil
1091 2532 1174 2559 enim

225 2573 474 2604 considerandum
484 2574 569 2604 estin
578 2576 624 2604 his
635 2573 780 2604 omnibus
791 2572 1018 2602 inventionibus
1031 2591 1039 2604 ,
1058 2569 1115 2600 nisi
1134 2571 1174 2604 id,

224 2616 306 2658 quod
316 2618 513 2656 personis,aut
524 2618 649 2657 negotiis
659 2615 833 2646 attributum
844 2613 894 2644 est.
916 2616 1013 2653 Qare
1024 2615 1176 2642 inventio-

225 2668 308 2691 nem,
321 2659 353 2687 δε
362 2660 655 2698 argumentationum
667 2657 887 2697 expolitionem
900 2665 938 2686 ex
951 2655 1022 2688 illis,
1033 2664 1098 2695 quae
1108 2655 1174 2684 ante

220 2698 366 2739 'praecepta
387 2700 472 2733 sunt,
501 2700 576 2729 hanc
586 2701 745 2740 quoqueiii
755 2707 867 2738 partem
878 2696 1177 2727 orationistransferri

226 2740 384 2780 oportebit.
405 2743 669 2773 Verumtamen,ut
679 2741 814 2781 quiedam
826 2740 982 2780 praeceptio
993 2738 1079 2768 detur
1088 2739 1177 2778 hujus

225 2792 345 2822 quoque
363 2784 450 2822 partis
462 2803 469 2815 ,
489 2792 680 2821 exponemus
699 2781 807 2811 modos
828 2778 1061 2821 reprehensionis
1074 2791 1082 2814 3
1104 2789 1179 2820 quos

1212 113 1744 163 Cxcnnouts

1213 205 1263 228 aut
1282 194 1434 228 infirmare
1452 205 1600 238 poterunt.
1634 198 1742 228 Omnis
1752 198 1969 239 argumentatio
1979 198 2170 239 reprehendi-

1214 248 1260 270 tur
1271 259 1279 274 ‚
1301 237 1322 269 fi
1332 247 1379 269 aut
1389 249 1427 270 ex
1438 241 1474 269 iis
1485 260 1493 274 ‚
1513 249 1579 280 quae
1588 239 1685 270 sumta
1694 239 1771 272 sunt,
1791 250 1853 270 non
1864 240 2039 271 conceditur
2047 240 2170 281 aliquod

1216 291 1310 311 unum
1324 300 1332 314 ‚
1354 280 1473 320 plurave
1487 292 1492 310 2
1515 290 1582 314 aut,
1604 281 1650 310 his
1661 279 1810 315 conceffis,
1824 282 1999 322 complexio
2009 280 2119 312 confici
2131 291 2170 312 ex

1215 324 1260 352 his
1282 331 1403 364 negatur
1415 333 1420 351 z
1443 332 1492 352 aut
1502 321 1522 352 si
1533 332 1624 363 genus
1636 322 1736 362 ipsum
1745 325 2011 364 argumentationis
2021 323 2169 354 vitiosum

1214 363 1380 394 ostenditur
1391 374 1397 393 2
1417 373 1466 394 aut
1475 363 1496 394 si
1506 373 1606 394 contra
1617 362 1735 393 firmam
1744 367 2034 405 argumentationem
2046 385 2053 398 ‚
2065 365 2121 394 alia
2130 374 2170 395 ae-

1215 405 1272 446 qui¹
1285 405 1432 439 fumabant
1441 404 1560 436 firmior
1569 407 1697 445 ponitur.
1704 408 1750 435 Ex
1761 408 1878 446 iis‚quae
1887 405 2172 446 sumuntui·,aliquid

1218 458 1268 476 non
1280 448 1434 477 conceditur
1445 466 1453 481 ,
1468 446 1539 477 cum
1550 456 1599 476 aut
1609 446 1640 477 id
1651 466 1659 480 ,
1671 445 1752 487 quod
1765 447 1905 477 credibile
1915 447 2021 477 dicunt
2030 467 2038 481 ‚
2051 457 2087 477 ne
2109 456 2173 477 atur

1214 487 1273 518 efl'e
1300 488 1449 525 ejusmodi
1461 499 1466 516 z
1495 497 1545 518 aut
1562 488 1642 528 quod
1664 488 1861 527 comparabile
1879 497 1982 528 putant
1994 509 2001 520 ‚
2031 488 2062 517 di
2086 489 2173 518 miile

1215 529 1399 559 ostenditur:
1423 538 1472 558 aut
1478 529 1646 568 judicatum
1657 529 1746 558 aliam
1757 532 1789 559 'in
1799 538 1911 569 partem
1921 529 2082 559 traducitur
2094 549 2102 562 .
2123 537 2174 559 aut

1217 572 1346 600 omnino
1352 570 1505 609 judicium
1516 570 1717 609 improbatur:
1740 580 1807 604 aut,
1828 571 1909 611 quod
1922 569 2039 611 signum
2050 569 2108 600 effe
2120 570 2173 600 ad-

1216 612 1333 641 versarii
1343 612 1485 642 dixerunt
1495 632 1503 646 ‚
1517 612 1545 641 id
1556 611 1705 651 ejusmodi
1716 621 1837 654 negatur
1851 611 1908 641 effe
1921 623 1926 640 :
1946 621 1995 642 aut
2006 611 2026 641 fi
2037 613 2173 652 comple-

1216 655 1280 687 xio,
1293 662 1341 684 aut
1352 663 1473 686 una‚aut
1481 664 1520 683 ex
1531 662 1650 694 utraque
1659 662 1736 693 parte
1748 653 1976 694 reprehenditur
1989 665 1994 682 :
2006 653 2085 684 aursi
2096 663 2172 683 enu-

1216 697 1342 725 meratio
1361 694 1431 725 falsa
1451 694 1618 725 ostenditur
1628 715 1636 729 ‚
1657 704 1707 724 aut
1716 693 1737 724 fi
1746 694 1873 735 simplex
1883 694 2035 725 conclusio
2045 693 2107 725 falfi
2117 695 2172 725 ali-

1216 736 1288 776 quid
1304 739 1459 766 continere
1477 736 1704 767 demonstratur.
1729 740 1810 767 Nam
1821 747 1912 766 omne
1924 757 1932 770 ,
1951 737 2032 777 quod
2043 737 2172 766 sumitur

1215 777 1249 807 ad
1260 778 1530 820 argumentandum
1542 798 1550 812 ,
1562 777 1621 808 five
1630 788 1684 818 pro
1693 778 1850 818 probabili,
1863 777 1921 808 sive
1931 788 1986 818 pro
1996 777 2168 810 necessario.

1212 868 1259 901 pro
1279 859 1401 890 credibili
1422 862 1556 892 sumtum
1575 863 1629 891 erit
1639 881 1647 894 ,
1668 861 1698 891 id
1708 860 1927 895 infirmabitur,
1950 860 1970 890 sl
1990 870 2039 891 aut
2057 862 2171 901 perspi⁴

1215 902 1269 931 cue
1290 901 1398 932 falsum
1418 904 1473 932 erit
1482 923 1489 935 ,
1512 903 1569 932 hoc
1587 902 1689 932 modo.
1723 905 1826 933 NEMO
1847 903 1889 933 est
1899 923 1907 937 ,
1931 905 1982 943 qui
1994 913 2058 933 non
2077 912 2170 943 pecu-

1216 945 1298 974 niam
1311 964 1318 976 ,
1340 944 1431 985 quam
1451 944 1625 984 sapientiam
1635 963 1642 977 ,
1664 944 1757 974 malit.
1788 953 1835 974 aut
1845 955 1882 974 ex
1894 947 2040 974 contrario
2049 954 2171 985 quoque

1215 985 1356 1015 credibile
1367 985 1479 1026 aliquid
1490 985 1609 1015 habebit
1620 1006 1628 1019 ,
1646 986 1704 1015 hoc
1715 986 1823 1016 modo:
1857 989 1941 1028 Qrs
1961 986 2003 1016 est
2013 1007 2021 1020 ,
2041 988 2092 1027 qui
2104 996 2169 1016 non

1215 1025 1309 1057 officii
1320 1027 1456 1068 cupidior
1466 1026 1509 1061 sit,
1521 1027 1611 1068 quam
1622 1029 1775 1067 pecuniae?
1796 1031 1856 1058 Aut
1866 1037 1922 1058 erit
1931 1030 2062 1058 omnino
2072 1030 2170 1058 incre—

1214 1068 1305 1098 dibile
1318 1089 1325 1103 ,
1338 1079 1371 1098 ut
1382 1068 1402 1098 si
1413 1071 1479 1110 quis
1491 1090 1499 1103 ,
1513 1079 1604 1110 quem
1614 1068 1730 1098 constet
1739 1068 1794 1099 effe
1805 1080 1926 1100 avarum
1937 1090 1945 1103 ,
1957 1069 2034 1100 dicat
2043 1069 2169 1105 alicuius

1215 1110 1376 1140 mediocris
1386 1111 1481 1141 officii
1491 1111 1574 1141 causa
1584 1130 1592 1144 ,
1612 1111 1640 1140 se
1651 1112 1816 1141 maximam
1827 1113 1982 1151 pecuniam
1992 1109 2168 1153 neglexiffe.

1214 1154 1274 1182 Aut
1285 1150 1305 1181 si
1316 1173 1323 1186 ‚
1335 1153 1416 1193 quod
1427 1155 1459 1182 iri
1470 1152 1648 1193 quibusdam
1658 1153 1744 1182 rebus
1757 1173 1764 1186 ,
1784 1162 1834 1183 aut
1844 1153 2021 1182 hominibus
2033 1152 2162 1186 accidit„

1213 1194 1243 1223 id
1255 1196 1400 1224 omnibus
1409 1194 1522 1224 dicatur
1531 1194 1584 1223 usu
1594 1196 1713 1224 evenire
1723 1214 1731 1227 ,
1754 1195 1812 1224 hoc
1822 1194 1908 1234 Ρειξὶο
1921 1206 1926 1223 z
1948 1197 2014 1235 Qi
2026 1203 2168 1234 pauperes

1215 1235 1282 1265 sunt
1293 1256 1300 1269 ‚
1323 1238 1359 1265 iis
1371 1237 1522 1276 antiquior
1533 1234 1635 1265 officio
1645 1238 1771 1275 pecunia
1781 1235 1831 1266 est.
1855 1238 1916 1277 Qi
1935 1236 2017 1266 locus
2035 1236 2168 1266 deseitus

1191 1294 1193 1300 ι
1214 1276 1256 1308 est
1266 1297 1274 1311 ‚
1288 1279 1321 1308 in
1332 1288 1368 1308 eo
1378 1277 1490 1308 caedem
1501 1276 1609 1308 faustam
1621 1276 1678 1307 effe
1689 1286 1813 1319 oportet.
1824 1281 1861 1309 In
1871 1279 1939 1308 loco
1949 1277 2058 1308 celebri
2068 1279 2166 1307 homo

1214 1320 1310 1350 occidi
1320 1320 1371 1362 qui
1381 1323 1480 1361 potuit
1491 1324 1501 1350 ?
1519 1323 1580 1351 Aut
1589 1319 1609 1349 si
1619 1320 1660 1354 id,
1672 1320 1754 1362 quod
1763 1320 1829 1351 raro
1840 1319 1883 1353 fit,
1896 1319 1960 1350 fieri
1970 1322 2100 1349 omnino
2111 1329 2166 1349 ne-

1214 1371 1295 1403 gatur
1306 1374 1311 1392 ;
1324 1372 1356 1393 ut
1367 1365 1472 1393 Curius
1481 1373 1535 1403 pro
1547 1363 1656 1393 Fulvio
1669 1374 1674 1391 ι
1697 1365 1788 1392 Nemo
1791 1361 1886 1404 potes?
1893 1373 1945 1391 uno
1953 1359 2070 1401 aspestte,
2082 1370 2169 1403 neque

1210 1405 1360 1445 praeteriens
1377 1405 1405 1433 in
1422 1415 1542 1434 amorem
1551 1404 1674 1434 incidere.
1698 1404 1788 1444 ῥιφαὶ
1798 1413 1897 1434 autem
1908 1414 1962 1444 pro
1973 1403 2054 1449 signo
2065 1404 2167 1433 sume-

1214 1455 1261 1475 tur
1272 1466 1279 1479 ,
1293 1446 1322 1476 id
1333 1456 1372 1476 ex
1383 1447 1489 1477 iisdem
1501 1448 1574 1477 locis
1587 1466 1595 1480 ‚
1609 1447 1717 1487 quibus
1727 1444 1923 1476 confirmat-ur
1932 1465 1940 1479 ‚
1953 1445 2164 1474 infirmabitur.

1214 1490 1295 1517 Nam
1307 1490 1339 1518 in
1350 1487 1433 1534 signo
1443 1509 1451 1522 ,
1462 1487 1599 1528 primum
1609 1498 1714 1518 verum
1725 1486 1782 1517 effe
1792 1487 1910 1518 ostendi
1920 1495 2039 1527 oportet
2050 1497 2055 1515 z
2067 1489 2166 1516 Dein-

1214 1529 1250 1559 de
1261 1530 1285 1569 ej
1291 1540 1324 1559 us
1335 1529 1392 1560 efle
1402 1533 1444 1560 rei
1454 1530 1569 1571 signum
1580 1529 1747 1570 proprium,
1759 1539 1816 1570 qua
1825 1529 1861 1559 de
1871 1539 1901 1558 re
1912 1531 2006 1571 agitur
2015 1548 2023 1562 ‚
2035 1537 2067 1558 ut
2075 1538 2166 1559 cruo-

1214 1581 1279 1601 rem
1297 1571 1384 1602 caedis
1396 1583 1401 1602 :
1425 1572 1544 1602 Deinde
1554 1571 1668 1601 fafitum
1678 1570 1736 1601 effe
1746 1571 1826 1611 quod
1837 1581 1901 1600 non
1912 1572 2076 1610 oportuerit
2087 1581 2092 1599 z
2115 1578 2167 1600 aut

1215 1623 1279 1642 non
1289 1612 1403 1644 fastum
1415 1634 1423 1647 ,
1443 1614 1524 1655 quod
1538 1615 1704 1654 oportuerit
1716 1624 1720 1642 :
1741 1611 1896 1643 Posti-emb
1917 1610 1999 1642 sciffe
2016 1621 2087 1641 eum
2098 1631 2107 1645 ‚
2127 1611 2173 1641 de·

1202 1665 1273 1696 ‘qua
1282 1658 1423 1696 quaeritur
1433 1676 1441 1689 ‚
1462 1657 1525 1695 ejus
1544 1657 1587 1685 rei
1604 1656 1701 1697 legem
1713 1653 2013 1685 &consuetudinem
2037 1663 2108 1683 nam
2123 1662 2168 1683 εκ

1215 1707 1259 1726 res
1271 1698 1339 1728 sunt
1349 1696 1430 1739 signo
1440 1697 1603 1727 attributae:
1624 1707 1694 1738 quas
1706 1695 1880 1738 diligentins
1889 1697 2055 1736 aperiemus
2067 1715 2075 1729 ‚
2093 1692 2167 1725 cum

1217 1739 1370 1778 separatim
1381 1739 1418 1769 de
1430 1739 1491 1779 ipsa
1501 1741 1568 1779 conj
1573 1738 1695 1769 etsturali
1704 1738 1920 1769 constitutione
1930 1737 2074 1767 dicemus.
2090 1739 2171 1776 Ergo

1217 1782 1328 1810 horum
1339 1780 1576 1821 unumquodque
1586 1783 1619 1810 in
1628 1778 1863 1820 reprehensione,
1872 1787 1922 1809 aut
1932 1789 1996 1809 non
2005 1776 2062 1808 effe
2073 1777 2167 1819 signo,

1217 1831 1266 1853 aut
1274 1832 1379 1863 parum
1393 1832 1504 1864 magno
1516 1821 1572 1851 ess'e
1586 1842 1594 1855 ,
1606 1831 1655 1852 aut
1663 1827 1680 1851 a
1689 1822 1717 1852 se
1726 1824 1837 1861 potius,
1848 1821 1938 1861 quam
1949 1821 1985 1850 ab
1995 1819 2168 1850 adversariis

1219 1863 1292 1894 stare
1302 1884 1310 1898 ‚
1322 1873 1372 1894 aut
1382 1867 1512 1894 omnino
1523 1863 1595 1893 falso
1606 1864 1683 1896 dici,
1695 1866 1786 1893 autin
1796 1863 1885 1893 aliam
1896 1872 2014 1903 quoque
2027 1861 2171 1901 suspicio-

1219 1946 1270 1976 bz'li
1279 1948 1392 1989 aliquid
1401 1947 1565 1980 inducetur,
1577 1948 1720 1987 quoniam
1731 1946 1761 1976 id
1771 1956 1821 1986 per
1830 1944 2061 1975 similitudinem
2072 1945 2170 1974 maxi-

1221 1989 1271 2019 me
1283 1989 1420 2020 tractatui·
1429 2009 1436 2023 ‚
1450 1992 1482 2018 in
1492 1988 1736 2029 reprehendendo
1745 1989 1906 2018 conveniet
1916 1985 2010 2016 simile
2025 1986 2056 2016 id
2066 1995 2170 2028 negare

1220 2029 1277 2060 ess'e
1290 2051 1298 2064 ,
1311 2031 1391 2072 quod
1401 2030 1597 2061 contemtui-4
1607 2032 1652 2063 ei,
1663 2032 1785 2071 quicum
1795 2028 1975 2059 conferetur.
1999 2027 2029 2057 id
2040 2026 2104 2056 fieri
2113 2037 2173 2067 po-

1220 2074 1287 2102 terit
1297 2093 1305 2106 ,
1319 2072 1338 2102 si
1349 2072 1600 2102 demonstrabitur
1608 2071 1760 2101 diveisum
1770 2069 1828 2100 effe
1837 2080 1943 2111 genere
1953 2089 1960 2102 ,
1978 2077 2079 2099 natura
2090 2088 2098 2101 ‚
2117 2070 2149 2098 vi
2160 2089 2169 2101 ,

1222 2114 1429 2154 magnitudine
1439 2134 1446 2147 ‚
1459 2123 1609 2153 tempore,
1630 2113 1699 2142 loco
1709 2133 1717 2146 ‚
1737 2113 1861 2151 persona
1872 2131 1880 2144 ‚
1902 2112 2048 2150 opinione
2061 2121 2066 2138 :
2086 2119 2118 2140 ac
2128 2108 2148 2139 fi
2159 2129 2168 2144 ‚

1221 2165 1282 2195 quo
1294 2157 1325 2184 in
1334 2165 1462 2184 numero
1473 2154 1548 2184 illud
1559 2174 1567 2187 ,
1579 2153 1660 2194 quod
1669 2163 1720 2193 per
1731 2153 1958 2182 similitudinem
1969 2150 2123 2192 affereturi
2136 2151 2171 2181 86

1221 2206 1281 2236 quo
1292 2198 1325 2225 iri
1335 2196 1403 2226 loco
1413 2197 1471 2225 hoc
1481 2205 1572 2235 genus
1584 2215 1591 2228 ,
1605 2196 1688 2234 cujus
1698 2195 1781 2224 causa
1789 2194 1935 2227 afferetur,
1948 2194 2045 2223 haberi
2056 2202 2171 2223 conve-

1222 2239 1284 2267 niat
1294 2257 1302 2270 ‚
1313 2236 1494 2267 ostendetur.
1515 2236 1634 2266 Deinde
1646 2236 1718 2276 quid
1728 2246 1771 2266 res
1780 2246 1852 2266 cum
1863 2247 1891 2265 re
1904 2234 2029 2268 differat,
2041 2234 2171 2264 demon-

1223 2278 1367 2308 strabitur.
1391 2288 1429 2308 ex
1439 2288 1500 2319 quo
1509 2278 1685 2308 docebimus
1697 2299 1705 2311 ,
1726 2277 1805 2307 aliud
1817 2278 1852 2307 de
1861 2288 1895 2307 eo
1906 2298 1913 2311 ,
1927 2277 2007 2317 quod
2017 2285 2172 2316 compara-

1223 2320 1312 2353 bitur,
1327 2320 1359 2349 &
1371 2319 1405 2349 de
1416 2330 1463 2353 eo,
1474 2322 1597 2360 quicum
1607 2320 1834 2359 comparabitur,
1847 2319 2012 2349 existimari
2022 2327 2168 2358 oportere.

1224 2362 1322 2400 Hujus
1332 2361 1476 2391 facultatis
1487 2361 1622 2391 maxime
1634 2362 1813 2403 indigemus,
1821 2360 1893 2391 cum
1904 2371 1937 2390 ea
1946 2361 2006 2400 ipsa
2013 2368 2174 2401 argumen-

1222 2404 1294 2433 tatio
1305 2423 1312 2436 ,
1324 2413 1389 2443 quae
1399 2413 1450 2442 pei·
1460 2402 1670 2433 indu-{tionem
1681 2401 1818 2433 tractatur
1829 2424 1836 2437 ,
1858 2405 1913 2432 erit
1922 2400 2171 2442 reprehendenda.

1222 2445 1255 2474 Si
1265 2445 1431 2482 judicatum
1448 2444 1566 2485 aliquod
1587 2444 1730 2474 inferetur
1740 2465 1748 2477 ,
1769 2448 1782 2471 5
1793 2446 1938 2486 quoniam
1949 2443 1979 2473 id
1991 2454 2029 2473 ex
2038 2444 2084 2473 his
2097 2443 2172 2472 locis

1224 2488 1358 2515 maxime
1371 2485 1520 2516 firmatur:
1532 2485 1618 2516 laude
1629 2496 1733 2516 eorum
1745 2507 1754 2520 ,
1766 2486 2012 2528 quijudicarunt:
2033 2483 2175 2513 similitu-

1223 2527 1293 2556 dine
1303 2529 1366 2565 ejus
1377 2530 1430 2561 rei,
1443 2538 1500 2568 qua
1510 2528 1546 2557 de
1556 2530 1649 2568 agitur
1660 2549 1668 2562 ,
1681 2527 1715 2558 ad
1725 2538 1790 2558 earn
1801 2538 1865 2558 rem
1877 2548 1885 2561 ,
1897 2538 1953 2568 qua
1962 2526 2173 2565 dejudicatum

1223 2568 1264 2598 cst
1276 2589 1282 2602 ‚
1304 2569 1573 2600 commemorando
1585 2580 1649 2599 non
1661 2569 1755 2599 modo
1766 2580 1829 2600 non
1839 2569 1896 2599 effe
1907 2568 2116 2608 reprehensum
2126 2568 2174 2605 ju-

1223 2611 1336 2641 dicium
1349 2631 1357 2644 ,
1381 2611 1427 2641 sed
1439 2612 1474 2640 ab
1484 2612 1627 2641 omnibus
1638 2613 1834 2651 approbatum
1846 2621 1851 2639 t
1873 2611 1906 2640 Sc
1920 2608 2152 2640 demonstrando
2162 2626 2172 2641 ,

1222 2651 1375 2682 difficilius
1387 2673 1395 2686 ,
1417 2654 1448 2682 &
1460 2654 1554 2692 majus
1565 2651 1650 2683 fuifl'e
1668 2653 1698 2683 id
1714 2653 1881 2692 judicatum
1894 2672 1901 2686 ,
1922 2650 2001 2692 quod
2020 2649 2155 2681 afferatur
2164 2666 2174 2681 ‚

1223 2695 1312 2735 quam
1325 2694 1353 2723 'id
1366 2715 1373 2727 ‚
1396 2695 1476 2735 quod
1488 2693 1576 2724 instet
1590 2706 1594 2723 :
1615 2705 1653 2724 ex
1665 2697 1818 2725 contrariis
1827 2695 1901 2723 locis
1912 2713 1920 2727 ‚
1942 2692 2018 2722 sires
2028 2700 2078 2722 aut
2086 2700 2155 2721 vem
2165 2709 2174 2723 ‚

1222 2744 1270 2766 aut
1279 2734 1448 2765 verisimilis
1458 2738 1611 2776 permittet
1621 2756 1629 2770 ,
1650 2735 1795 2766 infirmari
1811 2735 1969 2776 oportebit.
2005 2737 2102 2774 Atque
2121 2733 2177 2763 erit

1204 2805 1206 2816 ,
1221 2777 1440 2807 observandum
1452 2778 1626 2818 diligenter,
1639 2787 1675 2807 ne
1694 2778 1771 2807 nihil
1791 2778 1825 2807 ad
1846 2777 1875 2806 id
1886 2797 1894 2810 ‚
1916 2774 1930 2796 ⁶
1942 2785 2001 2817 quo
2013 2775 2049 2805 de
2059 2782 2175 2816 agatur,

222 2834 279 2864 -qui
288 2824 497 2857 obscurabunt,
509 2825 625 2853 tacilius
635 2834 667 2854 ea
679 2844 686 2858 ,
698 2833 762 2864 quae
773 2832 874 2853 contra
885 2822 1022 2853 dicentur
1034 2842 1042 2856 ,
1055 2821 1178 2855 diluere,

1221 2822 1364 2859 pertineat
1377 2819 1424 2853 id,
1446 2819 1703 2860 quodjudicatum
1713 2818 1764 2849 sit:
1785 2818 1994 2850 &videndum
2005 2816 2065 2850 est,
2085 2826 2123 2846 ne
2143 2823 2176 2844 ea

2133 2864 2180 2886 res

269 2935 291 2951 1.
311 2929 375 2950 Inter
391 2926 485 2953 finnmos
494 2932 596 2949 oratores
605 2925 788 2958 &mediocreJJJ
810 2923 924 2950 Verbum
943 2930 1045 2949 oratores
1058 2943 1065 2955 ‚
1084 2923 1151 2950 abest
1162 2933 1177 2949 a

222 2960 297 2987 Pali.
308 2970 381 2987 omn.
393 2961 420 2986 δε
432 2959 564 2986 (31616111).
578 2958 680 2985 vitietur
692 2967 777 2985 tamen
790 2959 967 2986 ncceffiirium.

264 3005 292 3022 2.
312 2997 381 3022 Nol-is
391 2997 512 3022 abhorret-e
522 2997 551 3020 ab
561 2997 602 3028 ufic
612 2998 709 3020 oratorio
718 2996 862 3027 videbam-‚l
878 2995 1026 3021 Veteri-ima
1034 2993 1179 3030 impreffio,

228 3033 291 3057 ὀὒκ
310 3033 340 3057 ab
357 3042 371 3056 u
383 3042 398 3056 ιι
417 3033 514 3056 oratorio
523 3032 638 3064 Tisafimt
649 3032 738 3056 aliena.
758 3032 841 3056 Grev.
853 3032 879 3056 3:
893 3031 960 3057 l'all.
971 3031 1032 3057 nohis
1043 3031 1139 3057 ‚alahor-r.
1149 3032 1180 3055 ab

229 3067 271 3100 ufic
281 3074 342 3093 orat.
352 3067 477 3099 wsasunt.

267 3111 293 3136 3.
313 3106 377 3129 :Aut
386 3101 528 3134 armatur]
540 3102 571 3128 P.
582 3101 715 3129 Vistorius
729 3121 736 3134 ,
747 3104 849 3130 levatur.
869 3101 937 3129 Pali.
949 3101 1029 3129 nosti-i
1038 3109 1068 3129 ut
1079 3102 1105 3128 δε
1116 3100 1179 3128 editi
1201 3111 1203 3118 .

229 3138 377 3174 antiquitus
388 3140 522 3165 alleviari-tr.
1201 3136 1204 3157 l

1259 2929 1287 2954 4.
1308 2924 1338 2946 Ei
1356 2924 1396 2954 qui
1414 2929 1464 2946 cum
1483 2920 1624 2953 consutum]
1644 2920 1686 2944 Sic
1697 2918 1764 2944 Pall.
1775 2924 1801 2944 at
1812 2919 1866 2943 Gre
1872 2913 1946 2942 v'enb.
1965 2919 1986 2941 ei
1996 2919 2032 2941 cui
2042 2918 2157 2949 confertur
2168 2933 2177 2949 ‚

1225 2955 1296 2993 quod
1308 2956 1419 2982 malebat
1430 2955 1601 2981 Gulielmius.
2100 2986 2104 2990 .
2142 2985 2147 2990 ι

1263 3002 1275 3026 5
1283 3013 1288 3018 .
1306 2994 1421 3024 Qonfam
1429 2991 1456 3016 id
1462 3000 1491 3016 ex
1500 2990 1535 3014 1:51
1544 2990 1593 3015 Iocis
1604 2989 1846 3023 nea-cimhfirtnatur]
1855 2987 1989 3013 Revocav'i
2000 2987 2034 3012 his
2044 2995 2077 3012 ex
2088 2985 2175 3018 libris,

1226 3037 1324 3055 temere
1336 3026 1456 3053 oiniffiini
1469 3027 1484 3051 it
1496 3025 1646 3055 neotericis,
1657 3028 1727 3050 certi.-
1740 3026 1755 3050 ii
1767 3023 1956 3050 LainbiiiianiS.

1259 3064 1286 3090 6.
1307 3065 1355 3096 Qo
1373 3063 1399 3087 Ae
1417 3061 1528 3095 rigatum]
1547 3060 1668 3086 Lambini
1680 3061 1743 3088 hanc
1753 3059 1930 3096 coiijec‘turam
1942 3057 2068 3095 adprobat
2078 3057 2178 3086 Palati-

1225 3110 1271 3128 nus
1282 3099 1331 3127 sec.
1344 3099 1448 3135 vulgata
1457 3097 1526 3125 enini
1537 3097 1597 3131 quod
1605 3104 1700 3130 agmnr.

2064 3173 2075 3194 ι
2082 3184 2088 3190 .
2097 3159 2178 3191 Parvi

1216 818 1330 849 necefl'e
1342 819 1383 849 est
1394 821 1524 849 sumatur
1534 830 1570 849 ex
1581 820 1626 849 his
1637 820 1722 853 locis,
1734 830 1766 850 ut
1775 820 1842 850 ante
1853 819 2048 850 ostendimus.
2078 819 2168 860 Qod
2188 813 2238 858 43'

1219 1916 1291 1936 nem
1301 1905 1370 1936 duci
1379 1904 1460 1946 poss'e
1471 1926 1479 1939 ‚
1491 1904 1749 1935 demonstrabitur.
1773 1903 1852 1934 cum
1862 1913 1961 1934 autem
1969 1912 2016 1943 pro
2027 1911 2171 1944 compara-
2187 1912 2236 1943 44
