2360 3400
529 93 881 147 LAELrus,
956 106 1095 138 seu

145 174 236 208 ⁴fuit,
254 172 303 204 vel
314 170 455 205 fortuna,
465 171 514 202 vei
526 171 632 213 gloria,
645 171 764 202 utnihil
774 169 869 212 poffet
877 170 1025 202 accedere.
1047 180 1117 202 rno-

149 214 257 248 -riendi
268 224 368 246 autem
380 214 498 244 sensum
509 214 642 244 celeritas
651 213 780 244 abstulit.
796 223 858 254 quo
866 213 905 244 de
914 223 1022 254 genere
1033 223 1116 244 mor-

156 259 198 288 tis
214 254 340 287 difficile
359 255 442 286 dian
456 255 516 286 est:
535 255 609 296 quid
621 257 762 285 homines
774 255 975 295 suspicentur,
995 255 1114 286 videtis.

151 299 227 330 *noc
238 307 340 329 tamen
357 297 426 328 vere
441 298 511 328 licet
525 297 624 328 dicere
636 317 644 331 ,
665 299 696 327 P.
707 299 841 337 Scipioni
852 316 862 331 ,
885 307 924 328 ex
936 297 1041 329 multis
1051 296 1116 327 die-

150 339 212 372 ·bus
221 359 232 374 ‚
251 350 328 381 quos
338 341 370 370 in
380 341 440 370 vita
451 339 664 370 celeberrimos
674 358 682 372 ‚
698 337 917 379 laetiffimosque
926 338 1036 369 viderit
1047 357 1056 372 ,
1078 339 1116 368 il-

154 382 220 412 lurn
232 381 314 412 diem
325 380 518 412 clarissimum
529 379 616 411 fuisse
627 401 636 415 ,
648 381 720 410 cum
730 399 738 414 ,
762 384 771 400 ¹
785 380 883 411 senatu
895 379 1020 411 dimisso
1030 399 1039 414 ,
1059 379 1116 411 do-

142 432 243 454 vmum
261 423 400 454 redudims
417 424 453 454 ad
467 423 622 463 vesperum
633 421 694 456 est,
714 422 729 452 a
739 422 1055 462 patribusconscriptis
1069 442 1078 456 ‚
1099 421 1115 453 a

154 465 260 506 populi
271 467 366 496 Rom.
376 466 477 498 sociis,
488 464 521 494 δε
531 466 658 498 Latinis,
668 464 765 504 pridie
773 465 865 504 quam
875 462 996 496 excelsu:
1005 465 1022 494 e
1033 465 1110 494 vita:

154 516 202 538 ‘ur
213 517 256 537 Ex
265 516 325 538 tam
337 508 398 538 alto
407 507 562 548 dignitatis
570 506 660 547 gradu
681 509 695 525 ²
706 505 739 536 ad
751 506 872 545 superos
882 504 1018 536 videatur
1027 508 1113 536 Deos

153 550 259 589 potitis
269 569 278 583 ‚
298 549 391 590 quam
402 550 437 579 ad
448 547 563 578 inferos
572 546 747 588 pervenisse.
770 557 869 588 neque
878 550 962 578 enim
974 545 1113 577 assentior

153 592 191 620 iis
202 611 212 624 .
231 593 283 633 qui
295 593 357 622 haec
373 594 391 619 ·3
403 600 497 630 nuper
512 589 648 620 disserere
665 598 815 629 caeperunt
826 609 834 623 ,
853 599 923 621 curn
935 589 1111 630 corporibus

114 644 140 675 4
154 631 242 663 simul
252 635 371 664 animos
380 635 501 663 interire
509 651 518 666 ‚
541 641 627 672 atque
638 634 742 661 omnia
751 640 850 661 morte
860 631 963 661 deleri·
1007 634 1028 662 P
1038 641 1057 661 L
1065 641 1088 661 υ
1097 640 1111 661 s

150 674 227 715 apud
240 685 289 705 me
297 677 490 716 antiquorum
502 673 660 704 austeritas
670 674 765 706 valet,
789 673 836 702 vel
854 672 1027 703 nostrorum
1046 683 1110 704 ma-

147 716 265 756 jorum,
275 718 327 756 qui
337 718 467 746 mortuis
477 724 535 746 tam
546 715 683 755 religiosa
692 715 755 753 jura
764 714 941 745 tribuerunt:
954 714 1036 756 quod
1045 725 1110 745 non

149 756 287 788 fecissent
297 756 472 797 profeekeui‘r
482 758 561 788 nihil
569 757 605 787 ad
615 766 667 786 eos
677 759 823 796 pertinere
833 756 1109 787 arbitrarenturzvel

148 808 256 829 eorum
268 819 277 833 ,
297 801 350 840 qui
371 802 401 829 in
421 801 473 830 hac
491 808 565 829 terra
583 797 722 828 fuerunt:
744 807 944 838 magnamque
962 800 1107 829 Graeciam

138 840 230 881 1.(quae
247 850 329 870 nunc
341 841 466 881 quidem
478 841 574 871 deleta
585 839 646 874 est3
667 849 732 869 turn
746 839 880 880 florebat)
890 839 1034 870 institutis
1045 860 1054 874 ,
1075 841 1108 871 &

136 885 303 923 ‘praeceptis
315 883 373 912 suis
384 883 575 912 erudierunt:
596 882 644 911 vel
656 882 718 921 ejus
728 901 736 915 ‚
758 883 809 922 qui
824 882 978 921 Apollinis
988 882 1108 912 oraculo

148 923 381 964 sapientiffimus
392 923 606 963 estjudicatus:
627 925 755 964 quinon
767 932 829 952 tum
841 925 900 953 hoc
911 943 919 957 ,
940 932 1006 953 tum
1019 924 1107 958 illud,

147 966 226 996 utin
237 966 385 1006 plerisque
397 985 406 999 ,
425 970 443 993 4
452 965 499 996 sed
513 965 595 995 idem
611 965 852 1005 dicebatsemper
864 985 872 997 ‚
894 966 1002 995 animos
1017 967 1108 995 homi-

145 1016 219 1037 num
229 1006 525 1049 eJJ'e-divin0531tssyue‚
538 1006 602 1036 ciam
613 1006 626 1036 ὲ
638 1015 742 1049 corpore
754 1006 917 1045 exceffiffinr
927 1027 935 1041 ‚
948 1008 1070 1036 reditum
1080 1008 1109 1037 in

136 1049 250 1079 'celum
260 1057 354 1090 patere
362 1070 370 1083 ‚
386 1050 544 1091 optimoque
555 1047 740 1088 &justiffimo
751 1050 852 1090 cuique
861 1049 1104 1090 expeditiffi'mum.

139 1091 229 1132 quod
241 1093 321 1121 idem
332 1093 467 1130 Scipioni
477 1091 648 1121 videbatur:
668 1095 680 1118 5
691 1092 742 1131 qui
755 1091 835 1120 idem
847 1089 924 1131 quasi
932 1091 1106 1131 praesagiret,

144 1136 298 1174 perpaucis
308 1143 375 1163 ante
387 1142 515 1163 mortem
529 1132 635 1163 diebus
644 1152 652 1166 ‚
667 1133 736 1162 cum
748 1132 904 1166 &Philus‚
916 1133 949 1162 &
959 1133 1107 1164 Manilius

144 1173 277 1205 adessent
290 1195 297 1207 ,
314 1175 347 1205 δε
357 1175 407 1205 alii
417 1176 518 1215 plures
529 1195 537 1208 ,
556 1184 648 1216 tuque
658 1177 749 1204 etiam
762 1194 770 1208 ‚
789 1175 939 1208 Scaevola,
958 1174 973 1194 ⁶
984 1184 1105 1206 mecum

136 1215 274 1247 ¹veniffes
284 1236 292 1250 ,
311 1217 444 1246 triduum
456 1215 591 1246 disseruit
600 1217 637 1246 de
647 1217 798 1256 republica
811 1227 817 1245 2
835 1216 1106 1257 cujusdisputatio-

137 1260 195 1288 vnis
208 1258 267 1288 fuit
276 1267 446 1288 extremum
458 1258 521 1288 fere
531 1258 567 1288 de
584 1259 811 1288 immortalitate
821 1260 1015 1288 animorum:
1038 1269 1104 1300 quae

141 1300 176 1330 ‘fe
190 1301 222 1329 in
234 1302 333 1341 quiete
344 1310 397 1340 per
409 1303 438 1330 vi
445 1301 508 1330 sum
521 1310 559 1330 ex
570 1300 712 1330 Africano
721 1297 833 1330 audiss'e
840 1299 966 1330 dicebat.
991 1300 1055 1330 Idfi
1066 1303 1105 1332 ita

133 1340 188 1372 vrest
197 1361 206 1375 ,
221 1352 253 1372 ut
268 1352 287 1371 o
297 1352 344 1371 PT
356 1352 366 1371 i
376 1352 405 1372 M
418 1352 429 1371 1
440 1342 584 1382 cujusque
594 1344 713 1372 animus
726 1343 756 1371 in
767 1349 864 1371 morte
874 1341 1020 1372 facillime
1030 1352 1103 1373 evo-

143 1383 187 1413 let
198 1403 207 1416 .
223 1391 376 1424 tamquam
386 1387 404 1414 e
413 1383 548 1414 custodia
557 1403 566 1415 ‚
582 1383 769 1423 vinculisque
778 1386 912 1423 corporis
924 1394 929 1412 :
943 1386 991 1414 cui
1002 1385 1103 1415 cense-

143 1434 217 1455 mus
231 1426 352 1455 cursum
371 1425 406 1455 ad
425 1426 497 1455 deos
515 1425 682 1454 faciliorem
701 1423 790 1454 fuist-'e
805 1444 815 1457 ‚
835 1426 925 1465 quam
946 1427 1080 1465 Scipioni
1098 1438 1104 1456 :

133 1469 280 1508 ‘quocirca
293 1476 418 1496 moerere
426 1468 484 1497 hoc
493 1476 557 1504 ejus
564 1475 708 1496 eventum
719 1485 728 1499 ,
745 1475 848 1495 vereor
858 1485 867 1499 ,
882 1477 920 1496 nc
931 1467 1030 1496 invidi
1040 1478 1103 1498 ma-

140 1511 188 1549 gis
199 1529 208 1542 ‚
229 1510 321 1550 quam
331 1510 422 1538 amici
433 1508 476 1537 fit.
499 1513 513 1536 7
523 1509 576 1538 Sin
586 1508 747 1537 autemilla
758 1509 873 1536 veriora
885 1526 893 1540 ‚
915 1517 948 1537 ut
958 1508 1039 1538 idem
1052 1511 1102 1539 in—

131 1552 246 1580 ¹teritus
260 1548 298 1579 fit*
309 1551 503 1583 animorum,
523 1549 726 1589 &corporum
740 1568 748 1582 ,
768 1558 824 1578 nec
834 1549 912 1578 ullus
922 1549 1023 1578 sensus
1036 1560 1100 1580 ma-

139 1599 226 1625 neam
238 1600 269 1622 ut
280 1592 357 1621 nihil
369 1591 444 1621 boni
454 1590 538 1622 estin
548 1600 646 1620 morte
656 1611 665 1624 ,
677 1589 714 1621 sic
723 1590 801 1620 certe
813 1591 892 1620 nihil
903 1591 984 1620 mali.
999 1600 1099 1622 seusu

128 1635 226 1664 «enim
244 1630 352 1663 amiffo
362 1653 370 1667 ,
393 1632 425 1663 fit
445 1633 526 1663 idem
538 1652 546 1667 ‚
569 1631 648 1674 quasi
668 1641 755 1662 natus
776 1641 840 1661 non
859 1630 931 1662 effet
949 1634 1099 1663 omnino:

129 1685 231 1716 :quem
247 1683 347 1705 tamen
361 1673 420 1704 esse
433 1684 536 1705 natum
549 1674 581 1704 &
591 1683 648 1703 nos
661 1674 825 1713 gaudemus
835 1693 844 1706 ‚
865 1673 898 1703 &
909 1674 970 1704 haec
979 1675 1097 1709 civitas,

137 1718 214 1747 dum
226 1719 281 1746 erit
290 1736 299 1750 ‚
314 1716 468 1746 laetabitur.
493 1716 699 1757 Qiamobrem
709 1724 781 1745 cum
794 1715 848 1744 illo
857 1715 980 1755 quidem
990 1717 1039 1754 (ut
1050 1717 1098 1747 su-

128 1764 188 1799 „pra
200 1758 278 1798 dixi)
287 1757 387 1788 adium
399 1759 515 1798 optime
528 1757 589 1790 est3
603 1767 722 1787 mecum
734 1755 965 1787 incommodius
978 1768 984 1786 z
1004 1768 1096 1798 quem

133 1799 231 1831 fuerat
241 1802 357 1840 aequius
366 1820 374 1833 ,
396 1810 428 1830 ut
437 1799 520 1840 prius
530 1801 704 1829 introieram
717 1818 726 1831 ,
746 1797 784 1828 sic
794 1797 877 1838 prins
888 1800 970 1828 exire
979 1798 1014 1829 de
1024 1802 1095 1830 vita.

112 1877 119 1879 ⁴
134 1841 186 1872 std
198 1851 299 1872 tamen
309 1843 514 1873 recordatione
525 1840 632 1871 nostrae
640 1842 780 1870 amiciti-ae
790 1839 828 1870 fic
839 1839 925 1870 fruor
935 1859 944 1874 ‚
966 1850 998 1870 ut
1011 1841 1096 1872 beate

136 1882 244 1913 vixisse
255 1884 355 1915 videar
364 1903 373 1916 ‚
393 1886 462 1924 quia
470 1893 541 1913 cum
552 1886 693 1923 Scipione
704 1884 838 1912 vixerim
853 1892 859 1911 ε
875 1891 1008 1923 quocum
1018 1885 1096 1913 mihi

135 1925 300 1964 conjuncta
311 1935 380 1955 cui-a
392 1926 428 1955 de
444 1926 473 1956 r‘e
487 1925 607 1965 publica
617 1944 625 1958 ,
646 1924 726 1955 &de
739 1926 850 1964 privata
863 1923 940 1958 fuit,
960 1935 1094 1965 quocum

134 1967 289 1997 &domus
299 1987 307 2001 ‚
319 1967 352 1997 &
364 1967 473 1997 militia
483 1968 659 1997 communis
671 1978 679 2000 3
690 1966 723 1996 &
734 1967 763 1995 id
773 1985 782 1999 ,
794 1967 826 1995 in
835 1975 897 2006 quo
907 1965 949 1996 est
959 1968 1044 1995 omnia
1054 1969 1096 1996 vis

123 2009 268 2038 amicitia
279 2029 287 2043 ‚
309 2010 501 2039 voluntatum
514 2029 522 2042 ,
542 2008 711 2039 studiorum
723 2027 732 2041 ‚
753 2008 966 2038 sententiarum
978 2009 1096 2039 summa

127 2049 296 2082 consensio.
316 2046 444 2091 Itaquess
456 2060 520 2081 non
531 2060 591 2081 tam
604 2049 656 2080 ista
666 2060 716 2079 me
727 2050 885 2088 sapientiae,
897 2059 986 2090 quam
1000 2050 1095 2081 modo

129 2094 263 2123 Fannius
273 2095 532 2123 commemoravit
543 2113 553 2126 ‚
573 2091 654 2122 fama
667 2091 813 2125 deleEtat,
833 2090 903 2121 falsa
920 2092 1093 2131 praesertim,

130 2134 222 2174 quam
242 2135 324 2175 quod
344 2136 484 2165 amicitiae
509 2133 615 2164 nostrae
634 2135 815 2163 memoriam
835 2133 920 2172 spero
939 2133 1095 2173 sempiter-

120 2171 204 2206 ,nam
215 2175 289 2206 fore.
313 2176 403 2217 idque
414 2178 491 2206 mihi
501 2185 538 2206 eo
550 2178 643 2216 magis
652 2174 694 2205 est
703 2175 806 2208 cordi,
826 2173 907 2215 quod
923 2184 967 2205 Ex
983 2185 1055 2205 OMN
1062 2186 1090 2205 1-

131 2227 193 2251 nus
204 2218 318 2250 saeculis
327 2221 380 2249 vix
391 2219 446 2249 tria
457 2237 466 2252 ,
481 2226 530 2248 aut
540 2226 678 2259 quattuor
691 2220 706 2245 9
718 2218 918 2247 nominantur
927 2218 1007 2257 paria
1016 2220 1096 2248 ami·
1115 2236 1120 2252 ·.

1163 107 1246 140 nn
1315 95 1754 145 AM'chT1A.
1993 96 2120 156 '1267

1163 182 1271 204 corum
1287 183 1292 204 :
1312 181 1374 215 quo
1393 175 1427 206 in
1442 184 1551 215 genere
1567 174 1679 215 sperare
1696 174 1803 210 videor
1817 175 1969 216 Scipionis
1986 172 2124 208 &Laelii

1161 217 1326 247 amicitiam
1338 236 1348 250 ,
1368 226 1472 247 notam
1492 216 1654 257 posteritati
1671 216 1747 248 fore.
1770 220 1876 248 FANN.
1893 216 1971 259 Istuc
1979 218 2118 260 quidem.

1163 257 1236 287 Laeli
1248 277 1257 292 ,
1278 259 1318 288 ita
1325 257 1438 289 necess'e
1447 257 1506 290 est:
1525 258 1573 289 sed
1587 280 1596 293 ‚
1616 261 1762 300 quoniam
1773 261 1914 291 amicitiae
1925 263 2118 300 mentionem

1161 296 1278 333 fecisti,
1299 299 1446 330 &sumus
1465 299 1552 331 otiosi
1564 321 1574 336 ,
1591 310 1758 342 pergratum
1779 303 1857 332 mihi
1875 302 2000 337 feceris.
2021 302 2119 343 (spero

1161 342 1234 370 item
1246 342 1398 382 Scaevolae)
1409 340 1428 372 si
1439 362 1448 377 ,
1466 342 1726 383 quemadmodum
1740 343 1815 373 soles
1826 363 1835 378 ‚
1856 343 1893 374 de
1904 347 2009 375 ceteris
2019 345 2119 380 rebus,

1159 380 1230 411 cum
1244 392 1319 414 exte
1328 381 1502 424 quaeruntur
1512 396 1521 419 ;
1540 382 1577 415 fic
1588 384 1624 416 de
1634 387 1767 416 amicitia
1774 384 1930 426 disputaris
1941 407 1950 420 ‚
1963 386 2037 427 quid
2051 386 2120 417 sen-

1160 424 1231 457 tias,
1251 426 1372 465 qualern
1391 425 1565 460 existimes,
1585 436 1651 468 quae
1669 436 1814 467 praecepta
1830 427 1892 458 des.
1915 430 2022 459 δαεῖεν.
2038 429 2119 460 Mihi

1158 465 1231 495 vero
1240 475 1408 506 pergratum
1420 469 1476 498 erit
1488 478 1494 497 :
1511 476 1597 509 atque
1611 489 1619 501 ,
1637 468 1766 508 idipsum
1777 469 1848 499 cum
1861 478 1960 500 tecum
1973 480 2055 511 agere
2064 480 2120 501 co-

1158 516 1243 538 narer
1256 527 1265 542 ‚
1284 510 1416 539 Fannius
1429 512 1596 541 antevertit.
1618 511 1818 551 quamobrem
1840 514 1958 552 utrique
1976 510 2116 543 nostrum

1156 559 1272 589 gratum
1288 550 1453 580 admodum
1465 551 1581 582 feceris.
1625 554 1717 582 Lim,-
1743 555 1806 594 Ego
1816 555 1887 583 vero
1898 564 1961 584 non
1971 563 2114 595 gravarer,
2134 559 2156 590 ς

1160 589 1179 620 si
1190 592 1268 621 mihi
1278 592 1338 631 ipse
1349 591 1543 623 confiderem.
1558 603 1628 625 nam
1640 594 1673 624 &
1683 595 1819 634 praeclara
1828 604 1873 625 res
1882 594 1925 626 est
1935 615 1943 630 ‚
1955 596 1988 626 &
1998 598 2114 630 sumus.

1158 641 1191 662 ut
1200 633 1280 663 dixit
1289 635 1421 664 Fannius
1433 654 1441 668 ,
1452 635 1550 665 otiosi.
1575 636 1623 665 sed
1635 639 1702 676 quis
1712 647 1767 676 ego
1779 638 1866 667 sum?
1883 646 1934 667 aut
1944 648 2010 678 quae
2022 640 2053 668 in
2064 647 2116 667 me

1156 673 1198 704 est
1215 673 1339 705 facultas
1352 678 1361 705 ?
1379 675 1541 707 dofforum
1551 676 1593 707 est
1603 676 1657 707 ista
1666 679 1868 713 consuetudo,
1892 689 1984 720 eaque
1997 681 2116 710 Graeco-

1157 725 1236 751 rum,
1248 726 1280 747 ut
1289 718 1326 747 iis
1337 727 1475 757 ponatur,
1488 719 1593 759 dequo
1603 718 1753 759 disputent
1763 722 1903 761 quamvis
1913 721 2021 752 subito.
2046 724 2116 751 Ma-

1153 767 1248 798 gnum
1268 768 1343 798 opus
1361 758 1403 789 est
1414 779 1422 792 ,
1442 769 1566 801 egetque
1577 763 1793 792 exercitatione
1802 772 1865 792 non
1877 773 1974 802 parva.
1998 765 2117 804 Qum—

1154 799 1260 830 obrem
1270 810 1335 841 quae
1346 800 1485 841 disputari
1498 802 1534 831 de
1544 803 1676 832 amicitia
1687 801 1809 842 poss‘unt
1819 823 1827 837 2
1845 805 1881 834 ab
1892 815 1933 834 eis
1944 806 2052 836 censeo
2061 815 2118 845 pe-

1155 843 1221 872 tatis
1233 862 1241 876 ‚
1262 844 1314 883 qui
1326 841 1378 873 ista
1388 841 1578 882 profitentur.
1600 854 1654 885 ego
1666 854 1720 874 vos
1729 846 1838 875 hortari
1852 854 1970 877 tantum
1982 846 2113 887 possum,

1154 893 1199 913 στ
1214 893 1417 915 AMtetriAM
1427 885 1573 915 omnibus
1583 888 1670 916 rebus
1680 888 1822 917 humanis
1832 891 2114 928 anteponatismihil

1155 924 1198 956 est
1207 927 1291 956 enim
1301 935 1364 956 tam
1376 935 1485 957 naturae
1496 935 1598 967 aptum
1610 948 1618 961 ‚
1638 938 1695 958 tam
1708 939 1895 960 conveniens
1906 931 1940 960 ad
1951 941 1999 961 res
2010 931 2055 961 vel
2069 932 2114 962 se—

1153 968 1264 999 cundas
1276 988 1285 1001 ‚
1296 968 1344 998 vel
1356 967 1499 999 adversas.
1520 970 1577 999 Sed
1590 971 1646 1000 boc
1657 972 1733 1010 prim
1741 971 1791 1000 um
1806 972 1901 1002 sentio
1913 991 1921 1006 ‚
1940 973 2031 1013 mfii'n
2042 972 2113 1004 bona

1152 1010 1315 1039 amicitiam
1325 1009 1374 1047 ff
1383 1019 1434 1039 non
1443 1010 1535 1052 P⁶ffl··
1556 1021 1652 1052 neque
1663 1012 1694 1042 id
1705 1013 1741 1042 ad
1752 1016 1857 1043 vivum
1870 1015 1968 1044 reseco
1979 1034 1987 1049 ,
2010 1024 2041 1045 ut
2056 1015 2112 1049 illi,

1153 1053 1203 1093 qui
1216 1051 1358 1082 subtilius
1367 1050 1512 1082 differunt
1522 1073 1531 1087 ,
1551 1051 1668 1083 fortaffe
1687 1054 1756 1084 vere
1767 1074 1776 1088 ,
1797 1054 1846 1085 sed
1860 1056 1895 1085 ad
1909 1066 2109 1087 communem

1151 1093 1440 1133 utilitatemparum.
1457 1104 1564 1135 negant
1573 1097 1672 1129 enim,
1685 1106 1867 1137 quemquam
1882 1100 1980 1128 virum
1994 1100 2111 1129 bonum

1152 1134 1210 1165 effe
1222 1155 1230 1169 ‚
1248 1134 1304 1166 nisi
1319 1136 1493 1176 sapientem.
1515 1139 1559 1167 Sit
1570 1138 1608 1167 ita
1621 1137 1700 1168 sane.
1723 1138 1773 1168 sed
1786 1148 1853 1168 eam
1871 1140 2046 1178 sapientiam
2060 1141 2113 1170 in-

1150 1186 1345 1218 terpretantur
1357 1198 1366 1212 ,
1391 1187 1480 1220 quam
1494 1178 1590 1209 adhuc
1603 1180 1740 1210 mortalis
1754 1190 1848 1210 nemo
1861 1180 1904 1210 est
1921 1182 2109 1213 consecutus.

1151 1229 1208 1249 nos
1221 1229 1325 1252 autem,
1338 1229 1391 1254 ea,
1410 1230 1475 1260 quae
1489 1220 1601 1251 suntin
1616 1221 1688 1255 usu,
1709 1223 1831 1262 vitaque
1844 1225 2027 1257 communi,
2045 1233 2112 1254 non.

1151 1271 1183 1291 ea
1195 1281 1203 1295 ‚
1215 1271 1281 1301 quae
1292 1260 1445 1303 finguntur
1454 1282 1462 1295 ‚
1474 1271 1523 1292 aut
1533 1271 1673 1301 optantur
1683 1282 1691 1297 ‚
1701 1263 1830 1303 specil-„ire
1839 1265 1996 1294 debemus.
2018 1275 2111 1295 num-

1150 1313 1240 1343 quam
1253 1313 1308 1344 ego
1319 1304 1416 1333 dicam
1428 1323 1437 1337 ‚
1455 1305 1492 1333 C.
1504 1304 1673 1335 Fabricium
1684 1324 1693 1338 ‚
1716 1308 1759 1335 M.
1771 1307 1898 1336 Curium
1911 1327 1919 1340 ‚
1938 1310 1979 1337 T.
1991 1309 2111 1337 Corun-

1147 1347 1283 1379 camum,
1293 1355 1369 1386 quos
1383 1345 1538 1385 sapienteis
1548 1345 1642 1376 nostri
1656 1347 1963 1386 majoresjudicabant
1972 1368 1980 1383 ‚
1991 1349 2027 1381 ad
2037 1348 2112 1380 isto-

1151 1396 1217 1417 rum
1239 1397 1379 1418 normam
1392 1386 1480 1417 fuifl'e
1495 1388 1660 1427 sapienteis.
1684 1390 1780 1429 Qare
1794 1387 1846 1419 fibi
1857 1390 1984 1421 habeant
1995 1391 2112 1431 sapien-

1148 1430 1196 1458 tiae
1214 1438 1328 1458 nomen
1348 1429 1380 1459 &
1395 1429 1582 1460 invidiosum
1595 1449 1604 1463 ‚
1624 1430 1850 1461 &obscurumz
1871 1432 2107 1473 concedantque.

1147 1478 1180 1500 ut
1198 1471 1230 1500 lii
1249 1470 1322 1500 boni
1341 1472 1398 1500 viri
1417 1469 1536 1501 fuerint.
1562 1473 1611 1501 Ne
1621 1472 1651 1501 id
1662 1471 1789 1512 quidem
1801 1471 1919 1503 facient.
1944 1474 2108 1513 negabunt,

1146 1511 1176 1540 id
1193 1530 1201 1544 ,
1222 1510 1277 1541 nisa
1295 1512 1419 1551 sapienti
1437 1531 1447 1545 ,
1474 1510 1556 1551 poffe
1571 1514 1706 1543 concedi.
1739 1517 1874 1553 Agamus
1893 1516 1984 1555 igitur
2001 1516 2107 1556 pingui

1146 1554 1303 1586 Minerva,
1324 1554 1460 1590 utajunt.
1483 1556 1551 1593 Qi
1567 1563 1626 1583 ιτΑ
1640 1554 1667 1583 se
1675 1564 1801 1594 gerunt,
1817 1556 1856 1584 ita
1865 1557 1976 1585 vivunt
1988 1575 1996 1588 ‚
2014 1566 2047 1586 ut
2056 1566 2108 1586 eo-

1144 1603 1212 1623 rum
1222 1595 1365 1634 probetur
1374 1593 1459 1628 fides,
1473 1597 1502 1613 ¹⁰
1511 1598 1673 1635 integ-ritas,
1685 1596 1833 1636 aequalitas
1843 1615 1853 1630 ‚
1866 1596 2040 1627 liberalitas:
2052 1607 2109 1628 nec

1145 1633 1179 1665 sit
1193 1637 1226 1666 in
1239 1636 1375 1666 illisulla
1388 1636 1553 1676 cupiditas,
1574 1637 1621 1666 vel
1637 1637 1733 1667 libido
1744 1656 1754 1671 ‚
1773 1639 1820 1667 vel
1836 1638 1973 1669 audacia:
1993 1638 2107 1680 sintque

1147 1676 1447 1717 magnaconstantia,
1466 1687 1499 1709 ut
1518 1679 1540 1708 ii
1558 1677 1700 1712 fuerunt,
1722 1678 1818 1710 modo
1835 1689 1912 1720 quos
1927 1682 2106 1711 nominavi:

1145 1720 1200 1748 hos
1211 1722 1293 1749 viros
1302 1719 1401 1749 bonos
1414 1739 1424 1752 ,
1443 1728 1475 1749 ut
1486 1719 1579 1750 habiti
1590 1720 1657 1750 sunt
1667 1740 1676 1753 ‚
1686 1736 1689 1739 Δ
1698 1718 1737 1750 sic
1747 1723 1836 1750 etiam
1847 1722 2040 1761 appellandos
2048 1733 2107 1763 pu-

1145 1764 1292 1790 temus.'¹¹
1304 1762 1373 1800 quia
1385 1761 1543 1801 sequantur
1552 1761 1710 1802 (quantum
1722 1763 1864 1792 homines
1874 1762 2006 1804 possunt)
2015 1774 2105 1798 natu-

1143 1811 1204 1831 ram
1215 1821 1224 1836 ,
1240 1803 1389 1842 optimam
1400 1802 1477 1832 bene
1488 1803 1612 1833 vivendi
1622 1803 1739 1833 ducem.
1757 1802 1801 1834 ·s1c
1811 1807 1894 1834 enim
1907 1807 1983 1836 mihi
1992 1807 2105 1846 perspi-

1141 1852 1207 1873 cere
1214 1845 1321 1873 videor
1331 1864 1340 1877 ‚
1357 1853 1417 1873 ιτΑ
1431 1853 1536 1874 uaros
1550 1843 1607 1874 effe
1619 1854 1676 1874 nos
1687 1865 1696 1878 ,
1710 1854 1742 1875 ut
1751 1847 1830 1877 inter
1840 1849 1961 1877 omneis
1971 1846 2042 1878 esset
2053 1849 2103 1879 so-

1140 1886 1231 1915 cietas
1240 1885 1378 1926 quasdam
1393 1896 1398 1914 2
1419 1887 1517 1925 major
1526 1895 1638 1920 autern,
1652 1889 1680 1906 ³2
1690 1896 1723 1917 ut
1732 1889 2006 1928 quisquetproxime
2017 1900 2102 1921 acce-

1141 1926 1231 1957 deret.
1255 1930 1353 1968 itaque
1362 1929 1443 1958 cives
1452 1947 1460 1961 ,
1480 1930 1612 1969 potiores
1623 1947 1632 1962 ‚
1651 1938 1739 1969 quam
1749 1933 1896 1971 peregrini
1909 1942 1917 1966 3
1933 1931 1964 1961 &
1975 1933 2099 1972 propin-

1141 1970 1193 2009 qui
1205 1989 1212 2003 ‚
1227 1979 1318 2010 quam
1329 1970 1430 2000 alieni.
1454 1979 1524 1999 cum
1537 1971 1583 2000 his
1593 1971 1676 2000 enirn
1688 1973 1854 2002 amicitiam
1868 1982 1969 2002 natura
1980 1973 2039 2013 ipsa
2048 1983 2102 2013 pe-

1140 2013 1233 2051 perit:
1253 2010 1300 2041 sed
1314 2021 1348 2041 ea
1361 2021 1425 2041 non
1439 2011 1506 2041 satis
1523 2012 1610 2042 habet
1623 2010 1785 2043 firmitatis.
1808 2023 1942 2054 namque
1956 2016 2013 2045 hoc
2027 2025 2102 2055 pra:-

1141 2053 1194 2082 stat
1212 2054 1345 2083 amicitia
1361 2055 1599 2094 propinquitati,
1618 2054 1698 2094 quod
1713 2064 1746 2083 ex
1754 2056 1975 2097 propinquitate
1988 2055 2101 2087 benivo-

1141 2093 1229 2123 lentia
1239 2095 1299 2124 tnui
1308 2094 1402 2135 poter}
1411 2115 1420 2128 ,
1432 2105 1466 2124 ex
1474 2096 1607 2124 amicitia
1616 2096 1780 2136 nom-potest.
1795 2097 1906 2129 sublata
1915 2100 1997 2128 enim
2011 2099 2100 2129 beni-

1140 2136 1275 2166 volentia
1285 2155 1294 2169 ,
1309 2137 1451 2167 amicitiae
1462 2147 1578 2167 nomen
1589 2137 1706 2167 tollitur
1715 2158 1724 2172 ‚
1743 2140 1974 2180 propinquitatis
1986 2151 2096 2171 manet.

1141 2179 1258 2218 Qanta
1275 2187 1374 2208 autem
1394 2181 1441 2208 vis
1459 2180 1599 2209 amicitiae
1619 2177 1671 2212 sit,
1688 2189 1726 2210 ex
1741 2181 1798 2210 hoc
1813 2181 1943 2223 intelligi
1961 2182 2100 2213 maxime

1138 2218 1255 2259 potest:
1274 2218 1356 2261 quod
1374 2229 1412 2250 ex
1431 2219 1551 2251 infinita
1565 2221 1702 2252 societate
1711 2224 1828 2263 generis
1837 2224 1964 2254 humani
1976 2243 1984 2258 ,
2005 2234 2096 2264 quam

1988 2275 2096 2296 conci-

170 2345 194 2362 1.
211 2316 434 2370 Senatu—dimisi]
457 2335 620 2362 Gulielmius
641 2334 739 2370 Langii
758 2335 785 2360 Sc
797 2334 899 2361 Gifanii
919 2334 1001 2362 libros
1013 2335 1086 2362 secu-
1104 2338 1107 2366 ζ

130 2379 184 2404 tus,
195 2371 330 2408 scripierut
340 2376 435 2398 Senaro.
455 2372 576 2406 antique.
597 2370 721 2405 idemque
742 2370 867 2396 reddebat
877 2371 958 2397 Livio
977 2371 1024 2398 lib.
1037 2381 1087 2399 111.

128 2410 185 2442 Utfi
193 2409 244 2442 quis
257 2418 374 2433 memorem
383 2408 501 2433 libertatis
510 2417 588 2433 vocem
600 2426 608 2439 ‚
628 2414 671 2433 aut
682 2410 708 2432 in
718 2412 805 2432 senato
815 2413 857 2432 aut
868 2410 893 2432 in
898 2409 980 2440 populo
988 2409 1088 2441 mijiffit.

128 2444 177 2476 iza,
188 2444 289 2479 inquit,
302 2444 354 2479 legi
368 2445 392 2470 in
405 2441 508 2479 optimo
518 2445 544 2469 ὃ(
559 2442 730 2470 vetustiffimo
742 2442 894 2478 fragmento
905 2443 1068 2470 Colonienli.

131 2497 144 2504 -.
166 2488 194 2506 2.
209 2481 250 2505 Ad
259 2481 357 2513 ficperos
375 2481 559 2505 videaturDeos
572 2482 653 2512 patim
664 2498 672 2511 ‚
690 2479 759 2512 ἐγω]
781 2480 878 2505 Vocem
896 2482 954 2505 Deos
974 2479 1087 2512 restitui,

127 2514 280 2548 iubentibus
298 2514 422 2541 omnibus
442 2515 498 2541 fer'e
519 2516 638 2541 omnium
659 2515 716 2541 mss.
745 2517 817 2541 certe
839 2514 907 2541 Pali.
926 2514 982 2543 sex.
1002 2525 1088 2551 neque.

129 2560 290 2586 quemquam
302 2550 377 2586 spero
387 2551 526 2577 inventum
537 2551 570 2577 iri
582 2551 626 2586 qui
637 2558 745 2587 carpat;
765 2551 807 2577 cui
819 2550 898 2577 modo
911 2552 933 2577 ei
945 2552 1049 2578 venerit
1060 2552 1085 2578 in

128 2594 244 2613 mentem
266 2586 334 2613 illud
354 2587 462 2613 Horatii
478 2596 501 2613 i.
521 2586 576 2613 od.
592 2595 634 2613 10.
651 2587 686 2615 de
706 2588 860 2614 Mercurio:
880 2588 972 2621 Superis
987 2591 1088 2614 Deorum
1103 2599 1104 2608 i

126 2625 219 2648 Gratus
229 2623 258 2653 &-
266 2623 328 2648 imis.

131 2652 133 2656 ⁴
166 2652 191 2694 3¹.
212 2663 294 2691 Nuper
303 2657 435 2691 dustrem]
451 2657 540 2685 Urfini
553 2658 620 2685 liber
629 2659 739 2692 affirm-e,
749 2658 820 2695 quod
831 2659 916 2695 placet
927 2659 1086 2686 Gulielmio.

125 2693 169 2722 sed
182 2695 214 2721 sic
226 2695 290 2721 nulli
303 2696 466 2725 nostrorum,
477 2703 523 2721 aut
534 2695 598 2721 Aldi
611 2696 735 2731 Nepotis.

161 2739 189 2763 4.
208 2731 319 2757 sedidem
338 2732 430 2756 diceba!
442 2732 558 2765 sempcin]
581 2730 650 2757 Illud
670 2731 761 2758 dicebat
772 2731 858 2767 scripti
879 2731 953 2767 pauci
974 2731 1083 2763 habent,

123 2765 181 2799 imo
193 2776 225 2793 ne
243 2766 349 2802 quidem
361 2766 508 2802 publicatus
529 2766 661 2793 Vi&orio.
681 2767 771 2802 itaque
781 2768 944 2794 Gulielmius
963 2767 1083 2803 ambige—

124 2801 181 2834 bat,
193 2812 254 2829 num
267 2803 340 2839 supra
352 2803 532 2838 reponendum
544 2802 616 2829 foret
627 2822 635 2834 ,
646 2806 684 2828 cni
693 2813 738 2829 non
747 2811 798 2829 tum
808 2823 816 2836 ‚
827 2805 878 2835 εἶχε.
899 2811 928 2830 ut
938 2804 1028 2831 omnia
1041 2813 1084 2830 re-

81 2850 83 2852 ·
126 2837 247 2865 ferrentu
253 2847 265 2865 r
274 2840 304 2865 ad
315 2838 384 2865 illud
394 2839 465 2874 quod
476 2839 605 2874 sequitur,
615 2840 757 2867 videbatur.

163 2884 190 2908 5.
211 2877 330 2908 Qii'dcm
339 2876 430 2909 quast]
451 2876 493 2901 Sic
503 2876 622 2911 plerique
633 2875 700 2902 Pall.
710 2884 768 2902 nam
780 2875 887 2910 quidam
900 2894 908 2907 ‚
918 2879 1003 2911 quique
1011 2877 1083 2909 idem,

118 2910 196 2947 -quod
207 2908 325 2947 placebat
335 2912 493 2938 Gulielmio.
517 2912 630 2947 vulgati,
639 2912 790 2946 quiquidem.

149 2947 190 2977 ,6.
209 2952 305 2973 Aurum
320 2949 447 2983 ‘vem'ffizn'j
470 2948 583 2974 Retinet
602 2948 666 2974 lianc
679 2948 821 2974 leetionem
841 2949 868 2974 Sc
883 2947 968 2974 Aldus
989 2948 1080 2984 Nepos

123 2982 153 3008 &
164 2983 325 3010 Gulielmius
337 3002 345 3015 ‚
366 2991 491 3020 tanquam
511 2985 629 3010 oninium
650 2983 706 3010 sere
726 2983 856 3010 libroruin
869 2993 877 3015 5
899 2993 983 3020 neque
1002 2985 1080 3011 aliter

124 3018 193 3052 ‚Pais
206 3028 263 3045 nani
278 3020 420 3055 Langiaui.
432 3030 467 3045 me
476 3022 625 3052 con-vemffu.

159 3062 186 3087 7.
204 3058 247 3081 Sin
257 3064 336 3080 aurem
344 3057 386 3081 illa
395 3056 518 3089 vermi-n]
539 3057 624 3082 Malui
635 3055 702 3082 istud
715 3055 778 3082 Aldi
790 3055 917 3086 Mamuii,
928 3062 1004 3091 quam
1018 3057 1078 3083 vul-

116 3097 214 3126 gatum
225 3100 317 3122 vercor,
326 3091 392 3118 licet
404 3099 537 3127 repertum
545 3101 656 3127 quoquc
666 3092 692 3119 in
709 3092 776 3119 Pali.
787 3092 947 3118 Gulielmius
958 3092 1028 3128 quod
1038 3092 1078 3119 es-

113 3125 160 3159 {set
168 3127 196 3153 in
207 3127 377 3155 Celberdenfi
388 3146 397 3161 ,
408 3129 449 3163 fin
458 3135 538 3154 autem
547 3130 615 3155 haud
621 3129 663 3155 illa
672 3137 756 3154 vereor
766 3146 775 3161 ,
786 3135 839 3156 tres
850 3137 926 3157 voces
937 3129 1079 3165 postremas

1126 2337 1274 2399 gaz-eutimii
1294 2338 1397 2365 includi
1416 2338 1486 2376 porse
1505 2339 1626 2376 putabat.
1650 2340 1797 2367 Palinerius
1818 2340 1883 2367 vero
1905 2341 2016 2368 omniuo
2036 2341 2093 2369 ibat

1146 2382 1159 2398 e
1172 2381 1256 2400 etum.

1162 2408 1190 2435 8.
1209 2414 1261 2436 Non
1270 2417 1321 2436 tam
1329 2412 1375 2443 ista
1385 2411 1554 2445 masapientiae,
1565 2411 1632 2446 styra]
1655 2411 1816 2444 Emendarat
1827 2411 1989 2439 Gulielmius
1999 2415 2013 2440 ὲ
2025 2412 2092 2440 Cel·

1126 2443 1245 2472 herdensi
1256 2445 1312 2478 suo,
1323 2447 1469 2481 sapientium
1480 2457 1489 2478 3
1500 2448 1547 2474 hac
1557 2447 1699 2475 sententia.
1719 2458 1771 2475 uon
1786 2447 1914 2475 deleEtari
1924 2447 1949 2475 se
1959 2448 2005 2476 ista
2015 2458 2091 2475 com-

1126 2482 1319 2509 memoratione
1330 2482 1485 2518 sapientium
1499 2503 1507 2516 ,
1527 2491 1620 2520 utpote
1631 2484 1812 2520 qtssnulquam
1834 2484 1883 2510 sint
1895 2503 1903 2516 ,
1923 2484 1940 2511 {i
1951 2483 2090 2512 audiamus

1103 2524 1105 2554 j
1125 2517 1297 2554 Philosophus
1309 2538 1318 2550 ,
1336 2518 1527 2555 falsoqueitaz'r
1539 2519 1620 2555 vulgo
1639 2520 1831 2551 nominentur5
1854 2518 1975 2547 sedillud
1987 2520 2089 2557 speram

1124 2552 1152 2579 in
1171 2554 1317 2581 amicorum
1330 2555 1432 2590 paribus
1453 2555 1478 2582 se
1489 2555 1610 2582 futurum
1623 2565 1683 2582 cuni
1694 2557 1830 2597 Scipione.
1851 2555 1884 2582 {ic
1893 2555 1959 2587 ille5
1981 2556 2022 2583 sed
2035 2557 2088 2584 mi-

1126 2589 1197 2616 nii-ni:
1209 2590 1294 2626 placet
1306 2600 1314 2622 ς
1337 2590 1443 2627 respicit
1453 2592 1539 2628 potius
1551 2587 1583 2619 ad
1597 2591 1669 2627 vulgi
1679 2593 1833 2628 opinionem
1846 2610 1855 2624 ,
1872 2601 1925 2626 qua
1936 2593 2034 2627 sapiens
2043 2592 2088 2620 di-

1123 2625 1233 2653 cebatur
1245 2636 1252 2657 3
1274 2636 1385 2662 eamque
1395 2637 1441 2663 pei·
1452 2628 1604 2655 modestiam
1616 2627 1714 2654 elevat.

1158 2671 1185 2696 9.
1206 2666 1366 2688 Nominanrm·
1389 2667 1465 2696 paria
1482 2667 1619 2690 amJ'corum.
1630 2665 1643 2698 ]
1667 2665 1710 2690 Sic
1725 2665 1752 2690 sc
1766 2663 1833 2692 Pall.
1855 2674 1882 2691 ο.
1902 2674 1987 2700 neque
2007 2664 2086 2693 video

1121 2698 1220 2724 caulam
1234 2718 1242 2730 ‚
1254 2708 1300 2725 cur
1311 2698 1456 2726 Lambinus
1470 2699 1633 2736 supposuerit
1643 2708 1804 2726 numerantnr
1816 2720 1824 2732 ,
1844 2700 1937 2726 invitis
1944 2701 2085 2733 omnibus.

1119 2734 1156 2760 uti
1169 2734 1278 2770 ipsemet
1298 2734 1398 2770 prodit,
1417 2735 1474 2762 mss‘.
1494 2737 1563 2762 idem
1576 2737 1707 2772 repetitur
1716 2736 1826 2763 verbum
1838 2735 1883 2762 sub
1893 2736 1973 2764 finem
1985 2737 2079 2774 capitis

1100 2775 1102 2804 f
1117 2769 1199 2796 sexti.
1220 2772 1245 2797 ἃ
1256 2781 1337 2797 nomen
1347 2771 1410 2807 saepe
1419 2771 1546 2807 gloriam.
1559 2772 1654 2799 famam
1666 2772 1902 2808 celebritatemque
1913 2780 2000 2800 notat.

1100 2805 1101 2812 ¹
1160 2815 1200 2832 ιο.
1220 2810 1347 2841 turegi-itas
1359 2827 1366 2839 ,
1386 2809 1537 2842 aquaman]
1551 2808 1704 2841 ,Lambinus
1714 2808 1826 2845 oggeffit
1836 2811 1934 2842 aequitac
1945 2828 1953 2841 ,
1964 2808 2006 2836 sed
2017 2818 2083 2837 cori—

1120 2848 1161 2868 tra
1172 2843 1272 2869 vetusta
1285 2843 1447 2879 exemplaria
1459 2855 1464 2871 :
1477 2846 1504 2870 8<
1517 2844 1573 2870 lune
1583 2847 1718 2878 equalitas,
1732 2844 1953 2882 Euripidit'w'arm,
1964 2846 2081 2874 maxime

1097 2893 1099 2907 i
1120 2878 1146 2904 in
1157 2879 1281 2905 amicitiis
1293 2880 1449 2915 requiritur.
1469 2882 1616 2906 Gulielmius.

1158 2924 1166 2940 i
1178 2924 1199 2940 1.
1229 2916 1449 2950 wia-sequantur]
1471 2918 1512 2943 lta
1522 2916 1575 2943 duo
1586 2915 1644 2943 mis.
1655 2916 1808 2944 Gulielmii.
1823 2915 1908 2944 recte.
1925 2926 1960 2945 ex
1971 2914 2019 2945 liae
2031 2918 2081 2945 de-

1119 2958 1226 2986 pravata
1236 2951 1272 2978 est
1284 2952 1390 2987 vulgata
1399 2955 1441 2986 qui
1449 2953 1602 2987 affiqunnrur
1611 2964 1620 2985 ‚-
1639 2960 1684 2979 aut
1693 2956 1735 2987 qui
1743 2954 1909 2987 affiqurmtur.
1947 2952 1951 2955 ’
2024 2984 2034 2988 ss

1153 2994 1197 3013 υ..
1219 2990 1247 3012 Ut
1261 2989 1468 3022 quifiquepruxitni
1477 2990 1622 3022 accederem]
1644 2989 1760 3016 Palatiu.
1771 2990 1851 3025 prim.
1863 2991 1890 3016 8<
1901 2997 1989 3026 quart.
1999 2990 2078 3017 adlit·-

1115 3030 1187 3054 rerer‚
1200 3023 1237 3049 ita
1248 3030 1335 3050 tamen
1348 3032 1379 3050 ut
1388 3031 1476 3060 quart.
1489 3032 1632 3060 utrumque
1661 3025 1780 3052 raeserrct
1792 3045 1800 3058 ,
1820 3026 1869 3052 hoc
1880 3026 1976 3053 inodo:
1998 3026 2079 3053 adlit-

1115 3066 1176 3084 reret
1196 3061 1240 3084 vel
1254 3062 1373 3086 accederet
1385 3078 1394 3091 ‚
1413 3059 1521 3095 quod&
1542 3063 1569 3088 in
1589 3061 1642 3088 duo
1662 3071 1690 3087 us
1702 3061 1823 3088 Aldinis.
1843 3061 1875 3088 de
1885 3072 1939 3098 quo
1948 3061 2078 3096 dijudicet

1114 3096 1224 3122 Senatus
1235 3096 1352 3124 Criticus
1363 3107 1370 3124 :
1390 3096 1454 3123 mihi
1474 3097 1544 3124 enim
1556 3106 1608 3124 non
1626 3096 1758 3134 displicet.
1777 3097 1862 3126 Paiat.
1873 3097 1975 3126 secund.
1999 3098 2076 3124 habet

1112 3132 1226 3165 proxime.

1414 3162 1657 3197 Xxxxx‘xxz
2013 3167 2076 3197 ta'Jr
