2360 3400
155 1360 195 1395 13

598 133 849 182 Ense.

239 213 385 247 duntaxat
393 210 600 246 tamen'audeba
608 220 698 254 petere
706 212 791 245 abste
799 233 807 248 ‚
819 213 895 257 quod
903 222 927 244 te
937 224 980 245 oro
992 234 1000 248 ‚
1012 224 1044 245 ne
1054 214 1125 258 quid
1133 226 1193 245 εκι-
1220 252 1221 258 ¹

226 255 325 295 stimes
333 255 369 287 ab
379 254 543 295 illofad'ffum
554 254 610 292 effe,
622 265 676 297 quo
688 256 780 284 mium
789 266 850 285 mea
861 267 889 286 m
901 264 927 286 te
935 256 1026 295 officia.
1034 256 1196 292 constari-nr,
1217 262 1221 300 1'

235 299 364 337 minusve
375 306 401 328 te
409 298 551 337 diligerem
561 317 570 330 ,
589 297 738 340 portusque
745 298 851 339 semper
865 296 1095 328 zllumauc'lorem
1108 298 1196 334 nostine
1216 302 1220 345 ,³

235 337 518 380 conjunstionisfuiſjb
527 358 535 371 ‚
546 343 655 379 mes-que
665 347 769 369 itinera<
779 348 908 369 comitem
917 359 925 373 ‚
937 350 987 368 non
996 339 1100 370 ducem.
1120 350 1194 380 qu-a-
1216 353 1219 382 ff

234 375 360 414 κάπνη
371 392 398 410 m
413 380 490 410 rebus
505 388 618 409 tantum
630 381 653 409 ei
663 380 767 410 tribues
777 401 784 414 ,
806 388 948 423 quantum
959 382 1121 410 humanitas
1131 390 1192 414 rua,
1214 386 1218 425 l

234 423 424 464 amicitiaque
435 421 524 457 vestra
530 421 663 463 postulat:
686 433 731 463 ego
742 424 766 453 ei
775 434 807 452 ne
815 423 886 464 quid
893 423 969 465 apud
977 431 1004 452 te
1013 421 1096 463 obsim
1106 442 1114 457 ,
1128 423 1157 453 id
1166 431 1193 452 te

234 464 404 494 theanler
414 465 501 494 esiam
510 473 597 505 atque
606 466 694 493 esiam
706 475 777 505 rogo.

235 533 238 537 .
275 509 374 548 Qare
387 525 396 540 ,
415 504 436 535 si
453 509 520 547 quis
536 504 685 546 cogress'us
697 505 787 536 fuerit
800 507 877 536 mihi
892 507 962 536 Cum
975 505 1106 539 Caesare,
1126 504 1189 544 (etsi

234 556 300 579 non
310 548 418 579 dubito
429 568 438 581 ‚
456 550 530 589 quin
546 551 570 577 is
586 549 661 578 lenis
679 550 711 578 in
729 549 818 578 illum
829 548 945 578 futurus
956 547 989 578 sit
1000 567 1009 581 ,
1029 547 1188 588 idquejam

231 588 435 629 declaraverit)
449 600 503 630 ego
515 600 615 620 tamen
626 591 651 619 is
661 600 712 620 ero
724 609 732 624 ,
751 592 803 631 qui
814 590 929 629 semper
937 588 992 620 fui.
1016 590 1064 620 sed
1076 608 1085 623 ‚
1101 599 1133 620 ut
1144 591 1190 619 vi·

231 630 289 661 deo
300 653 309 665 ,
330 632 428 662 multo
438 634 533 672 magis
551 631 592 662 est
606 632 695 661 nobis
706 631 901 662 laborandum
913 631 948 662 de
959 631 1077 666 Africa3
1097 641 1189 672 quam

231 674 357 714 quidem
366 684 396 704 tu
407 674 509 704 scribis
519 684 575 704 con
582 672 690 703 firmari
705 673 839 714 quotidie
850 676 944 713 magis
955 673 989 704 ad
1000 673 1185 703 conditionis

228 717 313 756 spem
325 736 333 749 ,
344 716 435 756 quam
445 715 590 746 vi&oi'iae.
607 715 688 756 quod
701 718 817 746 utinam
830 717 868 745 ita
877 713 956 745 ess'et.
974 715 1022 745 sed
1033 715 1121 755 longe
1131 716 1186 745 ali-

229 767 273 788 ter
282 756 338 787 ess'e
349 758 500 798 intelligo,
515 766 600 797 teque
611 758 708 797 ipsum
718 759 757 787 ita
767 756 938 788 existimare
948 757 1087 791 arbitron
1100 757 1184 787 aliter

228 809 329 829 autem
343 799 466 829 scribere
477 819 485 833 ‚
505 809 568 828 non
587 798 732 831 fallendi,
753 798 800 828 sed
815 797 995 835 confirmandi
1011 800 1073 828 mei
1090 799 1186 832 causa,

228 841 390 881 praesertim
417 840 490 870 cum
516 840 690 879 adjungatur
710 840 746 869 ad
766 839 900 869 Africam
921 841 1011 869 etiarn
1032 841 1185 879 Hispania.

228 883 320 924 Qod
339 893 389 912 rne
401 882 546 912 admones
555 901 564 913 ‚
585 890 616 910 ut
626 881 750 910 scribam
761 880 796 910 ad
807 882 978 910 Antonium
989 900 997 913 ‚
1019 881 1051 911 &
1061 882 1097 911 ad
1106 891 1185 912 cete—

226 934 294 954 ros:
315 923 334 954 si
344 924 416 964 quid
425 923 575 953 videbitur
584 922 638 951 tibi
649 931 723 961 opus
735 920 792 951 effe
805 942 813 954 ,
832 922 925 951 velim
935 921 1023 952 facias
1033 923 1064 952 id
1076 943 1084 955 ‚
1102 923 1184 963 quod

227 966 302 1006 saepe
312 964 420 995 fecisti.
443 964 520 994 nihil
532 965 615 992 enim
627 964 705 992 mihi
714 966 798 993 venit
808 966 840 992 in
855 973 989 993 mentem
1000 984 1008 997 ,
1018 965 1101 1004 quod
1115 966 1182 995 scn-

227 1007 361 1038 bendum
373 1014 486 1045 putem.
512 1008 521 1024 ¹
543 1004 632 1046 Qod
651 1015 701 1034 me
715 1004 797 1034 audis
812 1004 982 1035 fraifliorem
1003 1005 1061 1036 esse
1071 1008 1187 1037 animo:

223 1049 297 1089 quid
306 1056 390 1088 putas
401 1067 410 1080 ‚
425 1057 496 1076 cum
506 1046 605 1077 videas
618 1045 760 1076 acceffiffe
769 1047 804 1077 ad
815 1048 979 1087 superiores
988 1049 1182 1089 aegritudines

221 1090 371 1130 praeclaras
378 1091 479 1129 generi
489 1087 624 1118 astiones
637 1091 647 1118 ?
662 1092 711 1119 Tu
723 1098 823 1118 tamen
835 1089 928 1119 velim
941 1099 978 1119 ne
988 1092 1180 1125 intermittas,

220 1131 321 1172 quoad
331 1132 395 1168 ejus
409 1130 503 1160 facere
512 1132 623 1170 poteris
634 1150 643 1164 ‚
665 1130 788 1160 scribere
800 1130 835 1161 ad
848 1140 897 1160 me
908 1151 917 1164 ‚
940 1133 1028 1162 etiam
1040 1131 1059 1161 si
1070 1142 1134 1162 rem
1145 1133 1183 1163 de

219 1183 279 1214 qua
295 1173 400 1204 scribas
415 1192 423 1206 ‚
444 1182 507 1202 non
528 1172 660 1202 habebis.
686 1172 800 1212 semper
820 1183 903 1202 enim
924 1171 1051 1204 afferunt
1067 1175 1181 1215 aliquid

219 1215 298 1244 mihi
310 1224 368 1244 tuae
382 1215 494 1244 litterae.
518 1215 664 1243 Galeonis
682 1214 876 1244 hereditatem
894 1224 986 1244 crevi.
1009 1225 1082 1255 puto
1096 1219 1180 1247 enim

217 1259 234 1277 ²
243 1259 410 1287 cretionem
423 1255 591 1295 simplicem
608 1254 695 1286 fuisse
704 1276 715 1292 ‚
735 1258 883 1297 quoniam
895 1256 929 1287 ad
942 1267 990 1288 me
1000 1258 1084 1288 nulla
1094 1257 1182 1290 miffa

218 1298 273 1329 est.
297 1297 547 1329 vni-IdMart.

455 1350 647 1378 CICERO
667 1350 889 1382 ATTICO,
910 1351 938 1379 S.

319 1397 452 1428 Murenae
471 1397 578 1427 liberto
590 1397 668 1427 nihil
690 1396 786 1427 adhuc
807 1407 975 1437 accepeiam
1000 1397 1176 1428 litterarum.
1200 1421 1202 1432 .

308 1442 340 1469 P.
354 1440 431 1469 siser
451 1439 616 1469 reddiderat
634 1448 680 1469 eas
695 1458 703 1472 ,
722 1439 833 1479 quibus
852 1439 991 1470 rescribo.
1015 1442 1063 1469 De
1081 1443 1176 1470 Servii
1199 1433 1202 1459 ¹

215 1483 305 1521 patris
315 1481 421 1511 litteris
432 1480 513 1521 quod
532 1480 635 1510 scribis
645 1500 653 1514 ‚
674 1483 748 1510 item
761 1500 769 1514 ,
789 1483 942 1520 Qiinturn
958 1483 989 1510 in
1001 1484 1116 1521 Syriam
1127 1492 1177 1512 ve-

214 1522 289 1553 niffe
305 1523 386 1563 quod
401 1524 442 1552 ais
456 1520 513 1551 ess'e
527 1525 578 1562 qui
594 1524 755 1556 nuntient3
777 1533 814 1552 ne
825 1522 855 1552 id
869 1522 992 1563 quidem
1005 1533 1110 1553 verum
1121 1523 1174 1554 est.

212 1565 303 1604 Qod
313 1566 473 1595 certiorem
484 1573 511 1594 te
530 1566 575 1595 vis
594 1562 679 1598 fieri,
698 1574 760 1604 quo
773 1565 898 1605 quisque
909 1567 941 1594 iu
952 1574 1001 1594 me
1011 1567 1115 1595 animo
1126 1564 1169 1600 fit,

211 1605 472 1637 autfueriteorum
487 1625 495 1640 ‚
515 1608 567 1647 qui
582 1607 641 1636 huc
661 1615 826 1641 venerunt·,
846 1608 1003 1636 neminem
1016 1607 1173 1638 alienoin-

211 1648 326 1679 tellexi.
351 1647 421 1682 sed,
439 1657 586 1688 quantum
599 1647 628 1678 id
640 1646 843 1682 meaimerfit‚
866 1647 1037 1678 existimare
1055 1659 1081 1679 te
1090 1648 1172 1689 poste

209 1689 290 1722 certe
304 1690 375 1721 scio.
399 1691 475 1719 mihi
487 1700 558 1720 curn
571 1699 675 1720 omnia
685 1690 752 1720 sunt
762 1690 965 1721 intolerabilia
973 1690 1008 1720 ad
1019 1690 1170 1726 dolorem,

210 1740 275 1762 tum
288 1731 422 1762 maxime
435 1751 444 1764 ‚
464 1730 547 1772 quod
565 1733 596 1761 in
607 1741 672 1762 eam
686 1732 803 1763 causam
814 1731 927 1763 veniffe
940 1742 989 1762 me
1007 1733 1098 1763 video
1109 1754 1117 1767 ‚
1140 1744 1172 1765 ut

209 1782 244 1804 ea
264 1773 324 1804 sola
338 1773 427 1802 utilia
445 1774 524 1803 mihi
540 1770 597 1803 effe
614 1773 789 1807 videantur,
810 1784 875 1815 quae
889 1774 1004 1814 semper
1016 1775 1112 1805 nolui.
1137 1779 1167 1806 P.

209 1815 376 1846 Lentulum
387 1823 501 1854 patrem
513 1814 617 1846 Rhodi
631 1813 689 1845 ess'e
700 1816 784 1853 ajunt
794 1836 802 1849 ,
828 1819 841 1843 3
852 1816 1047 1846 Alexandreae
1058 1815 1170 1852 filium3

210 1855 384 1897 Rhodoque
394 1856 612 1886 Alexandream
623 1856 785 1887 C.Caffium
796 1856 967 1897 profestum
978 1856 1033 1887 esse
1043 1858 1166 1889 constat.

208 1900 346 1939 Qintus
355 1899 432 1927 inihi
444 1898 612 1938 perlitteras
620 1898 758 1929 satisfacit
768 1919 776 1932 ,
787 1900 886 1928 multo
894 1899 1092 1938 asperioribus
1102 1910 1169 1930 ver-

209 1940 257 1970 bis
269 1959 278 1973 ,
297 1938 388 1980 quam
400 1938 471 1970 cuin
481 1938 821 1980 graviss'imeaccusabat.
845 1941 885 1971 ait
897 1943 980 1970 enim
997 1940 1024 1970 se
1038 1951 1076 1971 ex
1086 1942 1165 1971 litte-

207 1983 249 2013 ris
267 1984 326 2011 tuis
345 1981 532 2024 intelligere,
551 1981 606 2012 tibi
624 1992 686 2012 non
701 1982 814 2022 placere
825 2003 833 2016 ,
854 1981 937 2023 quod
952 1982 987 2012 ad
1002 1984 1116 2013 multos
1128 1983 1164 2014 de

207 2033 257 2054 me
272 2023 400 2063 asperius
417 2023 578 2064 scripserit:
599 2025 696 2065 itaque
705 2024 733 2054 se
746 2027 892 2070 poenitere
903 2044 910 2058 ‚
931 2023 1014 2065 quod
1024 2027 1162 2056 animum

208 2074 295 2096 tuum
307 2064 468 2097 offenderit
481 2077 485 2095 ;
496 2065 544 2096 sed
555 2066 658 2105 sejure
667 2065 778 2096 fecisse.
798 2066 906 2097 deinde
915 2066 1069 2106 perscribit
1079 2067 1162 2107 spur—

207 2105 321 2139 ciffime
333 2127 342 2141 ‚
363 2117 433 2148 quas
452 2107 493 2138 ob
510 2107 607 2138 causas
623 2107 736 2138 fecerit.
759 2108 808 2138 sed
827 2118 924 2149 neque
942 2109 1000 2139 hoc
1014 2118 1160 2150 tempore,

205 2158 263 2179 nec
271 2158 354 2179 antea
365 2147 548 2188 patefecisset
556 2149 663 2180 odium
674 2150 803 2180 suumin
813 2160 863 2180 me
872 2170 881 2184 ‚
895 2148 949 2180 nisi
959 2151 1104 2181 omnibus
1114 2162 1160 2181 re—

204 2190 262 2221 bus
273 2200 323 2220 me
332 2189 390 2221 effe
401 2190 548 2232 oppreffum
558 2191 683 2222 videret.
705 2201 793 2233 atque
805 2194 919 2222 utinam
931 2192 979 2222 vel
988 2192 1160 2228 no&urnis‚

205 2232 464 2273 quemadmodum
477 2242 507 2262 tu
517 2233 680 2273 scripseras,
691 2234 849 2264 itineribus
860 2235 983 2274 propius
994 2244 1021 2264 te
1031 2234 1159 2266 acceffis-

202 2274 277 2305 sem:
287 2284 369 2306 nunc
378 2284 434 2305 nec
444 2275 566 2310 ubi‚nec
577 2274 697 2317 quando
707 2284 735 2306 te
744 2274 799 2306 fim
809 2275 1058 2317 visurus‚p0ffum
1068 2278 1160 2318 suspi-

915 149 1005 183 Α»
1067 138 1478 196 Arrium-M,

1540 141 1690 189 Lis.
1742 141 1826 192 XL
2100 149 2193 217 879

1243 218 1311 248 cari.
1323 218 1370 249 De
1381 219 1577 251 coheredibus
1584 220 1768 255 4Fufidianis
1778 225 1855 257 nihil
1865 224 2018 268 fuit,qu0d
2028 227 2063 259 ad
2074 239 2124 260 me
2133 230 2205 261 sci-i-

1244 258 1336 289 beres.
1349 269 1429 305 §nam
1443 262 1475 290 δε
1485 272 1604 303 aequum
1616 264 1824 303 postulant,&‚
1859 269 1982 310 uidquid
1995 270 2110 310 egisses,
2122 271 2201 303 redire

1243 298 1299 347 csse
1318 301 1417 331 actum
1438 313 1581 342 putarem.
1607 308 1656 336 De
1674 306 1770 338 fundo
1781 278 1923 341 Frusinati
1941 312 2121 343 redimendo
2135 314 2200 353 jam

1240 341 1356 379 pridem
1377 346 1550 376 intellexisti
1571 349 1758 379 voluntatem
1776 361 1896 386 meam3
1919 352 1969 383 etfi
1987 363 2052 385 tum
2071 356 2202 387 meliore

1240 383 1311 412 loco
1332 394 1376 413 res
1389 395 1469 416 eraut
1480 387 1587 418 nostrae
1597 409 1604 422 ‚
1620 393 1633 415 5
1645 400 1741 431 neque
1751 401 1810 422 iam
1824 395 1899 424 mihi
1910 394 2096 435 desperatum
2107 399 2144 427 iri
2155 400 2201 427 vi-

1240 423 1404 470 debantur3
1425 436 1523 458 tamen
1545 441 1577 459 in
1597 431 1699 461 eadem
1717 434 1783 463 sum
1799 436 1962 466 voluntate.
1986 436 2041 467 6i'd
2053 439 2199 479 quemad·

1240 465 1367 496 modum
1386 468 1453 502 hat,
1473 478 1503 498 tu
1515 471 1640 501 videbis.
1665 473 1822 510 &veiim,
1842 478 1939 518 quoad
1952 481 2080 517 poteris,
2100 479 2198 512 consi-

1237 505 1319 536 deres
1332 528 1340 540 ‚
1362 517 1393 538 ut
1403 508 1435 555 fit
1449 529 1457 542 ,
1478 512 1556 556 unde
1567 514 1657 543 nobis
1670 516 1895 555 suppeditentur
1907 520 2021 550 {unitus
2032 520 2195 553 necess'arii.

1237 545 1257 577 sl
1267 558 1338 588 quas
1351 550 1509 581 habuimus
1518 555 1670 586 iacultates
1681 577 1688 589 ,
1705 568 1751 588 eas
1763 561 1909 600 Pompejo
1920 570 1984 592 tuin
1997 582 2005 595 ,
2025 562 2094 593 cum
2107 564 2136 595 id
2147 567 2195 594 vi-

1235 588 1381 636 debamur
1391 592 1534 631 sapienter
1543 595 1638 626 facere
1650 617 1658 630 ‚
1679 599 1852 631 detulimus.
1877 605 1975 643 itaque
1989 613 2053 634 tum
2067 605 2099 635 &
2113 605 2128 635 ὲ
2143 616 2196 636 tuo

1234 631 1339 662 villico
1354 632 1510 664 sumfimus
1523 656 1531 668 ‚
1552 637 1713 669 &aliunde
1727 645 1850 673 mutuati
1867 644 1986 677 sumus,
2009 645 2082 676 cum
2092 650 2191 688 Qin*

1235 681 1463 719 tus'quereretur
1471 686 1522 715 per
1532 678 1642 709 litteras
1653 701 1660 713 ‚
1673 680 1725 711 sibi
1738 693 1793 713 nos
1804 686 1881 715 nihil
1892 685 2002 717 dedifl'e
2013 699 2022 721 3
2034 691 2083 728 qui
2096 699 2194 729 neque

1233 714 1269 744 ab
1280 715 1337 746 illo
1347 720 1443 763 *rogati
1456 718 1557 749 sumus
1569 740 1577 753 ,
1596 731 1693 791 negue
1702 723 1754 762 ipsi
1765 736 1827 755 eam
1844 731 1999 766 pecuniam
2011 730 2195 770 aspeximus.

1233 755 1282 803 sed
1296 758 1388 804 ise-lim
1400 759 1500 790 videas
1512 780 1520 794 ,
1540 762 1613 802 quid
1655 772 1682 797 t3
1706 766 1786 804 quod
1804 767 1914 799 confici
1933 770 2042 809 possit,
2060 772 2194 814 quidque

1233 799 1312 828 mihi
1332 799 1368 830 de
1387 801 1531 832 omnibus
1547 804 1599 832 des
1615 803 1747 835 consilii:
1768 808 1800 837 &
1811 811 1926 841 causam
1940 812 2029 843 nosti.
2053 814 2137 844 Plura
2150 815 2190 845 ne

1228 839 1354 887 scribam
1368 861 1376 875 ,
1398 842 1503 873 dolore
1524 846 1684 884 impedior.
1708 853 1722 876 7
1735 847 1754 878 si
1770 851 1843 889 quid
1862 862 1917 882 erit
1930 872 1939 886 ,
1958 854 2040 894 quod
2061 855 2096 885 ad
2115 866 2192 896 quos

1228 881 1418 929 scribendum
1431 894 1501 915 meo
1512 889 1641 917 nomine
1661 898 1747 928 putes
1759 910 1768 923 ‚
1792 893 1905 927 velim,
1926 904 1958 924 ut
1979 897 2053 926 soles
2066 917 2074 929 ,
2091 896 2190 928 facias:

1228 925 1404 970 quotiesque
1420 927 1542 958 habebis
1553 948 1561 962 ,
1579 931 1628 960 cui
1638 930 1690 961 des
1699 931 1733 962 ad
1745 942 1794 963 me
1806 935 1917 965 litteras
1930 955 1937 969 ‚
1957 938 2055 967 nolim
2070 948 2190 979 praetci'·

1229 975 1340 997 mittas.
1385 968 1466 999 Vale.

1467 1013 1657 1044 CICERO
1680 1018 1900 1052 ATTICO.
1923 1022 1953 1050 S.

1331 1053 1397 1082 ΟΝ
1417 1062 1468 1082 me
1487 1053 1615 1085 offendit
1634 1059 1740 1088 veritas
1757 1059 1920 1091 litterarum
1941 1071 2058 1093 tuarum
2071 1083 2079 1097 ‚
2102 1065 2188 1105 quod

1300 1132 1309 1138 ,
1332 1103 1400 1128 me,
1422 1089 1516 1126 3curn
1534 1099 1771 1134 communibus,
1794 1111 1858 1132 tum
1869 1106 2027 1144 praecipuis
2037 1107 2123 1136 malis
2133 1117 2190 1147 op-

1226 1132 1356 1182 preflum
1367 1156 1375 1169 ‚
1389 1145 1426 1166 ne
1438 1139 1546 1178 incipis
1555 1140 1677 1179 quidem
1690 1161 1698 1173 ,
1709 1151 1741 1172 ut
1750 1142 1864 1173 solebas
1875 1165 1882 1176 ,
1892 1146 2040 1176 consolari
2052 1147 2190 1181 ‚fateris-

1227 1185 1284 1216 que
1304 1176 1335 1206 id
1353 1176 1418 1208 fieri
1434 1180 1497 1219 jam
1520 1190 1582 1210 non
1601 1181 1692 1221 posse.
1715 1193 1771 1214 nec
1780 1188 1865 1216 enim
1875 1196 1907 1216 ea
1918 1187 1986 1217 sunt
1999 1208 2007 1221 ‚
2029 1199 2095 1229 qua:
2105 1199 2188 1221 erant

1226 1227 1309 1248 antea
1320 1238 1329 1252 ‚
1349 1219 1420 1250 cum
1434 1241 1443 1254 ,
1462 1231 1494 1252 ut
1504 1223 1583 1252 nihil
1594 1225 1675 1254 aliud
1688 1245 1697 1258 ,
1715 1229 1841 1256 comites
1855 1237 1904 1258 me
1926 1229 1958 1258 ὃ(
1969 1230 2067 1260 socios
2080 1232 2188 1263 habere

1223 1260 1373 1299 putabam.
1398 1272 1507 1293 omnes
1517 1267 1600 1295 enim
1609 1267 1731 1297 Achaici
1744 1268 1945 1309 deprecatores
1955 1290 1963 1304 ,
1977 1275 1992 1298 9
2004 1274 2076 1302 item
2086 1275 2186 1313 quiin

1233 1300 1296 1332 Asia
1307 1322 1316 1336 ,
1332 1303 1441 1343 quibus
1451 1315 1514 1335 non
1524 1316 1584 1337 erat
1592 1309 1731 1348 ignotum
1741 1330 1750 1343 ,
1762 1312 1852 1341 etiam
1862 1312 1971 1352 quibus
1980 1323 2049 1348 erat,
2060 1316 2094 1344 in
2104 1314 2187 1346 Afri-

1223 1353 1289 1373 cam
1309 1343 1450 1376 dicuntur
1467 1350 1643 1389 navigaturi.
1673 1352 1712 1381 ita
1729 1361 1836 1392 praeter
1853 1354 1980 1385 Laelium
1994 1375 2003 1388 ,
2024 1357 2184 1388 neminem

1224 1385 1321 1434 habeo
1339 1387 1420 1428 culpa
1431 1389 1561 1428 sbcium:
1579 1394 1631 1432 qui
1648 1402 1748 1424 tamen
1766 1395 1823 1425 hoc
1842 1396 2017 1426 meliorem
2032 1398 2115 1428 causa
2129 1398 2182 1434 est,

1223 1428 1374 1467 quodjam
1386 1429 1428 1460 est
1439 1441 1585 1472 receptus.
1609 1433 1645 1463 de
1658 1444 1707 1464 me
1716 1445 1813 1466 autem
1825 1457 1834 1470 ,
1846 1447 1909 1467 non
1921 1437 2028 1469 dubito
2038 1459 2046 1472 ‚
2059 1441 2133 1480 quin
2146 1441 2184 1472 ad

1222 1469 1348 1500 Balbum
1370 1471 1403 1501 &
1421 1472 1457 1502 ad
1472 1475 1602 1513 Oppium
1623 1476 1785 1516 scripserit:
1803 1478 1819 1508 ὲ
1832 1480 1961 1519 quibus,
1982 1478 2002 1509 fi
2021 1481 2093 1521 quid
2113 1481 2184 1513 effer

1223 1511 1318 1541 laetius
1330 1532 1338 1545 ,
1359 1516 1467 1544 certior
1481 1514 1577 1545 faetus
1591 1515 1702 1551 essem;
1723 1527 1824 1549 tecum
1843 1523 1934 1550 etiam
1955 1520 2049 1552 effent
2068 1523 2163 1553 locuti
2177 1534 2183 1553 :

1219 1553 1397 1592 quibuscum
1409 1565 1438 1585 tu
1450 1555 1485 1586 de
1496 1557 1555 1587 hoc
1563 1558 1628 1597 ipso
1636 1559 1806 1600 colloquare
1816 1561 1910 1591 velim
1920 1581 1929 1595 ‚
1941 1563 1974 1593 &
1984 1563 2018 1592 ad
2030 1573 2079 1593 me
2088 1584 2097 1598 ‚
2109 1564 2183 1605 quid

1222 1594 1277 1624 tibi
1296 1596 1528 1635 responderint,
1549 1599 1656 1630 scribas
1678 1611 1683 1629 ε
1707 1611 1772 1631 non
1791 1601 1874 1643 quod
1893 1603 1929 1633 ab
1946 1602 2003 1634 isto
2024 1605 2099 1635 salus
2118 1606 2184 1637 data

1219 1636 1383 1678 quidquam
1396 1639 1532 1670 habitura
1540 1639 1574 1670 fit
1584 1639 1782 1672 firmitudinis
1794 1655 1799 1672 1
1818 1644 1863 1674 sed
1877 1654 1976 1675 tamen
1986 1646 2098 1687 aliquid
2107 1657 2182 1678 con-

1219 1679 1456 1719 suli&prospici
1467 1684 1585 1721 poterit.
1608 1682 1660 1713 ersi
1680 1687 1823 1716 omnium
1840 1686 2036 1726 conspe&um
2058 1690 2180 1724 horreo,

1218 1721 1381 1760 praesertim
1398 1723 1457 1753 hoc
1474 1733 1603 1763 gener03
1623 1734 1724 1756 tamen
1735 1746 1743 1760 ‚
1765 1729 1797 1757 in
1813 1730 1900 1758 tantis
1915 1730 2000 1759 malis
2015 1730 2087 1770 quid
2098 1731 2180 1763 aliud

1216 1762 1312 1792 velim
1324 1783 1332 1797 ‚
1356 1773 1419 1794 non
1433 1768 1560 1805 reperio.
1584 1769 1717 1808 Qiintus
1736 1771 1850 1810 pergit,
1875 1778 1908 1800 ut
1924 1771 1959 1801 ad
1977 1781 2026 1801 me
2045 1772 2179 1805 &Pansa

1214 1803 1342 1844 scripsit,
1364 1805 1398 1835 &
1410 1809 1528 1836 Hirtius
1542 1818 1547 1836 z
1564 1808 1647 1848 isque
1656 1810 1730 1839 item
1742 1810 1871 1841 Africam
1883 1821 1980 1851 petere
1989 1823 2060 1844 cum
2075 1817 2180 1846 ceteris

1213 1844 1332 1876 dicitur.
1357 1847 1442 1878 ¹0Ad
1454 1850 1628 1879 Minucium
1639 1852 1801 1890 pariantem
1815 1853 1939 1883 scribam
1953 1873 1963 1886 ‚
1982 1863 2044 1885 tuas
2062 1856 2176 1887 litteras

1214 1889 1345 1917 mittam.
1369 1889 1403 1919 ad
1424 1899 1452 1919 te
1474 1889 1619 1924 scribam,
1640 1894 1790 1933 numquid
1808 1897 1909 1934 egerit.
1943 1905 1997 1925 ii-:3
2015 1906 2092 1927 xxx.
2118 1907 2176 1938 po-

1213 1927 1297 1958 tuisse
1318 1931 1459 1964 mirarer,
1480 1930 1534 1960 nisi
1549 1933 1644 1963 multa
1658 1933 1695 1963 de
1715 1938 1739 1953 ¹¹
1763 1935 1926 1966 Fufidianis
1948 1939 2073 1976 praediis.
2099 1939 2175 1971 &id

1213 1970 1303 2000 video
1314 1979 1425 2002 tamen.
1448 1975 1496 2002 Te
1509 1972 1665 2013 exspes-Ito:
1686 1985 1777 2016 quem
1792 1977 1894 2008 videre
1905 1998 1913 2012 ,
1935 1982 1964 1998 ¹²
1975 1978 1994 2008 si
2006 1981 2069 2009 ullo
2080 1981 2175 2011 modo

1210 2021 1280 2051 pote
1292 2033 1300 2045 ‚
1315 2012 1357 2043 est
1367 2016 1450 2044 enim
1462 2023 1518 2048 res,
1530 2017 1704 2055 pervellem.
1725 2018 1788 2057 jam
1801 2028 1973 2050 extremum
1985 2022 2170 2052 concluditur.

1211 2057 1240 2081 ¹3
1249 2053 1294 2084 ibi
1303 2053 1388 2085 facile
1398 2055 1440 2086 est
1448 2056 1520 2097 quid
1533 2068 1542 2090 3
1557 2059 1644 2098 quale
1654 2057 1687 2089 fit
1697 2080 1704 2092 ‚
1715 2062 1833 2101 gravius
1843 2062 2025 2094 existimare.
2043 2065 2127 2094 Vale.

1438 2108 1631 2137 CICERO
1658 2111 1883 2144 ATTICO,
1907 2115 1938 2142 S.

1302 2157 1449 2186 UoNiAM
1460 2155 1551 2196 justas
1562 2158 1659 2189 causas
1668 2157 1767 2193 affers,
1784 2164 1813 2187 ¹4
1823 2160 1905 2201 quod
1923 2171 1950 2192 te
1965 2163 2022 2192 hoc
2037 2171 2173 2203 tempore

1303 2197 1401 2227 videre
1412 2208 1475 2229 non
1487 2197 1591 2239 poffim
1607 2211 1612 2229 :
1628 2202 1727 2241 quaeso
1740 2222 1747 2235 ‚
1761 2204 1835 2243 quid
1845 2201 1878 2233 fit
1888 2205 1966 2234 inihi
1980 2204 2167 2235 faciendum.

1208 2238 1260 2268 ille
1274 2240 1358 2268 enim
1370 2241 1409 2270 ita
1422 2240 1540 2271 videtur
1550 2242 1763 2274 Alexandriam
1776 2254 1876 2275 tenere
1890 2265 1898 2279 ,
1920 2255 1951 2276 ut
1962 2256 2032 2276 cum
2046 2247 2171 2277 scribere

1207 2281 1298 2311 etiarn
1307 2280 1416 2321 pudeat
1430 2281 1466 2312 de
1479 2283 1541 2313 illis
1554 2283 1653 2315 rebus.
1676 2287 1698 2316 ii
1709 2295 1809 2316 autem
1821 2296 1858 2317 ex
1869 2286 2036 2328 Africajam
2049 2286 2170 2319 affuturi

2059 2330 2169 2360 viden—

242 2425 266 2443 ι.
286 2417 352 2448 Qud
368 2426 400 2442 me
419 2417 487 2444 audis
502 2417 639 2450 frali'iorem
657 2417 698 2451 effe
717 2417 819 2451 animm]
841 2417 990 2453 Castigavit
1008 2419 1047 2445 ita
1065 2418 1159 2446 Vitto-

206 2452 260 2478 rius
273 2472 281 2485 ,
299 2453 434 2479 contrario
445 2454 514 2481 enini
524 2453 629 2489 penitus
640 2452 714 2480 sensu
732 2461 792 2480 :uite
803 2453 940 2490 legebatur
953 2474 961 2487 ,
981 2457 1111 2482 erectiorem
1122 2456 1162 2490 effi.-
1173 2454 1175 2457 ⁴

204 2497 292 2515 animo.

240 2533 269 2550 2.
288 2526 415 2550 cntionem
426 2526 550 2558 simplicem
561 2525 659 2559 smffe]
680 2525 808 2552 Veterum
827 2525 947 2554 codicum
970 2526 1159 2554 auftoritatem

203 2558 304 2587 secutus
316 2560 363 2585 hoc
379 2559 491 2596 rsspofito
503 2579 511 2592 ,
529 2560 703 2596 illudabjecit
711 2561 847 2589 ViEtorius
859 2582 867 2595 ‚
887 2564 942 2589 duco
959 2566 1021 2589 enim
1039 2566 1162 2590 Curionem

195 2597 406 2631 Jmffifimplicem.
1057 2607 1059 2609 ·

238 2640 264 2667 3.
284 2631 476 2666 alexandrea]
497 2632 602 2658 Primus
611 2633 729 2659 Fa'e'rnus
748 2632 845 2669 ubique
855 2634 881 2660 in
895 2633 933 2660 his
944 2634 1059 2670 epistolis
1073 2655 1081 2667 ,
1100 2638 1158 2662 Ale-

200 2669 335 2694 :caminam
347 2687 355 2699 ‚
375 2677 420 2702 per
430 2678 440 2693 e
453 2687 460 2700 ‚
480 2667 578 2704 scriplit
596 2677 629 2694 ex
651 2668 697 2694 ius.
717 2668 779 2694 libri
802 2670 945 2696 collatione
958 2689 966 2702 ,
987 2671 1028 2697 ciii
1047 2672 1153 2706 quidem

200 2703 377 2730 emendationi
390 2703 550 2740 suffragatur
562 2703 656 2730 veteris
676 2703 776 2730 denarii
788 2705 933 2731 au6toritas
945 2707 989 2741 qui
1002 2706 1034 2732 ab
1046 2708 1157 2734 AEmilia

199 2739 363 2775 Lepidorum
376 2739 476 2766 familia
489 2739 563 2766 cusiis
578 2740 613 2767 est
625 2759 632 2771 ‚
644 2749 703 2766 cum
715 2739 884 2775 inscriptione
896 2761 905 2774 ,
923 2743 1076 2769 Alexandrea
1087 2762 1095 2776 ,
1107 2743 1156 2770 {irc

199 2782 230 2806 ut
241 2776 275 2803 est
287 2777 311 2803 in
323 2776 393 2807 aliis,
403 2778 567 2810 Alexsandrea
581 2787 586 2800 r
604 2776 678 2811 vulg.
690 2777 851 2803 Alexandria.

233 2819 261 2845 4.
281 2813 438 2846 Fufidmnis.]
462 2812 541 2847 'vulg
562 2812 703 2845 Fufidianis.

236 2856 263 2880 5.
282 2851 361 2883 Neque
371 2856 421 2874 tam
431 2850 488 2874 mihi
503 2849 650 2882 desperatum
658 2851 691 2874 iri
700 2848 873 2883 videbantur]
896 2849 962 2875 Haec
970 2850 1006 2877 est
1025 2849 1154 2886 scriptura

197 2880 337 2911 Decurtati
349 2904 358 2915 ,
378 2885 495 2910 'forneus
507 2885 534 2910 &
546 2883 701 2910 Crusclliui.
722 2885 887 2911 Cavalcantis
900 2885 966 2912 liber
986 2885 1094 2921 stripttis
1107 2887 1151 2913 ha-

197 2916 254 2949 bet,
264 2929 336 2953 mque
344 2928 422 2946 ramim
432 2921 580 2954 desperatum*
589 2925 624 2945 ira
633 2920 781 2946 videbantur
792 2932 798 2946 :
817 2921 944 2948 Ulmldllll
957 2931 964 2951 5
987 2926 1065 2956 Neque
1077 2930 1154 2948 tamen

197 2953 342 2987 desperatur)
359 2958 416 2981 mihi
432 2957 587 2982 videbamur.
610 2956 685 2982 Ferri
699 2966 707 2987 3
728 2960 806 2991 Neque
817 2958 935 2991 desperare
953 2960 1011 2983 mihi
1033 2959 1152 2984 weinhari-

195 2995 258 3020 tur;
281 2991 321 3016 Ex
332 2991 425 3026 quibus
437 2991 558 3018 omnibus
578 2991 719 3027 legendum
732 3001 807 3028 putat
820 2994 955 3021 Manutius
967 3013 975 3023 ,
994 3004 1065 3027 mque
1074 3002 1152 3019 tamen

194 3026 340 3058 desperatum
348 3029 381 3052 iri
390 3029 448 3053 mihi
455 3028 608 3055 «videbamur.
628 3029 708 3065 vulgo
723 3048 732 3061 ‚
750 3039 822 3064 neque
831 3037 880 3055 ram
891 3032 947 3055 mihi
958 3030 1103 3063 desp-tramis
1111 3033 1152 3055 vi-

194 3061 316 3087 debamrar.

231 3097 260 3123 6.
280 3098 309 3122 Id
315 3098 566 3132 quemadmodumfiat‚
576 3106 603 3124 ru
612 3099 728 3134 videbis]
746 3101 811 3127 Haec
821 3100 972 3128 emendatio
982 3101 1093 3128 debetur
1104 3103 1151 3128 Vi-

193 3131 283 3160 &orio
294 3151 302 3163 ‚
313 3140 390 3160 antea
401 3133 548 3168 legebatur,
559 3135 587 3160 iis
597 3136 786 3169 quemadmodum
789 3140 856 3171 flam
867 3139 966 3163 videbis.

228 3176 256 3204 7.
273 3171 300 3196 Si
308 3170 367 3205 quid
376 3172 421 3195 crit
431 3171 490 3204 quod
497 3170 531 3197 ad
537 3171 745 3206 quosfiribendum
753 3182 800 3200 meo
808 3175 998 3210 nominesutts]
1018 3173 1059 3201 Ad
1066 3183 1125 3210 quen
1135 3188 1147 3200 s

1202 2429 1285 2455 quam,
1296 2420 1373 2447 habet
1386 2428 1459 2448 vetus
1471 2419 1539 2448 liber
1548 2421 1651 2453 Ursini,
1662 2430 1720 2457 pro,
1733 2422 1840 2457 adqrm.

1244 2456 1272 2483 8.
1291 2460 1350 2482 Cum
1359 2458 1544 2492 communibus]
1565 2458 1646 2493 Vulg.
1657 2464 1706 2482 tum
1716 2460 1884 2484 commzmibm.

1240 2501 1268 2528 9.
1290 2496 1345 2518 Item
1356 2497 1431 2528 quiin
1440 2495 1536 2528 vista]
1557 2495 1639 2520 Vetus
1650 2493 1716 2519 liber
1729 2494 1981 2525 Urii1iih22bet,item
1991 2494 2083 2527 Afiani.

1244 2537 1285 2554 ιο.
1308 2531 1347 2555 ΑΛ
1356 2530 1657 2563 Miautiumsariantem]
1679 2529 1796 2555 Toriiaes.
1807 2530 1832 2554 S(
1846 2529 1960 2555 Crusell.
1974 2530 2165 2562 labentparm-

1204 2571 1249 2590 tem
1260 2584 1268 2597 ‚
1282 2566 1587 2598 Det-urtatusparantcm.
1609 2565 1676 2591 unde
1687 2565 1733 2591 ille
1746 2565 1808 2591 fecit
1824 2569 1960 2598 furiantem
1972 2585 1980 2597 ,
1993 2566 2165 2602 improb-‚inte

1197 2602 1285 2635 Juiiio
1296 2602 1340 2636 qui
1355 2602 1486 2637 vulgatam
1498 2611 1555 2628 ciiiii
1569 2602 1624 2628 niff.
1639 2601 1722 2627 Palait.
1735 2608 1841 2626 rttiuet.

1244 2646 1285 2663 ii.
1305 2639 1464 2672 Fufidianis]
1485 2639 1592 2673 Semper
1611 2638 1638 2664 in
1659 2637 1730 2672 iulg.
1744 2637 1876 2670 Rcstdianis
1894 2644 1923 2662 iit
1935 2636 1962 2662 8<
1983 2638 2064 2671 Flaesim
2076 2656 2083 2670 ‚
2101 2647 2164 2674 pro,

1205 2675 1296 2706 Fufius,

1244 2718 1285 2734 12.
1304 2712 1330 2734 Si
1338 2711 1381 2734 ulis
1390 2709 1451 2735 modo
1463 2716 1515 2742 pote
1532 2711 1640 2735 'essem'm
1651 2716 1696 2733 rrs‘
1715 2708 1862 2743 pervellem]
1885 2710 1924 2734 lta
1935 2707 2024 2735 Belius
2044 2717 2077 2735 ex
2089 2710 2161 2736 Tol*-

1204 2743 1261 2770 naes.
1276 2746 1386 2771 Decurt.
1398 2746 1423 2770 8<
1437 2745 1550 2772 Crnsell.
1566 2743 1720 2770 habentibus
1733 2764 1739 2774 ,
1753 2746 1776 2777 s.-
1785 2746 1827 2769 ullo
1837 2745 1979 2777 modosotcff
1987 2748 2048 2770 enim
2058 2754 2095 2771 res
2102 2753 2159 2778 per-

1200 2782 1295 2806 vellem.
1317 2790 1395 2817 quein
1408 2781 1494 2807 locuni
1513 2788 1667 2816 corruptum
1678 2780 1783 2815 quide-iu
1796 2780 1846 2806 effe
1859 2780 1925 2807 xidit
1939 2781 2073 2807 Victorius
2087 2800 2094 2813 ,
2114 2781 2158 2808 led

1202 2815 1301 2842 mederi
1313 2827 1363 2843 uon
1376 2817 1472 2851 potuit.
1495 2816 1567 2851 vulg.
1581 2817 1723 2850 fiul'lommlo
1738 2823 1800 2849 potes
1811 2819 1894 2842 venire
1907 2819 2040 2849 penem-m.
2058 2818 2159 2852 Juiiius

1199 2861 1232 2878 ex
1245 2852 1302 2879 iuss'.
1314 2853 1396 2879 Palu.
1409 2861 1495 2879 totum
1507 2853 1575 2879 liunc
1587 2856 1672 2878 iocum
1689 2852 1721 2879 sic
1732 2852 1782 2878 sese
1802 2853 1890 2888 legere
1901 2854 1926 2878 S<
1937 2853 2098 2888 distinguere
2109 2854 2160 2881 ait.

1200 2891 1232 2913 Et
1242 2889 1342 2914 izi-video
1371 2891 1456 2914 Tamm
1466 2897 1487 2914 te
1497 2892 1558 2922 exsp.
1579 2900 1593 2922 q
1608 2890 1633 2922 s.
1644 2899 1670 2914 u.
1681 2898 1712 2914 m.
1727 2890 1890 2921 (pat'effenim
1899 2898 1935 2915 res
1954 2891 2088 2922 per-vetlem.
2108 2889 2156 2916 nist

1199 2923 1268 2959 quod
1282 2925 1306 2950 lli
1320 2935 1372 2951 uuo
1384 2924 1489 2958 iiistpoi‘l
1499 2945 1507 2956 ‚
1527 2925 1626 2960 legitur
1636 2934 1684 2961 pro
1696 2944 1704 2956 ,
1720 2927 1810 2958 puta-fh
1829 2924 1901 2961 quod
1912 2925 1938 2951 &
1950 2926 2088 2952 notavitin
2105 2925 2158 2953 suis

1200 2959 1345 2988 melorius.

1239 3005 1278 3031 13*
1300 2999 1335 3022 lh)
1346 2998 1415 3027 Cicile
1433 2997 1534 3029 chqm'd
1544 3016 1550 3027 ,
1571 2997 1674 3031 qualefit
1687 3017 1693 3027 ,
1708 2999 1813 3030 gra’rim
1821 2997 1979 3031 existimare]
2003 2997 2042 3023 Ex
2056 2998 2156 3024 veteri·

1199 3030 1246 3057 biis
1267 3032 1316 3058 fiiis
1335 3033 1371 3058 ix„
1383 3032 1465 3058 edidit
1477 3033 1577 3058 ssoiius.
1600 3033 1854 3068 riilg.1'l·ifhtilce.‘?.
1874 3035 1933 3067 qnid
1948 3036 2018 3066 quale
2030 3035 2063 3066 stt
2075 3053 2082 3064 ‚
2101 3034 2158 3064 dvc.

1200 3067 1374 3102 Pantagathus
1386 3077 1471 3095 totum
1484 3068 1551 3094 huuc
1563 3068 1647 3094 locum
1663 3069 1699 3095 ita
1710 3068 1863 3096 restituebat
1875 3079 1883 3100 5
1905 3070 2154 3103 concl'uditui'ibi.jh-

1197 3105 1237 3128 tila*
1248 3107 1282 3129 cf?
1290 3105 1359 3137 quod,
1371 3106 1479 3138 qum-eſst
1485 3107 1600 3138 gravius,
1610 3107 1751 3138 existimare.

1238 3148 1278 3172 14.
1298 3141 1364 3172 Qud
1372 3148 1392 3165 re
1402 3142 1441 3166 hoc
1450 3148 1544 3173 tempore
1555 3141 1636 3167 videre
1644 3151 1688 3167 non
1695 3141 1795 3174 poffi'm]
1818 3139 1968 3169 Secundum
1978 3139 2152 3176 Urfinijudi-

1194 3175 1264 3204 cium
1275 3176 1370 3204 melius
1381 3176 1415 3205 cst
1426 3176 1453 3205 iu
1466 3184 1553 3205 vetere
1563 3176 1644 3211 libro,
1655 3186 1696 3204 cur
1705 3185 1727 3204 te
1735 3178 1828 3205 videre.
2133 3211 2155 3238 r

2098 3219 2122 3241 z.
2139 3220 2156 3251 ιι

2211 1019 2256 1051 ¹4

2194 2127 2235 2159 ¹5
