2295 3400
183 128 280 176 240
594 110 1103 161 M.Tux.1.11

186 201 258 223 eum
268 191 354 236 gesta:
366 191 515 226 simaeum
529 190 581 222 iste
590 188 762 222 civitatibus
771 187 962 218 frumentum
975 206 983 220 ‚
997 187 1088 219 coria,
1100 186 1143 215 ci-

184 235 254 265 licia
264 255 273 268 ‚
287 235 380 266 saccos
392 242 538 276 tmperaret
549 254 557 266 ‚
570 243 666 273 neque
676 231 837 272 eafumeret
845 241 856 256 .·
872 239 926 269 pro
938 229 984 258 his
995 227 1081 258 rebus
1092 237 1143 267 pe-

182 279 306 307 cuniam
326 278 467 317 exigeret)
488 277 532 305 liis
545 274 722 304 nominibus
740 273 824 305 solis,
850 269 1078 301 CnDolabellae
1091 278 1120 298 n·
1131 279 1143 298 s

182 318 219 348 ad
239 321 337 348 tricies
357 318 440 347 litem
452 315 509 347 ess'e
519 316 705 347 aestimatam.
729 317 803 356 Quae
813 315 918 343 omnia
929 333 936 346 ,
959 314 1049 342 etiam
1059 309 1079 340 si
1089 320 1144 340 vo-

184 359 299 390 luntate
311 359 477 389 Dolabellae
486 357 604 391 fiebant,
618 368 669 398 per
677 356 766 387 istum
778 365 878 386 tamen
887 356 992 384 omnia
1001 353 1145 394 gereban-

183 409 240 431 tur.
266 400 428 431 Consistam
439 402 471 430 in
484 410 545 430 uno
556 401 692 430 nomine.
711 399 805 428 multa
815 399 899 427 enim
911 396 977 426 sunt
987 406 1025 425 ex
1034 394 1143 424 eodem

187 453 305 483 genere.
342 444 454 472 Recita.
495 444 526 470 D
538 444 562 471 Ε
591 444 616 471 L
627 442 767 470 ITIBU
779 440 799 469 S
830 438 1058 468 eAESTlMA
1068 436 1144 466 TIS

190 485 635 514 ¹CN D0LABELJAAE
657 486 724 512 PR.
756 482 992 511 PECUNltA
1022 479 1146 519 QPO-

184 527 315 555 PULO
339 530 406 556 Ro.
431 527 698 555 REDACTA.
722 524 867 563 <QUOD
888 524 926 551 „A
950 521 1146 550 COMMU—

184 570 219 596 N
228 570 245 596 Ι
264 568 360 598 MIL
372 570 434 597 YA
444 570 473 596 D
483 571 513 596 U
525 568 570 597 M.
595 570 641 597 Te
654 569 715 596 haec
726 563 851 606 coegisse
862 585 870 598 ‚
883 574 910 594 te
922 561 1075 593 aestimass'e
1087 582 1094 595 ‚
1108 563 1146 591 ti-

183 609 215 638 bi
226 612 387 649 pecuniam
408 618 593 639 numeratam
613 607 670 638 ess'e
689 608 756 638 dico
775 618 781 636 :
804 606 967 646 eademque
985 615 1016 634 vr
1028 624 1036 638 ,
1055 604 1087 633 ὃς
1099 605 1146 632 in-

180 654 260 691 juria
269 671 277 684 ‚
298 656 370 682 cum
381 654 521 691 pecunias
533 652 680 680 maximas
691 659 809 691 cogeres
820 669 827 682 ‚
850 658 901 688 per
911 649 1032 677 omneis
1040 647 1146 685 parteis

184 695 350 733 provincia:
368 702 396 723 te
408 713 416 727 ‚
436 703 576 734 tanquam
589 693 719 732 aliquam
739 690 934 729 cai'amitofizm
949 686 1144 730 tempestatem,

180 733 334 776 pestemque
343 734 494 775 pervasiss'e
510 734 697 765 demonstro.
719 736 821 774 Itaque
832 734 874 761 M.
886 734 1009 762 Scaurus
1026 731 1079 770 qui
1090 732 1144 758 Cn.

185 777 381 808 Dolabellam
392 777 537 807 accusavit
547 796 556 810 ,
568 775 660 807 istum
672 778 704 805 in
715 776 762 805 sua
771 773 924 814 potestate,
935 783 967 802 ac
976 772 1091 802 ditione
1104 780 1147 800 te-

186 820 265 849 nuit.
289 821 396 849 Homo
413 819 582 849 adolescens
603 817 675 848 curn
693 816 776 847 istius
795 819 828 846 in
847 813 1027 855 inquirendo
1052 813 1147 842 multa

186 859 265 891 furta
275 881 283 894 ,
303 871 334 891 ac
344 860 453 902 flagitia
461 861 652 901 cognosceret
664 880 672 892 ‚
696 858 767 889 fecit
782 858 875 898 perite
885 859 917 886 δῖ
928 855 1047 886 callide.
1060 855 1147 883 volu-

186 913 261 932 men
271 903 335 942 ejus
345 913 442 932 rerum
463 902 609 944 gestarum
622 903 791 930 maximum
812 898 859 928 isti
872 897 1019 927 ostendit:
1041 896 1077 925 ab
1091 897 1147 924 ho—

187 946 272 974 mine
282 955 348 985 quae
357 945 454 974 voluit
464 964 472 978 ‚
498 946 531 974 in
543 943 733 973 Dolabellam
753 940 872 971 abstulit
886 951 891 968 :
914 943 927 958 ²
941 938 1031 968 istum
1042 936 1147 967 testem

188 986 334 1026 produxit
346 998 350 1015 :
369 987 446 1015 dixit
456 984 502 1022 iste
513 1007 520 1019 ‚
532 996 590 1026 qux
601 985 667 1013 velle
677 981 987 1024 accufiztoremputavit
999 991 1008 1006 .·
1029 982 1097 1019 Qo
1109 988 1147 1008 ex

186 1038 294 1069 genere
305 1030 382 1058 mihi
393 1027 512 1058 testium
524 1047 532 1060 ‚
544 1029 596 1067 qui
607 1036 677 1056 cum
687 1025 744 1055 isto
755 1024 843 1054 furati
854 1026 920 1054 sunt
930 1043 938 1056 ,
950 1021 970 1051 sl
982 1023 1024 1051 uti
1034 1020 1148 1050 voluis-

187 1071 252 1100 sem
264 1090 272 1103 ‚
292 1080 398 1111 magna
408 1071 492 1109 copia
501 1067 602 1099 fuifl'et
617 1079 622 1097 :
643 1069 695 1108 qui
707 1076 740 1097 ut
748 1067 776 1097 se
788 1066 921 1106 periculo
932 1066 1030 1094 litium
1044 1083 1051 1096 ‚
1074 1072 1148 1092 con-

183 1111 346 1152 jundffione
365 1113 532 1141 criminum
551 1110 709 1140 liberarent
723 1129 730 1143 ‚
757 1112 768 1136 3
789 1106 850 1149 quo
873 1117 927 1147 ego
946 1106 1057 1136 vellem
1069 1124 1077 1138 ‚
1096 1104 1149 1133 de-

188 1153 342 1184 scensuros
359 1153 585 1193 pollicebantur.
610 1155 724 1181 Eorum
738 1161 792 1191 ego
805 1150 991 1179 voluntatem
1004 1148 1147 1177 omnium

189 1195 355 1235 repudiavi.
380 1197 443 1224 ΝΟ
453 1197 484 1223 Ν
506 1195 575 1224 ΜΟ
585 1196 615 1222 D
625 1196 648 1221 O
671 1195 727 1222 PR
738 1195 761 1220 O
772 1193 890 1221 DITO
900 1194 924 1219 R
936 1193 960 1223 l,
979 1189 1026 1219 sed
1037 1199 1072 1218 ne
1083 1188 1161 1227 pets

188 1236 266 1278 fugae
287 1236 412 1277 quidem
432 1237 516 1266 locus
534 1238 566 1266 in
577 1237 654 1265 meis
665 1234 764 1265 castris
783 1236 922 1273 cuiquam
934 1231 1000 1261 fuit.
1020 1230 1150 1260 Forsitan

190 1279 333 1308 meliores
343 1279 389 1308 illi
405 1279 586 1308 accusatores
596 1276 726 1307 habendi
736 1277 812 1309 sunt,
823 1285 875 1315 qui
885 1275 946 1303 haec
957 1274 1061 1302 omnia
1070 1271 1149 1301 fece-

190 1329 262 1350 runt
282 1331 287 1349 1
307 1320 355 1350 sed
375 1330 430 1361 ego
441 1319 627 1350 defensorem
639 1321 672 1348 in
682 1328 750 1348 mea
759 1318 883 1357 persona
894 1335 902 1349 ‚
927 1325 991 1344 non
1002 1314 1150 1344 accusato—

190 1372 257 1392 rem
267 1382 275 1396 ‚
296 1362 432 1392 maxims:
452 1361 562 1391 laudari
574 1361 658 1390 volo.
683 1362 827 1390 Rationes
837 1358 872 1388 ad
889 1359 1025 1387 aerarium
1039 1376 1046 1389 ,
1068 1364 1150 1385 ante-

189 1413 282 1444 quam
295 1403 454 1433 Dolabella
464 1403 682 1433 condemnatus
692 1400 734 1431 est
745 1422 753 1435 ,
774 1412 825 1430 non
834 1399 917 1429 audet
928 1397 1031 1437 referre.
1052 1399 1148 1436 impe-

193 1455 249 1476 trat
262 1445 277 1475 a
288 1446 388 1476 senatu
400 1465 408 1479 ,
430 1454 462 1474 ut
471 1445 534 1475 dies
554 1443 607 1473 fibi
618 1452 822 1484 prorogaretur
834 1463 842 1475 ,
863 1440 946 1482 quod
967 1440 1077 1470 tabulas
1088 1439 1150 1468 suas

190 1487 228 1518 ab
237 1487 453 1518 accusatoribus
464 1486 632 1516 Dolabellae
642 1485 804 1526 obsignatas
815 1484 933 1514 diceret:
943 1481 1069 1522 proinde
1079 1490 1151 1521 qua—

193 1528 213 1559 sl
224 1529 412 1560 exscribendi
429 1528 605 1569 potestatem·
624 1538 688 1557 non
699 1527 827 1557 haberet.
850 1525 937 1556 Solus
956 1523 998 1553 est
1009 1524 1058 1552 hic
1068 1543 1076 1555 ‚
1098 1523 1149 1562 qui

130 1581 173 1615 39
194 1581 364 1612 numquam
375 1573 503 1601 rationes
513 1570 550 1598 ad
558 1580 685 1599 ararium
695 1568 806 1599 referat.
818 1565 950 1597 Audistis
960 1564 1148 1608 quaestoriam

193 1622 342 1644 rationem
354 1613 446 1642 tribus
458 1611 607 1642 versiculis
616 1612 747 1641 relatam:
758 1611 915 1651 legationis
926 1618 1000 1641 non,
1012 1608 1066 1636 nili
1077 1616 1151 1635 con-

192 1655 337 1686 demnato
349 1655 381 1684 &
391 1654 487 1695 eje5to
497 1664 533 1684 eo
543 1674 551 1687 ‚
564 1655 614 1694 qui
625 1652 719 1693 pofl'et
728 1650 941 1692 reprehendere
954 1660 958 1678 :
971 1659 1053 1678 nunc
1063 1648 1150 1677 deni-

192 1707 251 1738 que
262 1706 394 1738 praeturae
405 1716 413 1730 ,
433 1706 523 1737 quarn
534 1706 571 1725 ex
590 1698 657 1725 S.C.
670 1694 768 1724 statim
787 1693 894 1723 referre
913 1691 1034 1723 debuit,
1058 1690 1149 1730 usque

191 1739 230 1769 ad
240 1739 298 1769 hoc
310 1748 427 1778 tempus
437 1748 500 1767 non
510 1737 620 1767 retulit.
631 1741 648 1763 4
658 1735 843 1777 Qaestorem
854 1735 881 1765 se
893 1736 924 1763 in
936 1734 1036 1763 senatu
1046 1733 1150 1771 exspe-

192 1780 272 1811 Ftare
282 1780 375 1810 dixit:
388 1779 511 1820 perinde
519 1777 597 1820 quasi
607 1788 670 1808 non
681 1799 689 1812 ,
703 1787 735 1808 ut
765 1776 871 1808 uaestor
881 1775 940 1805 sine
950 1784 1072 1815 praetore
1082 1773 1151 1813 pos-

191 1823 234 1853 set
244 1825 391 1852 rationem
404 1821 511 1851 referre
522 1826 565 1859 (ut
575 1830 606 1850 tu
618 1789 777 1853 Hortensi,
790 1828 822 1848 ut
832 1820 952 1855 omnes)
963 1816 1071 1846 eodem
1084 1825 1150 1844 mo-

190 1865 231 1894 do
252 1863 310 1893 sine
321 1863 463 1904 quaestore
482 1872 599 1903 praetor.
620 1864 710 1892 Dixit
720 1882 728 1896 ,
750 1861 833 1891 idem
844 1859 1033 1890 Dolabellam
1053 1860 1152 1897 impe-

191 1905 276 1936 trasse
287 1909 373 1934 Omen
383 1907 476 1945 magis
487 1904 616 1944 patribus
626 1904 800 1943 conscriptis
811 1923 819 1937 ‚
838 1901 927 1943 quam
939 1901 1023 1939 causa
1033 1901 1150 1939 placuit.

191 1948 405 1988 probaverunt.
430 1945 544 1976 Verum
563 1945 721 1987 quaestores
732 1955 852 1986 quoque
869 1943 1049 1983 jampridem
1061 1951 1151 1971 vene-

194 1998 274 2020 runt.
298 2000 350 2019 cur
361 1999 424 2018 non
434 1988 560 2018 retulisti
572 1992 582 2017 ?
602 1988 723 2018 illarum
740 1989 891 2016 rationum
902 1995 939 2014 ex
950 1994 982 2013 ea
991 1983 1062 2013 faece
1073 1984 1152 2024 lega-

193 2033 287 2062 tionis
299 2051 307 2065 ,
327 2030 552 2071 quaestoriaeque
562 2038 620 2059 tuae
637 2030 855 2069 procurationis
874 2027 925 2056 illa
937 2027 1003 2056 sunt
1013 2028 1150 2058 nomina,

193 2077 209 2102 5
219 2083 285 2114 quae
303 2073 470 2103 Dolabellae
493 2070 655 2102 necessario
676 2072 744 2101 sunt
763 2069 912 2100 aestimata.
945 2071 993 2100 Ex
1017 2077 1151 2098 Lirinus

195 2124 393 2146 AESTIMATIS
425 2123 635 2143 DOLABELLAE
665 2123 716 2141 PR.
741 2122 781 2141 m-
803 2121 918 2141 PROPR.
951 2108 1032 2150 quod
1052 2110 1154 2138 minus

194 2157 355 2188 Dolabella
365 2158 450 2185 Verri
461 2164 614 2195 acceptum
626 2155 727 2184 retulit
738 2174 745 2187 ‚
767 2153 856 2193 quarn
869 2155 972 2181 Verres
982 2151 1028 2180 illi
1038 2160 1152 2190 expen-

196 2200 264 2230 sum
284 2198 384 2228 tulerit
394 2218 402 2231 ‚
424 2207 478 2227 H-s
496 2199 658 2238 quingenta
676 2215 684 2228 ,
708 2192 1079 2236 trigintaquinque·millia
1090 2211 1098 2225 ‚
1120 2192 1153 2221 &

196 2239 280 2281 quod
298 2240 365 2279 plus
382 2238 452 2269 fecit
462 2238 619 2268 Dolabella
628 2241 751 2267 Verrem
768 2233 908 2275 accepifl'e
919 2254 926 2267 ‚
947 2235 1037 2274 quam
1057 2232 1109 2263 iste
1120 2235 1154 2262 in

197 2284 259 2313 suis
270 2281 376 2312 tabulis
386 2281 500 2314 habuit,
512 2290 566 2310 11-s
575 2280 701 2310 ducenta
709 2280 828 2318 triginta
838 2277 898 2306 duo
910 2276 1015 2306 millia:
1028 2275 1060 2305 &
1071 2273 1152 2315 quod

197 2324 267 2365 plus
279 2322 427 2354 frumenti
436 2322 506 2352 fecit
515 2320 656 2361 accepisse
668 2320 771 2353 istum,
783 2329 836 2348 H-s
846 2318 943 2348 decies
954 2318 987 2347 &
997 2316 1156 2357 otilingen-

200 2374 229 2397 ta
240 2365 352 2395 millia:
375 2362 391 2384 ⁶
401 2362 483 2405 quod
492 2372 523 2393 tu
533 2365 629 2393 horno
640 2360 814 2392 castiffimus
825 2380 833 2394 ,
853 2359 935 2390 aliud
946 2361 977 2388 in
988 2359 1095 2388 tabulis
1104 2359 1156 2387 ha-

198 2407 301 2439 bebas.
314 2408 395 2436 Hinc
406 2406 465 2436 illae
475 2405 714 2436 extraordinariae
723 2405 856 2443 pecuniae
866 2421 874 2435 ‚
891 2411 962 2441 quas
972 2400 1058 2431 nullo
1069 2399 1153 2432 duce,

199 2458 302 2480 tamen
309 2450 406 2489 aliqua
415 2457 453 2477 ex
463 2447 606 2487 particula
613 2445 828 2485 investigamus
837 2464 845 2478 ‚
857 2442 1074 2473 redundarunt:
1086 2443 1158 2470 hinc

198 2493 276 2522 ratio
291 2501 361 2521 cum
381 2489 463 2530 Q&
473 2492 526 2519 Cn.
540 2487 704 2519 Postumiis
713 2507 721 2520 ‚
743 2488 851 2516 Curtiis
866 2506 874 2519 ,
895 2485 1001 2515 multis
1019 2485 1157 2514 nomini-

199 2533 398 2573 buszquorum
409 2534 441 2561 in
450 2531 558 2561 tabulis
569 2529 622 2560 iste
633 2529 719 2559 habet
730 2528 934 2559 nullumzhinc
945 2536 995 2556 ihs
1007 2523 1161 2566 quaterde-

198 2576 261 2605 cics
282 2577 314 2604 P.
327 2573 424 2603 Tadio
435 2581 588 2602 numerata
598 2573 739 2604 Athenis,
761 2569 883 2600 testibus
899 2568 1025 2608 planum
1042 2566 1157 2597 faciam:

199 2617 273 2647 hinc
283 2623 358 2645 emta
376 2614 541 2656 apertiffime
555 2622 675 2655 praetura
690 2619 702 2640 ’.·
724 2610 869 2642 nisiforte
879 2610 911 2641 id
931 2611 1021 2640 etiam
1031 2608 1157 2645 dubium

1181 105 1712 155 Cxcnuouts

1191 186 1233 217 est
1244 207 1253 220 ‚
1273 186 1430 229 quomodo
1443 185 1496 217 iste
1506 195 1612 227 praetor
1621 185 1716 217 faetus
1729 183 1771 217 sit.
1792 186 1900 216 Homo
1918 183 2029 217 scilicet
2042 193 2091 217 aut
2100 184 2150 218 ini·

1193 227 1304 259 dustria
1313 249 1322 263 ,
1342 238 1393 259 aut
1410 239 1499 269 opera
1516 229 1637 269 probata
1647 249 1655 262 ‚
1675 237 1725 258 aut
1735 227 1760 258 fr
1802 229 1909 258 alitatis
1926 227 2149 258 existimatione

1193 271 1327 310 praeclara
1338 292 1346 305 ‚
1365 280 1413 301 aut
1422 271 1549 311 denique
1560 291 1568 304 ,
1582 270 1611 300 id
1622 269 1702 311 quod
1715 239 1895 300 levilffimum
1906 268 1948 299 est
1958 289 1966 303 ‚
1978 268 2149 299 affiduitate:

1194 315 1245 353 qui
1262 322 1330 343 ante
1339 312 1516 354 quaesturam
1533 323 1603 342 cum
1624 312 1830 341 meretricibus
1841 332 1848 344 ‚
1868 311 2087 351 lenonibusque
2103 312 2152 340 vi-

1194 353 1283 385 xiss'et
1294 365 1300 384 ι
1311 354 1485 396 quaesturam
1498 356 1536 384 ita
1544 352 1678 395 gestisset,
1689 353 1948 394 quemadmodum
1958 350 2153 393 cognovistis:

1196 399 1303 426 Romae
1316 396 1381 436 post
1390 395 1565 437 quaesturam
1577 396 1660 425 illam
1672 393 1814 424 nefariam
1826 397 1879 424 vix
1896 394 2030 425 triduum
2040 392 2152 424 consti-

1195 437 1273 468 tisset
1286 439 1406 468 :absens
1417 448 1481 467 non
1493 440 1525 467 in
1535 437 1692 467 oblivione
1700 435 1896 476 jacuiss'et‚sed
1909 439 1939 466 in
1950 434 2058 466 affidua
2066 444 2154 466 com-

1197 482 1418 510 memoratione
1429 479 1573 509 omnibus
1584 480 1725 509 omnium
1738 477 1919 518 flagitiorum
1930 476 2031 508 fuisset
2045 488 2050 506 ;
2071 479 2096 507 is
2106 486 2154 507 re-

1195 522 1284 562 pente
1295 542 1302 555 ‚
1317 531 1348 551 ut
1358 524 1491 551 Romam
1501 522 1602 553 venit,
1611 521 1702 560 gratu
1709 519 1905 560 praerorfasbus
1915 519 1966 549 essi.
1990 520 2057 549 Alia
2064 516 2155 559 porto

1195 566 1320 603 pecunia
1330 584 1338 597 ‚
1350 574 1381 592 ne
1391 563 1568 602 accusaretur
1577 582 1585 596 ,
1598 562 1672 592 data-
1697 563 1752 592 Cui
1764 560 1796 591 sit
1806 562 1880 595 data,
1895 562 1971 592 nihil
1982 561 2015 591 ad
2028 571 2076 591 me
2085 579 2093 593 ‚
2105 561 2156 590 ni-

1198 606 1239 634 hil
1250 606 1285 635 ad
1295 616 1359 635 rem
1369 607 1516 645 pertinere
1526 604 1651 634 arbitror
1663 614 1668 632 t
1688 603 1785 633 datam
1796 604 1920 644 quidem
1929 602 1987 633 ess‘e
1998 612 2064 633 tum
2074 605 2154 632 inter

1197 649 1318 677 omneis
1328 649 1439 677 recenti
1449 648 1570 687 negotio
1579 644 1665 675 facile
1676 644 1835 675 constabat.
1857 648 1963 675 Homo
1974 643 2152 677 stultissime,

1197 689 1230 719 &
1239 687 1437 719 amentiffime
1449 708 1457 721 ,
1479 688 1590 718 tabulas
1603 697 1673 717 cum
1692 684 1856 717 conficeres
1868 707 1875 720 ‚
1900 687 1932 717 &
1941 685 2012 717 cum
2023 694 2154 716 extraor-

1195 731 1317 761 dinariae
1334 732 1469 771 pecuniae
1487 739 1604 759 crimen
1616 728 1816 770 subterfugere
1825 729 1919 759 velles
1941 739 1946 757 :
1972 729 2037 758 satis
2057 737 2084 759 te
2094 727 2155 758 ela-

1195 774 1319 812 psurum
1339 774 1425 802 omni
1436 772 1602 811 suspicione
1613 771 1788 801 arbitrabare
1801 791 1809 805 ‚
1826 769 1845 800 fi
1857 791 1864 805 ‚
1877 770 1985 811 quibus
1994 771 2154 810 pecuniam

1196 814 1333 844 credebas
1344 834 1352 847 ,
1375 815 1405 842 iu
1416 813 1563 853 expensum
1580 824 1632 842 non
1641 813 1727 851 ferres
1738 833 1746 846 ,
1765 822 1861 854 neque
1872 815 1904 842 in
1915 822 1975 842 tuas
1987 812 2099 842 tabulas
2109 811 2159 841 ul-

1196 856 1261 885 lum
1282 866 1397 885 nomen
1414 855 1534 885 referres
1546 875 1554 888 ,
1573 865 1643 885 cum
1666 863 1710 884 tot
1729 854 1785 884 tibi
1805 854 1983 884 nominibus
2001 862 2156 893 acceptum

1197 899 1292 927 Curtii
1302 897 1443 927 referrent
1454 901 1462 925 ?
1474 897 1556 938 Qid
1567 896 1702 936 proderat
1712 896 1766 926 tibi
1777 916 1785 929 ,
1805 906 1833 926 te
1844 896 2008 936 expensum
2018 896 2080 925 illis
2090 905 2155 927 non

1198 937 1295 970 tulisse
1307 942 1317 969 ?
1332 942 1380 969 An
1392 939 1511 978 tuus‘olu
1522 938 1622 967 rabam
1632 947 1659 968 te
1669 938 1784 968 causam
1798 938 1950 968 disturum
1961 936 2154 968 existimasti?

1199 980 1314 1011 Verum
1324 981 1358 1011 ad
1368 981 1453 1011 illam
1462 982 1522 1020 jam
1532 983 1690 1010 veniamus
1700 980 1867 1020 praeclaram
1877 981 2154 1020 praeturam‚crimi-
2171 988 2219 1022 40

1199 1032 1296 1063 naque
1307 1033 1340 1053 ea
1350 1043 1357 1056 ,
1377 1033 1443 1063 quae
1453 1025 1572 1052 notiora
1582 1023 1649 1052 sunt
1658 1023 1704 1051 his
1712 1042 1720 1055 ‚
1746 1024 1798 1062 qui
1809 1022 1914 1052 adsunt
1923 1042 1930 1054 ‚
1951 1021 2040 1062 quam
2051 1020 2154 1055 nobis,

1198 1067 1250 1105 qui
1260 1064 1394 1094 meditati
1406 1064 1441 1094 ad
1463 1064 1627 1094 dicendum
1641 1083 1649 1096 ,
1668 1067 1816 1104 paratique
1827 1066 1982 1094 venimus:
2003 1065 2036 1092 in
2047 1062 2158 1104 quibus

1198 1116 1263 1136 non
1283 1106 1390 1136 dubito
1401 1126 1409 1139 ‚
1434 1108 1508 1146 quin
1518 1104 1718 1135 offensionem
1739 1106 1927 1146 negligentia:
1938 1106 2028 1134 vitare
2039 1124 2047 1138 ‚
2071 1113 2159 1145 atque

1197 1146 1325 1188 effugere
1345 1158 1410 1177 non
1429 1146 1550 1187 possim.
1575 1147 1667 1176 Multi
1687 1150 1773 1176 enim
1794 1149 1833 1176 ita
1854 1147 1953 1176 dicent
1973 1157 1978 1175 z
2002 1148 2055 1175 DE
2077 1148 2158 1177 fimo

1199 1199 1303 1219 NIHIL
1326 1199 1426 1219 Dixrr
1438 1209 1446 1222 ,
1474 1199 1511 1218 m
1535 1198 1598 1226 Qo
1621 1198 1684 1218 1-:oo
1710 1198 1871 1218 iri-renent
1888 1199 1893 1217 :
1916 1189 2000 1218 illam
2012 1189 2155 1228 injuriam

1199 1241 1263 1261 non
1273 1233 1369 1271 attigit
1378 1251 1386 1264 ‚
1398 1241 1463 1271 quae
1473 1231 1562 1263 mihi,
1574 1239 1623 1260 aut
1632 1240 1697 1270 quae
1705 1232 1803 1260 amico
1814 1240 1884 1260 meo
1893 1229 1969 1260 faEia
1977 1229 2020 1259 est
2032 1241 2036 1258 :
2047 1230 2158 1270 quibus

1198 1283 1253 1314 ego
1264 1275 1296 1302 in
1306 1273 1392 1302 rebus
1404 1271 1535 1302 interfui.
1560 1274 1617 1302 His
1627 1272 1772 1302 omnibus
1783 1292 1791 1306 ,
1809 1274 1861 1313 qui
1872 1271 1955 1301 istius
1966 1273 2089 1311 injurias
2099 1281 2159 1302 no-

1199 1324 1269 1344 runt
1279 1335 1287 1348 ,
1299 1316 1356 1345 hoc
1366 1313 1408 1344 est
1418 1335 1425 1347 ,
1442 1314 1555 1354 populo
1565 1316 1659 1344 Rom.
1671 1314 1811 1344 universo
1821 1334 1828 1348 ‚
1841 1324 1890 1343 me
1900 1315 2157 1343 vehementerex-

1197 1357 1330 1386 cusatum
1340 1357 1413 1386 volo
1425 1376 1434 1389 ‚
1454 1366 1518 1385 non
1528 1356 1709 1397 negligentia
1718 1365 1785 1385 mea
1794 1354 1858 1385 fore
1868 1375 1876 1389 ,
1892 1364 1924 1385 ut
1934 1355 2028 1385 multa
2037 1364 2156 1395 praeter-

1197 1409 1263 1428 eam
1277 1409 1282 1427 :
1302 1397 1349 1428 sed
1359 1397 1440 1439 quod
1450 1397 1505 1427 alia
1514 1396 1636 1427 testibus
1654 1399 1781 1438 intergra
1791 1398 1927 1427 reservari
1936 1397 2030 1427 velim
2043 1408 2048 1426 :
2062 1397 2158 1428 multa

1197 1449 1298 1470 autem
1308 1449 1428 1480 propter
1437 1441 1585 1469 rationem
1595 1439 1745 1469 brevitatis
1756 1459 1764 1473 ‚
1785 1449 1817 1469 ac
1826 1441 1969 1479 temporis
1979 1440 2159 1479 praetermit-

1198 1482 1287 1512 tenda
1296 1481 1477 1511 existimem.
1502 1481 1626 1510 Fatebor
1634 1482 1724 1511 etiam
1735 1473 1810 1510 illud
1822 1483 1935 1511 invitus
1947 1500 1954 1514 ‚
1967 1491 2017 1510 me
2027 1480 2156 1520 prorsus,

1197 1534 1268 1554 curn
1280 1523 1333 1553 iste
1348 1522 1486 1564 plaustum
1504 1524 1627 1563 temporis
1644 1523 1751 1552 nullum
1761 1532 1886 1551 vacuum
1899 1530 2009 1564 peccato
2023 1522 2158 1564 preterire

1199 1564 1292 1606 pass‘us
1303 1564 1336 1595 sit
1346 1585 1354 1598 ‚
1367 1567 1471 1594 omnia
1482 1585 1490 1598 ‚
1501 1575 1566 1605 qua:
1578 1565 1613 1594 ab
1622 1563 1678 1594 isto
1688 1564 1846 1594 commista
1855 1565 1924 1594 sunt
1934 1585 1942 1598 ,
1956 1574 2019 1594 non
2028 1562 2159 1604 potuisse

1197 1608 1383 1648 cognoscere.
1407 1610 1593 1646 Qap1·opter
1610 1608 1650 1636 ita
1659 1617 1708 1636 me
1719 1606 1755 1636 de
1772 1615 1905 1646 praeturae
1916 1606 2096 1636 criminibus
2105 1615 2158 1635 au—

1197 1650 1294 1679 ditote
1306 1670 1313 1683 ‚
1333 1657 1366 1679 ut
1374 1659 1410 1678 ex
1422 1658 1548 1689 utroque
1559 1658 1665 1689 genere
1678 1648 1792 1687 &juris
1805 1648 1947 1682 dicundi,
1970 1648 2002 1678 δε
2012 1647 2158 1678 sartorum

1200 1691 1348 1722 refilorum
1360 1690 1579 1731 exigendorum
1591 1710 1599 1724 ‚
1609 1700 1642 1720 ea
1651 1689 1805 1729 postuletis
1816 1711 1824 1723 ,
1846 1700 1910 1730 quae
1922 1688 2055 1719 maxime
2068 1688 2158 1729 digna

1200 1735 1268 1764 sunt
1278 1743 1313 1763 eo
1325 1743 1385 1765 reo,
1397 1734 1443 1762 cui
1451 1740 1576 1774 parvum
1585 1742 1619 1760 ac
1628 1731 1759 1761 mediocre
1768 1730 1850 1770 objici
1859 1731 1932 1760 nihil
1938 1733 2158 1772 oporteat.Nam

1199 1785 1231 1806 ut
1241 1784 1348 1815 praetor
1358 1773 1452 1804 fastius
1462 1773 1504 1803 est
1514 1793 1522 1806 ‚
1547 1775 1597 1814 qui
1609 1772 1755 1813 auspicato
1766 1773 1782 1803 a
1792 1772 1959 1803 Chelidone
1977 1770 2158 1806 surrexisset,

1200 1819 1310 1848 sortem
1321 1815 1425 1846 mistus
1435 1815 1477 1846 est
1490 1815 1605 1845 urbanae
1617 1817 1781 1855 provinciae
1790 1835 1797 1848 ‚
1812 1818 1905 1858 magis
1916 1825 1954 1844 ex
1965 1815 2024 1848 sua,
2036 1814 2069 1844 &
2079 1814 2159 1844 Che-

1200 1860 1313 1890 lidonis
1327 1878 1334 1892 ‚
1345 1858 1435 1899 quam
1447 1867 1483 1887 ex
1495 1858 1597 1896 populi
1607 1860 1645 1888 R.
1656 1857 1819 1887 voluntate.
1844 1859 1895 1898 qui
1905 1857 2055 1896 principio
2066 1875 2074 1889 ‚
2086 1865 2159 1896 qua-

1198 1902 1236 1932 lis
1257 1903 1288 1931 in
1308 1899 1409 1930 edieto
1427 1898 1639 1929 constituendo
1657 1897 1747 1928 fuerit
1756 1919 1764 1932 ‚
1788 1899 1970 1940 cognoscite.
1993 1900 2024 1928 P.
2037 1899 2158 1928 Annius

1200 1943 1316 1974 Asellus
1327 1950 1463 1972 mortuus
1473 1940 1514 1971 est
1525 1961 1533 1974 ,
1554 1943 1586 1970 C.
1597 1940 1751 1971 Sacerdote
1760 1950 1896 1980 praetore.
1919 1943 1947 1970 Is
1957 1949 2028 1970 curn
2039 1939 2160 1970 haberet

1200 1987 1322 2015 unicam
1333 1983 1428 2013 filiam
1440 2003 1448 2016 ‚
1461 1993 1557 2024 neque
1567 1983 1671 2012 census
1682 1980 1753 2012 effer
1765 1993 1770 2011 :
1789 1987 1803 2010 7
1812 1981 1893 2023 quod
1902 1992 1972 2011 eum
1982 1989 2087 2011 natura
2095 1981 2160 2010 hor-

1201 2026 1317 2056 tabatur
1329 2046 1336 2059 ‚
1359 2026 1408 2055 lex
1420 2025 1501 2054 nulla
1516 2024 1707 2064 prohibebat,
1728 2024 1816 2058 fecit,
1838 2033 1870 2054 ut
1887 2023 1981 2053 filiam
2000 2024 2089 2053 bonis
2099 2023 2160 2053 suis

1202 2069 1342 2099 heredem
1354 2067 1531 2097 institueret.
1554 2067 1639 2096 heres
1649 2075 1709 2095 erat
1720 2065 1781 2096 filia
1792 2076 1796 2094 :
1817 2065 1964 2095 faciebant
1973 2066 2076 2094 omnia
2085 2074 2159 2095 cum

1201 2111 1312 2151 pupilla
1322 2129 1330 2143 ,
1351 2110 1423 2150 legis
1442 2110 1561 2148 aequitas
1571 2127 1580 2141 ,
1602 2107 1738 2137 voluntas
1751 2108 1841 2146 patris
1851 2127 1859 2140 ‚
1879 2106 1976 2136 edieta
1984 2115 2158 2146 praetorum,

1200 2150 1386 2183 consuetudo
1392 2151 1467 2189 juris
1478 2150 1551 2187 ejus,
1563 2147 1644 2190 quod
1656 2157 1714 2178 erat
1723 2157 1799 2182 tum,
1811 2147 1882 2178 cum
1895 2148 2012 2178 Asellus
2022 2147 2066 2178 est
2075 2156 2160 2177 mor-

1201 2203 1282 2224 tuus.
1305 2192 1362 2222 Iste
1373 2211 1381 2224 ,
1396 2199 1503 2231 praetor
1513 2189 1676 2231 designatus
1687 2189 1800 2228 (utrum
1811 2190 1984 2220 admonitus
1995 2209 2003 2223 ,
2015 2199 2053 2220 an
2063 2198 2160 2219 tenta·
2194 2188 2198 2193 '

1202 2245 1248 2265 tus
1259 2244 1316 2269 ‚san
1327 2254 1335 2267 ‚
1352 2243 1409 2273 qua
1420 2231 1461 2262 est
1472 2231 1524 2261 iste
1536 2232 1687 2271 sagacitate
1699 2234 1730 2262 in
1741 2233 1786 2261 liis
1798 2232 1884 2261 rebus
1894 2252 1902 2265 ‚
1927 2229 1987 2261 fine
1996 2231 2071 2261 duce
2081 2231 2158 2264 ullo,

1203 2276 1262 2306 slne
1272 2275 1370 2306 indice
1381 2275 1548 2314 pervenerit
1565 2272 1600 2303 ad
1610 2274 1686 2303 hanc
1696 2273 1922 2313 improbitatem
1933 2293 1942 2307 ‚
1964 2273 2081 2303 nescio:
2102 2281 2160 2303 vos

1203 2327 1319 2348 tantum
1337 2317 1472 2346 hominis
1491 2315 1660 2348 audaciam,
1680 2316 1891 2356 amentiamque
1910 2314 2092 2356 cognoscite)
2109 2323 2161 2354 ap-

1203 2360 1292 2400 pellat
1311 2357 1451 2388 heredem
1464 2359 1501 2386 L.
1513 2358 1650 2386 Annium
1663 2377 1671 2390 ‚
1693 2359 1745 2397 qui
1765 2356 1985 2387 eratinstitutus
1995 2355 2161 2392 secundum

1206 2400 1301 2430 filiam
1312 2400 1387 2438 (non
1399 2400 1482 2429 enim
1494 2399 1570 2427 mihi
1581 2399 1768 2437 persuadetur
1777 2419 1786 2432 ,
1807 2398 1897 2429 istum
1908 2398 1943 2429 ab
1952 2398 2007 2428 illo
2016 2396 2100 2438 prius
2109 2407 2162 2437 ap-

1204 2442 1373 2483 pellatum‚)
1391 2441 1464 2470 dicit
1485 2441 1512 2470 se
1530 2439 1610 2480 posse
1629 2442 1656 2469 ei
1665 2440 1835 2470 condonare
1845 2439 1944 2470 edieto
1955 2439 2161 2470 hereditatem:

1207 2485 1294 2514 docet
1304 2485 1463 2513 homiuem
1476 2503 1484 2515 ‚
1504 2482 1576 2522 quid
1586 2480 1674 2521 possit
1685 2480 1749 2512 fieri
1778 2483 1824 2512 illi
1835 2480 1904 2510 bona
1913 2492 1951 2510 res
1962 2502 1970 2514 ,
1985 2483 2055 2512 huic
2063 2480 2164 2510 vendi·
2182 2503 2183 2506 .

1207 2525 1267 2554 bilis
1276 2525 1441 2556 videbatur.
1465 2523 1522 2555 Iste
1533 2522 1645 2553 tametfi
1656 2522 1793 2563 singulari
1804 2522 1846 2553 est
1857 2523 1976 2553 audacia
1989 2533 1994 2551 :
2014 2532 2115 2553 tamen
2125 2520 2162 2552 ad

1207 2567 1327 2608 pupillae
1339 2575 1464 2597 matrem
1476 2565 1689 2596 summittebat.
1714 2565 1841 2595 malebat
1851 2567 2010 2604 pecuniam
2020 2566 2160 2604 accipere,

1208 2619 1246 2640 ne
1265 2609 1337 2650 quid
1356 2609 1430 2639 novi
1440 2607 1584 2641 ediceret,
1604 2606 1695 2648 quam
1715 2616 1748 2637 ut
1756 2608 1815 2638 hoc
1825 2606 1960 2637 edietum
1978 2615 2038 2636 tam
2048 2608 2165 2646 impro-

2077 2648 2163 2682 bum,

244 2723 268 2740 1.
287 2714 561 2740 CN.DOLABEL1.AE
581 2722 631 2738 Pa.
651 2720 798 2738 recursum
817 2718 968 2736 REDACTAE
989 2716 1073 2744 Qua
1092 2707 1161 2741 &c.]

203 2750 249 2776 Sic
267 2749 397 2776 editiones
417 2749 548 2778 exoletae;
569 2757 653 2783 neque
667 2748 745 2774 aliter
756 2745 824 2773 Pall.
836 2745 881 2772 nisi
894 2744 963 2780 quod
974 2745 1042 2771 alter
1060 2745 1164 2770 DOLA-

204 2795 313 2814 nsmms
327 2796 351 2811 ι».
364 2794 390 2811 r.
402 2794 454 2811 κο.
467 2793 612 2811 pneuma.
622 2785 676 2810 &e.
695 2782 830 2819 quomodo
842 2781 932 2807 multa:
942 2781 1022 2807 etiam
1033 2779 1094 2806 edd.
1105 2788 1165 2806 nani
1186 2778 1188 2787 ¹

203 2821 378 2849 vtetoriana:
403 2822 598 2847 DOLABELLAE
610 2829 659 2846 ra.
671 2828 738 2845 pop.
750 2829 801 2845 Ro.
814 2826 960 2844 PECUNRAE
970 2817 1023 2843 &c.

243 2866 272 2883 2.
288 2860 357 2890 Istum
366 2859 440 2889 testem
445 2857 558 2889 produxit
567 2856 618 2886 (32¹0.
626 2855 750 2889 putavit]
764 2855 829 2880 Haec
838 2854 926 2880 omnia
937 2862 988 2880 non
999 2852 1127 2879 habentur
1138 2852 1165 2878 iri

205 2893 292 2930 prima
303 2893 420 2919 editione
432 2912 440 2924 ‚
460 2902 543 2928 neque
553 2891 697 2927 agnoscunt
708 2890 775 2918 Pall.
786 2891 813 2916 Sc
823 2896 945 2926 poterant
955 2892 1027 2915 certi:
1044 2887 1165 2915 concinni

203 2929 315 2964 alicujus
328 2928 377 2954 esse
389 2927 553 2964 interpretis.

244 2974 271 3000 3.
290 2966 340 2997 §Q
350 2974 383 2997 ego
397 2966 472 2989 vellem
482 2963 623 2996 dtfienficros
638 2962 831 2996 pollicebantur]
852 2960 1020 2988 Lambiniani
1032 2979 1040 2991 .
1060 2960 1166 2993 ᾹζΓτιζζῘὶι-

204 3010 244 3028 ros
257 3021 264 3032 ,
276 3001 301 3026 8<
316 3000 347 3026 iic
357 2999 462 3035 quidem
474 2999 640 3033 Cujacianus.
660 2999 741 3025 nolim
753 2998 824 3034 sequi
835 3005 926 3024 contra
936 3004 977 3023 tot
986 2996 1048 3022 edd.
1058 2997 1084 3022 &
1097 2995 1166 3022 l’all.

206 3036 309 3068 etiamli
320 3036 345 3062 in
360 3045 414 3062 eam
427 3042 529 3071 partem
542 3035 679 3062 inclinaret
689 3035 870 3065 Gulielmius3
884 3042 913 3060 ut
922 3032 1087 3060 alluderetur
1097 3030 1166 3058 scili-

208 3080 250 3099 cet
261 3073 382 3105 dili-tffi‘uni
389 3076 536 3096 Senatorum.

1204 2707 1254 2746 jac:
1266 2706 1380 2743 edd.que
1392 2707 1508 2733 vetustae.
1529 2706 1612 2732 nolim
1624 2714 1710 2732 tamen
1722 2716 1770 2743 pro
1780 2715 1809 2732 ca
1818 2705 1914 2732 acriter
1923 2703 2064 2740 digladiari
2076 2723 2085 2737 ‚
2096 2703 2168 2742 quod

1187 2760 1188 2766 .
1208 2745 1278 2770 inti-a
1288 2743 1425 2779 sequatur:
1442 2743 1524 2769 Verr‘aem
1533 2744 1650 2776 qua-stores
1661 2752 1747 2776 aquaque
1749 2751 1804 2776 Jam
1808 2742 1900 2774 pridem
1908 2747 2037 2770 >vi-nerunt.

1246 2788 1260 2813 5
1267 2800 1272 2805 .
1282 2781 1337 2812 94¹²
1346 2780 1462 2804 Dolabella
1471 2779 1655 2811 nneffizriosunt
1665 2778 1802 2812 asumma]
1815 2776 1867 2803 Sus
1880 2776 1964 2806 cistam
1975 2776 2052 2806 habet
2061 2775 2169 2805 Guliel-

1210 2816 1278 2842 mius
1289 2814 1436 2841 tlt-{tionem
1446 2815 1569 2844 necessarii>
1581 2834 1588 2845 ‚
1600 2814 1627 2839 &c
1638 2813 1761 2849 profeEto
1773 2814 1865 2848 aliquit
1884 2812 1929 2841 sub
1939 2822 1969 2839 ea
1978 2812 2053 2839 lutet.

1225 2852 1253 2877 6.
1268 2852 1334 2884 Qud
1344 2858 1370 2875 tu
1380 2853 1440 2876 homo
1450 2852 1582 2883 casttſjimns
1592 2851 1660 2875 alind
1666 2853 1691 2875 in
1700 2850 1787 2876 rabulis
1796 2848 1924 2882 habebas]
1930 2848 2045 2875 Exliibui
2057 2847 2168 2884 scriptu-

1209 2897 1263 2913 ram
1275 2886 1332 2912 inss.
1353 2886 1501 2912 nostrorum
1513 2886 1539 2910 8<
1551 2886 1615 2912 olim
1626 2885 1771 2911 editorum.
1791 2883 1869 2910 hodie
1887 2884 1945 2909 fere
1965 2892 2058 2918 regnat
2076 2884 2166 2918 conje-

1207 2923 1283 2949 ehira
1294 2922 1441 2948 Hotoinani
1454 2941 1462 2953 ,
1481 2930 1538 2956 quat
1549 2922 1575 2946 δε
1588 2928 1673 2946 mutat
1689 2921 1772 2946 multa
1784 2939 1792 2951 ‚
1812 2920 1839 2945 &
1850 2919 1922 2945 delet
1934 2939 1942 2951 ‚
1961 2921 1987 2945 S<
2001 2919 2147 2956 transponit
2157 2938 2166 2952 ‚

1207 2959 1281 2985 nullo
1292 2957 1448 2993 liiffragante
1460 2965 1558 2983 vetere.
1579 2960 1640 2982 Hinc
1652 2957 1721 2982 H-S.
1733 2956 1892 2990 quaterdecies
1901 2955 1951 2985 &zm
1966 2963 2126 2988 numeratum,
2137 2961 2168 2984 ut
2204 2986 2211 2991 ·

1208 2995 1293 3020 voluit
1304 2993 1422 3029 Scaliger
1434 3012 1442 3025 ‚
1453 3001 1535 3028 quum
1546 2992 1628 3027 vulgo
1641 2991 1671 3018 sit
1681 2998 1817 3018 numerata.
1850 2990 1916 3018 Vide
1927 2991 1972 3017 cl.
1983 2993 2105 3018 Gronov.
2124 2992 2166 3018 De

1207 3030 1336 3057 Sestertiis
1350 3049 1357 3060 ‚
1368 3038 1428 3065 pag.
1442 3028 1501 3061 148.

1244 3075 1272 3101 7.
1292 3066 1359 3099 ch
1367 3075 1416 3091 cum
1425 3071 1517 3090 natura
1527 3063 1693 3097 sanabatur]
1715 3063 1784 3090 Pall.
1796 3063 1823 3089 &
1835 3062 1877 3089 ed.
1890 3070 1942 3089 vet.
1953 3073 2007 3094 non
2017 3062 2122 3094 admisit
2131 3062 2166 3090 il-

246 3116 272 3141 4.
291 3109 424 3141 Qaestorgm
435 3108 459 3140 fe
469 3110 494 3132 in
504 3105 616 3140 Senam]
638 3106 741 3141 Pugnat
752 3115 799 3142 pro
810 3106 856 3132 hac
865 3105 981 3132 leffione
992 3103 1098 3131 Paullus
1110 3104 1168 3130 Ma-
1209 3102 1254 3130 lud
1265 3110 1412 3140 pronomen
1422 3110 1491 3137 eum5
1502 3110 1587 3138 neque
1596 3099 1739 3131 admodum
1749 3100 1784 3130 est
1794 3099 1974 3130 necessarium.

207 3144 298 3174 nutius
311 3163 320 3179 ,
331 3151 423 3173 contra
432 3143 606 3174 Ai‘coniauam
616 3143 751 3178 Qaestores,
763 3152 777 3172 a
789 3151 840 3179 qua
848 3143 915 3171 ‘item
924 3141 1022 3183 abeunt
1033 3140 1100 3171 Pan.
1113 3142 1170 3170 Cu-

2065 3180 2077 3199 1
2084 3191 2090 3198 .
2099 3170 2172 3204 cupi-

2221 3159 2229 3172 Ι,
