2360 3400
465 113 551 147 ns
623 97 974 153 NATURA

155 192 207 218 ωε
213 183 242 216 is
253 203 261 218 ,
271 188 360 224 quem
371 176 502 212 heroicis
510 177 701 219 temporibus
711 178 846 209 Achanto
857 177 960 208 Rhodi
970 175 1116 217 peperisse

156 227 285 258 dicitur,
308 227 319 243 ¹
330 232 420 253 avum
433 220 522 263 Jalysi
534 241 542 256 ,
568 223 701 254 Camiri,
722 219 857 252 &Lindi
872 230 878 248 z
897 220 1021 260 quintus
1033 238 1041 252 ,
1063 221 1116 260 qui

96 277 141 304 :22
156 268 277 299 Colchis
297 263 390 295 fertur
400 266 519 294 AEetam
533 283 542 298 ‚
563 266 577 283 ²
589 263 621 294 δε
636 265 743 294 Circen
762 259 965 302 procreaviss'e.
989 261 1116 291 Vulcani

155 312 229 341 item
248 306 421 347 complures
432 325 441 340 ‚
460 308 577 346 primus
588 305 670 336 Caelo
690 313 777 335 natus
789 323 798 337 ‚
817 312 855 333 ex
864 312 927 344 quo
937 303 969 333 &
979 304 1118 333 Minerva

154 348 333 389 apollinem
352 357 442 382 eum,
462 348 548 388 cujus
568 349 601 378 in
613 346 703 378 tutela
713 347 845 376 Athenas
854 345 969 385 antiqui
981 342 1115 374 historici

151 391 213 423 effe
222 390 385 422 voluerunt
397 401 402 419 ;
414 390 561 420 secundus
576 391 633 431 3in
643 389 720 420 Nilo
732 396 829 419 natus,
841 389 927 426 Opas,
940 395 972 416 ut
983 387 1117 426 AEgyptii

150 433 300 474 appellant
310 452 318 466 ,
339 442 429 473 quem
442 431 595 463 custodem
607 429 665 461 effe
679 430 799 471 AEgypti
810 429 919 458 volunt
934 438 940 456 :
964 436 1001 458 tei
1010 435 1067 457 tius
1077 436 1115 457 ex

152 476 345 516 tertioJove,
366 474 548 516 &Junone‚
567 474 620 514 qui
632 473 745 502 Lemni
766 470 888 500 fabricae
907 468 1030 499 traditur
1040 478 1113 508 prae-

151 515 255 547 fuiffe:
276 521 422 557 4quartus
434 516 570 547 Menallo
580 523 665 545 natus
678 534 686 548 ,
704 515 756 554 qui
770 514 868 542 tenuit
877 511 987 541 insulas
994 520 1118 550 propter

150 558 285 589 Siciliam
298 579 306 592 ,
326 569 391 599 quae
411 559 564 589 Vulcaniae
584 556 831 587 nominabantur.
850 555 1017 583 Mercurius
1036 562 1114 598 unus

151 601 238 631 Caelo
254 609 353 641 patre,
374 604 387 628 5
401 602 461 630 Die
480 609 573 630 matre
592 607 679 629 natus
695 607 701 626 :
724 597 810 635 cujus
835 593 980 635 obscaeniin
988 601 1116 624 exarata

149 650 256 672 natum
273 642 397 673 traditu-i·
408 662 417 676 ,
437 641 519 683 quod
542 639 681 680 adspeetu
693 639 874 678 Proserpinae
885 645 1059 667 commotus
1071 635 1112 666 fit:

146 684 367 715 alter-Valentis
377 704 386 718 ,
410 684 443 714 δε
455 682 637 714 Phoronidis
646 680 728 712 filius
738 700 747 714 ,
761 682 784 710 is
795 700 804 713 ,
816 677 830 699 ⁶
839 681 892 720 qui
903 679 956 709 sub
967 679 1051 708 terris
1062 679 1112 708 ha-

147 725 236 756 betur
247 746 256 760 ,
276 726 357 757 idem
370 726 589 765 Throphonius
602 735 607 753 :
632 727 735 754 tertius
750 723 826 764 Jove
845 722 935 751 tertio
948 729 1035 751 natus
1046 739 1055 754 ‚
1078 719 1111 750 ὃς

146 769 249 808 Maia,
268 778 307 799 ex
327 777 409 809 quo,
433 767 466 797 &
488 766 636 806 Penelopa
651 768 727 796 Pana
737 773 841 794 natum
853 762 969 792 ferunt:
989 770 1112 803 quartus

146 810 226 840 Nilo
235 819 316 850 patre
324 829 334 843 ,
355 819 447 849 quem
460 810 594 848 AEgyptii
605 807 681 846 nefas
691 804 791 835 habent
799 805 955 834 nominare:
970 806 1108 844 quintus,

144 861 238 892 quem
249 851 354 882 colunt
362 851 515 881 Pheneatae
526 869 536 882 ‚
559 849 655 888 qui&
665 851 780 888 Argum
792 846 902 876 dicitur
910 843 1107 879 interemisse,

144 893 186 923 ob
198 901 323 933 eamque
337 891 453 921 causam
464 895 479 918 7
490 891 523 919 in
535 892 700 930 AEgyptum
709 886 872 928 profugisse
884 907 892 920 ,
913 896 999 927 atque
1013 890 1108 928 AEgy-

141 936 215 974 ptris
231 934 301 974 leges
312 952 321 967 ,
351 932 386 964 &-
406 931 517 961 litteras
539 928 699 967 tradidifle.
723 932 816 959 Hunc
836 931 971 969 AEgyptii
991 924 1005 949 8
1018 930 1107 958 Thoti]

141 975 291 1016 appellant
302 985 308 1004 :
319 973 488 1014 eodemque
500 974 628 1003 nomine
637 973 709 1002 anni
720 972 836 1011 primus
848 969 958 1001 mensis
966 970 1044 1011 apud
1055 980 1107 1000 eos

137 1025 273 1048 vocatur.
298 1015 540 1055 AEsculapiorum
551 1016 667 1055 primus
675 1034 683 1048 ,
699 1013 864 1054 Apollinis,
875 1022 967 1054 quem
979 1013 1107 1043 Arcades

138 1059 266 1089 colunt:
285 1063 338 1098 qui
350 1057 494 1100 specillum
511 1055 658 1094 invemffe,
680 1055 854 1095 primusque
876 1054 1106 1085 vulnusdicitur

141 1098 316 1142 obligavifl‘e
330 1111 335 1130 :
347 1099 493 1130 secundus
504 1119 513 1133 ‚
526 1098 648 1129 secundi
661 1098 808 1128 Mercurii
816 1095 912 1127 frater.
937 1098 962 1126 is
970 1095 1104 1127 fulmine

137 1140 291 1182 percufl'us
301 1162 310 1177 ,
320 1141 429 1173 dicitur
439 1143 579 1171 humatus
588 1138 646 1170 effe
657 1139 829 1179 Cynosuris:
841 1140 945 1168 tertius
954 1158 964 1172 ,
978 1137 1104 1179 Arsippi,

137 1184 175 1215 &
184 1183 316 1215 Arsinoae
329 1194 335 1213 :
352 1185 403 1224 qui
413 1185 491 1223 prim
497 1192 535 1213 us>
539 1182 735 1223 purgationem
743 1180 825 1214 alvi,
850 1179 1007 1222 dentisque
1016 1181 1104 1210 evul-

138 1223 254 1257 fionem
267 1246 275 1260 ,
299 1225 441 1256 utferunt
454 1245 463 1258 ‚
482 1224 621 1255 invenit:
641 1224 726 1263 cujus
745 1224 778 1253 in
798 1222 921 1253 Arcadia
933 1233 997 1253 non
1011 1222 1104 1263 longe

78 1275 120 1310 23
137 1267 256 1299 &Lusio
274 1267 404 1298 flumine
430 1267 616 1307 sepulcrum,
634 1265 667 1296 &
688 1266 773 1296 lucus
783 1263 960 1295 ostenditur.
984 1266 1102 1305 Apolli-

137 1319 216 1340 num
227 1308 447 1351 antiquissimus
457 1312 494 1343 is,
503 1318 595 1349 quern
609 1307 711 1348 paullo
720 1307 786 1338 ante
798 1317 836 1336 ex
848 1307 984 1337 Vulcano
996 1316 1101 1337 natum

122 1350 196 1382 -esse
215 1352 301 1386 dixi,
321 1350 478 1382 custodem
498 1351 685 1380 Athenarum
698 1359 704 1377 z
727 1349 799 1378 alter
808 1348 986 1388 Corybantis
1008 1347 1100 1383 filius,

135 1403 225 1424 natus
245 1396 277 1425 in
288 1396 390 1424 Creta:
414 1394 501 1432 cujus
523 1392 560 1421 de
580 1391 631 1420 illa
641 1390 840 1421 insula9cum
848 1391 1000 1432 Joveipso
1010 1400 1104 1422 certa-

134 1445 209 1466 rnen
217 1433 305 1466 fuisse
327 1433 452 1464 traditur
465 1444 470 1462 :
492 1433 683 1473 tertiusJove
701 1435 790 1461 tertio
800 1441 887 1462 natus
898 1451 907 1464 ‚
926 1432 960 1462 &
974 1434 1099 1463 Latona:

135 1486 227 1518 quem
239 1486 277 1507 ex
289 1474 495 1515 Hyperboreis
507 1473 645 1513 Delphos
669 1472 771 1502 ferunt
791 1471 962 1504 advenisse:
980 1484 1101 1514 quartus

132 1520 168 1548 in
181 1517 307 1548 Arcadia
320 1537 329 1550 ,
348 1525 441 1557 quem
466 1515 594 1546 Arcades
612 1516 781 1544 Nomionem
793 1534 801 1548 ‚
827 1514 995 1554 appellant,
1016 1514 1098 1556 quod

131 1559 171 1590 ab
180 1569 218 1589 co
227 1559 257 1589 se
268 1560 361 1600 legeis
370 1557 471 1590 ferunt
480 1555 635 1597 accepisse.
658 1558 766 1586 Dianae
775 1558 850 1586 item
857 1555 962 1596 plures
973 1567 978 1584 :
1002 1559 1100 1596 prima

121 1601 218 1644 jovis
233 1621 243 1635 2
263 1601 295 1632 &
304 1600 489 1640 Proserpinae
502 1620 511 1635 ‚
520 1609 586 1641 quae
596 1597 952 1639 pinnatumcupidinem
963 1597 1098 1638 genuisse

127 1642 241 1674 dicitur
252 1653 259 1673 :
271 1642 398 1675 secunda
406 1643 508 1672 notior
519 1662 530 1676 ‚
554 1651 644 1682 quam
653 1642 732 1682 Jove
742 1641 831 1671 tertio
842 1659 851 1673 ,
875 1639 908 1670 &
919 1641 1034 1671 Latona
1045 1650 1099 1671 na-

126 1693 189 1716 tam
204 1687 392 1726 accepimus:
412 1686 443 1704 ¹0
453 1685 545 1714 tertiae
554 1692 634 1723 pater
645 1702 654 1716 ‚
667 1683 743 1722 Upis
753 1681 878 1712 traditur
887 1701 896 1715 ‚
910 1682 1022 1712 Glauce
1033 1692 1098 1713 ma-

127 1735 182 1759 ter.
205 1737 271 1758 earn
284 1729 309 1757 G
314 1727 380 1757 raeci
390 1725 464 1766 saepe
471 1726 562 1766 Upim
571 1733 694 1764 paterno
705 1725 832 1753 nomine
842 1723 1001 1762 appellant.
1018 1726 1098 1754 Dio·

1059 96 1410 147 DEORUM
1495 101 1652 151 Liri.
1698 96 1813 151 iil.

2005 119 2129 169 1145

1159 188 1230 209 cunt
1245 191 1249 209 :
1263 183 1291 201 1²
1302 182 1350 211 cui
1364 180 1483 211 Sabazia
1494 182 1561 214 sunt
1573 182 1726 215 instituta:
1746 192 1884 226 quartum
1893 184 1972 227 Jove
1981 183 2014 217 &
2024 187 2123 222 Luna,

1156 223 1206 249 cui
1221 222 1293 253 saci-a
1306 223 1436 262 Orphica
1456 233 1597 263 putantur
1614 226 1723 257 confici
1736 237 1742 255 ;
1761 229 1902 268 quintum
1915 227 1994 259 Niso
2004 237 2125 262 natum,

1158 262 1327 308 &Thione
1338 284 1345 297 ‚
1366 264 1382 295 a
1403 275 1464 305 quo
1475 267 1835 300 Trieteridesconstitutae
1846 278 1996 309 putantur.
2019 272 2127 301 Venus

1157 313 1252 342 prima
1267 306 1360 340 Caelo,
1374 307 1406 336 &
1417 309 1477 337 Die
1489 317 1573 339 nata·
1594 312 1621 337 ¹3
1632 310 1717 346 cuius
1727 311 1814 342 Elide
1826 311 2021 342 ¹4delubrum
2034 311 2124 343 vide-

1158 355 1225 391 mus
1242 357 1248 375 z
1268 348 1355 378 altera
1370 368 1378 382 ‚
1395 349 1498 388 spuma
1507 360 1657 390 procreata
1669 362 1723 382 :ex
1733 362 1789 393 qua
1800 373 1809 387 ,
1822 353 1854 384 &
1864 355 2018 384 Mercurio
2027 355 2125 394 Cupie

1158 386 1262 433 dinem
1275 389 1438 421 secundum
1451 401 1554 422 narum
1569 395 1759 434 accepimus:
1784 397 1886 429 tertia,
1902 396 1981 437 Jove
1991 405 2056 426 nata
2067 416 2076 430 ,
2088 395 2124 428 δε

1157 430 1277 458 Diona:
1297 441 1362 470 quae
1377 431 1473 472 nupsit
1494 434 1644 464 Vulcano.
1668 436 1723 466 Sed
1745 445 1784 466 ex
1802 447 1853 472 ea,
1879 438 1912 468 &
1929 439 2026 468 Maroe
2035 446 2126 468 natus

1158 473 1285 500 Anteros
1300 473 1426 502 dicitur:
1444 484 1565 514 quarta,
1585 478 1666 516 Syria
1680 498 1689 511 ,
1709 480 1854 519 Tyroque
1879 488 2034 519 concepta:
2055 489 2123 520 quae

1156 511 1281 548 tAstarre
1291 523 1421 544 vocatur:
1436 525 1524 555 quarn
1541 517 1674 549 Adonidi
1685 519 1811 560 nupsiss'e
1822 520 1976 560 proditum
1989 520 2039 552 est.
2054 523 2121 552 Mi-

1156 563 1246 584 nerva
1255 557 1351 594 prima
1364 575 1378 602 ‚y
1394 566 1483 596 quam
1504 560 1658 598 Apollinis
1673 570 1798 592 matrem
1809 562 1894 603 supra
1906 563 2058 592 diximus:
2074 563 2120 594 se-

1155 596 1253 626 cunda
1265 606 1328 627 orta
1339 598 1415 627 Nilo
1429 618 1437 631 ‚
1458 609 1548 639 quam
1562 603 1693 642 AEgyptii
1705 605 1788 634 Saitae
1811 605 1934 637 colunt:
1956 606 2040 634 tertia
2055 605 2120 638 illa,

1154 647 1244 677 quam
1261 638 1338 679 Jove
1357 649 1524 679 generatam
1547 642 1630 682 supra
1649 644 1784 676 diximus
1797 656 1802 675 :
1825 655 1925 687 quai-ta
1938 647 2017 688 Jove
2039 655 2120 680 nata,

1154 680 1186 708 δε
1197 681 1337 719 Coryphe
1351 700 1359 713 ‚
1374 683 1483 711 Oceani
1496 682 1558 713 filia
1573 694 1577 711 z
1598 694 1687 724 quam
1701 690 1728 713 ¹5
1740 687 1864 718 Arcades
1876 690 1999 718 Coriam
2009 689 2116 718 nomi-

1153 729 1226 751 nant
1239 741 1247 755 ‚
1259 722 1506 762 &quadrigarum
1518 725 1704 756 inventricem
1716 727 1817 759 ferunt
1831 731 1949 771 :quinta
1962 729 2116 760 Pallantis:

1150 772 1216 803 quae
1228 772 1341 802 patrem
1353 764 1461 794 dicitur
1471 766 1653 797 interemisse
1663 789 1671 801 ‚
1694 771 1894 810 virginitatem
1905 772 1988 802 suam
2000 771 2115 802 violare

1148 814 1322 850 conantem:
1332 807 1382 836 cui
1392 804 1420 825 ¹⁶
1429 808 1588 846 pinnarum
1601 809 1700 841 talaria
1709 811 1844 853 affigunt.
1858 813 1977 853 Cupido
1984 815 2115 853 primus,
2164 820 2167 821 ⁷

1150 848 1303 877 Mercurio
1313 867 1321 881 ‚
1334 847 1367 877 δε
1378 850 1476 878 Diana
1486 851 1581 889 prima
1591 860 1675 881 natus
1685 852 1797 883 dicitur
1812 865 1817 883 :
1839 855 1984 885 secundus
2001 874 2009 888 ‚
2031 857 2117 886 Mer*-

1148 890 1233 918 curio
1245 908 1254 923 ‚
1275 889 1308 920 &
1320 892 1439 919 Venere
1450 890 1576 922 secunda
1589 902 1595 921 :
1622 896 1652 921 ¹7
1662 897 1764 925 tertius
1774 896 1898 936 quidem
1914 895 1956 926 est
1968 899 2114 930 Anteros,

1146 931 1254 964 Marte,
1265 930 1297 961 &
1308 934 1426 962 Venere
1439 935 1532 964 tertia.
1544 928 1573 953 ¹8
1584 936 1682 976 Atque
1693 937 1755 968 haec
1764 937 1888 978 quidem
1901 938 2063 978 ejusmodi,
2074 948 2116 970 ex

1145 980 1246 1002 vetere
1257 975 1381 1003 Graeciae
1403 973 1484 1005 fama
1502 975 1630 1007 comesta
1648 978 1725 1008 sunt.
1749 979 1867 1021 Qibus
1883 980 2030 1021 intelligis
2043 979 2116 1010 refi-

1145 1012 1287 1044 stendum
1299 1013 1357 1045 effe
1368 1034 1377 1049 ,
1399 1026 1431 1045 ne
1439 1016 1636 1056 perturbentur
1653 1019 1805 1062 religiones.
1828 1021 1924 1052 Vestri
1934 1030 2032 1052 autem
2045 1031 2112 1052 non

1146 1055 1243 1086 modo
1254 1058 1317 1088 haec
1327 1066 1392 1088 non
1405 1057 1565 1093 refellunt,
1580 1060 1686 1091 verum
1701 1064 1793 1093 etiam
1804 1062 1986 1094 confirmant
1996 1084 2004 1098 ,
2017 1066 2113 1094 inter-

1144 1098 1289 1137 pretando
1303 1118 1312 1133 ‚
1331 1100 1474 1139 quorsum
1485 1101 1619 1142 quidque
1628 1105 1783 1143 pertineat.
1807 1104 1863 1136 Sed
1874 1104 1981 1145 eojam
1996 1126 2005 1140 ‚
2027 1105 2109 1136 unde

1144 1140 1202 1170 huc
1215 1139 1331 1181 digreffi
1352 1141 1455 1172 sumus
1465 1162 1475 1177 ‚
1496 1153 1686 1174 revertamur.
1711 1148 1796 1176 Num
1806 1147 1905 1177 censes
1914 1148 2005 1189 igitur
2014 1147 2109 1178 subti-
2127 1154 2171 1188 24

1144 1182 1219 1212 liore
1230 1184 1349 1213 ratione
1365 1193 1440 1223 opus
1462 1183 1521 1214 ess'e
1539 1185 1574 1216 ad
1597 1187 1658 1216 haec
1668 1186 1852 1219 refellenda?
1870 1198 1942 1219 nam
1954 1198 2104 1225 mentem,

1143 1222 1235 1254 fidem
1247 1243 1255 1258 ,
1267 1224 1355 1264 ‚spem
1364 1244 1373 1259 ‚
1396 1227 1542 1257 virtutem
1553 1247 1562 1261 ‚
1580 1228 1730 1260 honorem
1742 1250 1750 1264 ,
1771 1229 1932 1261 victoriam
1944 1250 1952 1265 ‚
1968 1231 2108 1266 salutem,

1141 1266 1335 1299 concordiam
1347 1287 1356 1301 ‚
1374 1276 1531 1309 ceteraque
1543 1270 1698 1309 ejusmodi
1707 1292 1717 1305 ‚
1732 1282 1825 1302 rerum
1834 1272 1896 1302 vim
1905 1272 2011 1303 habere
2021 1273 2111 1304 vide—

1142 1317 1210 1338 mus
1222 1328 1231 1342 ,
1253 1309 1452 1354 non-deorum.
1475 1314 1538 1341 Aut
1547 1313 1675 1343 enimin
1685 1313 1839 1347 nobismet
1851 1314 1954 1345 insunt
1963 1313 2031 1355 ipsis
2043 1335 2052 1349 ‚
2073 1323 2108 1348 uc

1142 1359 1229 1380 mens
1239 1370 1248 1384 ‚
1270 1359 1301 1381 ut
1314 1350 1386 1381 hdes
1398 1371 1407 1385 ‚
1430 1351 1536 1392 utspes
1548 1372 1557 1387 ‚
1574 1362 1607 1384 ut
1615 1355 1711 1385 virtus
1723 1376 1732 1390 ‚
1753 1365 1785 1386 ut
1794 1356 1970 1387 concordia:
1985 1365 2037 1387 aut
2049 1367 2109 1397 op-

1140 1391 1236 1422 tandae
1245 1392 1335 1422 nobis
1346 1393 1472 1428 sunt,ut,
1485 1395 1633 1429 honos‚ut
1644 1397 1731 1431 salus,
1742 1407 1775 1428 ut
1786 1397 1923 1429 vietoria.
1940 1402 1967 1427 ¹9
1978 1408 2107 1440 quarum

1139 1443 1238 1464 rerum
1260 1435 1389 1465 utilitate
1400 1455 1408 1468 ,
1429 1435 1520 1466 video
1541 1439 1632 1468 etiam
1643 1439 1808 1471 consecrata
1818 1439 1982 1472 simulacra.
2005 1443 2107 1483 Qare

1138 1484 1238 1505 autem
1249 1477 1284 1506 in
1302 1477 1351 1506 his
1370 1479 1417 1508 vis
1427 1477 1552 1508 deorum
1565 1479 1653 1514 infit,
1676 1489 1742 1511 tum
1756 1482 1923 1522 intelligam
1937 1501 1946 1516 ‚
1969 1481 2042 1512 cum
2051 1492 2108 1514 co-

1138 1526 1283 1556 gnovero.
1307 1519 1378 1558 Qio
1396 1520 1428 1548 in
1448 1528 1556 1560 genere
1576 1521 1623 1550 vel
1644 1522 1780 1552 maxime
1802 1522 1844 1553 est
1857 1525 1982 1552 Fortuna
1992 1533 2087 1554 nume
2095 1541 2112 1549 a

1137 1557 1227 1588 tanda
1238 1569 1243 1587 2
1264 1568 1356 1599 quam
1367 1569 1461 1590 nemo
1469 1560 1506 1589 ab
1515 1561 1709 1592 inconstantia
1720 1583 1728 1597 ‚
1749 1564 1784 1597 &
1795 1564 1954 1593 temeritate
1958 1565 2086 1604 sejunget
2094 1575 2108 1594 s

1138 1608 1204 1639 quae
1213 1599 1303 1639 digna
1313 1599 1394 1631 certe
1405 1611 1468 1631 iion
1481 1602 1547 1632 sunt
1557 1603 1623 1633 deo.
1644 1605 1712 1645 Jam
1724 1604 1796 1635 veto
1806 1605 1879 1646 quid
1889 1615 1944 1636 vos
1954 1606 2007 1636 illa
2021 1606 2108 1636 dele-—

1137 1640 1195 1671 &at
1217 1643 1380 1682 explicatio
1397 1641 1568 1674 fabularum
1580 1664 1589 1678 ‚
1610 1645 1643 1675 δε
1662 1645 1805 1677 enodatio
1823 1648 1989 1678 nominum
2000 1648 2109 1680 ?exse=

1137 1682 1221 1713 &cum
1241 1683 1257 1713 ὲ
1279 1682 1347 1715 filio
1368 1685 1483 1716 Caelum
1495 1705 1505 1719 ,
1522 1686 1664 1717 ⁴vinrfftum
1682 1688 1790 1719 itidem
1810 1688 1827 1720 a
1846 1687 1911 1720 filio
1931 1692 2105 1722 Saturnum.

1137 1727 1230 1758 I-laec·‚
1254 1725 1287 1756 &
1307 1726 1365 1757 alia
1379 1729 1499 1769 generis
1512 1728 1646 1768 ejusdem
1658 1732 1696 1760 ita
1706 1729 1868 1761 defenditis
1880 1750 1889 1765 ‚
1910 1739 1945 1761 ut
1953 1733 2038 1774 iiqui
2047 1731 2103 1764 ista

1137 1765 1290 1796 finxerunt
1300 1786 1310 1802 ‚
1321 1777 1385 1798 non
1396 1768 1493 1799 modo
1503 1779 1566 1800 non
1575 1771 1685 1805 insani,
1699 1771 1746 1802 sed
1756 1774 1846 1803 etiam
1857 1771 1945 1803 fuisse
1954 1773 2104 1814 sapientes

129 1770 220 1809 nysos
231 1770 345 1799 multos
355 1767 518 1798 habemus:
531 1769 666 1807 primum
679 1765 782 1838 esJove
792 1784 801 1798 ‚
813 1764 846 1794 &
858 1764 1031 1804 Proserpina
1044 1775 1098 1796 na-

126 1818 211 1842 tum:
233 1810 400 1842 secundum
422 1810 499 1840 Nilo
508 1829 517 1844 ,
539 1812 565 1829 ¹¹
576 1809 628 1848 qui
641 1809 693 1847 Ny
709 1815 757 1836 am
772 1805 881 1836 dicitur
902 1805 1097 1837 interemisse:

124 1855 248 1885 tertium
260 1872 271 1888 ,
296 1853 403 1894 caprio
420 1860 500 1893 patre
513 1870 524 1887 ,
541 1859 674 1892 eumque
692 1857 795 1890 regem
803 1846 878 1879 Afiae
887 1846 1038 1888 praefuiffe
1048 1848 1097 1880 di-

1137 1807 1311 1838 videantur.
1341 1811 1378 1839 In
1397 1810 1569 1841 enodandis
1579 1821 1680 1843 autem
1691 1814 1892 1847 nominibus,
1909 1817 1942 1834 ²0
1950 1815 2032 1856 quod
2040 1817 2105 1847 mi·-

1138 1848 1297 1882 serandum
1315 1848 1370 1886 fit,
1388 1851 1540 1883 laboratis.
1561 1856 1728 1890 Saturnus,
1747 1857 1817 1897 quia
1830 1856 1862 1897 fi:
1875 1856 1993 1896 ficturat
2001 1851 2104 1892 annis}

1766 1904 1769 1907 ‘
2023 1901 2097 1931 Ma-

1104 1962 1106 1970 ¹
1125 1957 1198 1985 dicat
1208 1959 1239 1986 P.
1250 1958 1400 1990 Manutius,
1411 1958 1636 1995 quemadmodum
1648 1959 1676 1985 δε
1687 1959 1761 1986 ᾱοᾶἱ
1773 1967 1850 1988 antea
1859 1961 2030 1994 conjecerant
2041 1970 2050 1992 ;
2064 1967 2099 1988 ut

1106 2009 1107 2033 ;
1126 1995 1212 2031 liquet
1222 2004 1255 2022 ex
1270 1994 1374 2021 scholiis
1386 1995 1513 2022 Betuleii.
1534 1995 1615 2022 nostri
1635 2005 1686 2023 non
1700 1995 1827 2024 recedunt
1840 1997 1861 2023 ,ξι
1873 1997 1988 2033 vulgatis
2000 2007 2010 2030 5
2027 1999 2098 2033 cujue

1125 2032 1304 2065 §Abazeasum
1313 2031 1427 2064 inst:uifi
1439 2030 1510 2067 quod
1541 2038 1611 2058 uart.
1622 2041 1652 2058 ac
1662 2033 1749 2068 quint.
1761 2034 1830 2066 cusm
1840 2034 1872 2058 ab
1881 2042 1951 2059 area.

1162 2076 1204 2102 ¹3·
1217 2066 1299 2101 'Cujus
1307 2067 1376 2093 Elide
1393 2068 1523 2093 delubrum.
1563 2067 1634 2094 Pall-
1648 2067 1702 2095 duo
1715 2070 1756 2094 Eli
1766 2088 1774 2101 ‚
1786 2068 1857 2104 quod
1868 2070 1895 2095 8(
1908 2068 2035 2105 expreffit
2044 2068 2096 2096 Vi-

1124 2102 1237 2130 &oi-ius.
1248 2105 1297 2130 sec.
1307 2104 1380 2129 Helia.
1391 2111 1479 2140 quart.
1490 2105 1542 2137 Εᾷ.
1561 2103 1645 2131 solum
1658 2104 1737 2132 restat
1747 2105 1815 2132 Elide
1824 2105 1851 2133 in
1862 2105 1959 2141 quinto
1971 2123 1981 2138 ‚
1999 2103 2094 2133 codice

1122 2149 1175 2166 non
1187 2140 1300 2167 nimium
1320 2139 1402 2166 bono.

1166 2183 1208 2209 14.
1219 2177 1347 2203 Deluhrum
1355 2175 1492 2212 videmus]
1505 2175 1638 2204 Pallcduo
1647 2176 1750 2214 priores
1761 2177 1788 2205 &
1799 2177 2009 2214 quiiitmidimus,
2019 2175 2094 2214 quod

1123 2211 1188 2239 &in
1202 2212 1385 2239 Gulielmiano
1397 2213 1428 2239 Ρ.

1166 2257 1176 2275 1
1185 2257 1209 2281 5.
1232 2249 1340 2274 Arcades
1351 2251 1448 2274 Corium
1457 2250 1607 2284 nominant]
1628 2249 1697 2276 Pall.
1707 2258 1751 2286 pr.
1760 2249 1810 2277 sec.
1821 2256 1886 2278 tert.
1896 2250 1984 2286 quint.
1995 2253 2095 2278 Cariam

1104 2311 1106 2324 Ι
1123 2292 1212 2320 quart.
1231 2287 1323 2310 Carion.
1352 2284 1498 2313 Lambinus
1519 2286 1636 2323 reposuit
1654 2287 1816 2321 Coryphafiam
1826 2306 1836 2320 ,
1855 2287 1968 2315 nimium
1988 2286 2092 2314 secutus

1123 2319 1307 2355 conjee'turam
1320 2320 1350 2346 P.
1362 2320 1477 2347 Vistoi-ii
1489 2340 1498 2353 ‚
1524 2331 1604 2357 quam
1615 2321 1735 2358 prodidit
1755 2322 1825 2349 libro
1836 2332 1879 2349 xi.
1900 2323 2002 2349 Vatinia
2023 2321 2091 2349 lest.

1124 2365 1181 2392 cap.
1196 2365 1204 2383 ι
1214 2366 1239 2390 5.
1260 2356 1356 2392 quippe
1367 2355 1430 2383 licet
1441 2357 1578 2385 Arnobius
1589 2368 1619 2386 ac
1629 2358 1756 2386 Clemens
1768 2358 1904 2385 Alexand.
1915 2358 2092 2386 meminerint

1123 2394 1272 2427 Cmyffloafiae,
1284 2393 1436 2420 adscribunt
1447 2393 1541 2427 iidem,
1555 2393 1588 2420 fic
1597 2393 1697 2421 dietam
1709 2394 1856 2426 Meffeniis,
1868 2394 1941 2428 cujus
1953 2394 1980 2420 &
1993 2395 2092 2421 memi-

1123 2429 1165 2456 nit
1176 2428 1314 2456 Pausanias
1329 2429 1355 2455 in
1367 2428 1543 2457 Messeniacis.
1565 2430 1663 2457 Cicero
1674 2430 1732 2457 heic
1741 2430 1774 2457 de
1786 2430 1934 2458 Arcadibus
1947 2430 2089 2466 loquitur,-

1122 2464 1190 2501 apud
1202 2474 1268 2502 quos
1278 2467 1373 2492 Cariam
1382 2465 1493 2497 cultam,
1504 2467 1614 2493 testatur
1624 2466 1693 2493 idem
1705 2466 1731 2493 in
1745 2466 1861 2494 Arcadia
1872 2466 2018 2493 Pausanias.
2029 2475 2088 2502 qiiae

1123 2502 1230 2564 momfii't'
1240 2510 1283 2528 me
1292 2502 1376 2538 patris
1384 2501 1424 2528 sui
1436 2503 1506 2530 notis
1518 2522 1526 2536 ,
1546 2503 1578 2530 P.
1589 2503 1723 2530 Puteanus
1735 2522 1744 2535 ,
1753 2510 1828 2540 patre
1839 2502 1955 2531 Claudio
1964 2502 2088 2540 digiiissi-

1123 2546 1180 2564 mus
1214 2547 1274 2565 iius.
1849 2559 1852 2562 .

1163 2574 1206 2600 16.
1225 2577 1362 2600 Pinnarum
1371 2576 1466 2601 talaria
1475 2575 1595 2637 affgmsp]
1609 2574 1682 2602 Editi
1694 2575 1709 2602 :i
1720 2574 1844 2602 Viftorio
1857 2576 1978 2610 tifflngunt.
1990 2573 2034 2602 sed
2045 2574 2087 2603 ai·-

1118 2616 1205 2638 terum
1217 2607 1335 2637 remanet
1345 2610 1371 2636 in
1385 2611 1477 2638 nosti-is
1499 2611 1590 2648 criptis
1605 2612 1634 2637 δε
1644 2611 1709 2638 cusis
1720 2611 1926 2652 antiquioribus.
1984 2607 1989 2612 ⁵

1162 2654 1203 2681 17.
1222 2648 1316 2673 Tertius
1324 2646 1414 2681 quidem
1423 2649 1458 2673 ef?
1466 2650 1568 2674 Anteros
1580 2666 1588 2679 ,
1607 2647 1673 2681 ὡκ]
1696 2647 1841 2674 Lambinus
1860 2646 1962 2675 delevit
1980 2648 2086 2682 quidm,

1121 2689 1247 2719 tanquam
1258 2682 1457 2719 supervacuum.
1478 2683 1506 2709 δε
1519 2684 1581 2709 vero
1594 2683 1733 2710 annotavit
1743 2683 1906 2710 Gulielmius
1917 2683 2000 2710 abesse
2013 2703 2020 2715 ‚
2032 2693 2084 2712 una

1120 2728 1180 2745 cum
1190 2722 1227 2745 ef?
1236 2739 1244 2751 ,
1265 2718 1310 2745 suo
1320 2719 1352 2744 P.
1362 2718 1405 2745 sed
1417 2718 1488 2745 enim
1499 2719 1561 2745 cum
1581 2726 1658 2746 extet
1669 2720 1694 2745 in
1706 2719 1775 2746 Pali.
1786 2727 1899 2756 quatuor
1910 2721 1938 2746 δε
1950 2719 2086 2747 metor-ia-

1120 2755 1174 2787 nis,
1185 2755 1354 2782 reformat-im
1366 2755 1453 2791 potius
1464 2755 1503 2786 in,
1515 2755 1642 2790 uniusque
1651 2755 1710 2781 idem
1719 2758 1754 2782 ef?
1763 2759 1876 2788 Anteros,
1890 2756 1942 2787 &a
1961 2763 1992 2783 ut
2002 2756 2085 2792 respi-

1121 2792 1171 2818 ciat
1182 2791 1213 2818 :id
1224 2801 1253 2818 ea
1263 2800 1319 2827 quae
1329 2791 1408 2827 paulo
1418 2797 1496 2818 antea
1505 2790 1622 2819 dixerat.
1643 2800 1704 2818 iiam
1715 2791 1802 2828 quint.
1814 2791 1898 2819 solum
1908 2791 1987 2820 habet
2000 2811 2009 2825 ,
2027 2793 2086 2819 Ter·
2136 2797 2139 2799 ’

1118 2831 1169 2854 rius
1182 2829 1339 2855 Antheneros.
2074 2836 2077 2839 ·

1160 2864 1202 2890 18.
1221 2867 1313 2898 (Atque
1321 2865 1366 2889 hac
1374 2862 1466 2897 quidem
1475 2863 1606 2898 ejusmodi]
1629 2863 1783 2900 Elegantius
1795 2863 1863 2892 istud
1875 2864 1962 2892 multo
1975 2883 1982 2896 ‚
2000 2864 2082 2900 quaint

1121 2898 1248 2926 haetenus
1268 2899 1404 2935 vulgatum
1419 2918 1427 2932 ,
1446 2903 1538 2933 mique
1554 2901 1599 2925 haec
1616 2901 1708 2933 quidem
1726 2907 1798 2934 atque
1814 2901 1932 2935 ejusmodi.
1952 2904 2025 2927 certe
2045 2900 2086 2927 se-

1121 2935 1235 2962 cuudum
1246 2934 1316 2962 illud
1326 2942 1397 2969 atque
1409 2954 1417 2968 ‚
1437 2944 1488 2962 non
1499 2935 1570 2963 estin
1583 2935 1640 2962 Pal.
1658 2936 1740 2972 prim.
1750 2936 1856 2964 secund.
1866 2943 1955 2972 quart.
1976 2937 2084 2973 quinto,

1125 2978 1155 2998 ut
1166 2972 1249 2998 necin
1263 2972 1294 2997 P.

1161 3016 1205 3043 ¹9·
1216 3009 1334 3041 >§Quum
1349 3016 1427 3033 rerum
1436 3008 1541 3033 iitiIitate
1553 3027 1561 3039 ,
1578 3007 1647 3034 viAco
1655 3010 1726 3035 etiam
1736 3027 1745 3041 ‚
1765 3007 1833 3043 dra]
1855 3008 1897 3035 Sic
1908 3008 1967 3035 Pal.
1978 3015 2040 3036 tert.
2053 3008 2083 3036 δι·

1122 3051 1210 3081 quart.
1222 3043 1264 3070 sed
1274 3043 1356 3070 ceteri
1370 3063 1377 3075 ‚
1387 3045 1515 3069 utilitatem
1524 3044 1591 3070 video
1603 3064 1611 3076 ,
1620 3045 1688 3071 video
1697 3047 1769 3071 etiam
1780 3063 1789 3078 ,
1799 3046 1851 3077 εἴγε.
1873 3045 1944 3082 quod
1956 3044 2082 3073 Ciceroni

159 1969 186 1988 π.
204 1963 298 1989 {Arum
306 1961 383 1995 Jab‘fi
392 1979 400 1992 ‚
418 1961 530 1992 Camiri,
547 1960 577 1990 ὼ
595 1958 695 1993 Lindi.]
716 1959 776 1985 Vox
788 1966 861 1984 avum
881 1966 931 1984 non
942 1957 1016 1985 estin
1029 1958 1086 1985 ullo

121 1996 182 2024 Pal.
192 2004 238 2024 aut
249 1998 278 2024 Ρ.
290 1997 335 2033 qui
346 1996 409 2022 licet
419 1995 605 2022 mendoiilliini
624 2003 716 2022 omnes
731 2014 739 2026 ,
758 1993 904 2021 anneCstuiit
915 1994 990 2020 Lindo
1001 1994 1087 2021 nescio

124 2042 205 2070 quein
225 2033 332 2060 nomine
349 2032 443 2063 Rhodi,
470 2038 516 2058 aut
533 2032 614 2058 rhodi.
643 2030 781 2057 Vistorius
801 2029 887 2056 edidit
911 2030 998 2056 dicitur
1015 2033 1087 2065 Jaly—

117 2072 201 2105 fium,
219 2072 340 2096 Camirum
352 2088 360 2101 ,
378 2069 494 2095 Lindum.
521 2066 565 2095 sed
584 2066 670 2095 casum
690 2066 768 2093 illum
787 2073 913 2103 quartum
931 2066 1013 2094 nostri
1033 2077 1085 2094 non

126 2106 363 2175 agg?¹}i¹¹cii›-ten.]
385 2140 443 2168 Pal.
472 2149 494 2167 r.
504 2145 569 2167 tert.
580 2145 669 2175 quart.
680 2139 709 2166 δε
719 2139 751 2165 Ρ.
761 2140 856 2165 Circam
868 2157 876 2171 ,
887 2147 946 2175 quae
955 2138 1086 2167 termina-

124 2178 165 2208 tio
175 2178 268 2205 visitur
278 2186 384 2214 quoque
394 2177 420 2203 in
433 2177 452 2202 P
466 2183 539 2203 auto.

160 2223 187 2251 3.
206 2217 234 2240 In
242 2216 305 2250 Qlo
316 2220 390 2239 natus
407 2213 494 2246 opas.]
515 2211 729 2248 Praepofitionein
747 2214 773 2238 in
782 2209 888 2239 addidit
909 2211 1026 2248 primum
1036 2211 1086 2238 Vi-

122 2249 236 2282 rstorius3
248 2251 276 2277 &
287 2249 372 2286 reperi
384 2249 408 2276 in
421 2249 578 2283 pariatque
590 2249 620 2274 P.

158 2294 187 2320 4.
206 2288 315 2320 Qartus
324 2287 431 2312 Menalio
439 2285 542 2318 naum]
563 2284 632 2310 Pail.
642 2287 668 2310 ln
677 2285 791 2315 Menolr'o,
800 2284 913 2310 Memalio
925 2302 935 2316 ,
944 2285 971 2310 in
980 2285 1084 2317 Emalio,

125 2325 247 2350 Inemalio.
269 2321 335 2350 nihil
346 2329 433 2348 tamen
443 2320 575 2347 differunt
585 2321 599 2346 a
611 2319 760 2347 seinvicem
771 2320 848 2347 editi.

161 2368 187 2394 5.
206 2363 249 2385 Die
258 2357 359 2393 matre]
381 2358 424 2384 Sic
434 2356 492 2384 Pal.
502 2355 610 2384 secund.
629 2362 792 2392 tert..quart.
807 2358 900 2383 verum
910 2365 952 2393 pr.
973 2356 1083 2392 quintus

124 2395 154 2422 ἃ
173 2395 203 2421 P.
216 2398 274 2421 Dia.

158 2431 185 2457 6.
207 2428 524 2464 941Ifirbterriehchtitr.]
547 2428 794 2461 Lambiiiiis‚habet.
814 2437 849 2455 ex
860 2427 916 2455 mss.
928 2428 1029 2465 inquit,
1040 2428 1083 2456 sed

121 2466 202 2494 nostri
215 2466 282 2493 Pari.
302 2466 420 2501 quinque
438 2475 490 2492 non
509 2464 711 2500 adstipulantur.
733 2472 885 2500 propugnat
903 2472 992 2492 tamen
1014 2467 1084 2491 habet

120 2502 192 2531 illud
202 2512 250 2538 pro
259 2503 354 2528 habitat
363 2521 371 2534 ,
383 2501 495 2538 positum
508 2521 517 2534 ,
535 2501 661 2529 Gifanius
673 2521 682 2534 ‚
693 2500 919 2529 observationibus
929 2501 980 2528 fiiis
989 2501 1017 2529 in
1029 2501 1082 2529 lin-

119 2548 200 2576 guam
218 2538 351 2565 Latinam.

157 2583 185 2610 7.
207 2578 234 2600 In
245 2577 386 2610 AEgypttcm
395 2573 542 2608 pmfirgssh]
565 2573 608 2604 Est
619 2574 634 2600 ἐι
645 2572 801 2606 Laeuiano,
810 2573 848 2600 ita
859 2573 947 2601 locum
958 2573 1083 2603 laudante

120 2610 191 2643 libro
204 2620 224 2637 1.
236 2611 330 2637 Divin.
341 2610 405 2637 inst.
415 2619 471 2645 cap.
482 2610 510 2636 6.
520 2616 550 2637 ut
559 2609 679 2646 prodidit
689 2610 804 2645 primum
815 2610 913 2645 Xystus
923 2610 1080 2644 Betulejus:

119 2646 301 2683 acceduntque
311 2646 421 2673 omnino
433 2645 500 2672 Pali.
511 2655 571 2673 nam
583 2653 646 2672 tert.
657 2648 797 2682 ussgyptum
803 2646 929 2679 prefuisse,
940 2654 979 2680 pr.
990 2649 1080 2683 ,ΛΕ-(7-

119 2690 159 2716 pto
172 2683 294 2717 profiriffi.
311 2681 361 2708 sec.
372 2684 517 2717 stgjpmm
529 2683 664 2716 profugiffi.
683 2689 772 2718 quart.
791 2681 880 2718 quint.
900 2685 1082 2718 stgyptoprae-

114 2720 198 2753 finisti,
210 2726 240 2746 ut
251 2719 324 2746 retro
337 2718 449 2753 vulgati.

158 2754 186 2782 8.
205 2756 275 2781 thoth
292 2755 436 2789 appellant]
458 2754 502 2780 Sic
519 2753 588 2780 idem
601 2753 769 2780 LaEtantius.
789 2760 816 2781 at
827 2753 884 2780 mss.
903 2753 1022 2781 nostri&
1033 2753 1082 2780 Vi-

119 2790 203 2818 &orii
213 2792 287 2825 ‘rheyn
298 2790 339 2818 vel
348 2792 430 2817 rhein.
451 2789 536 2817 Aldus
555 2799 619 2817 avus
638 2791 731 2824 Thoytb.
751 2789 1083 2817 Camerariusx‘rheumtem.

123 2826 210 2854 Aldus
221 2836 302 2863 nepos
310 2828 401 2853 woirh.
413 2827 458 2853 Pal
465 2846 471 2852 .
483 2833 570 2862 quart.
582 2826 690 2853 exhibet
699 2827 783 2852 rhem.
794 2826 882 2862 quint.
893 2827 988 2856 rheni„

158 2871 187 2899 9.
205 2866 264 2889 Cum
274 2866 333 2897 Jroe
339 2863 410 2897 ipſsa]
433 2862 512 2889 Haud
522 2862 602 2890 aliter
611 2862 726 2889 Palatini
738 2862 839 2898 priores
857 2860 901 2888 sed
911 2862 982 2889 enim
992 2869 1084 2898 quart.

123 2899 213 2935 quint.
224 2900 254 2925 P.
265 2900 292 2924 δε
304 2898 445 2926 Wonoerii
456 2898 542 2926 codex
553 2908 633 2929 unus,
644 2908 695 2923 cum
705 2901 766 2932 Jove
776 2900 854 2924 tertio.

164 2943 205 2960 io.
224 2935 304 2960 Terriae
309 2942 379 2968 pater
389 2934 442 2967 Upis
451 2935 586 2969 traditum]
606 2933 720 2961 Vifiiorii
732 2933 774 2960 ed.
784 2937 865 2961 Tertia
871 2940 943 2967 patre
954 2936 997 2967 Upi
1005 2935 1084 2962 tradi-

123 2977 165 2997 tur
176 2989 184 3002 ,
204 2971 297 2996 Glauca
305 2977 390 2997 matre.
409 2970 451 2998 sed
463 2971 496 2998 fic
505 2971 593 2998 nullus
604 2971 755 2998 nostrorum
768 2989 777 3002 ,
796 2970 843 2997 nisi
854 2969 924 3007 quod
936 2969 987 2997 sec.
1005 2971 1085 2997 Tertia

124 3014 205 3041 epatre
215 3006 269 3038 Upis
277 3007 396 3032 traditur.
406 3007 494 3042 quint.
503 3009 583 3034 Tei-ria
588 3014 661 3041 pater
670 3008 724 3040 Upis
733 3007 801 3033 trad.

166 3051 206 3069 ir.
227 3044 278 3074 Q}
291 3041 369 3074 Nisan
386 3042 475 3068 dicitur
490 3044 652 3077 interemisse]
675 3044 717 3069 lta
726 3043 806 3069 etiam
819 3042 874 3069 fei-e
885 3051 977 3069 omnes
989 3042 1081 3074 nostri,

122 3079 199 3114 ,quod
210 3077 309 3109 indico,
321 3083 350 3105 ut
358 3076 441 3106 sciant
451 3079 549 3107 eruditi
561 3098 571 3112 ,
589 3079 655 3107 nihil
665 3079 703 3106 eis
713 3078 776 3106 inde
785 3079 880 3107 auxilii
900 3078 933 3106 ad
943 3078 1083 3113 conjetstu-
1122 3080 1167 3106 sno
1178 3080 1284 3106 invexit
1294 3078 1448 3110 ViStoriu53
1467 3089 1517 3106 non
1533 3079 1687 3107 neceffirio.

124 3122 167 3143 ras
179 3114 245 3140 fuas.
1158 3124 1205 3143 ιο,
1224 3117 1292 3148 §Qod
1299 3116 1490 3150 mfirandumfit
1498 3116 1639 3153 laborata]
1659 3117 1774 3146 Mallem
1784 3116 1911 3154 ablegatis
1922 3116 1991 3147 binis
2003 3125 2088 3143 vocu-

160 3157 190 3178 ιι
198 3169 205 3178 ,
223 3152 268 3178 Cui
276 3150 446 3185 Sabaziafimt
456 3151 593 3190 institutas]
608 3151 652 3184 Est
662 3152 678 3183 a
687 3151 791 3191 sigonii
802 3151 874 3184 libro
887 3159 988 3187 vetere,
998 3159 1029 3182 iit
1039 3151 1079 3181 iii·
1120 3151 1165 3188 lis,
1178 3152 1336 3188 miserandum
1346 3152 1469 3181 laboratis.
1483 3188 1506 3217 F
1516 3186 1598 3217 πῃ
1605 3187 1642 3217 Η

1995 3195 2006 3214 1
2014 3206 2019 3214 .
2032 3188 2083 3213 Γ-ἶΰς
