2297 3389
33 2702 50 2719 l

698 128 827 175 [ΑΒ.
863 128 954 176 IV.
1006 141 1073 177 1N
1118 130 1174 176 C.
1209 127 1498 179 VERREM.

100 198 105 219 ἶ
140 208 207 241 fint.
231 217 342 253 negent
358 210 386 241 ei
400 209 470 241 navi
480 205 627 239 faciundae
637 206 806 238 senatorem
817 210 1035 239 Mamertinum
1047 220 1106 251 pu-

142 252 220 283 blice
240 251 410 293 praefuiss'e?
429 253 546 282 utinam
561 259 679 292 negent.
713 253 789 281 Sunt
806 253 897 281 etiam
911 260 1021 284 cetera,
1041 262 1106 292 quae

142 295 225 325 malo
235 297 348 336 integra
358 294 501 324 reservare
511 313 520 325 ‚
541 301 574 322 ut
583 291 673 333 quam
685 293 855 322 minimum
865 290 899 322 sit
912 292 973 322 illis
984 295 1108 333 temporis

142 336 177 366 ad
189 335 398 367 meditandum
409 355 417 368 ‚
429 333 734 375 confirmandumque
753 335 931 374 perjurium.
964 336 1038 364 Haec
1051 335 1105 364 tibi

142 377 274 409 laudatio
291 376 430 417 procedat
447 376 481 406 in
500 385 675 405 numerum.
700 376 731 405 hi
742 384 769 406 te
780 376 923 406 homines
932 375 1106 406 auotoritate

143 419 193 449 sua
201 419 357 449 sublevent
369 429 374 447 :
394 419 447 459 qui
459 427 485 448 te
495 427 592 458 neque
603 417 713 447 debent
723 417 873 456 adjuvare,
884 415 905 447 fi
913 415 1037 457 poffint:
1050 427 1104 447 ne-

141 470 198 500 que
207 458 347 499 possunt,
370 457 389 489 fi
400 459 512 490 velint:
529 459 639 499 quibus
661 468 693 489 tu
711 461 852 499 privatim
872 460 997 498 injurias
1010 459 1105 499 pluri-

141 511 216 535 mas,
229 502 485 542 contumeliasque
497 500 670 541 imposuisti
682 512 687 530 .·
701 511 762 542 quo
772 503 804 531 in
815 501 928 542 oppido
940 502 1049 531 multas
1061 500 1103 531 fa-
1126 519 1127 546 i

139 543 240 573 milias
255 543 282 572 in
295 551 458 585 perpetuum
471 544 596 582 infameis
606 545 664 572 tuis
675 542 793 583 stupris,
807 542 984 585 flagitiisque
992 542 1100 572 fecisti.
1125 568 1127 588 t
1169 583 1174 587 ,
1397 583 1401 587 ἱ
1486 584 1490 585 ⁷

1125 592 1126 596 ¹
1145 590 1288 612 vitarunt.
1313 594 1362 613 rne
1373 594 1445 614 cum
1457 586 1525 616 dico
1537 608 1544 621 ,
1558 589 1621 618 leve
1632 590 1682 620 est.
1707 595 1878 625 Senatorem
1892 598 1994 636 populi
2007 600 2102 628 Rom.

139 587 178 614 At
194 583 305 625 publice
325 584 513 621 commodasti.
540 587 614 615 Non
626 583 686 615 fine
696 595 807 626 magno
818 585 941 626 quidem
952 586 1023 624 reip.
1034 594 1103 625 pro-

136 628 306 668 vinciaeque
315 628 424 658 Siciliae
443 627 636 657 detrimento.
660 628 769 657 Tritici
787 625 928 657 modium
945 636 989 656 Lx
1005 626 1109 656 millia,

138 676 217 698 emta
227 669 342 708 populo
353 671 446 700 Rom.
461 669 526 699 dare
537 668 686 699 debebant
695 687 704 702 ,
718 669 750 698 &
762 668 905 699 solebant.
932 667 982 697 abs
997 677 1024 698 te
1035 668 1100 698 solo

136 708 295 740 remiffum
309 710 360 741 est.
383 711 472 750 Resp.
487 711 706 741 detrimentum
723 709 814 743 fecit,
836 709 916 751 quod
936 719 987 749 per
997 718 1024 739 te
1040 711 1100 739 im-

135 877 204 917 plus
214 876 388 918 impositum
399 898 408 911 ,
428 877 519 918 quam
530 876 606 906 ferre
614 875 742 916 possent.
774 879 894 907 Navem
905 878 1049 917 imperare
1059 887 1099 906 ex

136 971 283 1002 umquam
295 959 459 1009 poposcisti
475 970 528 1000 per
542 969 699 990 totannos.
722 959 818 991 fecisti
830 963 903 991 item
915 962 961 989 uri
968 961 1098 1000 pr'aeslmzss

133 1095 204 1115 rum
214 1087 304 1116 etiam
315 1086 411 1126 praeda
421 1096 497 1127 quos
507 1095 644 1127 augeant,
660 1086 693 1116 δε
703 1095 753 1115 eos
765 1086 913 1119 maxime,
923 1088 974 1127 qui
985 1087 1097 1116 habent

131 1127 280 1167 oppidum
295 1136 466 1168 opportuno
475 1128 556 1162 loco,
568 1126 630 1168 quo
641 1127 715 1168 saepe
725 1127 899 1158 adeundum
912 1127 944 1158 sit
953 1128 1091 1161 navibus,

132 1263 226 1283 num:
244 1255 330 1293 Lycii
341 1253 425 1284 illam
435 1273 444 1287 ,
457 1255 553 1284 Graeci
565 1254 706 1283 homines
717 1273 725 1287 ,
746 1254 930 1284 incolebant.
948 1254 997 1284 sed
1010 1253 1092 1294 quod

132 1304 191 1324 erat
203 1295 353 1334 ejusmodi
364 1296 433 1325 loco
442 1316 451 1329 ‚
464 1304 550 1336 atque
563 1297 601 1325 ita
609 1294 740 1335 projezfibi
750 1297 783 1325 in
793 1296 887 1326 altum
900 1316 908 1328 2
931 1304 964 1325 ut
973 1296 1005 1326 &
1017 1300 1026 1315 ¹
1039 1306 1092 1325 ex-

131 1345 237 1367 euntes
251 1336 268 1367 ἐ
279 1338 384 1367 Cilicia
392 1337 547 1377 praedones
560 1337 634 1376 saepe
653 1336 688 1366 ad
705 1347 771 1367 eam
790 1336 953 1367 neceflano
967 1337 1092 1367 deveni-

130 1387 213 1409 rent:
234 1379 285 1412 ὃς,
307 1377 378 1409 cum
390 1389 428 1409 ex
438 1379 518 1408 hisce
535 1379 564 1408 se
581 1379 655 1408 locis
673 1380 854 1419 reciperent,
875 1379 983 1409 eodem
994 1379 1092 1409 defer-

129 1429 251 1450 rentur:
267 1420 514 1459 aftiveruntilliid
525 1419 577 1450 s1bi
587 1419 735 1460 oppidum
745 1422 844 1460 piratae
855 1441 864 1455 ,
883 1419 985 1462 primo
1003 1431 1090 1452 com-
1112 1455 1113 1459 Ἰ

69 1466 113 1492 10
135 1463 268 1495 mercio‚
290 1462 399 1492 deinde
412 1464 503 1493 etiam
514 1463 663 1493 societate.
687 1464 867 1493 Mamertina
884 1465 1005 1497 civitas,
1028 1465 1089 1493 im-
1111 1503 1112 1506 Ἰ

128 1504 220 1544 proba
238 1513 322 1534 antea
337 1514 402 1535 non
420 1514 497 1534 erat:
525 1506 616 1534 etiam
637 1513 696 1534 erat
713 1506 839 1535 inimica
856 1505 1069 1545 improborum
1084 1516 1088 1534 :

127 1555 193 1586 quae
206 1548 238 1575 C.
250 1548 391 1580 Catonis,
407 1546 489 1576 illius
501 1569 512 1581 ,
530 1547 582 1587 qui
592 1546 697 1576 consul
709 1545 783 1580 fuit,
804 1548 1024 1587 impedimenta
1042 1557 1089 1577 re—

127 1589 229 1618 tinuit.
252 1597 280 1618 at
289 1598 375 1628 cujus
385 1590 521 1618 hominis
532 1586 713 1622 ?clariffimi‚
725 1592 739 1608 2
747 1588 1002 1630 potentiffimique
1016 1591 1087 1630 3qui

126 1638 230 1660 tamen
239 1628 553 1664 cumconsulfuiss'et,
569 1630 789 1661 condemnatus
798 1630 849 1661 est.
874 1634 932 1664 Ita,
950 1634 981 1661 C.
994 1634 1085 1665 Cato,

126 1670 257 1701 duorum
276 1673 442 1702 hominum
459 1671 691 1703 clatiffimorum
711 1682 805 1713 nepos
822 1693 830 1706 ‚
859 1675 893 1703 L.
913 1673 1006 1704 Paulli
1025 1694 1033 1707 ,
1055 1674 1088 1703 &

127 1714 172 1742 M.
186 1715 326 1748 Catonis,
351 1714 384 1744 δε
400 1713 577 1745 P.Africani
596 1714 704 1744 sororis
724 1713 805 1744 filius
822 1715 862 1756 (q

123 1762 190 1785 tum
203 1775 210 1788 ,
226 1754 298 1785 curn
316 1756 416 1786 severa
431 1756 545 1796 judicia
555 1754 685 1797 fiebant)
704 1766 758 1787 H-s
778 1767 871 1787 XVIII
892 1757 1031 1788 millibus
1049 1758 1086 1787 lis

122 1795 268 1827 aestimata
279 1795 330 1827 est.
357 1801 369 1825 3
379 1799 449 1828 huic
458 1800 635 1828 Mamertini
646 1800 711 1829 irati
721 1797 861 1834 fuerunt3
874 1802 923 1840 qui
935 1801 1083 1837 majorem

124 1838 257 1869 sumtum
269 1858 277 1872 ,
295 1838 398 1879 quarn,
409 1842 512 1880 quanti
523 1842 645 1870 Catonis
656 1841 693 1870 lis
703 1840 844 1872 aestimata
853 1842 905 1875 est,
918 1844 950 1871 in
960 1844 1084 1872 Timar-

123 1880 221 1911 chidis
227 1881 379 1922 prandium
388 1882 461 1921 saepe
469 1880 612 1912 fecerunt.
638 1881 753 1912 Verum
765 1883 827 1912 haec
837 1885 940 1913 civitas
950 1883 997 1913 isti
1008 1893 1082 1923 pra:-

123 1922 217 1956 doni,
232 1933 265 1953 ac
274 1924 372 1963 piratae
381 1921 526 1953 Siciliensi
535 1923 661 1954 Phaselis
675 1923 741 1954 fuit.
765 1925 824 1954 huc
835 1927 939 1954 omnia
948 1925 1082 1965 undique
1104 1946 1105 1953 1

119 1963 370 2004 deportabantur,
387 1965 464 2005 apud
476 1963 548 1996 istos
556 1965 816 2005 relinquebantur:
833 1966 913 2007 quod
924 1967 1081 2008 cerariopus

120 2014 181 2035 erat
192 2026 200 2040 ,
215 2006 362 2036 habebant
370 2005 529 2046 sepositum
540 2026 549 2040 ‚
570 2016 601 2036 ac
611 2007 819 2037 reconditum:
836 2017 891 2048 pei·
904 2007 993 2041 istos,
1015 2018 1080 2048 quae

120 2047 258 2082 volebat,
278 2049 311 2078 in
327 2058 436 2078 navem
446 2048 524 2078 clam
535 2049 740 2088 imponenda,
761 2050 878 2079 occulte
897 2050 1081 2090 exportanda

118 2088 253 2120 curabat:
273 2091 375 2120 navim
388 2089 519 2130 denique
529 2092 696 2120 maximam
711 2111 721 2123 ‚
744 2101 833 2131 quam
844 2091 982 2121 onustam
992 2091 1079 2122 furtis

864 1725 904 1745 uo
923 1715 1064 1746 damnato
1076 1736 1085 1750 ‚
1108 1745 1109 1748 ,

119 2132 154 2160 in
163 2131 281 2161 Italiam
292 2133 433 2165 mitteret,
446 2131 522 2171 apud
531 2131 603 2161 istos
614 2131 781 2162 faciendam
794 2153 801 2166 ,
814 2131 1079 2174 aedificandamque
1100 2157 1101 2176 3

1099 2187 1100 2193 ,
1120 2173 1361 2214 perveniffentne
1370 2180 1584 2219 Agrigentum:
1604 2181 1868 2221 dixitpei·x'enisst.
1893 2183 2035 2224 Quaesivi,
2047 2197 2086 2217 ati

115 2174 240 2203 curavit.
258 2180 309 2214 pro
321 2173 392 2213 hisce
401 2172 479 2202 rebus
489 2193 497 2207 ,
517 2175 633 2203 vacatio
643 2173 707 2203 data
717 2173 760 2204 est
769 2174 805 2204 ab
816 2174 872 2204 isto
883 2175 998 2205 sumtus
1007 2196 1015 2209 ‚
1037 2178 1079 2205 ia-

116 2214 218 2248 boris,
238 2215 377 2247 militiae,
404 2225 506 2245 rerum
523 2215 654 2256 denique
670 2218 827 2246 omnium.
848 2226 900 2256 pei·
911 2219 1076 2247 triennium
1098 2235 1100 2261 3

115 2255 172 2287 soli
182 2266 246 2286 non
259 2255 354 2287 modo
364 2258 398 2287 in
407 2257 525 2296 Sicilia,
545 2257 651 2286 verum
663 2277 672 2291 ‚
695 2266 727 2288 ut
737 2259 844 2297 opinio
860 2268 927 2288 mea
942 2258 1000 2288 fert
1010 2279 1018 2292 ‚
1040 2260 1079 2288 lm

114 2297 228 2338 quidem
241 2297 426 2339 temporibus;
444 2300 477 2328 in
486 2301 574 2328 omni
587 2298 659 2328 orbe
669 2308 810 2329 terrarum
823 2321 831 2333 ,
853 2302 939 2331 vacui
951 2321 959 2334 ‚
971 2311 1075 2342 exper-

114 2349 157 2370 tes
167 2360 176 2373 ‚
189 2340 278 2371 soluti
288 2351 321 2370 ac
331 2340 418 2370 liberi
429 2339 552 2371 fuerunt
561 2340 596 2371 ab
607 2343 695 2370 omni
706 2342 804 2372 sumtu
816 2362 824 2375 ‚
837 2342 975 2373 molestia
986 2363 993 2376 ‚
1006 2353 1076 2373 rnu-

65 2376 76 2403 '›
114 2391 195 2412 nere.
219 2383 290 2412 hinc
302 2382 354 2412 illa
369 2383 464 2412 Verrea
477 2392 543 2413 nata
552 2383 632 2413 sunt:
653 2385 750 2413 4hinc
763 2385 795 2413 in
807 2387 986 2415 convivium
1004 2389 1071 2416 Sex.

1156 208 1264 255 pulum
1275 211 1454 242 Romanum
1468 210 1575 243 habere
1584 211 1698 244 debetis
1709 217 1719 246 ἓ
1730 217 1838 258 Ecqiiae
1846 206 1952 250 civitas
1963 217 2015 255 est,
2032 224 2045 247 5
2053 231 2118 253 non

1154 260 1185 278 in
1204 253 1369 290 provinciis
1388 253 1515 287 nostris,
1537 254 1644 286 verum
1663 258 1695 287 in
1711 258 1827 289 ultimis
1843 262 2045 295 arationibus,
2066 273 2117 294 aut

1153 299 1212 320 tam
1223 302 1330 332 potens
1341 315 1349 328 ,
1362 304 1411 325 aut
1420 304 1480 326 tam
1492 296 1591 331 libera,
1606 304 1656 328 aut
1665 301 1754 330 etiarn
1767 309 1827 331 tarn
1838 303 1994 337 immanis,
2006 315 2038 334 ac
2048 304 2114 335 bai·-

1131 328 1133 342 *
1154 331 1235 363 bara:
1254 337 1322 364 Rex
1333 336 1462 378 denique
1472 340 1574 379 ecquis
1584 339 1626 370 cst
1636 360 1645 374 ‚
1659 343 1711 381 qui
1721 342 1888 374 senatorem
1898 347 2003 386 populi
2015 349 2109 377 Rom.

1129 389 1131 394 .
1150 371 1164 391 ⁶
1175 373 1253 404 (εᾶὶο
1263 395 1270 408 ,
1285 386 1317 406 ac
1326 377 1421 408 domo
1431 389 1495 409 non
1506 382 1633 414 invitet?
1654 385 1706 423 qui
1717 385 1816 415 honos
1827 396 1890 416 non
1903 387 2112 427 homi'nifhibma

1150 414 1273 461 habe-tiu·
1283 437 1291 449 ‚
1303 418 1350 464 sed
1362 420 1498 459 prirni'iin
1510 424 1623 462 populo
1634 426 1787 460 Romano,
1799 430 1883 466 cujus
1894 427 2042 460 beneficio
2053 427 2113 460 rios

1147 466 1180 503 in
1192 457 1272 487 hunc
1282 459 1422 506 ordinem
1434 466 1574 493 venimus
1586 465 1709 496 :deinde
1719 468 1834 499 ordinis
1843 470 2011 502 andstoritati
2023 493 2030 505 ,
2043 483 2110 513 qiiae

1149 497 1203 545 nisi
1217 509 1312 545 graVis
1322 510 1376 531 erit
1395 504 1494 541 7apud
1509 505 1602 536 socios
1613 527 1620 539 ‚
1641 509 1673 537 in
1684 518 1796 540 exteras
1807 514 1944 543 nationes
1955 533 1964 547 ,
1982 514 2033 544 ubi
2052 517 2109 545 erit

1147 543 1269 579 imperii
1278 551 1393 571 nomen
1407 544 1437 573 ὃς
1447 544 1573 584 dignitas
1584 554 1593 578 ἓ
1603 550 1780 581 Mamertini
1791 563 1840 582 me
1850 554 1970 593 publice
1982 565 2047 586 non
2058 558 2107 586 in-

1146 621 1165 651 si
1176 632 1238 653 non
1250 626 1452 656 invitaverunt
1463 648 1470 659 ‚
1491 629 1639 660 honorem
1651 633 1786 665 debitum
1796 636 1988 669 detraxerunt
1998 659 2006 672 ,
2028 635 2041 658 ⁸
2053 651 2105 669 iiotz

1145 665 1317 705 liomini,s‘ed
1328 667 1426 697 ordini.
1451 671 1531 699 Nam
1544 670 1595 709 ipsi
1606 674 1712 704 Tullio
1721 677 1836 714 patebat
1845 679 1957 710 domus
1966 681 2102 722 locuple-

1122 715 1124 722 ⁴
1143 705 1266 742 tissima,
1281 708 1501 749 &amplissima
1516 715 1592 742 9Cn.
1604 717 1740 755 Pompeii
1751 718 1892 751 Basiliiei:
1914 721 1974 758 quii
1986 743 1994 756 ‚
2011 726 2102 753 ctiam

136 754 212 791 perii
222 753 270 790 jus
286 755 387 783 unain
397 754 517 783 civitate
527 753 730 782 imminutum
740 751 801 781 est:
820 752 912 782 Siculi
924 771 933 784 ,-
949 750 1031 792 quod
1044 753 1102 781 hoc
1122 757 1123 777 1
1145 746 1165 777 si
1175 747 1245 779 essct
1258 751 1398 781 invitatus
1409 764 1424 782 a
1433 754 1521 783 vobis
1532 775 1539 787 ‚

138 794 250 824 nonde
262 794 537 824 summasrumenti
549 792 713 824 detraCtum
730 792 788 826 est,
808 794 857 824 sed
874 793 1045 823 transsatum
1067 796 1099 822 in
1120 816 1123 836 Σ

137 837 373 876 Centuripinos,
395 834 611 869 &Halesmos‚
631 836 801 865 immuneis
821 835 967 875 populos:
989 835 1022 865 ἅτ
1041 836 1104 868 hoc?

1224 792 1227 796 ι
1552 763 1653 785 tamen
1663 756 1840 791 devertiffet.
1865 773 1924 793 erat
1933 767 2022 794 etiam
2034 768 2101 795 Par-

1141 800 1321 821 cenniorum
1333 813 1341 826 ‚
1357 796 1409 834 qui
1420 804 1500 825 nunc
1510 798 1583 826 item
1594 800 1729 838 Pompeii
1740 801 1817 835 suut,
1832 804 1903 833 dom
1910 816 1942 834 us
1952 806 2103 837 honestis-

1142 830 1228 862 sima:
1249 833 1309 874 quo
1321 837 1453 865 L.ii·ater
1471 847 1555 867 meus
1568 835 1818 872 siiiriiiiai‘ilorum
1834 846 1984 877 voluntate
1994 848 2103 878 devera

1120 877 1121 889 ³
1138 875 1183 903 tit.
1208 877 1330 906 Senator
1344 878 1449 918 populi
1461 881 1556 909 Rom.
1575 881 1655 921 quod
1667 884 1699 911 in
1710 884 1796 913 vobis
1806 885 1880 920 furt,
1895 890 1924 917 in
1937 890 2034 919 vestro
2046 901 2100 930 op-

135 917 250 949 foedere
269 918 408 950 debuisti.
432 917 612 948 remisistiin
621 920 799 948 triennium.
824 919 956 949 militem
976 919 1097 949 nullutn
1119 925 1121 956 ζ
1140 916 1213 955 pido
1228 918 1322 955 jacuit

1333 939 1340 951 ‚
1363 919 1592 959 &pernoffitavit
1609 925 1642 952 in
1660 925 1794 963 publico„
1820 929 1902 958 nulla
1920 931 1978 960 hoc
1996 934 2100 962 civitas

1141 967 1284 998 umquam
1303 960 1360 990 alia
1373 961 1534 993 commilit.
1558 967 1700 995 Amicum
1717 969 1799 997 enim
1819 970 1955 1001 nostrum
1968 974 2000 1002 in
2020 974 2100 1011 judi-

130 1002 237 1042 fidem:
251 1005 302 1043 qui
312 1012 385 1032 cum
394 1012 576 1032 communes
586 1001 685 1032 hostes
696 1000 751 1032 fint
759 1004 913 1036 omniurn,
929 1012 1031 1032 tamen
1042 1003 1096 1033 ali-
1118 1003 1120 1022 =¹
1138 1001 1219 1029 cium
1232 1001 1357 1031 vocabas
1392 1006 1442 1033 Tu
1455 1025 1462 1037 ‚
1478 1005 1551 1046 quid
1565 1017 1618 1048 ego
1628 1010 1769 1047 privatim
1783 1014 1897 1052 negotii
1913 1024 2010 1051 geram
2024 1036 2034 1047 ,,
2055 1026 2100 1043 m«

135 1054 210 1093 quos
221 1042 274 1074 fibi
286 1043 450 1075 instituunt
458 1046 570 1075 amicos
581 1064 589 1078 ,
601 1043 710 1085 quibus
722 1054 786 1074 non
797 1044 893 1075 modo
903 1053 1032 1084 parcant,
1043 1054 1096 1074 ve—
1117 1078 1119 1086 A

1139 1042 1317 1083 rei-pretabere
1336 1046 1367 1073 in
1389 1047 1558 1077 minuendo
1577 1051 1693 1079 honore
1713 1052 1884 1082 senatorio?
1902 1050 2017 1085 Verum
2037 1058 2101 1087 liae:

1139 1091 1204 1112 tuin
1217 1094 1376 1124 queremur
1387 1107 1394 1119 ‚
1410 1086 1430 1116 fi
1444 1088 1516 1128 quid
1529 1089 1566 1119 de
1582 1091 1667 1121 vobis
1680 1102 1732 1131 per
1744 1103 1814 1123 cum
1827 1095 1966 1126 ordinem
1978 1108 2077 1139 agetur
2087 1119 2096 1132 2

1136 1128 1188 1165 qui
1206 1126 1281 1156 ordo
1291 1127 1306 1157 a
1316 1128 1404 1158 vobis
1415 1130 1511 1160 adhuc
1522 1132 1592 1162 solis
1608 1142 1780 1165 contemtus
1794 1136 1844 1166 est.
1869 1140 1905 1168 In
1916 1141 2020 1178 populi
2033 1143 2098 1169 Ro-

134 1179 371 1210 nonnumquam
384 1172 475 1200 etiarn
485 1168 657 1200 necessario.
689 1170 898 1204 PhaselisiHa‚
915 1180 1005 1211 quam
1016 1173 1095 1210 cepit
1137 1170 1221 1197 mani
1238 1168 1362 1208 quidem
1382 1172 1576 1212 conspectum
1587 1195 1595 1208 ,
1613 1185 1734 1215 quoorc
1745 1187 1799 1207 vos
1810 1179 2024 1210 commisistis?
2042 1192 2100 1211 nec

82 1223 84 1225 ’
130 1213 162 1241 P.
173 1213 316 1242 Servilius
328 1233 336 1246 5
359 1222 423 1242 non
441 1211 536 1242 fuerat
552 1211 622 1241 urbs
632 1219 699 1241 ante
710 1211 840 1242 Cilicum
853 1232 861 1246 ‚
882 1213 1092 1253 atquepraedo-

1135 1209 1217 1248 prius
1231 1212 1315 1240 iiiam
1328 1221 1445 1243 crucem
1457 1234 1465 1248 ‚
1486 1225 1551 1255 quae
1563 1218 1653 1246 etiam
1668 1228 1749 1248 nunc
1760 1222 1834 1250 civis
1845 1223 1937 1251 Rom.
1956 1223 2099 1254 sineuine

1136 1251 1295 1282 redundat:
1316 1263 1381 1294 qua:
1395 1254 1453 1285 fixa
1464 1256 1505 1286 est
1516 1257 1550 1287 ad
1560 1268 1682 1297 portum
1693 1281 1700 1293 ‚
1713 1261 1878 1303 urbemque
1887 1254 2030 1299 vestra-iil,
2051 1275 2097 1295 re-

1136 1293 1262 1323 vellistis
1273 1315 1280 1328 ,
1294 1299 1431 1342 nequein
1441 1297 1627 1337 profundum
1642 1302 1788 1342 abjecistis
1798 1324 1806 1337 ,
1828 1306 1989 1346 locumque
2005 1301 2094 1338 illium

1133 1344 1261 1383 omnem
1273 1337 1414 1378 expmstts,
1430 1340 1520 1380 quam
1531 1344 1663 1373 Romam
1677 1364 1684 1376 ‚
1699 1354 1785 1385 atque
1796 1348 1828 1376 in
1838 1347 1948 1377 horum
1960 1358 2097 1379 conven-

1134 1385 1200 1406 tum
1210 1377 1328 1408 adiretis
1339 1384 1348 1409 ?
1359 1383 1395 1409 In
1406 1383 1661 1415 Mamertinorum
1673 1386 1737 1416 solo
1748 1386 1903 1423 foedermo,
1915 1399 2001 1430 atque
2012 1401 2096 1430 paca-

1132 1427 1164 1448 to
1174 1429 1413 1452 monumentum
1423 1423 1507 1453 istius
1518 1425 1697 1457 crudelitatis
1706 1428 1905 1460 constitutum
1916 1431 1965 1461 est.
1987 1432 2094 1463 vestra-

1134 1470 1170 1507 n'e
1181 1461 1251 1508 urbs
1261 1462 1353 1493 eleeta
1368 1464 1409 1494 est
1420 1485 1427 1498 ‚
1447 1466 1480 1496 ad
1493 1477 1582 1507 quam
1593 1467 1665 1498 cuin
1675 1470 1790 1501 adirent
1799 1481 1836 1501 cx
1846 1474 1930 1503 Italia
1942 1494 1949 1506 ,
1971 1484 2092 1505 crucem

1130 1513 1205 1549 civis
1214 1505 1309 1533 Rom.
1319 1507 1364 1545 pri
1370 1505 1403 1535 us
1412 1528 1420 1539 ,
1441 1511 1531 1548 quam
1541 1520 1726 1552 quemquam
1740 1516 1873 1543 amicum
1883 1516 1986 1555 populi
1998 1518 2090 1546 Rom.

1130 1544 1265 1575 viderent
1278 1550 1290 1575 ?
1305 1557 1395 1587 quam
1408 1559 1462 1579 vos
1471 1552 1618 1592 Rheginis
1628 1573 1635 1586 ‚
1656 1563 1787 1594 quorum
1803 1558 1917 1586 civitati
1928 1558 2070 1588 invidetis
2081 1579 2089 1592 2

1128 1588 1202 1616 item
1216 1589 1323 1618 incolis
1333 1589 1437 1620 vestris
1448 1611 1455 1624 ‚
1474 1594 1591 1623 civibus
1603 1597 1697 1625 Rom.
1718 1596 1874 1627 ostendere
1887 1599 1988 1628 soletis
2002 1611 2006 1628 :
2027 1611 2090 1640 quo

1131 1630 1234 1675 minus
1244 1628 1297 1660 sibi
1307 1641 1453 1673 arrogent,
1466 1635 1626 1676 minusque
1635 1647 1689 1667 vos
1701 1637 1875 1678 despiciant,
1886 1639 1957 1670 cum
1967 1642 2089 1672 videant

1126 1681 1174 1711 jus
1185 1673 1312 1703 civitatis
1325 1673 1380 1704 illo
1390 1675 1537 1715 supplicio
1547 1677 1605 1708 ess'e
1614 1678 1788 1710 mianum.
1798 1682 1913 1711 Verum
1928 1684 1989 1713 haec
2000 1684 2090 1722 coifi}

1129 1721 1157 1743 te
1175 1713 1258 1743 dicis.
1283 1716 1384 1757 Qud?
1408 1718 1459 1746 illa
1470 1720 1593 1750 Attalica
1604 1740 1612 1754 ,
1631 1729 1690 1752 tota
1703 1723 1803 1753 Sicilia
1820 1726 1976 1755 nominata
1990 1726 2025 1755 ab
2040 1737 2091 1756 eo—

1130 1755 1200 1784 dem
1212 1757 1292 1796 Hejo
1304 1777 1311 1791 ‚
1326 1759 1548 1801 peripetasmata
1563 1772 1663 1792 emere
1683 1763 1797 1794 oblitus
1815 1775 1845 1795 es
1857 1767 1866 1792 ?
1886 1766 1970 1797 licuit
1981 1767 2089 1798 eodem

1128 1797 1223 1827 modo
1235 1818 1242 1831 ‚
1256 1808 1288 1828 ut
1298 1799 1385 1841 signa.
1411 1802 1492 1843 Qid
1504 1806 1586 1833 enim
1596 1804 1695 1834 aetum
1707 1806 1749 1836 est
1760 1809 1771 1833 ἒ
1790 1817 1828 1836 an
1838 1807 1944 1838 litteris
1958 1813 2092 1849 peperci—

1128 1838 1164 1869 sti
1175 1845 1185 1870 ?
1203 1839 1317 1871 Verum
1337 1843 1497 1874 hominem
1517 1856 1669 1876 amentem
1681 1848 1738 1877 hoc
1748 1847 1842 1889 fugit:
1862 1852 1966 1880 minus
1976 1853 2097 1883 ciarum«

1125 1883 1240 1921 putavit
1253 1881 1333 1918 fore,
1356 1885 1439 1925 quod
1454 1886 1489 1915 de
1500 1890 1629 1918 armario
1640 1908 1647 1922 ‚
1670 1889 1760 1930 quarn
1773 1889 1855 1930 quod
1865 1891 1901 1921 de
1911 1893 2034 1923 sicrario
2045 1895 2090 1924 es-

1124 1924 1166 1953 set
1176 1923 1318 1954 ablatum.
1342 1929 1381 1956 At
1391 1928 1547 1967 quomodo
1557 1929 1695 1959 abstulit?
1713 1941 1776 1960 non
1786 1931 2015 1970 possum-dicere
2026 1936 2091 1974 pla-

1124 1963 1194 1994 nius
1205 1984 1213 1998 ‚
1239 1967 1327 2006 quam
1347 1969 1408 2007 ipse
1426 1969 1502 2008 apud
1521 1980 1575 2000 vos
1590 1971 1668 2001 dixit
1679 1973 1784 2012 Hejus.
1808 1972 1881 2003 cum
1899 1975 2063 2016 quaesiss'em
2077 1997 2092 2011 ‚-

1124 2009 1274 2046 nuquid
1283 2008 1363 2039 aliud
1374 2010 1410 2039 de
1420 2011 1508 2041 bonis
1521 2013 1583 2050 ejus
1593 2013 1771 2052 pervenisset
1781 2014 1815 2045 ad
1825 2018 2088 2058 Veri·em,respon—

1124 2048 1168 2078 dit
1179 2047 1268 2078 istum
1281 2050 1316 2079 ad
1327 2051 1355 2080 se
1366 2050 1474 2082 misiss‘e
1484 2072 1492 2086 ‚
1514 2062 1545 2083 ut
1558 2053 1609 2084 fibi
1620 2058 1753 2086 mitteret
1762 2059 1959 2098 Agrigentum
1970 2069 2087 2100 peripe-

1122 2090 1252 2121 tasmata
1276 2091 1405 2133 Qaefivi
1422 2104 1460 2124 an
1478 2094 1613 2126 misisset.
1638 2098 1790 2137 respondit
1801 2099 1831 2128 id
1842 2120 1849 2134 ‚
1870 2100 1951 2140 quod
1970 2101 2088 2132 necess'e

1122 2141 1191 2165 crat,
1205 2133 1399 2164 scilicetditsto
1410 2136 1569 2166 audientem
1574 2138 1661 2177 fuiſji
1670 2140 1779 2180 pretori
1787 2151 1797 2167 .·
1807 2140 1927 2171 misiii'e.
1952 2145 2083 2185 Rogavi,

1121 2216 1251 2246 domum
1266 2218 1456 2250 revertifl'ent.
1482 2224 1599 2262 negavit
1616 2222 1713 2254 adhuc
1732 2224 1890 2255 revertisse.
1922 2227 2012 2257 Risus
2029 2238 2085 2268 po—

1119 2259 1200 2298 puii,
1220 2268 1307 2300 atque
1320 2260 1559 2293 admurmuratio
1569 2267 1710 2294 omnium
1727 2265 1803 2297 fausta
1822 2266 1873 2297 est.
1907 2271 1966 2298 Hic
1979 2270 2033 2299 tibi
2050 2272 2083 2301 in

1097 2300 1099 2314 ³
1121 2309 1256 2330 mentem
1269 2312 1333 2331 non
1343 2312 1427 2333 venit
1437 2324 1444 2337 ‚
1455 2305 1559 2344 jubere
1570 2326 1577 2339 ‚
1590 2315 1622 2336 ut
1633 2307 1693 2337 haec
1702 2317 1822 2349 quoque
1833 2308 1962 2343 referret,
1976 2321 2028 2341 H-s
2041 2322 2058 2340 v
2066 2323 2078 2342 1

115 2425 295 2454 Cominium
308 2425 439 2464 protrahi
452 2423 552 2464 juffit,
571 2427 604 2454 in
623 2435 714 2465 quem
729 2427 873 2466 scyphum
885 2426 921 2457 de
931 2428 1074 2468 manuja-
1095 2404 1097 2468 ἒ

112 2475 178 2496 cere
194 2474 317 2496 conatus
331 2465 374 2495 est
386 2477 390 2494 :
409 2476 500 2507 quem
512 2467 628 2497 obtorta
639 2468 707 2508 gula
718 2467 755 2497 de
765 2470 911 2498 convivio
922 2471 954 2498 in
964 2471 1072 2500 vincu-

112 2507 140 2537 la
152 2527 160 2541 ‚
172 2517 259 2549 atque
268 2509 302 2537 in
313 2508 447 2538 tenebras
458 2509 552 2549 abripi
565 2507 653 2548 juffit.
678 2510 750 2539 hinc
761 2510 810 2540 iila
821 2521 894 2540 crux
905 2531 912 2544 ,
932 2513 966 2540 in
980 2521 1071 2552 quam

1118 2343 1255 2372 millibus
1271 2353 1307 2373 10
1320 2344 1348 2374 se
1357 2345 1411 2375 tibi
1422 2346 1610 2377 vendidisse?
1627 2349 1769 2383 metuisti,
1782 2360 1819 2380 ne
1830 2361 1869 2383 τες
1879 2352 2012 2382 alienum
2022 2355 2080 2384 tibi

1116 2384 1256 2428 cresceret
1265 2385 1312 2430 ‚qsi
1320 2396 1374 2416 H—s
1385 2398 1421 2417 v1
1439 2389 1576 2419 millibus
1591 2400 1625 2419 it)
1639 2391 1692 2421 tibi
1704 2391 1873 2422 constarent
1889 2404 1920 2424 ea
1931 2415 1939 2427 ,
1960 2405 2026 2435 que„=
2046 2405 2082 2427 tii

1116 2426 1204 2456 facile
1214 2426 1311 2466 posses
1320 2429 1448 2459 vendere
1460 2440 1512 2460 3-5
1527 2441 1567 2460 ec
1578 2433 1716 2463 millibus
1728 2435 1737 2460 ?
1755 2433 1813 2463 fuit
1823 2437 1894 2464 tanti
1905 2456 1913 2469 ,
1929 2438 2007 2466 mihi
2018 2447 2089 2468 cre--

1117 2468 1163 2498 de.
1187 2469 1307 2514 haberes
1317 2471 1398 2510 quod
1409 2471 1600 2503 defenderes:
1619 2485 1865 2516 nemoquaereret
1877 2498 1884 2509 ‚
1907 2479 2010 2518 quanti
2030 2480 2082 2511 illa

1115 2519 1159 2540 res
1171 2509 1250 2544 estet,
1270 2510 1398 2543 simodo
1416 2522 1442 2543 te
1457 2513 1553 2553 poss'es
1562 2515 1669 2546 docere
1680 2516 1791 2554 emiffc:
1806 2516 1893 2548 facile
1906 2521 1954 2549 cui
1965 2521 2058 2551 velles
2069 2542 2080 2556 ,

111 2551 211 2580 civem
222 2552 314 2580 Rom.
333 2548 407 2583 iste,
428 2551 533 2580 multis
544 2550 797 2590 inspekiamffins,
821 2551 955 2583 sustulit:
979 2564 1071 2594 quam
1094 2546 1096 2575 l
1116 2560 1198 2582 tuam
1208 2554 1327 2583 causam
1339 2575 1347 2588 ‚
1365 2554 1520 2585 &fastum
1531 2558 1678 2595 probares.
1702 2569 1782 2588 nunc
1793 2558 1829 2588 de
1844 2562 2081 2600 peripetasmatis

14 2613 15 2617 ,
112 2600 177 2621 non
186 2592 272 2621 ausus
281 2590 324 2621 est
334 2591 457 2632 usquam
472 2591 599 2633 defigere
612 2612 621 2624 ,
643 2591 698 2622 nisi
711 2593 786 2633 apud
798 2604 849 2623 eos
861 2615 869 2628 ,
891 2595 1072 2635 quibuscum
1093 2582 1095 2640 i
1114 2595 1372 2635 quemadmodum
1382 2606 1408 2626 te
1418 2597 1635 2636 expediasmon
1646 2600 1745 2629 habes.

13 2652 15 2657 ,
38 2637 94 2665 “¹1
114 2635 219 2663 omnia
228 2633 333 2663 scelera
343 2633 403 2667 sua,
417 2644 449 2664 ac
459 2634 613 2664 latrocinia
625 2634 881 2666 communicasset.
905 2637 1072 2667 Laudatum

1774 2601 1878 2642 Qid?
1896 2606 1925 2621 ¹0
1935 2602 1950 2633 a
1963 2605 2075 2635 einiar-

1091 2641 1094 2691 f
1115 2637 1173 2667 cho
1187 2639 1401 2677 Centuripin0‚
1419 2640 1546 2669 homine
1562 2641 1728 2681 locuplete,
1754 2652 1786 2672 ac
1804 2643 1902 2674 nobili
1918 2665 1927 2679 ,
1947 2646 2079 2687 phalerae

112 2676 202 2705 etiam
226 2684 281 2704 vos
301 2685 483 2716 quemquam
503 2678 607 2706 venire
629 2676 743 2706 audetis
761 2683 771 2708 ?
797 2687 854 2717 qua
879 2677 1074 2709 aiuStoritate?
1091 2699 1093 2705 r
1112 2679 1314 2717 pulcherrime
1333 2679 1528 2721 fadias,.qiiae
1539 2684 1630 2724 Regis
1644 2685 1789 2713 Hieronis
1809 2683 1894 2716 fiufle
1914 2686 2087 2724 dicuntur„

111 2715 226 2751 utrum,
238 2727 327 2758 quam
337 2719 414 2757 apud
423 2718 606 2749 senatorium
618 2717 770 2753 ordinem,
783 2729 820 2749 an
829 2729 920 2766 quarn
931 2720 1006 2761 apud
1016 2731 1072 2761 po·
1087 2717 1092 2767 j
1115 2720 1217 2750 utrum
1230 2721 1353 2751 tandem
1363 2721 1518 2757 abstulisti,
1530 2733 1567 2753 au
1582 2724 1701 2756 emisti?
1717 2728 1755 2756 In
1763 2727 1863 2758 Sicilia
1870 2728 1993 2769 quidem
2006 2730 2086 2761 cum¹

1970 2782 1985 2801 e
1990 2770 2063 2802 ss'ein
2067 2803 2081 2817 7

744 2817 2090 2837 Ἣ

145 2847 168 2866 ι.
187 2842 307 2865 Exeuntes
317 2848 346 2865 ex
355 2841 440 2865 Cilicia
446 2840 587 2874 pudentes]
605 2839 743 2866 Editimies
754 2841 876 2868 Lambini
891 2861 898 2874 ‚
908 2844 1007 2867 S.⁴c1‘iia;
1025 2840 1067 2868 scd

106 2881 201 2911 praeter
212 2883 304 2901 vei-uin
314 2875 342 2901 &
353 2875 434 2902 libros
446 2876 556 2912 {criptos
569 2875 750 2911 vulgatosqiie.

142 2919 171 2937 2.
188 2912 407 2946 Potcnuffimique]
429 2911 502 2938 Editi
513 2912 577 2938 olim
590 2931 600 2944 ‚
609 2913 636 2938 &
648 2912 717 2939 Pau.
734 2923 794 2940 curn
806 2914 918 2940 Gruter.
925 2917 1071 2949 ponnnffimi

107 2955 204 2981 quoque.
224 2946 382 2979 Cujaciauus
395 2967 403 2980 ,
422 2948 466 2984 qui
485 2947 557 2975 idem
570 2955 599 2975 ut
609 2956 675 2986 puto
688 2969 695 2981 ,
716 2959 775 2976 cum
788 2949 845 2976 mss.
865 2951 1047 2978 Lambinianis
1061 2971 1069 2984 ,

110 2984 298 3015 asporennffimi.

149 3025 175 3052 3.
196 3021 255 3043 Huic
271 3022 415 3045 Mamertini
431 3022 492 3046 irati
503 3021 638 3056 fuerunt]
661 3022 839 3058 Appii-:antur
858 3022 890 3049 ab
906 3022 964 3050 :iliis
983 3023 1070 3050 isthaec

103 3052 200 3123 Jmi'
220 3062 266 3080 nos
284 3055 382 3082 Catoni
400 3055 621 3084 accommodanda
639 3056 777 3086 duximus.
806 3059 929 3095 vulgati,
948 3062 1009 3086 irati
1026 3070 1072 3086 non

121 3095 218 3115 uei-unt.

128 3160 133 3165 .
148 3132 176 3157 4·
195 3127 256 3167 Hine
262 3126 288 3150 in
297 3129 455 3164 con-rivium]
467 3129 511 3158 sic
519 3128 627 3166 quidem
637 3130 702 3160 editi
712 3129 754 3168 huj
760 3140 788 3159 us
799 3138 885 3161 aetatis
898 3150 906 3164 ,
915 3138 944 3160 at
953 3131 1069 3168 superio-

111 3169 149 3190 ris
161 3179 170 3194 ,
179 3160 239 3196 quod
247 3170 273 3188 m
283 3165 424 3191 convivium.
554 3180 558 3181 ν
890 3168 892 3170 ’

1154 2852 1181 2877 5.
1199 2844 1262 2870 ‘rma
1271 2852 1299 2870 ac
1308 2844 1367 2869 domo
1378 2854 1422 2869 non
1432 2844 1542 2878 invitm]
1556 2846 1668 2873 venuste
1679 2846 1782 2874 dietum
1796 2867 1804 2881 ‚
1816 2848 1988 2877 &idiotismo
1999 2861 2004 2877 :
2018 2859 2087 2878 cum

1117 2879 1235 2906 usitatius
1249 2879 1337 2907 fiiiss'et
1348 2900 1356 2912 ‚
1367 2884 1392 2905 jn
1402 2882 1486 2905 tenum
1498 2890 1524 2906 at
1533 2882 1630 2908 doniam.

1152 2916 1179 2942 6.
1200 2919 1260 2951 Qu
1270 2919 1295 2942 in
1300 2918 1431 2949 prowncii'aes
1440 2917 1546 2952 ηοίὶνὺκ]
1561 2918 1677 2954 Recepta
1687 2919 1770 2946 leffio
1782 2939 1790 2952 ‚
1800 2931 1845 2946 non
1855 2922 1915 2947 modo
1924 2924 1949 2947 in
1955 2930 1997 2955 pr.

1152 2960 1180 2986 7,
1199 2953 1286 2984 <leud
1296 2955 1368 2986 Jocios
1379 2955 1404 2977 in
1415 2960 1509 2977 exteras
1525 2956 1658 2990 nationes]
1680 2956 1723 2982 Est
1734 2958 1749 2982 :i
1764 2957 1829 2982 i‘all.
1840 2957 1867 2982 ὃ(
1880 2959 1992 2984 (ji-uter.
2011 2958 2086 2986 item-

1117 2988 1263 3023 antiquitus
1274 2987 1413 3024 impressiS.
1432 2988 1476 3014 :ilii
1491 3008 1499 3021 ,
1515 2990 1654 3024 apudfficios
1665 2999 1735 3027 atque
1745 3000 1838 3019 exteras
1848 2996 1964 3020 nariam-s.
1985 2995 2088 3030 Cujac,⁴

1116 3026 1146 3056 (ἰ)-
1155 3032 1248 3049 exteras
1259 3044 1266 3055 ,
1281 3023 1350 3060 quod
1362 3023 1465 3050 admisit
1476 3025 1631 3053 Lambinus.

1154 3059 1180 3086 8.
1200 3064 1260 3095 Qu
1270 3060 1413 3095 leontina-(cd
1420 3061 1524 3096 ordini]
1537 3063 1633 3099 Inepte
1644 3062 1710 3090 edit.
1721 3064 1914 3097 Laiiibiiiiaucc,
1925 3069 2021 3093 nomini.

1151 3104 1180 3131 9.
1199 3099 1244 3121 Cn.
1254 3097 1353 3130 ‘Pomqui
1361 3097 1488 3131 Basslisci.]
1509 3098 1604 3126 Mallet
1614 3099 1776 3127 Gulielmius
1788 3120 1795 3133 ,
1818 3103 1890 3136 Basili
1902 3121 1910 3134 ‚
1931 3112 1990 3130 iiam
2010 3103 2088 3130 iiber:

1117 3132 1211 3164 Ciijac.
1225 3133 1324 3164 Brfisiii.
1345 3131 1402 3158 Pal.
1413 3141 1453 3168 pr.
1465 3136 1568 3169 Bafilici.

1157 3176 1197 3194 ιο.
1217 3168 1414 3203 eAiPhilarchoJ
1426 3169 1530 3206 Cujacii
1540 3171 1608 3200 liber
1618 3173 1645 3200 ὃς
1656 3172 1725 3203 Pan.
1734 3174 1881 3201 Pham-chio.

2015 3211 2079 3236 καὶ
