2360 3400
412 126 616 175 EP1s‘r'.
653 140 728 171 AD
764 125 818 172 C.
853 126 1158 183 Baurum,

203 210 362 253 diiigenter
377 209 414 240 ab
427 204 553 250 utro'que
567 207 737 238 conservata
751 207 834 238 sunt:
854 217 955 239 tamen
967 219 1029 240 non
1041 210 1159 245 dubito,
1185 228 1187 256 1

1184 257 1187 275 l

205 256 236 284 in
248 262 329 283 tanto
340 273 350 286 ,
371 252 403 281 δε
413 259 473 281 tam
484 251 642 289 repentino
653 250 757 289 reipub
780 260 865 280 meru
877 254 951 292 quin
965 253 1112 282 nonnulla
1125 252 1162 282 de

205 305 255 325 :ne
266 293 342 324 falsis
353 292 549 323 rumoribusa
560 293 636 321 meis
647 291 893 323 obtrectatoribus
903 312 911 327 ,
924 303 971 323 me
982 293 1114 334 indigna,
1127 293 1163 324 ad

204 346 233 367 te
244 336 338 366 delata
347 333 402 364 sint
413 353 420 367 ‚
441 343 506 374 quae
518 342 604 362 tuum
615 334 753 364 animum
767 344 875 376 magno
886 345 974 375 opere
986 345 1159 368 moverunt,

204 388 259 418 pro
278 387 330 406 tuo
348 386 449 406 amore
466 377 498 405 in
513 384 607 414 remp.
632 378 673 405 Ea
682 385 709 406 te
722 375 874 407 moderate
886 375 1025 416 accepisse
1036 397 1046 410 ‚
1067 386 1165 417 neque

205 418 318 450 temere
329 417 512 447 credendum
522 414 662 456 judicasse
673 437 681 451 ‚
696 417 710 447 a
723 420 797 447 meis
808 418 1046 458 procuratoribus
1056 427 1166 448 certior

206 461 270 490 sum
282 458 375 489 fastus
387 470 392 487 z
405 469 471 499 quse
484 459 579 492 mihi,
592 468 624 489 ut
633 459 743 490 debent
753 479 760 493 ‚
770 459 928 501 gratiffima
938 461 1013 490 sunt.
1030 461 1164 490 Memini

205 504 289 531 enim
302 502 333 530 &
345 501 394 531 illa
406 502 553 540 superiora
565 521 572 534 ‚
584 511 649 542 quae
660 501 710 531 abs
721 511 770 532 tua
780 502 931 532 voluntate
941 501 1074 542 profecta
1084 502 1165 535 sunt,
1183 531 1185 541 χ

183 570 187 577 ,
204 543 238 573 ad
251 552 350 573 meam
361 543 536 584 dignitatem
545 543 708 584 augendam
721 563 729 577 ,
742 543 775 574 δε
785 543 949 574 ornandam
963 554 968 572 :
986 553 1051 584 quae
1061 553 1165 584 perpe—
1183 573 1184 580 ,

207 584 259 614 ωὸ
270 587 374 615 animo
385 595 454 614 meo
466 583 524 614 fixa
534 585 708 615 manebunt.
732 585 794 615 Abs
806 594 844 619 te,
859 587 902 615 mi
913 588 1027 618 Cicero,
1038 595 1164 626 magno-

204 630 272 666 p'ere
283 635 352 666 peto
364 646 372 660 ,
396 625 417 656 si
429 637 526 657 meam
538 629 630 657 vitam
643 647 651 661 ,
672 627 704 657 &
721 626 853 657 studium
872 626 1098 668 diligentiffime
1116 627 1165 658 su-

204 668 373 708 perioribus
392 669 578 708 temporibus
600 671 632 698 in
651 678 711 708 rep.
733 668 966 699 administranda
985 689 994 702 ‚
1022 678 1086 709 quae
1105 671 1164 699 Le-

202 710 276 750 pido
299 710 387 751 digna
406 711 490 744 sunt,
510 710 659 750 perspecta
677 711 785 744 habes,
804 719 836 740 ut
852 712 952 750 paria,
971 720 1020 740 aut
1040 720 1077 740 eo
1096 720 1162 741 am-

203 752 300 792 pliora
309 753 424 792 reliquo
444 761 580 792 tempore
599 751 772 791 exspeues:
794 752 826 781 &
845 751 973 790 proinde
991 760 1040 781 tua
1056 751 1161 781 auclo-

202 802 286 823 ritate
298 794 505 824 metuendum
518 793 684 825 existimes,
696 803 756 833 quo
767 792 913 831 tibiplura
925 802 977 823 tuo
989 794 1097 822 merito
1108 793 1162 823 de-

203 835 270 864 beo.
286 835 370 865 Vale.
392 846 421 865 n.
433 845 487 865 xr.
509 835 657 865 Kalendas
672 834 779 875 Junias
791 853 800 867 ‚
819 844 857 864 ex
874 833 974 865 castris
985 853 993 869 ‚
1013 845 1052 865 ex
1066 837 1160 866 Ponte

202 880 360 919 Argenteo.

542 970 634 1031 M.
713 972 770 1031 T
805 989 858 1034 U
894 991 934 1035 L
968 991 1008 1035 L
1041 990 1113 1035 11

198 1068 1123 1150 EPISTOLARUM

1195 142 1271 174 ET
1308 127 1647 187 CETERos,
1686 133 1818 180 [ΑΒ.
1852 132 1940 179 XI.
2065 146 2163 197 727

1276 213 1452 243 LEPIDUS
1475 215 1558 244 IMP.
1582 216 1694 245 ITER.
1718 217 1844 246 PONT.
1870 216 1976 246 MAX.
1999 215 2029 246 S.
2050 216 2091 246 D.

1451 258 1597 286 SENA-r.
1624 259 1704 287 por.
1729 259 1786 288 PL.
1813 259 1860 298 Q
1875 259 1912 288 R.

1185 278 1186 324 l
1207 293 1251 368 S
1276 298 1311 324 V.
1332 296 1479 338 liberique
1500 297 1587 328 vestri
1609 309 1722 328 v.13.1·:.
1743 308 1857 339 E-Qy·
1882 301 1965 329 Deos
1978 320 1985 332 ‚
2006 300 2166 330 homines-

1185 344 1186 350 *
1262 337 1332 377 'que
1344 337 1445 371 testor,
1457 348 1551 378 patres
1562 341 1735 380 conscripti,
1747 351 1804 382 qua
1819 351 1932 374 mente,
1946 341 1978 371 δε
1988 351 2050 382 quo
2059 344 2166 372 animo

1202 377 1317 416 semper
1328 381 1359 408 in
1369 390 1464 419 remp.
1476 379 1583 410 fuerim
1598 401 1606 414 ‚
1625 382 1656 411 δε
1667 392 1756 423 quam
1767 384 1845 412 nihil
1858 385 2012 424 antiquius
2021 392 2165 413 commu-

1201 421 1231 447 ni
1243 419 1331 449 salute
1344 440 1351 453 ‚
1371 431 1401 450 ac
1413 422 1544 452 libertate
1562 424 1716 458 iudicarim
1730 435 1735 453 :
1754 424 1836 464 quod
1848 425 1935 454 vobis
1947 425 2029 455 brevi
2040 425 2164 465 probas·-

1200 460 1261 489 s-:m
1282 481 1290 494 ‚
1315 460 1369 491 nisi
1392 464 1468 493 mihi
1491 463 1610 495 fortuna
1629 467 1784 506 proprium
1802 465 1963 497 consilium
1985 465 2160 497 exrorsifl'et.

1198 503 1281 548 Nam
1298 507 1445 535 exercitus
1465 505 1590 536 cunnus
1610 508 1862 538 consuetudinem
1882 509 1965 538 suam
1989 510 2021 538 in
2041 509 2161 538 civibus

1183 547 1185 590 J
1200 542 1391 575 observandis
1402 566 1410 579 ‚
1429 551 1649 588 communique
1660 559 1727 589 pace
1740 569 1748 583 ‚
1764 550 1908 580 seditione
1918 549 1993 580 faeta
2004 569 2013 582 ‚
2029 551 2161 581 retinuit:

1201 594 1308 626 meque
1320 596 1406 617 tantae
1418 589 1623 619 multitudinis
1633 592 1748 621 civium
1758 594 1971 622 Romanorum
1983 591 2083 622 salutis
2096 613 2104 626 ,
2118 601 2161 622 at-

1197 636 1254 667 que
1265 629 1482 659 incolumitatis
1491 631 1606 661 causam
1619 631 1649 661 su
1656 632 1761 671 scipere
1772 653 1779 667 ‚
1794 643 1826 664 ut
1836 634 1906 664 vere
1916 634 2015 664 dicam
2026 654 2034 667 ‚
2046 635 2158 675 coegit,

1198 671 1234 698 In
1248 679 1304 709 qua
1319 680 1347 699 re
1361 681 1416 711 ego
1431 681 1484 701 vos
1496 692 1504 705 ‚
1522 681 1616 711 patres
1626 674 1785 714 conscripti
1799 696 1807 708 ,
1830 686 1884 705 oro
1895 696 1904 709 ‚
1923 685 2009 716 atque
2020 675 2155 710 obsecro,

1196 719 1228 740 ut
1239 713 1364 750 privatis
1378 711 1596 743 offensionibus
1607 713 1721 744 omiffis
1734 736 1741 748 ‚
1762 717 1887 747 summa:
1899 719 1970 756 reip.
1984 717 2156 751 consulatis,

1195 761 1273 797 neve
1285 753 1520 785 misericordiam
1533 754 1676 789 nostram,
1688 759 1891 798 exercitusque
1902 758 1995 788 nostri
2010 779 2017 792 ‚
2031 761 2062 788 in
2074 759 2161 789 civili

1197 793 1375 825 distensione
1384 816 1392 829 ,
1405 796 1522 826 sceleris
1534 797 1602 827 loco
1612 799 1740 837 ponatis.
1758 798 1849 838 Qod
1859 798 1878 828 si
1889 800 1988 830 salutis
2001 802 2157 834 omnium,

1196 845 1227 866 ac
1239 835 1392 877 dignitatis
1403 840 1552 868 rationem
1565 839 1727 870 habueritis
1739 851 1744 868 :
1756 840 1867 870 melius
1879 840 1911 870 ὃς
1923 842 2009 871 vobis
2022 862 2030 875 ,
2044 842 2075 872 ὃς
2086 844 2158 883 reip.

1195 878 1368 909 consuletis.
1392 882 1468 911 Data
1483 891 1493 910 1
1503 891 1514 910 x
1524 891 1548 910 1.
1559 881 1627 912 Kal.
1637 881 1652 912 a
1662 884 1756 913 Ponte
1767 884 1926 924 Argenteo,
1952 884 2063 913 Valere.

1209 974 1819 1038 CicERoNIS

1188 1091 1297 1144 AD
1355 1071 2159 1153 FAMILIAREIS

529 1182 911 1238 LIBER
1024 1183 1840 1256 UNDECIMUS,

1140 1277 1259 1321 AD

291 1354 755 1428 BRUTUM‚
797 1353 925 1412 ET
971 1354 1163 1414 BRU

236 1500 242 1506 '
259 1500 299 1529 D.
311 1500 476 1530 BRUTUS
498 1500 646 1530 BRUTO*
662 1500 741 1529 SUO
762 1500 818 1529 ET
840 1501 873 1529 C.
888 1499 1042 1546 CdSSIOs
1061 1499 1091 1528 S.

204 1575 239 1597 .·,-2
444 1587 452 1594 ,
483 1559 534 1587 Uo
544 1557 577 1586 in
588 1555 662 1586 statu
676 1554 767 1585 fimus
778 1575 788 1588 ‚
806 1556 986 1596 cognoscite.
1010 1557 1084 1585 Heri
1092 1554 1158 1586 ves-

203 1594 241 1662 '1⁴⁷‘
275 1615 381 1688 ff&
395 1596 425 1653 ⁵<
481 1601 543 1670 Pis*
571 1597 647 1670 ‘25³⁶
666 1596 1033 1670 Ψίῌῖἷὲἷζὶἑῖἐξᾶᾆὲῗω
1053 1606 1155 1670 ’ἔῖιῖῗὲξ

209 1689 218 1725 ξτ
278 1688 307 1703 ⁶*
325 1632 394 1705 Q
425 1659 445 1717 '1
481 1649 901 1716 scilicethQXilnfideliffima.
926 1648 1052 1726 Nam-fg.²
1056 1690 1154 1722 neque

213 1738 221 1745 x
329 1728 337 1737 ²
353 1697 396 1774 ἐξ
420 1746 452 1775 ὲ
482 1725 559 1754 mihi
578 1723 858 1774 provinciam-dare
875 1721 958 1769 poste
967 1723 1077 1763 ajebat,
1100 1733 1153 1753 ne-

358 1786 368 1793 ,
404 1779 452 1807 §⁸-
479 1776 539 1806 que
549 1766 763 1799 arb1trari‚tuto
774 1774 806 1794 in
817 1765 889 1795 urbe
899 1763 957 1795 esse
967 1774 1152 1805 quemquam

211 1819 221 1825 -·
304 1819 314 1827 ¹
359 1813 389 1826 ’*
428 1805 449 1836 x}
482 1805 621 1837 nostrfim
643 1805 739 1837 :adeo
759 1805 817 1836 ess'e
834 1807 968 1836 militum
987 1808 1153 1837 concitatos

192 1849 314 1877 animos
326 1867 335 1880 ‚
357 1847 390 1877 &
399 1848 504 1887 plebis.
528 1848 617 1890 Qod
629 1857 788 1889 utrumque
799 1846 857 1878 esse
866 1847 974 1878 falsum
987 1867 995 1880 ‚
1011 1856 1083 1887 puto
1095 1858 1150 1878 vos

191 1889 423 1919 animadvertere
440 1900 446 1919 :
467 1899 553 1931 atque
571 1889 648 1920 illud
665 1888 722 1919 ess'e
731 1899 838 1919 verum
851 1910 858 1923 ,
877 1889 958 1931 quod
971 1891 1088 1919 Hirtius
1097 1889 1149 1919 de-

191 1929 389 1961 monstrabat:
401 1933 506 1962 timere
518 1941 586 1961 eum
599 1951 608 1965 ,
621 1941 659 1961 ne
669 1951 677 1965 ‚
691 1929 709 1960 fi
722 1931 876 1962 mediocre
885 1931 1035 1961 auxilium
1047 1930 1149 1971 digni·
1166 1926 1177 1968 l

190 1973 258 2002 tatis
275 1971 383 2003 nostrae
393 1972 596 2004 habuissemus
607 1993 615 2007 ,
633 1973 725 2003 nullae
734 1982 830 2012 partes
843 1976 880 2003 iis
890 1974 924 2003 in
936 1972 1038 2013 repub.
1052 1973 1147 2002 relin-

188 2023 359 2054 querentur.
385 2014 463 2046 cum
484 2017 516 2045 in
537 2017 586 2046 his
604 2014 748 2056 angustiis
766 2015 896 2046 versarer
915 2035 923 2049 ‚
944 2015 1086 2055 placitum
1107 2013 1149 2047 est

189 2057 282 2089 mihi,
293 2064 327 2086 ut
338 2055 520 2096 postularem
532 2058 712 2099 legationem
723 2057 850 2087 liberam
862 2058 952 2090 mihi,
964 2056 1147 2097 reliquisque

186 2096 297 2127 nostris
308 2118 316 2130 ,
337 2106 371 2128 ut
388 2099 487 2140 aliqua
504 2100 586 2130 causa
604 2097 815 2139 proficiscendi
826 2097 949 2129 honesta
958 2107 1146 2139 quaereretur.

187 2141 262 2170 Haec
272 2139 300 2169 se
309 2141 538 2179 impetraturum
551 2141 707 2181 pollicitus
717 2140 760 2172 est
775 2151 780 2170 :
793 2151 847 2171 nec
858 2150 960 2171 tamen
972 2143 1146 2180 impetratu-

184 2190 254 2211 rum
273 2180 414 2212 confido:
433 2192 511 2213 tanta
519 2182 562 2213 est
576 2184 738 2213 hominum
750 2183 928 2216 insolentia,
948 2182 980 2212 &
991 2181 1084 2212 nostri
1097 2184 1146 2212 in-

182 2221 317 2254 steiano.
340 2227 383 2253 Ac
395 2222 415 2253 s1
425 2224 582 2259 dederint,
600 2224 682 2266 quod
692 2226 824 2265 petimus
836 2245 843 2259 ‚
857 2234 957 2255 tamen
967 2224 1068 2265 paullo
1076 2222 1145 2264 post

183 2263 319 2295 futurum
333 2274 409 2305 puto
421 2286 428 2298 ,
445 2270 454 2285 ¹
468 2276 499 2297 ut
509 2266 788 2305 hostesjudicemur
799 2278 803 2296 :
814 2276 864 2297 aut
874 2276 947 2308 aqua
959 2286 967 2300 ‚
980 2266 1011 2296 &
1021 2268 1085 2307 igni
1095 2267 1144 2296 in-

184 2306 373 2337 terdicamur.
398 2308 478 2348 Qid
490 2319 560 2351 ergo
570 2308 622 2342 est,
636 2311 748 2349 inquis,
763 2310 805 2339 tui
817 2307 955 2339 consilii?
972 2308 1090 2338 dandus
1100 2307 1143 2338 est

165 2386 169 2389 ι
182 2347 267 2378 locus
277 2347 422 2381 forrunae:
437 2350 606 2381 cedendum
617 2360 655 2381 ex
664 2351 764 2381 ltalia:
778 2350 969 2393 migrandum
980 2349 1141 2384 Rhodum,

182 2398 232 2420 aut
249 2390 351 2431 aliquo
361 2400 502 2423 terrarum
519 2392 651 2424 arbitror.
675 2395 706 2423 Si
717 2393 828 2423 melior
836 2393 917 2423 casus
925 2391 1029 2425 fuerit,
1042 2402 1142 2422 rever-

182 2439 280 2462 temur
290 2434 421 2464 Romam
436 2444 443 2463 ;
464 2433 484 2464 fi
495 2434 656 2465 mediocris
671 2455 679 2469 ‚
693 2436 726 2465 in
736 2435 833 2465 exilio
842 2436 982 2465 vivemus
996 2444 1001 2463 :
1021 2432 1040 2463 fi
1052 2432 1138 2474 peffi-

182 2483 263 2507 mus,
274 2473 308 2504 ad
321 2473 479 2507 noviffima
488 2477 599 2507 auxilia
608 2476 835 2507 descendemus.
859 2480 1014 2508 Succurret
1023 2473 1140 2506 fortasse

181 2517 240 2546 hoc
253 2516 322 2546 loco
331 2516 420 2561 alicui
430 2517 573 2552 vestrum,
585 2529 638 2549 cur
647 2517 788 2549 noviffim
794 2529 846 2549 um
856 2528 974 2558 tempus
985 2517 1140 2557 exspe&e-

180 2567 251 2588 mus
261 2559 374 2598 potius,
385 2558 475 2599 quam
486 2569 566 2592 nunc
578 2561 692 2602 aliquid
703 2561 866 2591 moliamur
879 2564 890 2590 ?
911 2563 990 2601 Qia
999 2560 1052 2589 ubi
1064 2569 1139 2590 con-

179 2597 324 2633 sistamus,
338 2610 402 2630 non
412 2601 570 2636 habemus,
580 2612 683 2643 praeter
692 2605 759 2633 Sex.
771 2603 964 2642 Pompejum‚
975 2602 1008 2631 δε
1017 2599 1138 2632 Bassum

179 2642 336 2672 Caecilium
350 2652 355 2670 t
365 2644 416 2683 qui
429 2643 507 2673 mihi
517 2644 669 2677 videntur,
680 2645 737 2674 hoc
747 2645 858 2674 nuntio
869 2644 905 2674 de
915 2643 1026 2674 Caesare
1037 2643 1137 2677 allato,

179 2680 327 2714 firmiores
337 2683 440 2714 futuri.
465 2687 538 2716 Satis
548 2695 682 2726 tempore
693 2685 729 2716 ad
738 2695 788 2716 eos
797 2685 985 2720 accedemus,
997 2683 1138 2726 ubi‚quid

176 2725 292 2756 <valeant
301 2745 311 2760 ›
321 2726 486 2757 scierimus.
519 2731 577 2758 Pro
588 2726 681 2758 Caffio
693 2747 701 2761 ‚
713 2728 745 2758 &
757 2737 796 2761 te,
807 2727 826 2757 fi
837 2728 910 2768 quid
922 2736 970 2758 me
980 2727 1080 2757 velitis
1090 2736 1137 2757 re-

177 2766 274 2805 cipere
285 2787 294 2802 ,
314 2769 467 2808 recipiam.
490 2769 622 2801 Postulat
640 2771 724 2800 enim
744 2771 801 2800 hoc
817 2772 935 2800 Hirtius
946 2789 954 2804 ‚
975 2777 1008 2799 ut
1017 2767 1134 2799 faciam.

180 2807 268 2849 Rogo
275 2819 331 2840 vos
342 2830 351 2844 ‚
364 2810 454 2852 quam
465 2811 602 2851 primum
613 2813 690 2842 mihi
700 2812 873 2842 rescribatis.
887 2822 956 2842 nam
968 2820 1033 2842 non
1044 2810 1135 2841 dubi-

180 2854 211 2878 to
225 2867 234 2883 2
253 2853 328 2891 quin
352 2853 398 2883 his
408 2852 444 2883 de
454 2853 542 2885 rebus
552 2865 619 2886 ante
630 2855 734 2885 'noram
744 2863 878 2896 quartam
890 2856 1010 2885 Hirtius
1023 2854 1134 2883 certio-

1184 1353 1283 1414 TI
1348 1355 1485 1415 AD
1550 1355 1902 1444 olom.
1947 1360 2065 1415 sce.

1203 1492 1268 1513 rem
1289 1493 1338 1513 me
1355 1482 1389 1514 fit
1408 1482 1539 1514 fa6turus
1560 1495 1566 1514 z
1587 1493 1679 1525 quem
1706 1485 1738 1514 in
1756 1484 1859 1515 locum
1886 1487 2051 1515 convenire
2071 1482 2162 1524 poss-

1203 1535 1284 1555 mus.
1305 1525 1374 1564 Qo
1385 1536 1435 1555 me
1444 1527 1545 1556 velitis
1557 1529 1679 1560 venire,
1699 1527 1858 1557 rescribite.
1881 1525 1950 1556 Post
1964 1525 2161 1557 novissimum

1203 1568 1296 1597 Hirtii
1315 1568 1485 1597 sermonem
1500 1588 1509 1601 ,
1527 1568 1670 1607 placitum
1681 1567 1722 1598 est
1735 1569 1812 1597 mihi
1822 1566 1969 1608 postulare
1981 1587 1990 1600 ‚
2014 1576 2047 1597 ut
2058 1568 2163 1598 liceret

1200 1608 1290 1638 nobis
1309 1607 1366 1639 effe
1382 1611 1492 1639 Romae
1511 1610 1635 1650 publico
1642 1608 1794 1649 praesidio:
1817 1608 1898 1650 quod
1908 1609 1977 1638 illos
1989 1609 2076 1639 nobis
2084 1619 2161 1640 con-

1198 1649 1327 1680 cessuros
1346 1661 1409 1680 non
1428 1660 1510 1690 puto.
1536 1661 1677 1692 magnam
1696 1653 1781 1681 enirn
1791 1650 1940 1681 invidiam
1954 1652 1989 1681 iis
1999 1650 2155 1682 faciemus.

1197 1693 1288 1765 {ihil
1305 1701 1409 1723 tamen
1425 1703 1489 1724 non
1502 1692 1717 1734 postulandum
1726 1695 1829 1734 putavi
1840 1713 1850 1727 ‚
1875 1692 1956 1734 quod
1967 1702 2088 1734 aequum
2098 1691 2158 1724 effe

1224 1743 1365 1765 atuerem.

1216 1792 1441 1827 BRUTUS‚
1462 1793 1527 1823 ET
1550 1794 1752 1823 CASSIUS
1775 1793 1973 1823 PRAETT.
1996 1792 2138 1823 MAN-
2178 1795 2216 1830 2,ss

1529 1836 1701 1865 TONIO
1721 1835 1816 1864 COS.

1291 1891 1315 1920 E
1331 1898 1401 1920 TUA
1414 1888 1472 1920 fide
1494 1909 1503 1923 ‚
1521 1889 1554 1920 &
1564 1890 1772 1920 benivolentia
1782 1890 1814 1918 in
1827 1898 1883 1919 nos
1894 1907 1903 1922 2
1923 1887 1977 1919 nisi
1987 1889 2158 1929 persuasum

1290 1929 1360 1961 esset
1384 1931 1475 1961 nobis
1488 1951 1496 1965 ‚
1518 1942 1581 1961 non
1592 1931 1829 1970 conscripsemus
1843 1932 1904 1960 haec
1915 1931 1970 1960 tibi
1985 1942 1990 1960 :
2009 1941 2075 1972 quae
2085 1940 2157 1970 pro-

1195 1970 1280 2001 seete,
1291 1992 1299 2005 ,
1319 1982 1416 2013 quum
1437 1972 1529 2003 istum
1546 1976 1686 2003 animum
1698 1972 1786 2002 habes
1802 1992 1811 2006 ‚
1834 1974 1865 2001 in
1877 1973 2026 2012 optimam
2040 1982 2166 2013 partem*

1193 2015 1330 2053 accipies.
1352 2014 1497 2045 scribitur
1506 2014 1597 2045 nobis
1611 2035 1619 2048 ,
1639 2023 1778 2056 magnam
1794 2022 2005 2044 veteranorum
2017 2015 2158 2045 multitu-

1168 2052 1170 2062 '
1194 2054 1299 2085 dinem
1309 2058 1445 2087 Romam
1454 2054 1628 2087 convenisse
1636 2057 1699 2096 jam
1715 2075 1723 2088 ‚
1747 2055 1822 2086 &ad
1834 2056 1981 2087 Kalendas
1989 2057 2094 2098 Junias
2103 2055 2153 2086 fu-

1191 2104 1288 2128 turam
1309 2098 1408 2128 multo
1419 2099 1577 2136 majorem.
1602 2100 1685 2128 Dete
1697 2095 1717 2126 si
1728 2097 1914 2131 dubitemus,
1925 2107 1975 2128 aut
1984 2107 2152 2133 vereamur³

1192 2136 1282 2170 fimus
1294 2138 1389 2170 nostri
1398 2138 1564 2170 dissimiles.
1587 2139 1643 2170 Sed
1655 2140 1744 2173 certe,
1755 2138 1827 2169 cum
1838 2138 1891 2179 ipsi
1901 2142 1932 2169 in
1944 2148 1992 2170 tua
2006 2139 2150 2180 potestate

1190 2179 1351 2216 fuerimus,
1361 2190 1471 2223 tuoque
1481 2180 1602 2212 adduffi
1613 2179 1739 2212 consilio
1750 2179 1959 2212 dimiserimus
1970 2191 2008 2212 ex
2020 2183 2153 2212 munici-

1189 2224 1248 2263 piis
1268 2222 1386 2253 nostros
1409 2222 1586 2255 necessarios
1600 2243 1609 2258 ,
1629 2233 1726 2263 neque
1746 2222 1844 2254 solum
1860 2222 1979 2257 edisto,
1999 2223 2151 2254 sedetiam

1190 2265 1301 2295 litteris
1313 2265 1344 2296 id
1356 2265 1519 2296 fecerimus
1532 2265 1631 2307 :digni
1643 2265 1745 2295 sumus
1757 2285 1765 2298 ‚
1776 2274 1853 2305 quos
1864 2265 1969 2296 habeas
1979 2267 2022 2296 tui
2032 2264 2150 2295 consilii

1186 2307 1344 2347 participes
1357 2328 1365 2341 ,
1388 2310 1421 2337 in
1430 2317 1462 2338 ea
1472 2308 1632 2348 praesertim
1644 2317 1673 2336 re
1686 2326 1693 2339 ‚
1705 2317 1770 2348 quae
1780 2307 1815 2338 ad
1825 2317 1881 2337 nos
1890 2309 2027 2347 pertinet·
2051 2310 2152 2347 Qiai‘e

1185 2351 1318 2389 petimus
1336 2349 1352 2380 a
1367 2358 1418 2383 te,
1436 2349 1524 2380 facias
1548 2360 1604 2380 nos
1626 2351 1764 2379 cei-:iores
1783 2356 1840 2379 tuae
1864 2349 2068 2379 voluntatisin
2081 2358 2149 2379 nos:

1185 2391 1309 2431 putesne
1320 2411 1329 2425 ‚
1342 2401 1399 2421 nos
1410 2400 1489 2422 tutos
1500 2391 1564 2422 fore
1579 2394 1613 2422 in
1623 2400 1702 2421 tanta
1710 2390 1877 2432 frequentia
1890 2391 2025 2421 militum
2035 2400 2149 2421 vetera-

1186 2442 1318 2466 norum,
1338 2443 1414 2474 quos
1435 2435 1526 2464 etiam
1549 2433 1585 2464 de
1607 2433 1778 2473 reponenda
1799 2442 1844 2463 ara
1853 2435 1981 2503 coffitare
1993 2432 2148 2463 audimus:

1186 2478 1202 2494 ²
1212 2475 1293 2516 quod
1316 2475 1395 2506 velle
1406 2484 1434 2506 te
1444 2476 1568 2515 probare
1580 2496 1588 2509 2
1610 2478 1664 2505 vix
1678 2475 1834 2515 quisquam
1843 2484 1881 2514 po
1909 2473 1924 2504 'e
1934 2474 2052 2504 videtur
2061 2493 2069 2508 ‚
2092 2475 2160 2515 qui>

1187 2527 1244 2547 nos
1254 2517 1397 2551 salvos‚&
1406 2516 1549 2548 honestos
1559 2517 1643 2548 velit.
1666 2519 1733 2546 Nos
1742 2518 1777 2546 ab
1786 2517 1875 2546 initio
1886 2514 2024 2555 spee'tass'e
2034 2518 2146 2552 otium,

1184 2569 1240 2590 nec
1258 2559 1424 2600 quidquam
1440 2559 1522 2590 aliud
1541 2559 1674 2589 libertate
1696 2559 1857 2588 communi
1877 2555 2025 2597 quaefiffe,
2045 2560 2146 2588 exitus

1185 2601 1319 2632 declarat.
1351 2601 1463 2631 Fallere
1482 2610 1575 2630 nemo
1597 2609 1655 2630 nos
1673 2598 1788 2639 potest,
1808 2598 1861 2628 nisi
1881 2608 1912 2629 tu
1937 2610 1941 2628 :
1965 2599 2046 2640 quod
2064 2600 2158 2631 certe}-

1183 2642 1263 2673 abest
1273 2642 1289 2673 a
1299 2652 1347 2673 tua
1354 2645 1463 2673 virtute
1474 2663 1485 2676 ,
1498 2643 1530 2672 &
1542 2641 1600 2672 fide
1612 2651 1618 2671 τ
1629 2642 1676 2672 sed
1687 2641 1762 2671 alius
1772 2650 1865 2670 nemo
1876 2640 2047 2672 facultatem
2057 2642 2146 2673 habet

1182 2684 1354 2725 decipiendi
1376 2694 1443 2714 nos.
1463 2684 1517 2715 tibi
1538 2685 1624 2714 enirn
1645 2684 1698 2713 uni
1715 2682 1899 2713 credidimus
1919 2703 1928 2717 ‚
1950 2682 1983 2713 &
2000 2683 2144 2714 credituri

1182 2727 1298 2757 sumus.
1323 2728 1463 2757 Maximo
1485 2726 1522 2756 de
1534 2726 1621 2755 nobis
1634 2726 1744 2755 timore
1754 2722 2026 2755 afficiunturamici
2035 2725 2143 2756 nostri:

1182 2768 1293 2810 quibus
1311 2767 1361 2798 etsi
1371 2777 1419 2799 tua
1431 2767 1503 2798 fides
1514 2768 1664 2807 explorata
1675 2766 1716 2797 est
1730 2787 1738 2800 ‚
1762 2775 1864 2796 tamen
1873 2766 1949 2796 illud
1961 2769 1994 2797 in
2005 2777 2144 2798 mentem

1181 2812 1277 2844 venit,
1290 2810 1516 2841 multitudinem
1526 2818 1738 2840 veteranorum
1749 2807 1866 2839 facilius
1878 2812 1892 2837 3
1904 2809 2022 2849 impelli
2030 2809 2066 2840 ab
2075 2810 2144 2840 aliis

1179 2853 1337 2894 quolibet,
1357 2853 1448 2894 quim
1466 2853 1481 2883 a
1503 2861 1530 2882 te
1553 2853 1673 2882 retineri
1693 2849 1783 2892 poffe.
1819 2850 1976 2882 Rescribas
1996 2852 2086 2882 nobis
2105 2852 2141 2883 ad

2023 2903 2142 2929 omnia,

180 2959 292 3013 ¹·UT
300 2965 371 3004 {aester
382 2967 533 3000 judit-amum
552 2977 595 2995 aut
613 2969 679 3004 aqua*
687 2970 716 3001 (ἶγ
725 2973 774 3004 igni
791 2968 989 3002 interdicamur]
1011 2969 1037 2994 N
1042 2979 1074 2995 ou
1087 2978 1134 3004 po-

271 3005 307 3024 tui
319 3009 369 3027 non
381 3002 445 3028 hanc
455 3003 597 3032 leffionem
608 3005 721 3041 probare
732 3006 910 3040 injicientibus
922 3015 981 3032 cani
994 3005 1068 3032 uobis
1081 3006 1131 3031 tri-

175 3031 222 3059 bus
234 3033 290 3061 mss'.
304 3035 425 3079 [Jalatino
435 3039 527 3072 tertio,
538 3042 702 3069 Gruteriauo
714 3061 722 3075 ,
732 3043 928 3071 Stewecliiano.
955 3041 1065 3068 Editum
1076 3042 1112 3069 est
1123 3052 1129 3068 z

174 3077 218 3096 au!
228 3079 293 3104 aqua
302 3080 330 3100 ω’
339 3074 387 3104 igni
396 3075 458 3100 nobie
467 3077 640 3104 interdicatur.

172 3139 186 3152 c
204 3113 232 3145 ς..
252 3110 266 3125 ι·
274 3106 318 3131 uod
325 3109 382 3147 ‘velle¹
392 3114 414 3148 re
421 3113 519 3140 probare
528 3114 575 3137 vix
583 3114 708 3147 quisquam
714 3114 772 3148 poffi
781 3115 904 3149 viciatum]
930 3114 1026 3151 Reprae
1031 3112 1130 3140 sentavi

171 3148 322 3181 icripturam
343 3143 467 3171 editionis
479 3145 650 3175 Vic‘torianae.
671 3150 806 3177 Palatinus
828 3152 893 3177 vero
914 3152 1010 3177 tertius
1031 3160 1060 3176 ac
1071 3151 1131 3176 Ste-

170 3178 320 3206 wethi-mus
334 3197 343 3212 ,
361 3180 423 3215 ‹1qu
429 3182 596 3216 νείῶρνοόιιιτ
605 3186 654 3211 vix
662 3187 778 3221 qunpoffe
787 3187 879 3216 credere
889 3187 997 3215 videtur.
1019 3186 1132 3215 Lambi-

1179 2978 1227 2996 nus
1240 2989 1248 3001 ‚
1268 2978 1328 2995 cum
1339 2978 1392 3004 quo
1404 2968 1465 2994 ficit
1477 2967 1561 2994 codex
1575 2966 1764 3002 Hiztorpianus
1776 2976 1782 2994 z
1803 2966 1865 3000 quod
1879 2967 1938 2991 velle
1951 2966 2088 3000 &probare
2097 2970 2143 2992 vix

1176 3006 1300 3040 qmfiuam
1307 3006 1365 3037 roffi·
1375 3005 1480 3030 wilti-ar.
1502 3005 1532 3030 In
1545 3002 1672 3030 Medicaeo
1683 3001 1773 3028 codice
1783 3009 1852 3033 erat,
1863 3009 1893 3028 ut
1903 3009 1979 3029 notat
1993 3003 2120 3038 Egnatius
2134 3008 2142 3029 ;

1175 3042 1313 3075 quodvcllcr
1322 3043 1352 3071 (25-
1366 3042 1467 3073 probare
1475 3042 1522 3066 vix
1542 3041 1665 3074 quisquam
1681 3039 1740 3072 poſjc‘:
1749 3038 1858 3064 videtur.
1879 3038 1968 3074 Vulgo
1983 3039 2044 3073 qnod
2052 3040 2107 3064 velle
2123 3047 2144 3063 tc·

1174 3079 1277 3110 probare
1288 3080 1333 3102 vix
1341 3077 1465 3111 quisptam
1483 3076 1573 3102 credere
1580 3076 1638 3110 poffe
1648 3075 1704 3102 vid.

1213 3122 1238 3148 3.
1257 3115 1343 3146 Impelli
1354 3115 1383 3138 ab
1394 3114 1447 3138 altis
1456 3113 1584 3146 quolibet]
1605 3110 1753 3148 (Qiant'ivis
1765 3110 1848 3146 precii
1860 3110 1913 3136 lzaec
1928 3110 2009 3137 lectio
2020 3110 2055 3137 est
2070 3130 2073 3135 .
2091 3118 2143 3144 pra:

1177 3149 1301 3184 vulgata:
1320 3151 1405 3182 lmpeui
1416 3151 1447 3174 ab
1464 3150 1615 3183 alioquolibet
1627 3168 1634 3179 ‚
1654 3147 1718 3174 licet
1731 3150 1832 3183 exigia
1851 3148 1998 3173 mut-„itione
2009 3155 2069 3172 conr
2078 3156 2100 3171 c:
2109 3146 2143 3171 222.

1178 3185 1312 3213 Habemus
1323 3195 1381 3214 eam
1391 3194 1425 3213 ex
1439 3185 1512 3213 Hitt.
1522 3185 1582 3213 cod.
1593 3185 1681 3213 Varie.
1692 3192 1840 3219 excerptis,
1851 3191 1929 3219 atque
1939 3183 2056 3210 editione
2068 3181 2140 3241 Vive-2⁵.

2037 3226 2059 3243 i.
2086 3222 2091 3228 ·
2110 3226 2150 3242 s>-
