2379 3400
181 805 224 836 25

189 1835 234 1871 26
249 1831 355 1864 Niobe
376 1841 523 1872 parumne
543 1831 713 1861 ratiocinari
724 1828 843 1858 videtur
854 1848 862 1861 ‚
885 1827 917 1857 &
929 1825 980 1856 fibi
992 1826 1053 1865 ipsa
1065 1825 1209 1854 nefariam

225 147 346 249 Mav4015
361 231 368 244 ‚
395 207 463 250 quia
480 211 581 245 magna
601 201 710 230 vertit:
729 200 886 245 ⁴Minerva.
906 196 975 235 quia
985 192 1091 242 miqui?
1104 212 1112 226 ⁸
1129 197 1179 222 aut

250 267 295 286 uia
310 251 658 291 mi1mrur³Vcnus»qu¹a
669 247 748 271 vcms
759 239 795 269 “d
804 246 909 269 ⁰m²¹¹a·‘
918 238 1016 269 cese&
1027 233 1178 275 ag‘737'd0·

230 298 329 339 Qim
350 284 722 334 periculosaconluetudo?
745 280 894 327 inmultis
903 276 1181 319 enimlnominibus

232 337 388 370 harebitis.
410 330 489 370 Quid
502 328 611 368 Vejovi
619 325 710 357 facies
720 326 731 352 ?
740 321 811 364 quid
821 321 959 351 Vulcano
971 321 1182 360 ?quamquam‚

636 121 706 168 M.
776 115 1139 163 Tunnrr
1209 113 1744 165 Crcssxonrs

1225 191 1353 241 funestas
1371 197 1471 236 epulas
1481 195 1561 227 fratri
1572 206 1748 239 comparans
1758 219 1767 234 .
1782 208 1885 232 nonne
1893 199 1988 234 versat
1997 200 2054 233 huc
2065 199 2181 234 &illuc

1226 245 1406 278 cogitatione
1418 241 1581 269 rationem?
2170 250 2173 252 “

1309 278 1417 317 Major
1425 281 1497 309 milii
1507 280 1588 310 moles
1599 300 1608 313 ,
1621 280 1713 320 majus
1721 281 1891 322 miscendum
1900 284 1944 316 eft'
1953 285 2072 319 malum,

1312 319 1378 360 Qi
1389 322 1463 351 illius
1473 321 1603 351 acerbum
1612 333 1656 352 cor
1665 323 1843 358 contundam,
1857 327 1890 358 (9-
1901 329 2093 370 comprimam.

231 379 377 421 quoniam
397 376 576 413 Neptunum
601 368 616 397 a
637 365 724 396 nando
742 364 921 405 appellatum
941 371 1022 403 putas
1035 381 1043 394 ,
1065 360 1186 390 nullum
1232 365 1296 392 Nec
1309 370 1410 394 tamen
1429 364 1481 394 ille
1503 364 1565 404 ipse
1586 363 1628 394 cst
1639 367 1880 404 praetereundus,
1901 371 2028 409 quinon
2039 367 2193 400 sathabuit
2212 380 2254 415 27

235 423 290 451 erit
307 425 420 448 nomen
431 434 439 448 ‚
457 412 538 454 quod
559 420 623 440 non
645 407 731 449 poffis
744 406 907 437 unalittera
916 404 1066 444 explicare
1077 422 1086 435 ,
1108 399 1188 431 unde

236 459 362 492 duetum
374 456 419 487 fit.
443 459 477 487 ln
496 463 557 495 quo
574 451 695 493 quidem
707 450 800 490 magis
810 457 840 477 tu
852 447 929 476 mihi
944 454 1042 476 natare
1053 444 1134 474 visus
1145 452 1188 475 es,

236 503 327 544 quim
337 499 396 540 ipse
410 500 581 537 Neptunus.
598 496 739 533 Magnam
751 487 923 520 molestiam
941 487 1077 527 suscepit,
1089 486 1122 516 &
1133 486 1192 515 mi-

236 543 324 576 nime
343 537 532 572 necessariam
553 537 666 576 primus
683 535 789 565 Zeno,
808 529 875 572 post
884 530 1042 560 Cleanthes
1057 548 1065 562 ,
1084 526 1193 557 deinde

238 582 426 625 Chrysippus,
438 579 715 613 commentitiarum
727 574 894 604 fabularum
903 571 1024 602 reddere
1035 572 1195 600 rationem:

237 626 466 658 vocabulorum,
479 631 530 652 cur
538 621 649 661 quique
660 620 699 647 ita
707 616 845 657 appellati
857 612 922 658 sirit,
931 613 1030 644 causas
1039 613 1195 652 explicare.

238 667 330 709 Qod
349 665 419 697 cum
432 665 545 696 facins,
568 660 643 691 illud
656 656 793 700 Ρτοξεέὶὸ
807 657 1000 687 confitemini
1012 675 1020 688 ‚
1041 654 1133 695 longi:
1143 653 1194 682 ali-

242 719 287 741 ter
297 719 359 739 rem
380 708 407 738 sc
428 705 532 736 habere
543 724 552 737 ,
571 712 657 742 atquc
669 702 834 730 hominum
846 700 954 739 opinio
963 695 996 727 fit
1011 708 1016 726 :
1039 706 1089 726 eos
1100 696 1195 727 enim,

241 751 293 793 qui
302 750 341 780 dit
351 750 522 790 appellantur
534 767 541 779 ,
552 754 645 774 rerum
652 751 770 772 naturas
779 740 827 779 effe
839 760 847 775 ,
868 749 933 770 non
944 738 1048 780 figuras
1058 738 1192 768 deorum.

243 797 301 832 Qui
313 801 411 822 tantus
421 799 505 820 error
515 787 582 821 fuit,
600 795 632 816 ut
651 782 823 825 perniciosis
833 784 923 813 etiam
935 781 1022 811 rebus
1035 784 1044 800 ¹
1060 789 1122 810 non
1130 788 1198 808 mo-

241 835 280 866 do
300 843 414 864 nomen
433 832 561 862 deorum
578 828 756 859 tribuet-esur
775 846 784 860 ,
809 825 858 856 sed
879 825 968 854 etiam
988 823 1062 852 sacra
1089 819 1199 852 consti-

239 884 402 908 tuerentur.
425 872 530 904 Febris
547 871 631 901 enim
643 868 746 899 fanum
759 869 791 897 in
803 866 914 898 Palatio
926 885 934 898 ,
955 868 970 885 2
982 864 1014 894 ὃ(
1026 864 1157 894 Orbonae
1166 861 1201 891 ad

240 918 334 949 aedem
347 918 456 946 Larum
468 934 477 949 ‚
498 914 531 944 ὃς
551 921 628 943 aram
649 910 734 940 maiae
745 911 886 940 Fortunae
898 907 1040 948 Esquiliis
1048 905 1201 936 consecra-

241 969 301 990 tam
320 957 475 988 videmus.
507 956 616 985 Omnis
643 953 734 993 igitur
754 951 820 981 talis
839 951 854 980 a
876 948 1065 990 philosophia
1080 947 1204 987 pellatur

239 1010 322 1032 error
334 1020 343 1034 ,
355 1008 406 1033 ut,
419 999 490 1029 cum
506 997 541 1027 de
552 996 610 1026 diis
624 993 847 1025 immortalibus
857 992 1043 1031 disputemus
1055 1009 1063 1023 ‚
1078 989 1206 1018 dicamus

239 1043 324 1084 digna
332 1041 385 1070 diis
394 1037 601 1071 immortalibus
610 1048 620 1064 .·
632 1037 668 1067 de
678 1035 787 1076 quibus
797 1034 892 1064 habeo
903 1032 972 1072 ipse,
983 1031 1055 1073 quid
1067 1032 1202 1061 sentiam:

238 1094 305 1115 non
319 1083 415 1114 habco
435 1091 547 1114 autem,
558 1078 631 1120 quid
640 1078 695 1109 tibi
705 1075 848 1107 assentiar.
862 1077 1041 1115 Neptunum
1050 1071 1108 1102 efl‘e
1118 1072 1203 1102 dicis,

239 1126 380 1157 animum
403 1133 474 1154 cum
494 1121 692 1162 intelligentia
708 1122 720 1147 ³
735 1128 786 1159 per
797 1127 878 1148 mare
888 1117 1098 1158 pertinentem.
1123 1113 1205 1143 idern

241 1168 280 1198 de
291 1169 403 1198 Cerere.
427 1164 517 1196 Istam
527 1171 626 1195 autem
638 1161 868 1202 intelligentiam
880 1166 930 1189 aut
941 1159 1031 1188 maris
1043 1176 1052 1190 ,
1063 1164 1113 1186 aut
1123 1163 1205 1184 terrae

240 1219 308 1240 non
319 1206 415 1238 modo
435 1204 691 1247 comprehendere
702 1205 810 1233 animo
821 1222 828 1235 ‚
853 1201 901 1231 sed
915 1210 953 1230 ne
963 1199 1129 1239 suspicione
1140 1198 1207 1237 qui—

240 1251 312 1282 dem
332 1247 451 1291 poffum
472 1250 626 1289 attingere.
650 1249 752 1286 Itaque
771 1242 893 1274 aliunde
919 1242 997 1271 mihi
1009 1239 1206 1281 quaerendum

241 1292 305 1326 est,
326 1301 358 1322 ut
378 1291 410 1322 &
429 1288 486 1322 effe
503 1289 576 1320 deos
589 1308 599 1323 ‚
619 1288 652 1320 &
669 1287 771 1329 quales
792 1283 848 1315 sint
866 1284 932 1317 dii,
953 1283 1065 1313 discere
1085 1278 1205 1321 poffim3

241 1338 259 1362 4
270 1334 361 1376 quarn
379 1333 492 1374 qualeis
503 1341 534 1362 tu
544 1340 595 1361 eos
604 1328 662 1360 effe
673 1331 730 1359 vis.
751 1327 917 1357 Videamus
929 1335 961 1355 ea
972 1345 980 1358 ,
1000 1334 1066 1365 quae
1077 1324 1207 1364 sequunss

242 1385 292 1407 tur
305 1387 310 1405 :
328 1374 464 1416 primurn
476 1374 620 1403 deorumne
624 1369 804 1414 providentia
813 1367 932 1397 mundus
942 1374 1057 1408 regatur
1065 1375 1076 1393 :
1097 1364 1207 1395 deinde

241 1417 419 1490 εωὲζιίαηῒηε
428 1415 505 1446 rebus
515 1416 648 1444 humanis.
673 1415 735 1443 haec
752 1413 836 1442 enim
849 1411 926 1441 mihi
937 1418 975 1439 ex
990 1417 1039 1439 tua
1048 1408 1207 1448 partitione

241 1469 274 1490 re
320 1458 431 1490 ntduo.
454 1457 490 1489 de
501 1457 610 1499 quibus
632 1455 653 1486 si
672 1454 760 1486 vobis
782 1453 920 1485 videtur,
938 1449 1104 1482 accuratius
1119 1446 1208 1479 diffe—

243 1501 374 1532 rendum
385 1509 469 1540 puto.
493 1501 573 1529 Mihi
586 1497 658 1529 verb
670 1517 679 1530 ‚
703 1494 947 1537 inquitVelleius
959 1512 968 1526 ,
983 1491 1069 1522 valde
1079 1490 1207 1521 videtur:

244 1552 318 1573 nam
329 1542 362 1572 δε
374 1541 488 1581 majora
500 1539 652 1580 exspefiko:
669 1539 701 1569 ὃς
712 1540 758 1567 his
768 1557 777 1570 ‚
789 1546 854 1577 quae
865 1535 945 1566 diela
954 1535 1032 1567 sunt,
1044 1533 1208 1563 vehemen-

245 1590 290 1614 ter
300 1580 447 1614 affentior.
470 1584 554 1612 Tum
566 1581 673 1611 Balbus
684 1599 693 1614 ,
712 1578 902 1618 Interpellare
912 1586 940 1606 te
951 1596 960 1610 ‚
981 1576 1080 1615 inquit
1091 1594 1099 1608 ‚
1111 1576 1207 1606 Cotta,

245 1624 332 1655 nolo.
356 1624 404 1655 sed
425 1623 582 1654 sumemus
604 1631 722 1662 tempus
739 1619 832 1650 aliud.
868 1616 996 1649 efficiam
1018 1614 1158 1656 Ρῐοὶεξὶὸ
1178 1623 1210 1645 ut

249 1664 369 1697 fateare.
393 1664 450 1695 Sed

609 1704 713 1737 Multa
742 1704 849 1744 desunt.

329 1749 525 1790 Nequaquam
544 1745 612 1784 istuc
632 1745 699 1782 istac
718 1744 792 1774 ibit:
812 1754 917 1785 magna
933 1741 1000 1778 inest
1020 1741 1138 1772 certatio

330 1792 411 1819 Nam
440 1796 474 1819 ut
501 1799 548 1830 ego
575 1789 627 1818 iHis
650 1787 838 1828 ficpplicarem
855 1793 938 1815 tanta
956 1781 1210 1824 blandiloquentia?

247 1873 360 1917 pestem
373 1874 561 1904 machinari?
586 1870 667 1901 Illud
680 1868 753 1900 vero
763 1870 855 1910 quam
869 1868 977 1899 callida
987 1866 1114 1896 ratione?

333 1915 399 1956 Qi
420 1914 499 1949 volt,
518 1912 594 1956 quod
611 1912 693 1946 volt3
712 1912 756 1940 ira
773 1910 825 1940 dat
835 1911 865 1950 [ὲ
877 1919 918 1938 res
929 1929 938 1943 ,
959 1916 993 1938 ut
1002 1916 1110 1949 operam
1118 1905 1207 1936 dabit.

249 1959 312 1998 Q'i
321 1958 364 1988 est
379 1957 479 1987 versus
501 1957 642 1986 omnium
665 1954 825 1984 seminator
834 1953 998 1982 malorum:

331 2001 383 2030 Ille
399 1998 557 2038 tranfvcrfit
574 2003 665 2026 mente
684 1994 755 2024 mihi
775 1994 851 2023 hodie
873 1993 996 2023 tradidit
1012 1991 1159 2034 repagula:

329 2039 448 2082 Qibus
469 2050 515 2080 ego
536 2040 609 2068 iram
627 2047 733 2067 omnem
753 2035 893 2066 recludam
913 2055 922 2069 ‚
949 2041 1039 2076 atque
1057 2035 1100 2065 tui
1115 2033 1210 2076 perni-

382 2083 451 2112 ciem
467 2081 547 2111 dabo:

333 2124 415 2155 Mihi
425 2134 548 2153 moerores
558 2142 567 2157 ‚
581 2122 622 2152 illi
632 2120 744 2151 lustum
753 2131 764 2148 :
773 2119 898 2149 exitium
908 2119 951 2150 illi
964 2138 973 2154 ‚
985 2118 1116 2152 exsilium
1127 2118 1209 2147 mihi.

250 2167 339 2198 Hanc
348 2166 487 2197 videlicet
509 2174 655 2195 rationem
667 2184 676 2198 ,
697 2173 786 2204 quam
807 2172 861 2192 vos
871 2162 979 2192 divino
993 2160 1142 2191 beneficio
1155 2161 1210 2190 'no—

250 2211 330 2238 mini
341 2207 439 2239 solum
453 2207 592 2238 tributam
603 2205 702 2236 dicitis
713 2225 721 2239 ‚
746 2204 846 2235 bestiae
858 2214 922 2241 non
936 2203 1055 2233 habent.
1079 2203 1211 2233 Videsne

251 2252 342 2288 igitur
350 2270 359 2284 ‚
370 2258 483 2290 quanto
494 2258 617 2279 munere
626 2248 753 2278 deorum
765 2246 855 2276 fimus
866 2244 967 2277 affeEti
979 2248 991 2275 ἓ
1010 2254 1095 2286 atque
1106 2245 1210 2276 eadem

252 2291 360 2323 Medea
368 2301 499 2332 patrem,
518 2292 704 2331 patriamque
725 2289 844 2330 fugiens
860 2298 866 2318 :

335 2349 381 2355 ---
399 2332 554 2375 postquam
562 2339 642 2373 pater

333 2377 570 2416 ‹Appropinquan
580 2375 704 2415 jamque,
713 2370 780 2414 pem?
788 2378 823 2401 ut
835 2370 1086 2413 comprehendatur,
1097 2377 1192 2412 parat,

331 2419 457 2448 Puerum
465 2418 570 2446 interea
578 2414 726 2445 obtruncat
735 2434 744 2449 ,
759 2412 938 2456 membraque
945 2413 1127 2442 articulatim
1135 2413 1214 2442 divi-

494 2459 550 2491 dit,

336 2501 443 2542 Perque
452 2510 531 2541 agros
535 2499 635 2542 paffim
642 2498 771 2540 dispergit
779 2505 872 2540 corpus
880 2509 891 2526 .·
901 2497 931 2527 id
938 2507 969 2527 ea
973 2497 1088 2538 gratia,

335 2545 381 2570 vt
387 2562 395 2576 ,
405 2543 473 2571 dum
482 2550 545 2571 nati
556 2542 696 2583 dtffipatos
705 2549 785 2570 artus
795 2547 922 2582 captaret
931 2548 1040 2581 parens,

335 2583 402 2624 1th
415 2585 518 2613 interea
531 2584 662 2624 effugeret
671 2594 683 2610 .·
700 2584 782 2613 illum
792 2590 827 2611 ut
833 2591 931 2613 moeror
938 2581 1066 2611 tardaret
1068 2580 1171 2622 sequs3

337 2624 400 2655 Sibi
406 2626 528 2665 salutem
538 2632 572 2654 ut
575 2625 724 2664 familiari
728 2631 838 2666 pareret
844 2624 1009 2665 parricidio.

257 2666 338 2698 Huic
355 2676 388 2697 ut
406 2667 517 2702 scelus,
544 2665 582 2698 fic
598 2677 654 2698 nec
673 2670 748 2698 ratio
767 2666 894 2708 quidem
909 2665 1014 2696 defuit.
1039 2664 1142 2706 Qid?
1162 2664 1214 2695 ille

291 2779 325 2809 ‚¹.·
345 2775 395 2797 Non
404 2774 464 2797 modo
481 2783 559 2799 nomen
567 2777 666 2800 Deorum
684 2775 854 2807 tribuet-etum]
878 2774 935 2800 1²21.
946 2784 987 2810 pr.
1006 2775 1034 2800 &
1046 2773 1096 2801 sec.
1107 2783 1159 2801 non
1169 2773 1217 2800 ad-

262 2806 387 2833 milerunt
401 2807 466 2833 illud
477 2809 537 2834 ›notso
548 2821 554 2834 :
573 2810 597 2835 ὃς
610 2810 747 2846 eleganter
758 2810 879 2846 profesto
892 2809 1071 2837 subandiatur.

300 2848 328 2866 ι.
349 2844 478 2882 Erqrbonae
496 2845 528 2869 ad
544 2846 610 2871 :dem
627 2847 746 2881 Larum]
771 2847 876 2873 Paullus
890 2847 1026 2873 Manutius
1046 2846 1079 2873 fic
1098 2846 1215 2882 primum

262 2875 418 2916 reforma-:it
428 2888 459 2904 ex
474 2879 529 2905 mss.
540 2881 636 2908 Marsaci
647 2892 676 2908 :ic
687 2882 801 2918 sigonii.
841 2883 893 2909 rius
912 2882 1026 2918 impressi
1037 2881 1216 2909 destitueban-

263 2911 376 2950 turino,
386 2915 476 2939 Orbvnae
484 2915 527 2945 ad,
538 2925 622 2955 neque
631 2918 704 2945 estin
717 2919 772 2945 ullo
783 2892 984 2946 palatinorum:
1007 2917 1077 2954 quod
1091 2918 1152 2945 satis
1164 2919 1215 2945 iui-

263 2955 314 2973 ΙἪἹ
327 2956 428 2983 nequeo
440 2957 448 2978 ὁ
463 2958 520 2975 cuni
531 2959 630 2992 primus
642 2953 778 2988 singularis
790 2954 819 2981 fit
830 2955 856 2980 ὃς
874 2955 999 2981 vetustate
1009 2955 1037 2980 &
1049 2954 1178 2982 bonitate.

301 2991 326 3013 χ.
342 2986 394 3022 *Per
402 2993 467 3009 mare
474 2989 649 3022 samm-mrem]
670 2990 712 3016 Sic
723 2990 858 3018 ViStm-ius
869 2991 896 3017 &
910 2990 965 3018 Pal.
977 2990 1025 3017 sec.
1036 3000 1065 3017 ac
1077 2998 1142 3018 tert.
1152 3000 1213 3018 nam

266 3026 494 3059 teteritasgmtem,
505 3027 534 3058 ut
546 3020 599 3048 fere
613 3024 723 3058 vulgari.

296 3062 326 3086 4.
344 3055 422 3094 §²1¹3-
431 3057 519 3088 qusism
538 3063 563 3081 tu
573 3066 607 3082 eos
624 3060 664 3091 effe
680 3061 745 3095 vin]
767 3062 809 3088 Sic
818 3062 1001 3098 quatuormss'.
1020 3062 1101 3090 nostri
1114 3063 1215 3100 vulgati

261 3097 349 3121 antea,
359 3092 428 3115 vesu.
449 3100 505 3117 iiam
517 3099 626 3126 quartus
638 3103 688 3120 non
699 3096 816 3129 agnoscit
825 3108 904 3131 quam.

300 3134 325 3158 5.
346 3129 442 3152 Matres
452 3130 608 3153 contaminari
626 3132 726 3162 regim]
750 3131 790 3158 [¹]st
802 3134 815 3158 :l
834 3134 937 3160 duobus
949 3134 1016 3162 Pall.
1035 3144 1075 3170 pr.
1095 3135 1122 3160 &
1135 3133 1185 3161 see.
1199 3136 1214 3162 fx

1236 2890 1238 2911 Ι
1261 2882 1392 2919 restatque
1403 2882 1429 2909 in
1440 2883 1452 2908 1

1231 404 1393 446 conjugem
1416 405 1506 436 illexe
1528 408 1560 437 in
1579 405 1716 448 stuprum
1728 417 1733 436 :
1753 407 1790 438 dc
1804 418 1865 450 quo
1874 410 1957 442 recle
1967 431 1976 445 ‚
2000 411 2034 442 &
2042 408 2194 443 vei-istisne

1235 447 1368 487 loquitur
1377 450 1495 478 Atreus:

1322 489 1411 531 Qod
1418 490 1483 519 rein
1493 490 1607 530 flamma
1630 501 1758 521 nmmum
1768 490 1816 530 effe
1826 491 1889 522 arbi
1892 501 1951 523 τῖον

1321 532 1461 562 Periclum
1473 552 1481 565 ,
1495 536 1507 560 5
1517 540 1620 561 matres
1632 534 1808 575 coinquinari
1817 535 1932 575 ‚regiam

1328 574 1522 604 Contaminari
1522 573 1639 615 stirpem
1650 587 1658 609 3
1676 575 1822 616 admisceri
1831 586 1931 617 genus.

1240 623 1279 651 At
1290 616 1320 647 id
1332 617 1428 656 ipsum
1440 616 1531 657 quam
1542 616 1649 646 callide
1663 637 1671 651 ‚
1692 620 1745 658 qui
1755 628 1882 660 regnum
1894 619 2041 650 adulterio
2050 626 2202 660 quaeret-etz

1323 658 1411 688 Addo
1424 658 1546 698 (inquit)
1556 659 1609 688 huc
1619 678 1627 691 ‚
1641 658 1715 700 qubd
1724 661 1796 689 milii
1804 668 1929 702 portento
1940 659 2070 699 caestum
2078 667 2156 703 pater

1325 700 1490 741 Prodigium
1499 699 1577 741 misit
1586 700 1664 742 regni
1674 700 1840 731 stabilimen
1853 704 1918 737 mei,

1325 745 1452 782 Agrium
1466 742 1537 771 inter
1544 743 1656 784 pecudes
1665 753 1750 773 aurea
1761 744 1870 773 clarum
1883 755 1961 774 coma

1329 784 1482 824 Qondam
1493 783 1633 826 Thyestem
1642 784 1740 828 clepere
1747 786 1850 826 aufiim'
1862 786 1910 824 effe
1922 808 1929 821 ,
1941 788 1955 817 ἑ
1965 787 2043 828 regia
2059 797 2071 815 .-

1327 827 1399 868 Qa
1409 827 1436 855 in
1450 836 1477 855 re
1487 827 1655 866 adjutricem
1666 829 1809 869 conjugem
1820 837 1891 870 cepit
1897 828 1961 870 fibi.

1245 869 1411 900 Videtur-ne
1429 868 1547 899 summa
1571 869 1765 908 improbitate
1788 871 1856 900 usus
1874 881 1939 900 non
1951 869 2012 901 sme
2022 871 2139 901 summa
2147 866 2206 898 effe

1247 914 1362 943 ratione
1376 913 1386 940 ?
1407 920 1463 940 nec
1483 909 1555 940 verb
1576 910 1661 941 scena
1680 910 1780 941 solum
1800 911 1905 942 referta
1925 912 1967 944 est
1980 914 2027 942 his
2038 911 2208 944 sceleribus,

1250 954 1298 985 sed
1309 952 1407 983 multo
1419 953 1481 982 vita
1490 954 1666 982 communis
1677 953 1763 992 paene
1773 954 1947 993 majoribus.
1966 957 2092 985 Sem-11·
2101 960 2210 983 Domus

1247 1003 1507 1032 uuiuscujusQE
1517 1015 1526 1027 ‚
1544 1003 1664 1024 SENTIT
1683 1004 1796 1025 FoauM
1816 1005 1935 1026 SENTIT
1960 1005 2065 1026 curua
2075 1015 2084 1028 ,
2120 1003 2211 1024 cAM-

1250 1048 1302 1068 pus
1314 1058 1322 1071 ,
1337 1046 1427 1066 socri
1444 1056 1452 1069 ,
1465 1045 1669 1065 PROVtNCXAE
1683 1056 1691 1070 ‚
1705 1046 1745 1066 υτ
1756 1056 1764 1070 ,
1778 1045 2043 1076 QJAEMADMODUM
2056 1045 2214 1067 RATIONE

1251 1088 1359 1109 aize-rr:
1371 1087 1452 1107 mar
1465 1096 1473 1109 ‚
1501 1086 1557 1106 stc
1578 1085 1731 1106 RATIONE
1748 1087 1931 1109 PECCETUR.
1954 1079 2142 1119 alterumque
2154 1078 2213 1109 &Ta

1249 1122 1348 1161 paucis
1361 1139 1369 1152 ‚
1384 1119 1416 1149 δε
1429 1117 1494 1148 raro
1507 1117 1676 1149 :⁶alterum
1687 1119 1721 1148 &
1732 1119 1847 1159 semper
1858 1139 1866 1154 ,
1890 1121 1923 1151 &
1933 1120 1948 1150 a
1958 1120 2113 1160 plurimis:
2128 1129 2159 1149 ut
2169 1119 2214 1150 sa-

1250 1166 1308 1193 tius
1319 1161 1409 1191 fuerit
1421 1160 1540 1190 nullam
1551 1163 1682 1190 omnino
1693 1161 1782 1191 nobis
1790 1162 1805 1192 Ξι
1817 1162 1875 1191 diis
1885 1162 2104 1192 immortalibus
2113 1160 2212 1196 datam

1251 1202 1308 1234 esse
1318 1204 1467 1234 rationem
1479 1222 1488 1235 ‚
1509 1202 1600 1243 quam
1614 1211 1691 1233 tanta
1701 1213 1771 1233 cum
1781 1205 1914 1243 pernicie
1925 1204 2034 1234 datam.
2058 1206 2103 1233 Ut
2111 1204 2216 1231 vinum

1250 1245 1354 1286 aegroti's
1365 1265 1375 1278 ,
1384 1245 1453 1286 quia
1463 1243 1581 1284 prodest
1589 1243 1655 1274 raro
1665 1264 1673 1278 ‚
1686 1254 1774 1275 nocet
1786 1244 1940 1286 saepisfime
1954 1265 1963 1280 ‚
1974 1245 2085 1275 melius
2096 1243 2138 1274 est
2147 1253 2213 1274 non

1249 1288 1390 1319 adhibere
1400 1288 1532 1317 omnino
1544 1306 1551 1320 ‚
1572 1287 1663 1327 quam
1684 1287 1733 1326 spe
1746 1287 1846 1318 dubiae
1856 1288 1956 1318 salutis
1968 1289 1998 1317 in
2007 1295 2136 1327 apertam
2149 1295 2214 1326 per-

1251 1331 1362 1360 niciem
1375 1330 1542 1358 incurrere:
1560 1327 1596 1358 fic
1607 1328 1685 1359 haud
1696 1330 1755 1359 scio
1767 1349 1775 1364 ‚
1789 1340 1825 1360 an
1837 1329 1947 1360 melius
1956 1328 2048 1360 fuerit
2059 1348 2067 1363 ‚
2079 1329 2219 1358 humano

1248 1373 1350 1414 generi
1369 1379 1489 1401 motum
1504 1369 1594 1400 istum
1606 1372 1734 1401 celerem
1747 1373 1939 1412 cogitationis
1953 1391 1962 1405 ,
1986 1379 2113 1401 acumen
2126 1389 2135 1403 ,
2154 1369 2216 1400 sol-

1251 1415 1368 1444 lertiam
1378 1432 1387 1447 ‚
1406 1422 1499 1453 quam
1518 1414 1666 1443 rationem
1689 1423 1833 1444 vocamus
1847 1434 1857 1447 ,
1881 1414 2027 1455 quoniam
2035 1411 2172 1455 pestifera
2181 1409 2216 1442 sit

1253 1456 1370 1489 multis,
1380 1454 1545 1485 admodum
1557 1454 1881 1494 paucisfiilutarismon
1893 1455 1954 1485 dari
1965 1463 2108 1487 omnino,
2119 1453 2214 1494 quarn

1252 1506 1311 1528 tam
1332 1494 1478 1526 munifice
1490 1515 1499 1529 ,
1522 1495 1555 1525 ὃς
1580 1504 1638 1525 tam
1656 1496 1735 1536 large
1753 1497 1825 1527 dari.
1849 1496 2059 1537 Qamobrem
2079 1493 2098 1525 fi
2115 1503 2214 1528 mens,

1251 1537 1448 1577 voluntasque
1472 1536 1575 1567 divina
1585 1536 1697 1567 idcirco
1707 1538 1860 1568 consuluit
1870 1537 2048 1568 hominibus
2059 1556 2068 1571 ,
2084 1535 2166 1577 quod
2179 1538 2217 1566 iis

1251 1581 1354 1622 largita
1365 1578 1407 1609 est
1418 1580 1566 1609 rationem
1579 1587 1585 1608 ε
1604 1580 1642 1608 iis
1653 1578 1724 1609 solis
1732 1580 1884 1610 consuluit
1893 1599 1902 1613 ‚
1922 1589 1999 1620 quos
2010 1579 2090 1609 bona
2099 1580 2216 1608 ratione

1252 1622 1394 1652 donavit:
1407 1630 1485 1661 quos
1495 1619 1645 1654 videmus,
1658 1619 1678 1650 sl
1689 1621 1784 1651 modo
1794 1622 1850 1651 ulli
1865 1622 1931 1652 sunt
1941 1641 1950 1655 ,
1972 1620 2029 1651 effe
2040 1629 2214 1661 perpaucos.

1254 1666 1327 1694 Non
1349 1663 1442 1702 placet
1459 1671 1558 1693 autem
1577 1664 1676 1702 paucis
1695 1662 1710 1692 a
1730 1663 1787 1693 diis
1798 1663 2020 1693 immortalibus
2030 1661 2086 1693 effe
2093 1661 2217 1692 consul-

1253 1715 1317 1736 tum
1329 1704 1361 1734 &
1375 1704 1506 1744 sequitur
1523 1713 1594 1743 ergo
1609 1714 1615 1732 t
1633 1707 1792 1734 utnemini
1802 1705 1976 1734 consultum
1988 1703 2030 1734 fit.
2055 1705 2135 1734 Huic
2145 1703 2214 1733 loco

1253 1746 1291 1776 sic
1302 1746 1404 1776 soletis
1422 1753 1592 1775 occurrere:
1615 1754 1680 1774 non
1700 1745 1818 1785 idcirco.
1831 1755 1896 1776 non
1906 1746 2021 1786 optime
2033 1745 2147 1775 nobisa
2156 1744 2216 1775 diis

1252 1786 1310 1818 effe
1320 1786 1475 1828 provisum
1487 1805 1495 1819 ,
1518 1784 1601 1826 quod
1624 1786 1715 1816 multi
1723 1797 1829 1817 eorum
1841 1787 1993 1818 beneficio
2001 1787 2138 1827 perverse
2149 1795 2215 1817 ute-

1252 1838 1365 1859 rentur.
1386 1830 1475 1858 etiam
1483 1828 1666 1869 patrimoniis
1675 1828 1780 1858 multos
1788 1829 1861 1858 male*
1870 1830 1915 1858 uti
1926 1840 1938 1857 .·
1951 1839 2007 1860 nec
2016 1829 2057 1859 ob
2064 1837 2131 1859 eam
2143 1837 2214 1859 cau-

1252 1871 1313 1901 sam
1322 1879 1374 1900 eos
1383 1868 1566 1899 beneficium
1580 1868 1596 1899 a
1608 1870 1739 1910 patribus
1749 1872 1870 1901 nullum
1884 1871 2000 1901 habere.
2021 1875 2039 1899 7
2045 1871 2216 1911 Quisquam

1253 1911 1327 1943 istuc
1337 1920 1423 1954 negat
1435 1914 1445 1941 ?
1461 1920 1512 1941 aut
1520 1921 1586 1952 quae
1598 1910 1641 1941 est
1651 1907 1665 1931 ⁸
1675 1913 1709 1942 in
1718 1913 1884 1944 collatione
1893 1912 1946 1944 ista
1956 1912 2144 1943 similitudo?
2157 1921 2216 1942 nec

1252 1957 1335 1985 enim
1355 1953 1482 1984 Herculi
1504 1955 1647 1993 Dejanira
1665 1964 1774 1985 nocere
1792 1955 1906 1989 voluit,
1927 1954 1999 1986 cum
2021 1956 2049 1985 ei
2069 1955 2217 1988 tunicam,

1254 1997 1394 2038 sanguine
1412 1998 1554 2026 Centauri
1577 1994 1702 2026 cineram
1716 2016 1724 2030 ‚
1743 1996 1826 2028 dedit
1838 2007 1844 2026 z
1866 2007 1920 2028 nec
1938 1995 2074 2037 prodeffe
2093 1996 2218 2027 Phaereo

1255 2039 1352 2069 Iasoni
1363 2039 1389 2067 is
1400 2057 1410 2072 ‚
1437 2039 1490 2078 qui
1508 2037 1608 2078 gladio
1624 2040 1776 2068 vomicam
1787 2040 1852 2078 ejus
1860 2042 1976 2080 aperuit
1987 2059 1996 2072 ,
2015 2049 2106 2079 quam
2117 2038 2220 2069 sanare·

1254 2080 1368 2110 medici
1378 2089 1443 2110 non
1453 2088 1620 2119 potuerant.
1645 2089 1755 2110 Μυιτι
1770 2090 1874 2114 amm,
1885 2090 2003 2112 ΕτιΑΜ
2015 2090 2090 2111 cum
2101 2088 2221 2110 enasse

1255 2131 1423 2155 VELLENT2
1436 2131 1670 2156 moruerunt-r,
1685 2132 1725 2153 Ετ
1739 2132 1809 2153 cuM
1823 2132 1991 2158 novasse,
2004 2131 2215 2153 OBFUERUNT.

1254 2167 1297 2195 Ita
1308 2173 1372 2194 non
1384 2163 1417 2194 fit
1427 2183 1437 2198 ‚
1450 2173 1489 2194 ex
1501 2173 1537 2194 eo
1549 2183 1557 2198 ‚
1567 2163 1648 2204 quod
1659 2164 1759 2199 datur,
1776 2173 1808 2195 ut
1817 2165 1957 2197 voluntas
1968 2167 2048 2202 eius,
2062 2163 2216 2205 quide-de-

1255 2208 1313 2240 rit,
1324 2215 1457 2247 appareat
1468 2216 1473 2234 t
1485 2215 1541 2236 nec
1552 2225 1561 2240 ‚
1573 2205 1593 2236 fi
1605 2207 1641 2240 is,
1651 2208 1703 2248 qui
1713 2209 1836 2247 accepit,
1848 2206 1926 2237 bene
1937 2209 2042 2241 utitur,
2052 2208 2165 2237 idcirco
2177 2207 2218 2240 is,

1255 2250 1307 2290 qui
1317 2248 1400 2279 dedit
1411 2267 1420 2282 ,
1443 2248 1541 2279 amice
1558 2247 1651 2278 dedit.
1674 2250 1749 2289 Qae
1767 2251 1851 2279 enim
1872 2249 1970 2280 libido
1981 2268 1990 2284 ‚
2011 2258 2077 2290 quae
2084 2249 2218 2282 avaritia,

1255 2291 1337 2331 quod
1345 2289 1462 2320 facinus
1472 2298 1523 2321 aut
1531 2289 1690 2330 suscipitur
1698 2289 1754 2321 nisi
1764 2289 1891 2321 consilio
1901 2300 1989 2332 capro
1999 2309 2008 2324 ,
2020 2299 2070 2320 aut
2079 2288 2140 2319 fine
2148 2290 2215 2319 ani-

1258 2335 1302 2362 mi
1313 2342 1399 2363 motu
1411 2352 1419 2366 ,
1430 2333 1462 2362 &
1473 2333 1654 2373 cogitatione
1665 2352 1674 2367 ,
1686 2333 1717 2362 id
1728 2332 1770 2363 est
1780 2351 1788 2366 ,
1801 2335 1916 2363 ratione
1929 2352 1938 2367 ‚
1957 2330 2109 2373 perficitur
2119 2334 2131 2361 ἓ
2142 2341 2215 2362 nam

1258 2375 1346 2404 omnir
1364 2374 1456 2414 opinio
1465 2393 1473 2408 ‚
1502 2374 1576 2403 ratio
1595 2372 1638 2403 est'
1650 2394 1659 2407 ,
1690 2373 1724 2407 ὠ·
1741 2374 1855 2416 quidem
1874 2373 1943 2404 bona
1966 2374 2041 2403 ratio
2052 2392 2060 2407 ,
2087 2371 2113 2416 fi
2126 2383 2216 2402 vera:

1260 2416 1339 2445 maia
1347 2423 1445 2445 autem
1456 2437 1465 2449 ,
1482 2415 1589 2456 fifalfic
1601 2415 1646 2445 est
1655 2416 1754 2458 opinio.
1778 2417 1833 2447 Sed
1845 2416 1860 2446 a
1870 2416 1927 2447 deo
1939 2416 2056 2447 tanturn
2067 2417 2216 2446 rationem

1260 2458 1404 2488 habemus
1415 2477 1424 2492 ‚
1439 2456 1460 2488 fi
1471 2457 1565 2488 modo
1574 2457 1719 2488 habemus
1733 2468 1739 2487 ;
1751 2457 1864 2488 bonam
1874 2468 1974 2489 autem
1986 2459 2134 2488 rationem
2146 2477 2155 2491 ,
2165 2464 2218 2488 aut

1261 2509 1323 2530 non
1335 2499 1448 2530 bonam
1461 2518 1471 2532 s
1490 2499 1506 2529 a
1525 2499 1624 2529 nobis.
1649 2509 1714 2530 non
1724 2502 1807 2530 enim
1820 2519 1829 2534 ‚
1853 2509 1885 2530 ut
1895 2501 2114 2541 patrimonium
2124 2499 2219 2529 relin-

1260 2543 1379 2584 quitur,
1399 2540 1439 2572 fic
1455 2543 1530 2572 ratio
1549 2541 1670 2572 homini
1692 2541 1735 2572 est
1743 2540 1894 2572 beneficio
1904 2543 2031 2573 deorum
2039 2541 2115 2572 data.
2136 2539 2223 2579 Quid

1262 2585 1345 2614 enirn
1357 2582 1458 2625 potius
1471 2583 1649 2614 hominibus
1660 2581 1808 2614 dediffent
1819 2603 1828 2618 ,
1848 2582 1869 2613 fi
1879 2587 1916 2615 iis
1927 2593 2034 2615 nocere
2042 2581 2220 2614 voluissent?

1261 2625 1417 2663 iniustitiae
1435 2634 1534 2656 autem
1548 2646 1556 2660 ,
1575 2627 1815 2667 intemperantiae
1824 2645 1833 2660 ‚
1855 2626 2027 2657 timiditatis
2041 2629 2113 2665 quae-
2125 2624 2218 2652 emina

1262 2666 1357 2699 effent
1366 2688 1376 2703 ,
1397 2667 1418 2698 fi
1436 2668 1484 2699 his
1502 2669 1587 2699 vitiis
1603 2669 1679 2700 ratio
1690 2677 1754 2699 non
1765 2665 1914 2700 subesset?
1933 2667 2039 2700 Medea
2048 2671 2100 2697 me
2121 2663 2142 2695 ὸ
2154 2685 2164 2698 ,
2183 2665 2216 2695 &

1633 2719 1637 2722 ⁴
2108 2709 2217 2737 Atreus

1254 2782 1318 2808 pem.
1342 2773 1477 2810 quomodo
1488 2773 1576 2800 nullus
1589 2773 1781 2800 Palatinorum.

1296 2811 1324 2836 6.
1345 2812 1454 2836 Alterum
1462 2811 1491 2842 ὁ·
1495 2811 1586 2843 semper
1593 2810 1623 2841 ὠ
1631 2809 1646 2836 ὰ
1651 2809 1788 2844 plurima]
1808 2809 1934 2844 Vulgata,
1950 2809 2051 2833 alterum
2060 2807 2155 2841 &saeper
2162 2807 2190 2838 ῤ’
2199 2806 2218 2834 ἃ

1256 2847 1379 2880 pluribus.
1393 2845 1442 2872 Sed
1452 2845 1616 2909 piiilusgitllxigh
1628 2853 1782 2873 revomtum
1795 2844 1880 2883 voluit
1888 2842 2006 2877 editione
2015 2840 2058 2869 sua
2068 2842 2218 2876 Viftorius,

1295 2926 1323 2953 7.
1341 2892 1539 2953 QisquaZilsuc
1547 2891 1672 2952 nega‘ssu'j·
1681 2915 1774 2947 Nostri
1784 2914 1838 2942 duo
1847 2913 1931 2942 adhuc
1939 2913 2052 2950 amplius
2064 2934 2075 2947 ,
2083 2914 2218 2950 Qfflum

1258 2964 1286 2980 ne
1295 2956 1352 2987 istuc
1369 2958 1458 2989 negat?
1477 2954 1603 2989 Vulgati:
1625 2953 1684 2987 Qu
1695 2948 1752 2984 [stuc
1764 2955 1858 2984 negat?
1877 2949 1919 2977 sed
1938 2950 2052 2979 alterum
2071 2950 2218 2978 subnititur

1259 2990 1338 3017 etiam
1351 2989 1403 3016 fide
1421 2989 1543 3017 codicum
1555 2987 1667 3015 Vistorii
1680 2998 1686 3013 :
1710 2987 1803 3022 utiquc
1823 2986 1838 3012 fi
1852 2988 1867 3013 ir
1879 2995 1985 3023 recepta
2002 2986 2119 3014 leffionc
2138 2996 2216 3014 num-

1259 3036 1338 3067 quam
1349 3025 1450 3053 recedit
1461 3045 1472 3059 ,
1489 3025 1542 3052 fine
1552 3023 1712 3051 auam-itate
1722 3022 1936 3050 membranarum
1948 3032 1956 3055 3
1978 3022 2050 3060 quod
2064 3023 2138 3051 certo
2150 3023 2217 3050 mihi

1258 3064 1332 3125 Peli-3¹.u
1335 3061 1380 3124 ²12
1390 3095 1532 3130 conanime]
1551 3094 1662 3122 Delevit
1681 3095 1724 3123 has
1743 3094 1806 3123 duas
1827 3104 1903 3122 voces
1923 3094 2070 3131 Lambinus
2089 3094 2217 3130 tanquam

1257 3132 1504 3161 aliundeinveekas.
1525 3138 1619 3161 contra
1631 3130 1694 3163 cdd.
1704 3141 1794 3167 omne-5
1807 3151 1818 3170 ,
1835 3133 1902 3165 item
1913 3131 2103 3164 Pall.nosti·os.
2123 3130 2218 3165 mode-

259 3160 295 3189 1‘.
306 3161 333 3188 ὅ(
347 3161 509 3191 vitiorium.
531 3164 601 3199 prius
613 3172 668 3193 erat
680 3183 689 3200 ,
703 3171 857 3197 cvniaminari·
869 3188 877 3203 ‚
896 3174 982 3205 ugias„
992 3173 1150 3199 contaminari
1152 3172 1216 3205 stis-
1258 3170 1320 3200 stjus
1333 3166 1498 3201 caucellaffet
1509 3167 1592 3198 uncis,

2090 3201 2222 3237 erma

2235 2670 2281 2704 29
