<?xml version="1.0" encoding="UTF-8"?>
<!DOCTYPE html PUBLIC "-//W3C//DTD XHTML 1.0 Transitional//EN"
    "http://www.w3.org/TR/xhtml1/DTD/xhtml1-transitional.dtd">
<html xmlns="http://www.w3.org/1999/xhtml" xml:lang="en" lang="en">
 <head>
  <title>
</title>
<meta http-equiv="Content-Type" content="text/html;charset=utf-8" />
  <meta name='ocr-system' content='tesseract 3.04.00' />
  <meta name='ocr-capabilities' content='ocr_page ocr_carea ocr_par ocr_line ocrx_word'/>
</head>
<body>
  <div class='ocr_page' id='page_1' title='image "./mtuliiciceroniso00cice/mtuliiciceroniso00cice_1412.png"; bbox 0 0 2379 3400; ppageno 0'>
   <div class='ocr_carea' id='block_1_1' title="bbox 242 81 1147 159">
    <p class='ocr_par' dir='ltr' id='par_1_1' title="bbox 242 81 1147 159">
     <span class='ocr_line' id='line_1_1' title="bbox 242 81 1147 159; baseline -0.024 -14"><span class='ocrx_word' id='word_1_1' title='bbox 242 111 367 159; x_wconf 68' lang='lat'>⁸²92</span> <span class='ocrx_word' id='word_1_2' title='bbox 635 81 1147 134; x_wconf 61' lang='lat' dir='ltr'>ivi-&#39;runnu</span> 
     </span>
    </p>
   </div>
   <div class='ocr_carea' id='block_1_2' title="bbox 237 156 1228 1248">
    <p class='ocr_par' dir='ltr' id='par_1_2' title="bbox 237 156 1228 1248">
     <span class='ocr_line' id='line_1_2' title="bbox 237 156 1190 211; baseline -0.021 -7"><span class='ocrx_word' id='word_1_3' title='bbox 237 174 292 207; x_wconf 71' lang='lat' dir='ltr'>sed</span> <span class='ocrx_word' id='word_1_4' title='bbox 305 181 387 211; x_wconf 61' lang='lat' dir='ltr'>turpe</span> <span class='ocrx_word' id='word_1_5' title='bbox 397 190 404 204; x_wconf 90' lang='lat'>,</span> <span class='ocrx_word' id='word_1_6' title='bbox 421 167 604 206; x_wconf 75' lang='lat' dir='ltr'>stultumque</span> <span class='ocrx_word' id='word_1_7' title='bbox 614 161 656 194; x_wconf 79' lang='lat' dir='ltr'>est</span> <span class='ocrx_word' id='word_1_8' title='bbox 665 162 785 194; x_wconf 77' lang='lat' dir='ltr'>homiui</span> <span class='ocrx_word' id='word_1_9' title='bbox 796 179 805 195; x_wconf 89' lang='lat'>‚</span> <span class='ocrx_word' id='word_1_10' title='bbox 816 167 894 192; x_wconf 77' lang='lat' dir='ltr'>tanta</span> <span class='ocrx_word' id='word_1_11' title='bbox 904 178 912 193; x_wconf 86' lang='lat'>.</span> <span class='ocrx_word' id='word_1_12' title='bbox 924 166 1046 200; x_wconf 84' lang='lat' dir='ltr'>tamque</span> <span class='ocrx_word' id='word_1_13' title='bbox 1057 156 1135 187; x_wconf 87' lang='lat' dir='ltr'>varia</span> <span class='ocrx_word' id='word_1_14' title='bbox 1144 164 1190 204; x_wconf 74' lang='lat' dir='ltr'>re-</span> 
     </span>
     <span class='ocr_line' id='line_1_3' title="bbox 241 201 1188 251; baseline -0.02 -6"><span class='ocrx_word' id='word_1_15' title='bbox 241 225 308 246; x_wconf 73' lang='lat' dir='ltr'>rum</span> <span class='ocrx_word' id='word_1_16' title='bbox 327 212 499 251; x_wconf 72' lang='lat' dir='ltr'>cognitione</span> <span class='ocrx_word' id='word_1_17' title='bbox 521 204 667 237; x_wconf 68' lang='lat' dir='ltr'>init-‚ueto</span> <span class='ocrx_word' id='word_1_18' title='bbox 678 223 686 236; x_wconf 82' lang='lat'>‚</span> <span class='ocrx_word' id='word_1_19' title='bbox 709 213 772 233; x_wconf 86' lang='lat' dir='ltr'>non</span> <span class='ocrx_word' id='word_1_20' title='bbox 793 203 809 232; x_wconf 75' lang='lat' dir='ltr'>a</span> <span class='ocrx_word' id='word_1_21' title='bbox 832 202 859 233; x_wconf 86' lang='lat' dir='ltr'>se</span> <span class='ocrx_word' id='word_1_22' title='bbox 880 201 941 241; x_wconf 89' lang='lat' dir='ltr'>ipso</span> <span class='ocrx_word' id='word_1_23' title='bbox 951 201 1050 239; x_wconf 77' lang='lat' dir='ltr'>potius</span> <span class='ocrx_word' id='word_1_24' title='bbox 1061 206 1188 229; x_wconf 83' lang='lat' dir='ltr'>mature,</span> 
     </span>
     <span class='ocr_line' id='line_1_4' title="bbox 242 237 1192 286; baseline -0.019 -1"><span class='ocrx_word' id='word_1_25' title='bbox 242 264 331 285; x_wconf 55' lang='lat' dir='ltr'>etiem</span> <span class='ocrx_word' id='word_1_26' title='bbox 346 255 406 283; x_wconf 74' lang='lat' dir='ltr'>(ero</span> <span class='ocrx_word' id='word_1_27' title='bbox 417 250 452 280; x_wconf 88' lang='lat' dir='ltr'>ab</span> <span class='ocrx_word' id='word_1_28' title='bbox 464 249 526 280; x_wconf 78' lang='lat' dir='ltr'>usu,</span> <span class='ocrx_word' id='word_1_29' title='bbox 540 246 571 277; x_wconf 66' lang='grc' dir='ltr'>ὃ(</span> <span class='ocrx_word' id='word_1_30' title='bbox 584 246 765 286; x_wconf 79' lang='lat' dir='ltr'>cogitatione</span> <span class='ocrx_word' id='word_1_31' title='bbox 776 243 890 274; x_wconf 84' lang='lat' dir='ltr'>doloris</span> <span class='ocrx_word' id='word_1_32' title='bbox 901 239 1030 271; x_wconf 85' lang='lat' dir='ltr'>remedia</span> <span class='ocrx_word' id='word_1_33' title='bbox 1039 237 1192 279; x_wconf 70' lang='lat' dir='ltr'>exspeEta-</span> 
     </span>
     <span class='ocr_line' id='line_1_5' title="bbox 245 283 1190 326; baseline -0.017 -2"><span class='ocrx_word' id='word_1_34' title='bbox 245 288 274 326; x_wconf 55' lang='grc' dir='ltr'>ιῖ-</span> <span class='ocrx_word' id='word_1_35' title='bbox 291 304 369 323; x_wconf 62' lang='lat' dir='ltr'>vtii-sa:</span> <span class='ocrx_word' id='word_1_36' title='bbox 389 301 447 321; x_wconf 74' lang='lat' dir='ltr'>tarn</span> <span class='ocrx_word' id='word_1_37' title='bbox 466 289 551 319; x_wconf 48' lang='lat' dir='ltr'>thri-,a</span> <span class='ocrx_word' id='word_1_38' title='bbox 567 288 634 317; x_wconf 68' lang='lat' dir='ltr'>sunt</span> <span class='ocrx_word' id='word_1_39' title='bbox 646 306 653 319; x_wconf 92' lang='lat'>‚</span> <span class='ocrx_word' id='word_1_40' title='bbox 674 286 872 316; x_wconf 89' lang='lat' dir='ltr'>utneminem</span> <span class='ocrx_word' id='word_1_41' title='bbox 882 283 946 313; x_wconf 83' lang='lat' dir='ltr'>fore</span> <span class='ocrx_word' id='word_1_42' title='bbox 957 291 1059 322; x_wconf 88' lang='lat' dir='ltr'>putem</span> <span class='ocrx_word' id='word_1_43' title='bbox 1071 300 1079 313; x_wconf 88' lang='lat'>‚</span> <span class='ocrx_word' id='word_1_44' title='bbox 1100 289 1190 322; x_wconf 87' lang='lat' dir='ltr'>quem</span> 
     </span>
     <span class='ocr_line' id='line_1_6' title="bbox 244 324 1192 368; baseline -0.016 -4"><span class='ocrx_word' id='word_1_45' title='bbox 244 324 509 367; x_wconf 42' lang='lat' dir='ltr'>vestient-nemer</span> <span class='ocrx_word' id='word_1_46' title='bbox 517 330 697 368; x_wconf 71' lang='lat' dir='ltr'>nonjcvent</span> <span class='ocrx_word' id='word_1_47' title='bbox 706 326 817 360; x_wconf 78' lang='lat' dir='ltr'>solum,</span> <span class='ocrx_word' id='word_1_48' title='bbox 829 325 878 357; x_wconf 90' lang='lat' dir='ltr'>sed</span> <span class='ocrx_word' id='word_1_49' title='bbox 890 326 978 355; x_wconf 83' lang='lat' dir='ltr'>etiam</span> <span class='ocrx_word' id='word_1_50' title='bbox 989 329 1192 363; x_wconf 76' lang='lat' dir='ltr'>permoveant.</span> 
     </span>
     <span class='ocr_line' id='line_1_7' title="bbox 246 363 1193 412; baseline -0.016 -6"><span class='ocrx_word' id='word_1_51' title='bbox 246 380 321 407; x_wconf 42' lang='lat' dir='ltr'>izuh-2</span> <span class='ocrx_word' id='word_1_52' title='bbox 333 385 402 404; x_wconf 78' lang='lat' dir='ltr'>vero</span> <span class='ocrx_word' id='word_1_53' title='bbox 413 383 449 403; x_wconf 88' lang='lat' dir='ltr'>eo</span> <span class='ocrx_word' id='word_1_54' title='bbox 462 373 554 412; x_wconf 77' lang='lat' dir='ltr'>magis</span> <span class='ocrx_word' id='word_1_55' title='bbox 566 367 721 400; x_wconf 70' lang='lat' dir='ltr'>neccssaria</span> <span class='ocrx_word' id='word_1_56' title='bbox 731 367 852 398; x_wconf 83' lang='lat' dir='ltr'>fuerunt</span> <span class='ocrx_word' id='word_1_57' title='bbox 866 387 874 399; x_wconf 93' lang='lat'>‚</span> <span class='ocrx_word' id='word_1_58' title='bbox 898 375 958 406; x_wconf 91' lang='lat' dir='ltr'>quo</span> <span class='ocrx_word' id='word_1_59' title='bbox 969 363 1193 409; x_wconf 64' lang='lat' dir='ltr'>tui·piusvisum</span> 
     </span>
     <span class='ocr_line' id='line_1_8' title="bbox 244 403 1197 455; baseline -0.017 -7"><span class='ocrx_word' id='word_1_60' title='bbox 244 417 314 447; x_wconf 64' lang='lat' dir='ltr'>eset</span> <span class='ocrx_word' id='word_1_61' title='bbox 327 427 332 445; x_wconf 88' lang='lat'>:</span> <span class='ocrx_word' id='word_1_62' title='bbox 343 426 392 446; x_wconf 74' lang='lat' dir='ltr'>:ne</span> <span class='ocrx_word' id='word_1_63' title='bbox 404 435 412 448; x_wconf 86' lang='lat'>,</span> <span class='ocrx_word' id='word_1_64' title='bbox 436 416 485 455; x_wconf 76' lang='lat' dir='ltr'>qui</span> <span class='ocrx_word' id='word_1_65' title='bbox 495 422 607 443; x_wconf 79' lang='lat' dir='ltr'>ceteros</span> <span class='ocrx_word' id='word_1_66' title='bbox 618 408 851 441; x_wconf 78' lang='lat' dir='ltr'>constantiffime</span> <span class='ocrx_word' id='word_1_67' title='bbox 862 407 1031 438; x_wconf 58' lang='lat' dir='ltr'>consolatus</span> <span class='ocrx_word' id='word_1_68' title='bbox 1040 403 1130 435; x_wconf 86' lang='lat' dir='ltr'>essem</span> <span class='ocrx_word' id='word_1_69' title='bbox 1144 424 1151 436; x_wconf 90' lang='lat'>,</span> <span class='ocrx_word' id='word_1_70' title='bbox 1165 406 1197 433; x_wconf 89' lang='lat' dir='ltr'>in</span> 
     </span>
     <span class='ocr_line' id='line_1_9' title="bbox 247 444 1197 494; baseline -0.016 -5"><span class='ocrx_word' id='word_1_71' title='bbox 247 470 317 489; x_wconf 51' lang='lat' dir='ltr'>neo</span> <span class='ocrx_word' id='word_1_72' title='bbox 343 457 447 487; x_wconf 77' lang='lat' dir='ltr'>dolore</span> <span class='ocrx_word' id='word_1_73' title='bbox 470 456 564 494; x_wconf 74' lang='lat' dir='ltr'>jacere</span> <span class='ocrx_word' id='word_1_74' title='bbox 578 465 582 482; x_wconf 88' lang='grc'>;</span> <span class='ocrx_word' id='word_1_75' title='bbox 595 462 715 493; x_wconf 78' lang='lat' dir='ltr'>voxque</span> <span class='ocrx_word' id='word_1_76' title='bbox 725 452 775 481; x_wconf 89' lang='lat' dir='ltr'>illa</span> <span class='ocrx_word' id='word_1_77' title='bbox 787 450 940 481; x_wconf 85' lang='lat' dir='ltr'>exaudiri,</span> <span class='ocrx_word' id='word_1_78' title='bbox 962 448 993 477; x_wconf 90' lang='lat'>&amp;</span> <span class='ocrx_word' id='word_1_79' title='bbox 1004 444 1123 477; x_wconf 74' lang='lat' dir='ltr'>fortasse</span> <span class='ocrx_word' id='word_1_80' title='bbox 1133 454 1197 489; x_wconf 86' lang='lat' dir='ltr'>non</span> 
     </span>
     <span class='ocr_line' id='line_1_10' title="bbox 244 488 1223 537; baseline -0.016 -7"><span class='ocrx_word' id='word_1_81' title='bbox 244 498 402 530; x_wconf 71' lang='lat' dir='ltr'>immerito</span> <span class='ocrx_word' id='word_1_82' title='bbox 414 518 422 531; x_wconf 84' lang='lat'>,</span> <span class='ocrx_word' id='word_1_83' title='bbox 435 495 587 537; x_wconf 78' lang='lat' dir='ltr'>potuisset,</span> <span class='ocrx_word' id='word_1_84' title='bbox 598 495 712 524; x_wconf 63' lang='lat' dir='ltr'>Hucine</span> <span class='ocrx_word' id='word_1_85' title='bbox 721 494 764 523; x_wconf 67' lang='lat' dir='ltr'>ille</span> <span class='ocrx_word' id='word_1_86' title='bbox 776 493 874 525; x_wconf 81' lang='lat' dir='ltr'>Cicero,</span> <span class='ocrx_word' id='word_1_87' title='bbox 887 491 964 527; x_wconf 61' lang='lat' dir='ltr'>cujus</span> <span class='ocrx_word' id='word_1_88' title='bbox 979 488 1011 518; x_wconf 79' lang='lat' dir='ltr'>ob</span> <span class='ocrx_word' id='word_1_89' title='bbox 1020 500 1046 518; x_wconf 83' lang='lat' dir='ltr'>os</span> <span class='ocrx_word' id='word_1_90' title='bbox 1055 488 1139 518; x_wconf 78' lang='lat' dir='ltr'>Graii</span> <span class='ocrx_word' id='word_1_91' title='bbox 1152 497 1200 516; x_wconf 83' lang='lat' dir='ltr'>ora</span> <span class='ocrx_word' id='word_1_92' title='bbox 1221 517 1223 523; x_wconf 37' lang='grc' dir='ltr'>Ι</span> 
     </span>
     <span class='ocr_line' id='line_1_11' title="bbox 246 525 1223 579; baseline -0.012 -8"><span class='ocrx_word' id='word_1_93' title='bbox 246 539 425 570; x_wconf 56' lang='lat' dir='ltr'>okvcstebant</span> <span class='ocrx_word' id='word_1_94' title='bbox 442 539 519 579; x_wconf 66' lang='lat' dir='ltr'>siaa?</span> <span class='ocrx_word' id='word_1_95' title='bbox 543 537 599 567; x_wconf 77' lang='lat' dir='ltr'>Sed</span> <span class='ocrx_word' id='word_1_96' title='bbox 618 545 674 565; x_wconf 91' lang='lat' dir='ltr'>nos</span> <span class='ocrx_word' id='word_1_97' title='bbox 685 535 876 574; x_wconf 72' lang='lat' dir='ltr'>Philosophia</span> <span class='ocrx_word' id='word_1_98' title='bbox 885 532 1021 562; x_wconf 78' lang='lat' dir='ltr'>adversus</span> <span class='ocrx_word' id='word_1_99' title='bbox 1033 538 1140 560; x_wconf 86' lang='lat' dir='ltr'>omnes</span> <span class='ocrx_word' id='word_1_100' title='bbox 1151 528 1198 559; x_wconf 88' lang='lat' dir='ltr'>vel</span> <span class='ocrx_word' id='word_1_101' title='bbox 1221 525 1223 559; x_wconf 80' lang='lat' dir='ltr'>l</span> 
     </span>
     <span class='ocr_line' id='line_1_12' title="bbox 246 573 1200 620; baseline -0.013 -8"><span class='ocrx_word' id='word_1_102' title='bbox 246 592 418 620; x_wconf 71' lang='lat' dir='ltr'>temporum</span> <span class='ocrx_word' id='word_1_103' title='bbox 430 601 438 614; x_wconf 93' lang='lat'>,</span> <span class='ocrx_word' id='word_1_104' title='bbox 459 579 654 611; x_wconf 75' lang='lat' dir='ltr'>velfottunae,</span> <span class='ocrx_word' id='word_1_105' title='bbox 669 577 715 606; x_wconf 81' lang='lat' dir='ltr'>vel</span> <span class='ocrx_word' id='word_1_106' title='bbox 727 585 834 606; x_wconf 84' lang='lat' dir='ltr'>naturae</span> <span class='ocrx_word' id='word_1_107' title='bbox 846 573 962 604; x_wconf 88' lang='lat' dir='ltr'>infidias</span> <span class='ocrx_word' id='word_1_108' title='bbox 973 574 1118 602; x_wconf 88' lang='lat' dir='ltr'>munivit:</span> <span class='ocrx_word' id='word_1_109' title='bbox 1135 579 1200 611; x_wconf 80' lang='lat' dir='ltr'>quae</span> 
     </span>
     <span class='ocr_line' id='line_1_13' title="bbox 247 614 1202 658; baseline -0.016 -3"><span class='ocrx_word' id='word_1_110' title='bbox 247 619 287 655; x_wconf 66' lang='lat' dir='ltr'>{ia</span> <span class='ocrx_word' id='word_1_111' title='bbox 308 625 393 654; x_wconf 60' lang='lat' dir='ltr'>roi-iis</span> <span class='ocrx_word' id='word_1_112' title='bbox 417 621 458 652; x_wconf 90' lang='lat' dir='ltr'>est</span> <span class='ocrx_word' id='word_1_113' title='bbox 471 643 479 655; x_wconf 91' lang='lat'>,</span> <span class='ocrx_word' id='word_1_114' title='bbox 500 630 531 651; x_wconf 91' lang='lat' dir='ltr'>ut</span> <span class='ocrx_word' id='word_1_115' title='bbox 547 620 788 658; x_wconf 75' lang='lat' dir='ltr'>nulliusinjuriae</span> <span class='ocrx_word' id='word_1_116' title='bbox 801 619 947 656; x_wconf 84' lang='lat' dir='ltr'>impetum</span> <span class='ocrx_word' id='word_1_117' title='bbox 960 614 1202 644; x_wconf 61' lang='lat' dir='ltr'>extimescauita</span> 
     </span>
     <span class='ocr_line' id='line_1_14' title="bbox 248 654 1202 696; baseline -0.015 0"><span class='ocrx_word' id='word_1_118' title='bbox 248 668 324 696; x_wconf 78' lang='lat' dir='ltr'>lenis</span> <span class='ocrx_word' id='word_1_119' title='bbox 335 666 366 695; x_wconf 69' lang='grc' dir='ltr'>ὅ(</span> <span class='ocrx_word' id='word_1_120' title='bbox 382 666 478 695; x_wconf 70' lang='lat' dir='ltr'>suavis</span> <span class='ocrx_word' id='word_1_121' title='bbox 488 684 495 696; x_wconf 88' lang='lat'>,</span> <span class='ocrx_word' id='word_1_122' title='bbox 515 671 546 692; x_wconf 77' lang='lat' dir='ltr'>ut</span> <span class='ocrx_word' id='word_1_123' title='bbox 557 671 664 690; x_wconf 86' lang='lat' dir='ltr'>omnes</span> <span class='ocrx_word' id='word_1_124' title='bbox 673 659 844 690; x_wconf 82' lang='lat' dir='ltr'>acerbitates</span> <span class='ocrx_word' id='word_1_125' title='bbox 854 658 938 688; x_wconf 83' lang='lat' dir='ltr'>facile</span> <span class='ocrx_word' id='word_1_126' title='bbox 951 657 1070 696; x_wconf 85' lang='lat' dir='ltr'>mitiget</span> <span class='ocrx_word' id='word_1_127' title='bbox 1079 664 1111 685; x_wconf 90' lang='lat' dir='ltr'>ac</span> <span class='ocrx_word' id='word_1_128' title='bbox 1121 654 1202 682; x_wconf 88' lang='lat' dir='ltr'>mol—</span> 
     </span>
     <span class='ocr_line' id='line_1_15' title="bbox 249 696 1200 738; baseline -0.015 0"><span class='ocrx_word' id='word_1_129' title='bbox 249 710 319 738; x_wconf 75' lang='lat' dir='ltr'>liat:</span> <span class='ocrx_word' id='word_1_130' title='bbox 339 710 377 737; x_wconf 71' lang='grc'>113</span> <span class='ocrx_word' id='word_1_131' title='bbox 396 708 521 736; x_wconf 81' lang='lat' dir='ltr'>demum</span> <span class='ocrx_word' id='word_1_132' title='bbox 543 704 624 733; x_wconf 87' lang='lat' dir='ltr'>utilis</span> <span class='ocrx_word' id='word_1_133' title='bbox 639 722 647 735; x_wconf 83' lang='lat'>,</span> <span class='ocrx_word' id='word_1_134' title='bbox 674 700 868 732; x_wconf 61' lang='lat' dir='ltr'>&amp;fruStuosa</span> <span class='ocrx_word' id='word_1_135' title='bbox 881 719 889 733; x_wconf 87' lang='lat'>,</span> <span class='ocrx_word' id='word_1_136' title='bbox 915 707 946 729; x_wconf 89' lang='lat' dir='ltr'>ut</span> <span class='ocrx_word' id='word_1_137' title='bbox 958 707 1050 729; x_wconf 86' lang='lat' dir='ltr'>totam</span> <span class='ocrx_word' id='word_1_138' title='bbox 1061 697 1088 727; x_wconf 90' lang='lat' dir='ltr'>se</span> <span class='ocrx_word' id='word_1_139' title='bbox 1098 696 1132 725; x_wconf 90' lang='lat' dir='ltr'>ad</span> <span class='ocrx_word' id='word_1_140' title='bbox 1144 696 1200 724; x_wconf 84' lang='lat' dir='ltr'>hu-</span> 
     </span>
     <span class='ocr_line' id='line_1_16' title="bbox 249 739 1203 782; baseline -0.014 -3"><span class='ocrx_word' id='word_1_141' title='bbox 249 759 352 780; x_wconf 80' lang='lat' dir='ltr'>manas</span> <span class='ocrx_word' id='word_1_142' title='bbox 370 749 510 778; x_wconf 79' lang='lat' dir='ltr'>Utilitates</span> <span class='ocrx_word' id='word_1_143' title='bbox 530 743 730 774; x_wconf 76' lang='lat' dir='ltr'>liberalissime</span> <span class='ocrx_word' id='word_1_144' title='bbox 745 744 874 782; x_wconf 84' lang='lat' dir='ltr'>porrigat</span> <span class='ocrx_word' id='word_1_145' title='bbox 891 750 977 781; x_wconf 83' lang='lat' dir='ltr'>atque</span> <span class='ocrx_word' id='word_1_146' title='bbox 990 739 1127 778; x_wconf 81' lang='lat' dir='ltr'>explicet.</span> <span class='ocrx_word' id='word_1_147' title='bbox 1149 746 1203 766; x_wconf 89' lang='lat' dir='ltr'>nec</span> 
     </span>
     <span class='ocr_line' id='line_1_17' title="bbox 249 782 1203 820; baseline -0.014 0"><span class='ocrx_word' id='word_1_148' title='bbox 249 791 322 820; x_wconf 50' lang='lat' dir='ltr'>‘aab</span> <span class='ocrx_word' id='word_1_149' title='bbox 343 791 421 820; x_wconf 69' lang='lat' dir='ltr'>secus</span> <span class='ocrx_word' id='word_1_150' title='bbox 441 787 539 818; x_wconf 88' lang='lat' dir='ltr'>debet.</span> <span class='ocrx_word' id='word_1_151' title='bbox 563 796 627 819; x_wconf 63' lang='grc' dir='ltr'>ουκ</span> <span class='ocrx_word' id='word_1_152' title='bbox 646 788 728 815; x_wconf 65' lang='lat' dir='ltr'>enim</span> <span class='ocrx_word' id='word_1_153' title='bbox 741 787 939 814; x_wconf 79' lang='lat' dir='ltr'>humanarum</span> <span class='ocrx_word' id='word_1_154' title='bbox 954 782 1140 812; x_wconf 86' lang='lat' dir='ltr'>miseriarum</span> <span class='ocrx_word' id='word_1_155' title='bbox 1151 788 1203 808; x_wconf 89' lang='lat' dir='ltr'>cu-</span> 
     </span>
     <span class='ocr_line' id='line_1_18' title="bbox 251 820 1203 880; baseline -0.014 -18"><span class='ocrx_word' id='word_1_156' title='bbox 251 834 370 862; x_wconf 81' lang='lat' dir='ltr'>mulum</span> <span class='ocrx_word' id='word_1_157' title='bbox 383 830 498 880; x_wconf 56' lang='lat' dir='ltr'>optime</span> <span class='ocrx_word' id='word_1_158' title='bbox 511 821 611 861; x_wconf 79' lang='lat' dir='ltr'>norit,</span> <span class='ocrx_word' id='word_1_159' title='bbox 628 828 659 857; x_wconf 68' lang='grc' dir='ltr'>ὃς</span> <span class='ocrx_word' id='word_1_160' title='bbox 673 824 1012 864; x_wconf 77' lang='lat' dir='ltr'>acutiffimeperspiciar‚</span> <span class='ocrx_word' id='word_1_161' title='bbox 1025 820 1045 851; x_wconf 88' lang='lat' dir='ltr'>fi</span> <span class='ocrx_word' id='word_1_162' title='bbox 1057 831 1104 851; x_wconf 86' lang='lat' dir='ltr'>eas</span> <span class='ocrx_word' id='word_1_163' title='bbox 1115 822 1203 860; x_wconf 80' lang='lat' dir='ltr'>patia-</span> 
     </span>
     <span class='ocr_line' id='line_1_19' title="bbox 251 862 1228 911; baseline -0.014 -7"><span class='ocrx_word' id='word_1_164' title='bbox 251 884 299 903; x_wconf 74' lang='lat' dir='ltr'>tur</span> <span class='ocrx_word' id='word_1_165' title='bbox 310 883 427 903; x_wconf 79' lang='lat' dir='ltr'>manare</span> <span class='ocrx_word' id='word_1_166' title='bbox 440 873 556 911; x_wconf 78' lang='lat' dir='ltr'>longius</span> <span class='ocrx_word' id='word_1_167' title='bbox 568 890 576 903; x_wconf 87' lang='lat'>,</span> <span class='ocrx_word' id='word_1_168' title='bbox 589 879 683 909; x_wconf 76' lang='lat' dir='ltr'>neque</span> <span class='ocrx_word' id='word_1_169' title='bbox 695 869 817 898; x_wconf 85' lang='lat' dir='ltr'>homini</span> <span class='ocrx_word' id='word_1_170' title='bbox 827 876 956 897; x_wconf 86' lang='lat' dir='ltr'>moerore</span> <span class='ocrx_word' id='word_1_171' title='bbox 965 862 1119 895; x_wconf 64' lang='lat' dir='ltr'>consceto,</span> <span class='ocrx_word' id='word_1_172' title='bbox 1130 871 1205 891; x_wconf 86' lang='lat' dir='ltr'>con·</span> <span class='ocrx_word' id='word_1_173' title='bbox 1226 864 1228 871; x_wconf 76' lang='lat'><strong><em>⁴</em></strong></span> 
     </span>
     <span class='ocr_line' id='line_1_20' title="bbox 251 902 1204 955; baseline -0.016 -9"><span class='ocrx_word' id='word_1_174' title='bbox 251 915 317 946; x_wconf 71' lang='lat' dir='ltr'>silio</span> <span class='ocrx_word' id='word_1_175' title='bbox 328 935 336 947; x_wconf 90' lang='lat'>,</span> <span class='ocrx_word' id='word_1_176' title='bbox 354 912 545 955; x_wconf 80' lang='lat' dir='ltr'>praesidioque</span> <span class='ocrx_word' id='word_1_177' title='bbox 558 912 608 941; x_wconf 81' lang='lat' dir='ltr'>suo</span> <span class='ocrx_word' id='word_1_178' title='bbox 619 909 725 950; x_wconf 77' lang='lat' dir='ltr'>praesto</span> <span class='ocrx_word' id='word_1_179' title='bbox 740 907 772 939; x_wconf 89' lang='lat' dir='ltr'>fit</span> <span class='ocrx_word' id='word_1_180' title='bbox 789 908 876 949; x_wconf 86' lang='lat' dir='ltr'>:quid</span> <span class='ocrx_word' id='word_1_181' title='bbox 888 909 942 937; x_wconf 92' lang='grc'><strong>1110</strong></span> <span class='ocrx_word' id='word_1_182' title='bbox 953 906 1110 936; x_wconf 86' lang='lat' dir='ltr'>miserius?</span> <span class='ocrx_word' id='word_1_183' title='bbox 1131 902 1204 948; x_wconf 74' lang='lat' dir='ltr'>quid</span> 
     </span>
     <span class='ocr_line' id='line_1_21' title="bbox 250 945 1204 989; baseline -0.013 -4"><span class='ocrx_word' id='word_1_184' title='bbox 250 959 313 987; x_wconf 76' lang='lat' dir='ltr'>vita</span> <span class='ocrx_word' id='word_1_185' title='bbox 329 955 429 986; x_wconf 85' lang='lat' dir='ltr'>nostra</span> <span class='ocrx_word' id='word_1_186' title='bbox 448 952 620 984; x_wconf 90' lang='lat' dir='ltr'>laboriosius</span> <span class='ocrx_word' id='word_1_187' title='bbox 642 971 649 984; x_wconf 67' lang='lat'>2</span> <span class='ocrx_word' id='word_1_188' title='bbox 669 961 718 982; x_wconf 74' lang='lat' dir='ltr'>aut</span> <span class='ocrx_word' id='word_1_189' title='bbox 737 953 868 981; x_wconf 69' lang='lat' dir='ltr'>iaetrius?</span> <span class='ocrx_word' id='word_1_190' title='bbox 887 958 936 980; x_wconf 89' lang='lat' dir='ltr'>aut</span> <span class='ocrx_word' id='word_1_191' title='bbox 954 948 1026 989; x_wconf 87' lang='lat' dir='ltr'>quid</span> <span class='ocrx_word' id='word_1_192' title='bbox 1046 945 1204 986; x_wconf 74' lang='lat' dir='ltr'>prodesset‚</span> 
     </span>
     <span class='ocr_line' id='line_1_22' title="bbox 249 987 1203 1039; baseline -0.014 -10"><span class='ocrx_word' id='word_1_193' title='bbox 249 997 422 1039; x_wconf 61' lang='lat' dir='ltr'>adspectum</span> <span class='ocrx_word' id='word_1_194' title='bbox 433 1000 448 1027; x_wconf 77' lang='grc'>3</span> <span class='ocrx_word' id='word_1_195' title='bbox 458 1005 559 1027; x_wconf 88' lang='lat' dir='ltr'>natura</span> <span class='ocrx_word' id='word_1_196' title='bbox 567 994 602 1024; x_wconf 86' lang='lat' dir='ltr'>ad</span> <span class='ocrx_word' id='word_1_197' title='bbox 615 994 714 1033; x_wconf 84' lang='lat' dir='ltr'>supera</span> <span class='ocrx_word' id='word_1_198' title='bbox 724 991 856 1022; x_wconf 48' lang='lat' dir='ltr'>erectum</span> <span class='ocrx_word' id='word_1_199' title='bbox 869 989 1008 1030; x_wconf 71' lang='lat' dir='ltr'>accepisse</span> <span class='ocrx_word' id='word_1_200' title='bbox 1019 1009 1028 1023; x_wconf 89' lang='lat'>,</span> <span class='ocrx_word' id='word_1_201' title='bbox 1050 998 1082 1018; x_wconf 89' lang='lat' dir='ltr'>ut</span> <span class='ocrx_word' id='word_1_202' title='bbox 1089 987 1203 1018; x_wconf 88' lang='lat' dir='ltr'>coelum</span> 
     </span>
     <span class='ocr_line' id='line_1_23' title="bbox 251 1028 1206 1080; baseline -0.014 -10"><span class='ocrx_word' id='word_1_203' title='bbox 251 1040 468 1080; x_wconf 75' lang='lat' dir='ltr'>contemplari,</span> <span class='ocrx_word' id='word_1_204' title='bbox 496 1047 528 1067; x_wconf 90' lang='lat' dir='ltr'>ut</span> <span class='ocrx_word' id='word_1_205' title='bbox 550 1037 675 1066; x_wconf 88' lang='lat' dir='ltr'>deorum</span> <span class='ocrx_word' id='word_1_206' title='bbox 702 1033 886 1073; x_wconf 72' lang='lat' dir='ltr'>majestatem</span> <span class='ocrx_word' id='word_1_207' title='bbox 898 1033 1043 1074; x_wconf 75' lang='lat' dir='ltr'>cogitare,</span> <span class='ocrx_word' id='word_1_208' title='bbox 1062 1028 1206 1060; x_wconf 67' lang='lat' dir='ltr'>aut‘adiis</span> 
     </span>
     <span class='ocr_line' id='line_1_24' title="bbox 254 1071 1205 1112; baseline -0.013 -1"><span class='ocrx_word' id='word_1_209' title='bbox 254 1079 480 1111; x_wconf 75' lang='lat' dir='ltr'>immortalibus</span> <span class='ocrx_word' id='word_1_210' title='bbox 490 1087 625 1109; x_wconf 79' lang='lat' dir='ltr'>mentem</span> <span class='ocrx_word' id='word_1_211' title='bbox 639 1077 671 1106; x_wconf 64' lang='lat' dir='ltr'>Sc</span> <span class='ocrx_word' id='word_1_212' title='bbox 685 1085 832 1106; x_wconf 77' lang='lat' dir='ltr'>rationem</span> <span class='ocrx_word' id='word_1_213' title='bbox 845 1095 853 1108; x_wconf 86' lang='lat'><strong>.</strong></span> <span class='ocrx_word' id='word_1_214' title='bbox 880 1084 911 1104; x_wconf 84' lang='lat' dir='ltr'>ut</span> <span class='ocrx_word' id='word_1_215' title='bbox 921 1075 1006 1104; x_wconf 85' lang='lat' dir='ltr'>utilia</span> <span class='ocrx_word' id='word_1_216' title='bbox 1016 1071 1205 1112; x_wconf 84' lang='lat' dir='ltr'>cognoscere,</span> 
     </span>
     <span class='ocr_line' id='line_1_25' title="bbox 254 1113 1204 1160; baseline -0.014 -7"><span class='ocrx_word' id='word_1_217' title='bbox 254 1122 378 1153; x_wconf 69' lang='lat' dir='ltr'>honesta</span> <span class='ocrx_word' id='word_1_218' title='bbox 394 1123 410 1152; x_wconf 68' lang='lat' dir='ltr'>a</span> <span class='ocrx_word' id='word_1_219' title='bbox 428 1122 563 1160; x_wconf 81' lang='lat' dir='ltr'>turpibus</span> <span class='ocrx_word' id='word_1_220' title='bbox 574 1120 722 1149; x_wconf 68' lang='lat' dir='ltr'>secernere</span> <span class='ocrx_word' id='word_1_221' title='bbox 734 1138 742 1150; x_wconf 88' lang='lat'>,</span> <span class='ocrx_word' id='word_1_222' title='bbox 770 1127 851 1158; x_wconf 80' lang='lat' dir='ltr'>aequa</span> <span class='ocrx_word' id='word_1_223' title='bbox 864 1115 1004 1156; x_wconf 52' lang='lat' dir='ltr'>ampleth</span> <span class='ocrx_word' id='word_1_224' title='bbox 1017 1135 1025 1148; x_wconf 89' lang='lat'>,</span> <span class='ocrx_word' id='word_1_225' title='bbox 1047 1113 1204 1151; x_wconf 87' lang='lat' dir='ltr'>abiniquis</span> 
     </span>
     <span class='ocr_line' id='line_1_26' title="bbox 254 1154 1206 1203; baseline -0.015 -8"><span class='ocrx_word' id='word_1_226' title='bbox 254 1164 399 1195; x_wconf 69' lang='lat' dir='ltr'>abstinere</span> <span class='ocrx_word' id='word_1_227' title='bbox 419 1162 569 1203; x_wconf 73' lang='lat' dir='ltr'>possemus</span> <span class='ocrx_word' id='word_1_228' title='bbox 584 1182 592 1194; x_wconf 92' lang='lat'>,</span> <span class='ocrx_word' id='word_1_229' title='bbox 615 1169 690 1191; x_wconf 73' lang='lat' dir='ltr'>voce</span> <span class='ocrx_word' id='word_1_230' title='bbox 709 1159 837 1199; x_wconf 87' lang='lat' dir='ltr'>denique</span> <span class='ocrx_word' id='word_1_231' title='bbox 848 1158 908 1198; x_wconf 83' lang='lat' dir='ltr'>ipsa</span> <span class='ocrx_word' id='word_1_232' title='bbox 919 1178 926 1191; x_wconf 92' lang='lat'>,</span> <span class='ocrx_word' id='word_1_233' title='bbox 949 1157 980 1187; x_wconf 85' lang='lat'>&amp;</span> <span class='ocrx_word' id='word_1_234' title='bbox 991 1159 1125 1186; x_wconf 87' lang='lat' dir='ltr'>oratione</span> <span class='ocrx_word' id='word_1_235' title='bbox 1135 1154 1206 1199; x_wconf 76' lang='lat' dir='ltr'>itui,</span> 
     </span>
     <span class='ocr_line' id='line_1_27' title="bbox 255 1199 1207 1248; baseline -0.014 -11"><span class='ocrx_word' id='word_1_236' title='bbox 255 1217 322 1248; x_wconf 78' lang='lat' dir='ltr'>quae</span> <span class='ocrx_word' id='word_1_237' title='bbox 331 1206 425 1236; x_wconf 87' lang='lat' dir='ltr'>nullis</span> <span class='ocrx_word' id='word_1_238' title='bbox 434 1203 639 1234; x_wconf 86' lang='lat' dir='ltr'>animantibus</span> <span class='ocrx_word' id='word_1_239' title='bbox 649 1199 782 1232; x_wconf 73' lang='lat' dir='ltr'>concess‘a</span> <span class='ocrx_word' id='word_1_240' title='bbox 791 1199 833 1231; x_wconf 74' lang='lat' dir='ltr'>cst</span> <span class='ocrx_word' id='word_1_241' title='bbox 842 1221 850 1233; x_wconf 87' lang='lat'>‚</span> <span class='ocrx_word' id='word_1_242' title='bbox 865 1210 981 1240; x_wconf 84' lang='lat' dir='ltr'>quaque</span> <span class='ocrx_word' id='word_1_243' title='bbox 992 1199 1096 1228; x_wconf 85' lang='lat' dir='ltr'>ceteris</span> <span class='ocrx_word' id='word_1_244' title='bbox 1104 1205 1207 1225; x_wconf 89' lang='lat' dir='ltr'>omni-</span> 
     </span>
    </p>
   </div>
   <div class='ocr_carea' id='block_1_3' title="bbox 1223 79 1773 129">
    <p class='ocr_par' dir='ltr' id='par_1_3' title="bbox 1223 79 1773 129">
     <span class='ocr_line' id='line_1_28' title="bbox 1223 79 1773 129; baseline 0.002 -1"><span class='ocrx_word' id='word_1_245' title='bbox 1223 79 1773 129; x_wconf 67' lang='lat' dir='ltr'>Cic-attonis</span> 
     </span>
    </p>
   </div>
   <div class='ocr_carea' id='block_1_4' title="bbox 1231 157 2210 1239">
    <p class='ocr_par' dir='ltr' id='par_1_4' title="bbox 1231 157 2210 1239">
     <span class='ocr_line' id='line_1_29' title="bbox 1231 157 2185 205; baseline 0.005 -16"><span class='ocrx_word' id='word_1_246' title='bbox 1231 157 1404 205; x_wconf 78' lang='lat' dir='ltr'>adjungere,</span> <span class='ocrx_word' id='word_1_247' title='bbox 1414 167 1479 200; x_wconf 83' lang='lat' dir='ltr'>quae</span> <span class='ocrx_word' id='word_1_248' title='bbox 1489 158 1619 202; x_wconf 82' lang='lat' dir='ltr'>aliquam</span> <span class='ocrx_word' id='word_1_249' title='bbox 1630 159 1752 190; x_wconf 84' lang='lat' dir='ltr'>nomini</span> <span class='ocrx_word' id='word_1_250' title='bbox 1763 157 1870 194; x_wconf 77' lang='lat' dir='ltr'>nostro</span> <span class='ocrx_word' id='word_1_251' title='bbox 1875 161 1924 194; x_wconf 84' lang='lat' dir='ltr'>vel</span> <span class='ocrx_word' id='word_1_252' title='bbox 1935 158 2185 204; x_wconf 70' lang='lat' dir='ltr'>intemperantiae.</span> 
     </span>
     <span class='ocr_line' id='line_1_30' title="bbox 1234 198 2189 246; baseline 0.006 -17"><span class='ocrx_word' id='word_1_253' title='bbox 1234 200 1281 231; x_wconf 89' lang='lat' dir='ltr'>vel</span> <span class='ocrx_word' id='word_1_254' title='bbox 1294 198 1446 239; x_wconf 76' lang='lat' dir='ltr'>injustltlae</span> <span class='ocrx_word' id='word_1_255' title='bbox 1458 209 1560 231; x_wconf 85' lang='lat' dir='ltr'>notam</span> <span class='ocrx_word' id='word_1_256' title='bbox 1571 199 1678 240; x_wconf 85' lang='lat' dir='ltr'>possint</span> <span class='ocrx_word' id='word_1_257' title='bbox 1690 203 1816 231; x_wconf 83' lang='lat' dir='ltr'>inurere.</span> <span class='ocrx_word' id='word_1_258' title='bbox 1836 204 1918 234; x_wconf 84' lang='lat' dir='ltr'>Bona</span> <span class='ocrx_word' id='word_1_259' title='bbox 1929 204 2013 238; x_wconf 79' lang='lat' dir='ltr'>vero,</span> <span class='ocrx_word' id='word_1_260' title='bbox 2024 205 2056 235; x_wconf 75' lang='grc' dir='ltr'>δε</span> <span class='ocrx_word' id='word_1_261' title='bbox 2066 214 2109 236; x_wconf 82' lang='lat' dir='ltr'>ea,</span> <span class='ocrx_word' id='word_1_262' title='bbox 2121 211 2189 246; x_wconf 75' lang='lat' dir='ltr'>qna·-</span> 
     </span>
     <span class='ocr_line' id='line_1_31' title="bbox 1236 241 2191 288; baseline 0.006 -18"><span class='ocrx_word' id='word_1_263' title='bbox 1236 241 1398 281; x_wconf 85' lang='lat' dir='ltr'>probantui·</span> <span class='ocrx_word' id='word_1_264' title='bbox 1411 244 1443 272; x_wconf 89' lang='lat' dir='ltr'>in</span> <span class='ocrx_word' id='word_1_265' title='bbox 1452 241 1560 283; x_wconf 88' lang='lat' dir='ltr'>vulgus</span> <span class='ocrx_word' id='word_1_266' title='bbox 1571 261 1579 276; x_wconf 92' lang='lat'>,</span> <span class='ocrx_word' id='word_1_267' title='bbox 1590 251 1643 272; x_wconf 86' lang='lat' dir='ltr'>cur</span> <span class='ocrx_word' id='word_1_268' title='bbox 1653 250 1805 283; x_wconf 83' lang='lat' dir='ltr'>tantopere</span> <span class='ocrx_word' id='word_1_269' title='bbox 1821 249 2012 283; x_wconf 87' lang='lat' dir='ltr'>appetamus?</span> <span class='ocrx_word' id='word_1_270' title='bbox 2030 256 2097 288; x_wconf 81' lang='lat' dir='ltr'>quae</span> <span class='ocrx_word' id='word_1_271' title='bbox 2113 252 2191 276; x_wconf 83' lang='lat' dir='ltr'>con·</span> 
     </span>
     <span class='ocr_line' id='line_1_32' title="bbox 1239 283 2191 324; baseline 0.004 -11"><span class='ocrx_word' id='word_1_272' title='bbox 1239 283 1328 314; x_wconf 80' lang='lat' dir='ltr'>secuti</span> <span class='ocrx_word' id='word_1_273' title='bbox 1343 302 1351 315; x_wconf 87' lang='lat'>,</span> <span class='ocrx_word' id='word_1_274' title='bbox 1363 283 1521 313; x_wconf 81' lang='lat' dir='ltr'>molliores</span> <span class='ocrx_word' id='word_1_275' title='bbox 1532 283 1709 324; x_wconf 84' lang='lat' dir='ltr'>plerumque</span> <span class='ocrx_word' id='word_1_276' title='bbox 1720 302 1729 317; x_wconf 87' lang='lat'>‚</span> <span class='ocrx_word' id='word_1_277' title='bbox 1740 293 1772 313; x_wconf 88' lang='lat' dir='ltr'>ac</span> <span class='ocrx_word' id='word_1_278' title='bbox 1780 283 1938 315; x_wconf 84' lang='lat' dir='ltr'>deteriores</span> <span class='ocrx_word' id='word_1_279' title='bbox 1948 287 2111 318; x_wconf 83' lang='lat' dir='ltr'>evadimus.</span> <span class='ocrx_word' id='word_1_280' title='bbox 2129 289 2191 317; x_wconf 72' lang='lat' dir='ltr'>ita·</span> 
     </span>
     <span class='ocr_line' id='line_1_33' title="bbox 1239 325 2192 365; baseline 0.006 -12"><span class='ocrx_word' id='word_1_281' title='bbox 1239 335 1296 365; x_wconf 87' lang='lat' dir='ltr'>que</span> <span class='ocrx_word' id='word_1_282' title='bbox 1315 325 1362 353; x_wconf 91' lang='lat' dir='ltr'>his</span> <span class='ocrx_word' id='word_1_283' title='bbox 1372 325 1559 364; x_wconf 88' lang='lat' dir='ltr'>voluptatum</span> <span class='ocrx_word' id='word_1_284' title='bbox 1571 325 1732 355; x_wconf 74' lang='lat' dir='ltr'>lenociniis</span> <span class='ocrx_word' id='word_1_285' title='bbox 1742 325 1901 354; x_wconf 80' lang='lat' dir='ltr'>obruimur</span> <span class='ocrx_word' id='word_1_286' title='bbox 1911 345 1920 359; x_wconf 86' lang='lat'>,</span> <span class='ocrx_word' id='word_1_287' title='bbox 1942 335 1973 356; x_wconf 91' lang='lat' dir='ltr'>ut</span> <span class='ocrx_word' id='word_1_288' title='bbox 1983 327 2137 358; x_wconf 74' lang='lat' dir='ltr'>discessum</span> <span class='ocrx_word' id='word_1_289' title='bbox 2153 337 2192 359; x_wconf 84' lang='lat' dir='ltr'>ex</span> 
     </span>
     <span class='ocr_line' id='line_1_34' title="bbox 1240 364 2194 408; baseline 0.004 -12"><span class='ocrx_word' id='word_1_290' title='bbox 1240 368 1292 396; x_wconf 85' lang='lat' dir='ltr'>hac</span> <span class='ocrx_word' id='word_1_291' title='bbox 1303 368 1361 396; x_wconf 84' lang='lat' dir='ltr'>vita</span> <span class='ocrx_word' id='word_1_292' title='bbox 1372 364 1564 406; x_wconf 74' lang='lat' dir='ltr'>impendere,</span> <span class='ocrx_word' id='word_1_293' title='bbox 1585 368 1638 395; x_wconf 83' lang='lat' dir='ltr'>vix</span> <span class='ocrx_word' id='word_1_294' title='bbox 1647 366 1810 407; x_wconf 83' lang='lat' dir='ltr'>aliquando</span> <span class='ocrx_word' id='word_1_295' title='bbox 1822 367 2021 398; x_wconf 81' lang='lat' dir='ltr'>recordemur.</span> <span class='ocrx_word' id='word_1_296' title='bbox 2043 372 2194 408; x_wconf 77' lang='lat' dir='ltr'>sapienter</span> 
     </span>
     <span class='ocr_line' id='line_1_35' title="bbox 1240 407 2195 449; baseline 0.002 -13"><span class='ocrx_word' id='word_1_297' title='bbox 1240 407 1491 448; x_wconf 87' lang='lat' dir='ltr'>philosophorum</span> <span class='ocrx_word' id='word_1_298' title='bbox 1511 410 1649 447; x_wconf 86' lang='lat' dir='ltr'>princeps</span> <span class='ocrx_word' id='word_1_299' title='bbox 1661 428 1669 441; x_wconf 94' lang='lat'>,</span> <span class='ocrx_word' id='word_1_300' title='bbox 1691 409 1723 437; x_wconf 74' lang='grc' dir='ltr'>δε</span> <span class='ocrx_word' id='word_1_301' title='bbox 1741 407 1880 447; x_wconf 85' lang='lat' dir='ltr'>magister</span> <span class='ocrx_word' id='word_1_302' title='bbox 1900 410 1980 438; x_wconf 79' lang='lat' dir='ltr'>Plato</span> <span class='ocrx_word' id='word_1_303' title='bbox 1998 419 2003 438; x_wconf 77' lang='lat' dir='ltr'>t</span> <span class='ocrx_word' id='word_1_304' title='bbox 2021 419 2084 449; x_wconf 86' lang='lat' dir='ltr'>quae</span> <span class='ocrx_word' id='word_1_305' title='bbox 2095 411 2195 441; x_wconf 82' lang='lat' dir='ltr'>sensus</span> 
     </span>
     <span class='ocr_line' id='line_1_36' title="bbox 1241 449 2196 493; baseline 0.003 -14"><span class='ocrx_word' id='word_1_306' title='bbox 1241 451 1370 489; x_wconf 75' lang='lat' dir='ltr'>appetit,</span> <span class='ocrx_word' id='word_1_307' title='bbox 1389 459 1440 479; x_wconf 89' lang='lat' dir='ltr'>aut</span> <span class='ocrx_word' id='word_1_308' title='bbox 1454 451 1559 482; x_wconf 87' lang='lat' dir='ltr'>timet,</span> <span class='ocrx_word' id='word_1_309' title='bbox 1576 450 1743 479; x_wconf 87' lang='lat' dir='ltr'>nihilaliud</span> <span class='ocrx_word' id='word_1_310' title='bbox 1754 449 1811 479; x_wconf 85' lang='lat' dir='ltr'>effe</span> <span class='ocrx_word' id='word_1_311' title='bbox 1824 469 1832 483; x_wconf 96' lang='lat'>,</span> <span class='ocrx_word' id='word_1_312' title='bbox 1849 460 1939 490; x_wconf 88' lang='lat' dir='ltr'>quam</span> <span class='ocrx_word' id='word_1_313' title='bbox 1953 451 2078 481; x_wconf 84' lang='lat' dir='ltr'>somnia.</span> <span class='ocrx_word' id='word_1_314' title='bbox 2099 453 2196 493; x_wconf 86' lang='lat' dir='ltr'>itaque</span> 
     </span>
     <span class='ocr_line' id='line_1_37' title="bbox 1242 489 2198 531; baseline 0.002 -10"><span class='ocrx_word' id='word_1_315' title='bbox 1242 493 1360 531; x_wconf 89' lang='lat' dir='ltr'>penitus</span> <span class='ocrx_word' id='word_1_316' title='bbox 1373 491 1597 521; x_wconf 87' lang='lat' dir='ltr'>contemnenda</span> <span class='ocrx_word' id='word_1_317' title='bbox 1604 489 1671 520; x_wconf 77' lang='lat' dir='ltr'>eisc.</span> <span class='ocrx_word' id='word_1_318' title='bbox 1693 492 1768 521; x_wconf 85' lang='lat' dir='ltr'>mala</span> <span class='ocrx_word' id='word_1_319' title='bbox 1778 490 1849 521; x_wconf 80' lang='lat' dir='ltr'>vero</span> <span class='ocrx_word' id='word_1_320' title='bbox 1861 501 1894 521; x_wconf 89' lang='lat' dir='ltr'>ut</span> <span class='ocrx_word' id='word_1_321' title='bbox 1904 494 2036 521; x_wconf 87' lang='lat' dir='ltr'>vitentur</span> <span class='ocrx_word' id='word_1_322' title='bbox 2049 511 2057 525; x_wconf 92' lang='lat'>,</span> <span class='ocrx_word' id='word_1_323' title='bbox 2070 492 2104 522; x_wconf 79' lang='lat' dir='ltr'>ad</span> <span class='ocrx_word' id='word_1_324' title='bbox 2115 502 2198 523; x_wconf 78' lang='lat' dir='ltr'>aeter—</span> 
     </span>
     <span class='ocr_line' id='line_1_38' title="bbox 1245 531 2197 574; baseline 0.002 -12"><span class='ocrx_word' id='word_1_325' title='bbox 1245 542 1282 562; x_wconf 86' lang='lat' dir='ltr'>na</span> <span class='ocrx_word' id='word_1_326' title='bbox 1298 532 1518 572; x_wconf 85' lang='lat' dir='ltr'>properandum</span> <span class='ocrx_word' id='word_1_327' title='bbox 1538 542 1543 561; x_wconf 79' lang='lat' dir='ltr'><em>z</em></span> <span class='ocrx_word' id='word_1_328' title='bbox 1563 531 1624 573; x_wconf 75' lang='lat' dir='ltr'>quo</span> <span class='ocrx_word' id='word_1_329' title='bbox 1644 531 1701 562; x_wconf 90' lang='lat' dir='ltr'>nisi</span> <span class='ocrx_word' id='word_1_330' title='bbox 1723 532 1880 574; x_wconf 71' lang='lat' dir='ltr'>confug-ias</span> <span class='ocrx_word' id='word_1_331' title='bbox 1902 553 1910 567; x_wconf 90' lang='lat'>,</span> <span class='ocrx_word' id='word_1_332' title='bbox 1928 535 2011 563; x_wconf 86' lang='lat' dir='ltr'>vitari</span> <span class='ocrx_word' id='word_1_333' title='bbox 2031 543 2197 572; x_wconf 80' lang='lat' dir='ltr'><strong>numquam</strong></span> 
     </span>
     <span class='ocr_line' id='line_1_39' title="bbox 1245 572 2201 614; baseline 0 -10"><span class='ocrx_word' id='word_1_334' title='bbox 1245 572 1338 613; x_wconf 77' lang='lat' dir='ltr'>pofl&#39;e.</span> <span class='ocrx_word' id='word_1_335' title='bbox 1359 574 1428 604; x_wconf 86' lang='lat' dir='ltr'>atad</span> <span class='ocrx_word' id='word_1_336' title='bbox 1439 582 1548 604; x_wconf 83' lang='lat' dir='ltr'>aeterna</span> <span class='ocrx_word' id='word_1_337' title='bbox 1560 584 1597 608; x_wconf 89' lang='lat' dir='ltr'>ne</span> <span class='ocrx_word' id='word_1_338' title='bbox 1607 576 1754 614; x_wconf 86' lang='lat' dir='ltr'>properari</span> <span class='ocrx_word' id='word_1_339' title='bbox 1766 575 1887 614; x_wconf 82' lang='lat' dir='ltr'>quidem</span> <span class='ocrx_word' id='word_1_340' title='bbox 1899 573 2013 614; x_wconf 85' lang='lat' dir='ltr'>potest,</span> <span class='ocrx_word' id='word_1_341' title='bbox 2036 573 2090 604; x_wconf 80' lang='lat' dir='ltr'>nisi</span> <span class='ocrx_word' id='word_1_342' title='bbox 2103 583 2201 605; x_wconf 85' lang='lat' dir='ltr'>morte</span> 
     </span>
     <span class='ocr_line' id='line_1_40' title="bbox 1245 615 2201 657; baseline 0 -12"><span class='ocrx_word' id='word_1_343' title='bbox 1245 618 1372 655; x_wconf 86' lang='lat' dir='ltr'>janitore</span> <span class='ocrx_word' id='word_1_344' title='bbox 1385 635 1393 648; x_wconf 95' lang='lat'>,</span> <span class='ocrx_word' id='word_1_345' title='bbox 1417 625 1449 645; x_wconf 87' lang='lat' dir='ltr'>ac</span> <span class='ocrx_word' id='word_1_346' title='bbox 1472 615 1555 645; x_wconf 86' lang='lat' dir='ltr'>duce.</span> <span class='ocrx_word' id='word_1_347' title='bbox 1579 615 1730 657; x_wconf 84' lang='lat' dir='ltr'>Qorsum</span> <span class='ocrx_word' id='word_1_348' title='bbox 1753 617 1833 646; x_wconf 85' lang='lat' dir='ltr'>haec?</span> <span class='ocrx_word' id='word_1_349' title='bbox 1852 626 1884 646; x_wconf 88' lang='lat' dir='ltr'>ut</span> <span class='ocrx_word' id='word_1_350' title='bbox 1897 618 2118 656; x_wconf 73' lang='lat' dir='ltr'>intelligamus,</span> <span class='ocrx_word' id='word_1_351' title='bbox 2137 624 2201 646; x_wconf 88' lang='lat' dir='ltr'>non</span> 
     </span>
     <span class='ocr_line' id='line_1_41' title="bbox 1248 656 2203 697; baseline 0.002 -11"><span class='ocrx_word' id='word_1_352' title='bbox 1248 656 1342 686; x_wconf 84' lang='lat' dir='ltr'>modo</span> <span class='ocrx_word' id='word_1_353' title='bbox 1353 656 1368 686; x_wconf 80' lang='grc'>3</span> <span class='ocrx_word' id='word_1_354' title='bbox 1379 657 1482 686; x_wconf 90' lang='lat' dir='ltr'>dolore</span> <span class='ocrx_word' id='word_1_355' title='bbox 1493 667 1627 689; x_wconf 82' lang='lat' dir='ltr'>vacuam,</span> <span class='ocrx_word' id='word_1_356' title='bbox 1638 659 1770 697; x_wconf 82' lang='lat' dir='ltr'>quietam</span> <span class='ocrx_word' id='word_1_357' title='bbox 1783 677 1791 691; x_wconf 91' lang='lat'>,</span> <span class='ocrx_word' id='word_1_358' title='bbox 1813 667 1994 697; x_wconf 87' lang='lat' dir='ltr'>oportunam</span> <span class='ocrx_word' id='word_1_359' title='bbox 2007 677 2015 691; x_wconf 89' lang='lat'>,</span> <span class='ocrx_word' id='word_1_360' title='bbox 2027 658 2138 688; x_wconf 87' lang='lat' dir='ltr'>bonam</span> <span class='ocrx_word' id='word_1_361' title='bbox 2148 656 2203 688; x_wconf 88' lang='lat' dir='ltr'>de-</span> 
     </span>
     <span class='ocr_line' id='line_1_42' title="bbox 1248 696 2204 740; baseline 0.001 -12"><span class='ocrx_word' id='word_1_362' title='bbox 1248 701 1338 739; x_wconf 88' lang='lat' dir='ltr'>nique</span> <span class='ocrx_word' id='word_1_363' title='bbox 1361 696 1418 728; x_wconf 84' lang='lat' dir='ltr'>effe</span> <span class='ocrx_word' id='word_1_364' title='bbox 1444 707 1575 729; x_wconf 85' lang='lat' dir='ltr'>mortem</span> <span class='ocrx_word' id='word_1_365' title='bbox 1589 719 1597 731; x_wconf 85' lang='lat'><em>‚</em></span> <span class='ocrx_word' id='word_1_366' title='bbox 1617 699 1665 728; x_wconf 87' lang='lat' dir='ltr'>sed</span> <span class='ocrx_word' id='word_1_367' title='bbox 1677 701 1765 729; x_wconf 87' lang='lat' dir='ltr'>etiam</span> <span class='ocrx_word' id='word_1_368' title='bbox 1778 700 1966 729; x_wconf 85' lang='lat' dir='ltr'>summorum</span> <span class='ocrx_word' id='word_1_369' title='bbox 1977 709 2062 740; x_wconf 87' lang='lat' dir='ltr'>atque</span> <span class='ocrx_word' id='word_1_370' title='bbox 2073 701 2204 729; x_wconf 87' lang='lat' dir='ltr'>immor-</span> 
     </span>
     <span class='ocr_line' id='line_1_43' title="bbox 1250 740 2204 773; baseline 0.002 -4"><span class='ocrx_word' id='word_1_371' title='bbox 1250 742 1354 770; x_wconf 81' lang='lat' dir='ltr'>talium</span> <span class='ocrx_word' id='word_1_372' title='bbox 1366 740 1519 770; x_wconf 91' lang='lat' dir='ltr'>bonorum</span> <span class='ocrx_word' id='word_1_373' title='bbox 1532 740 1686 770; x_wconf 85' lang='lat' dir='ltr'>liberalem</span> <span class='ocrx_word' id='word_1_374' title='bbox 1697 760 1706 773; x_wconf 87' lang='lat'>‚</span> <span class='ocrx_word' id='word_1_375' title='bbox 1727 750 1759 771; x_wconf 89' lang='lat' dir='ltr'>ac</span> <span class='ocrx_word' id='word_1_376' title='bbox 1774 740 1936 771; x_wconf 86' lang='lat' dir='ltr'>beneficam</span> <span class='ocrx_word' id='word_1_377' title='bbox 1949 740 2128 770; x_wconf 86' lang='lat' dir='ltr'>ministram.</span> <span class='ocrx_word' id='word_1_378' title='bbox 2146 743 2204 771; x_wconf 82' lang='lat' dir='ltr'>ita-</span> 
     </span>
     <span class='ocr_line' id='line_1_44' title="bbox 1249 780 2203 822; baseline 0.001 -11"><span class='ocrx_word' id='word_1_379' title='bbox 1249 792 1307 822; x_wconf 88' lang='lat' dir='ltr'>que</span> <span class='ocrx_word' id='word_1_380' title='bbox 1318 784 1390 811; x_wconf 89' lang='lat' dir='ltr'>Cato</span> <span class='ocrx_word' id='word_1_381' title='bbox 1401 780 1439 812; x_wconf 88' lang='lat' dir='ltr'>sic</span> <span class='ocrx_word' id='word_1_382' title='bbox 1450 781 1466 811; x_wconf 78' lang='lat' dir='ltr'>e</span> <span class='ocrx_word' id='word_1_383' title='bbox 1480 784 1539 812; x_wconf 90' lang='lat' dir='ltr'>vita</span> <span class='ocrx_word' id='word_1_384' title='bbox 1549 780 1673 812; x_wconf 80' lang='lat' dir='ltr'>discessit</span> <span class='ocrx_word' id='word_1_385' title='bbox 1685 802 1693 816; x_wconf 93' lang='lat'>,</span> <span class='ocrx_word' id='word_1_386' title='bbox 1705 792 1736 812; x_wconf 89' lang='lat' dir='ltr'>ut</span> <span class='ocrx_word' id='word_1_387' title='bbox 1749 783 1903 814; x_wconf 60' lang='lat' dir='ltr'>laetaretur,</span> <span class='ocrx_word' id='word_1_388' title='bbox 1914 783 2028 813; x_wconf 87' lang='lat' dir='ltr'>causam</span> <span class='ocrx_word' id='word_1_389' title='bbox 2040 783 2067 813; x_wconf 89' lang='lat' dir='ltr'>se</span> <span class='ocrx_word' id='word_1_390' title='bbox 2078 781 2203 812; x_wconf 68' lang='grc'><strong>1136111111</strong></span> 
     </span>
     <span class='ocr_line' id='line_1_45' title="bbox 1251 822 2206 865; baseline 0.001 -12"><span class='ocrx_word' id='word_1_391' title='bbox 1251 822 1308 853; x_wconf 86' lang='lat' dir='ltr'>effe</span> <span class='ocrx_word' id='word_1_392' title='bbox 1330 823 1492 853; x_wconf 86' lang='lat' dir='ltr'>moriendi.</span> <span class='ocrx_word' id='word_1_393' title='bbox 1512 824 1580 865; x_wconf 89' lang='lat' dir='ltr'>Jam</span> <span class='ocrx_word' id='word_1_394' title='bbox 1597 825 1714 854; x_wconf 88' lang='lat' dir='ltr'>nemini</span> <span class='ocrx_word' id='word_1_395' title='bbox 1729 824 1857 854; x_wconf 89' lang='lat' dir='ltr'>dubium</span> <span class='ocrx_word' id='word_1_396' title='bbox 1868 822 1926 854; x_wconf 78' lang='lat' dir='ltr'>ess&#39;e</span> <span class='ocrx_word' id='word_1_397' title='bbox 1935 823 2031 864; x_wconf 88' lang='lat' dir='ltr'>potest</span> <span class='ocrx_word' id='word_1_398' title='bbox 2042 844 2050 857; x_wconf 88' lang='lat'>,</span> <span class='ocrx_word' id='word_1_399' title='bbox 2072 826 2146 865; x_wconf 88' lang='lat' dir='ltr'>quin</span> <span class='ocrx_word' id='word_1_400' title='bbox 2158 826 2206 854; x_wconf 83' lang='lat' dir='ltr'>vir</span> 
     </span>
     <span class='ocr_line' id='line_1_46' title="bbox 1251 864 2204 905; baseline 0.002 -11"><span class='ocrx_word' id='word_1_401' title='bbox 1251 864 1492 905; x_wconf 83' lang='lat' dir='ltr'>prudentiffimus</span> <span class='ocrx_word' id='word_1_402' title='bbox 1502 885 1511 899; x_wconf 95' lang='lat'>,</span> <span class='ocrx_word' id='word_1_403' title='bbox 1543 864 1563 894; x_wconf 85' lang='lat' dir='ltr'>fi</span> <span class='ocrx_word' id='word_1_404' title='bbox 1585 865 1633 896; x_wconf 89' lang='lat' dir='ltr'>sua</span> <span class='ocrx_word' id='word_1_405' title='bbox 1650 875 1747 895; x_wconf 89' lang='lat' dir='ltr'>morte</span> <span class='ocrx_word' id='word_1_406' title='bbox 1765 866 1934 900; x_wconf 82' lang='lat' dir='ltr'>laetabatur,</span> <span class='ocrx_word' id='word_1_407' title='bbox 1961 874 2091 896; x_wconf 87' lang='lat' dir='ltr'>mortem</span> <span class='ocrx_word' id='word_1_408' title='bbox 2112 867 2204 896; x_wconf 83' lang='lat' dir='ltr'>etiam</span> 
     </span>
     <span class='ocr_line' id='line_1_47' title="bbox 1252 905 2206 948; baseline 0.001 -12"><span class='ocrx_word' id='word_1_409' title='bbox 1252 909 1398 946; x_wconf 79' lang='lat' dir='ltr'>optimam</span> <span class='ocrx_word' id='word_1_410' title='bbox 1419 905 1476 937; x_wconf 81' lang='lat' dir='ltr'>esse</span> <span class='ocrx_word' id='word_1_411' title='bbox 1487 908 1664 947; x_wconf 76' lang='lat' dir='ltr'>agnosceret.</span> <span class='ocrx_word' id='word_1_412' title='bbox 1686 908 1772 938; x_wconf 77' lang='lat' dir='ltr'>Certe</span> <span class='ocrx_word' id='word_1_413' title='bbox 1784 910 1866 937; x_wconf 89' lang='lat' dir='ltr'>enim</span> <span class='ocrx_word' id='word_1_414' title='bbox 1880 910 1911 937; x_wconf 92' lang='lat' dir='ltr'>in</span> <span class='ocrx_word' id='word_1_415' title='bbox 1923 918 1953 937; x_wconf 92' lang='lat' dir='ltr'>re</span> <span class='ocrx_word' id='word_1_416' title='bbox 1967 908 2016 937; x_wconf 83' lang='lat' dir='ltr'>sua</span> <span class='ocrx_word' id='word_1_417' title='bbox 2027 928 2035 941; x_wconf 89' lang='lat'>,</span> <span class='ocrx_word' id='word_1_418' title='bbox 2056 917 2121 948; x_wconf 86' lang='lat' dir='ltr'>quae</span> <span class='ocrx_word' id='word_1_419' title='bbox 2131 916 2206 947; x_wconf 88' lang='lat' dir='ltr'>prae-</span> 
     </span>
     <span class='ocr_line' id='line_1_48' title="bbox 1254 948 2206 990; baseline 0 -12"><span class='ocrx_word' id='word_1_420' title='bbox 1254 948 1353 978; x_wconf 87' lang='lat' dir='ltr'>sertim</span> <span class='ocrx_word' id='word_1_421' title='bbox 1366 948 1449 978; x_wconf 87' lang='lat' dir='ltr'>sensu</span> <span class='ocrx_word' id='word_1_422' title='bbox 1461 950 1653 988; x_wconf 82' lang='lat' dir='ltr'>percipiatur,</span> <span class='ocrx_word' id='word_1_423' title='bbox 1675 959 1767 979; x_wconf 89' lang='lat' dir='ltr'>nemo</span> <span class='ocrx_word' id='word_1_424' title='bbox 1778 949 1900 978; x_wconf 88' lang='lat' dir='ltr'>fallitur.</span> <span class='ocrx_word' id='word_1_425' title='bbox 1921 949 2003 990; x_wconf 88' lang='lat' dir='ltr'>quod</span> <span class='ocrx_word' id='word_1_426' title='bbox 2011 949 2206 988; x_wconf 82' lang='lat' dir='ltr'>comprobare</span> 
     </span>
     <span class='ocr_line' id='line_1_49' title="bbox 1253 988 2207 1030; baseline 0.001 -11"><span class='ocrx_word' id='word_1_427' title='bbox 1253 988 1372 1029; x_wconf 82' lang='lat' dir='ltr'>poss&#39;um</span> <span class='ocrx_word' id='word_1_428' title='bbox 1384 990 1523 1021; x_wconf 86' lang='lat' dir='ltr'>Artabani</span> <span class='ocrx_word' id='word_1_429' title='bbox 1535 992 1647 1020; x_wconf 85' lang='lat' dir='ltr'>Xerxis</span> <span class='ocrx_word' id='word_1_430' title='bbox 1656 992 1762 1030; x_wconf 88' lang='lat' dir='ltr'>patrui,</span> <span class='ocrx_word' id='word_1_431' title='bbox 1779 992 1834 1020; x_wconf 88' lang='lat' dir='ltr'>viri</span> <span class='ocrx_word' id='word_1_432' title='bbox 1846 989 2058 1030; x_wconf 78' lang='lat' dir='ltr'>sapientissimi,</span> <span class='ocrx_word' id='word_1_433' title='bbox 2070 990 2207 1020; x_wconf 86' lang='lat' dir='ltr'>testimo-</span> 
     </span>
     <span class='ocr_line' id='line_1_50' title="bbox 1253 1030 2207 1072; baseline 0 -11"><span class='ocrx_word' id='word_1_434' title='bbox 1253 1034 1316 1061; x_wconf 87' lang='lat' dir='ltr'>nio.</span> <span class='ocrx_word' id='word_1_435' title='bbox 1336 1030 1373 1061; x_wconf 90' lang='lat' dir='ltr'>de</span> <span class='ocrx_word' id='word_1_436' title='bbox 1392 1041 1454 1072; x_wconf 90' lang='lat' dir='ltr'>quo</span> <span class='ocrx_word' id='word_1_437' title='bbox 1473 1031 1514 1062; x_wconf 85' lang='lat' dir='ltr'>est</span> <span class='ocrx_word' id='word_1_438' title='bbox 1531 1032 1608 1072; x_wconf 89' lang='lat' dir='ltr'>apud</span> <span class='ocrx_word' id='word_1_439' title='bbox 1621 1032 1809 1062; x_wconf 86' lang='lat' dir='ltr'>Herodotum</span> <span class='ocrx_word' id='word_1_440' title='bbox 1824 1053 1832 1065; x_wconf 90' lang='lat'>,</span> <span class='ocrx_word' id='word_1_441' title='bbox 1854 1032 1924 1061; x_wconf 75' lang='lat' dir='ltr'>cum</span> <span class='ocrx_word' id='word_1_442' title='bbox 1937 1034 2052 1062; x_wconf 78' lang='lat' dir='ltr'>Xerxes</span> <span class='ocrx_word' id='word_1_443' title='bbox 2061 1033 2207 1062; x_wconf 89' lang='lat' dir='ltr'>exercitus</span> 
     </span>
     <span class='ocr_line' id='line_1_51' title="bbox 1255 1072 2208 1113; baseline 0.001 -11"><span class='ocrx_word' id='word_1_444' title='bbox 1255 1073 1297 1103; x_wconf 91' lang='lat' dir='ltr'>sui</span> <span class='ocrx_word' id='word_1_445' title='bbox 1307 1075 1408 1112; x_wconf 82' lang='lat' dir='ltr'>copias</span> <span class='ocrx_word' id='word_1_446' title='bbox 1419 1074 1502 1113; x_wconf 78' lang='lat' dir='ltr'>paene</span> <span class='ocrx_word' id='word_1_447' title='bbox 1514 1073 1751 1104; x_wconf 84' lang='lat' dir='ltr'>innumerabiles</span> <span class='ocrx_word' id='word_1_448' title='bbox 1762 1093 1770 1106; x_wconf 91' lang='lat'>‚</span> <span class='ocrx_word' id='word_1_449' title='bbox 1785 1083 1852 1104; x_wconf 85' lang='lat' dir='ltr'>ante</span> <span class='ocrx_word' id='word_1_450' title='bbox 1864 1074 1892 1103; x_wconf 86' lang='lat' dir='ltr'>se</span> <span class='ocrx_word' id='word_1_451' title='bbox 1903 1084 1935 1103; x_wconf 92' lang='lat' dir='ltr'>in</span> <span class='ocrx_word' id='word_1_452' title='bbox 1945 1076 2039 1104; x_wconf 83' lang='lat' dir='ltr'>aciem</span> <span class='ocrx_word' id='word_1_453' title='bbox 2051 1072 2208 1104; x_wconf 71' lang='lat' dir='ltr'>instruCtas</span> 
     </span>
     <span class='ocr_line' id='line_1_52' title="bbox 1255 1114 2205 1155; baseline 0 -11"><span class='ocrx_word' id='word_1_454' title='bbox 1255 1117 1375 1144; x_wconf 85' lang='lat' dir='ltr'>intuens</span> <span class='ocrx_word' id='word_1_455' title='bbox 1394 1115 1621 1155; x_wconf 83' lang='lat' dir='ltr'>collacrymatus</span> <span class='ocrx_word' id='word_1_456' title='bbox 1645 1114 1733 1148; x_wconf 80' lang='lat' dir='ltr'>estet,</span> <span class='ocrx_word' id='word_1_457' title='bbox 1757 1118 1914 1145; x_wconf 88' lang='lat' dir='ltr'>neminem</span> <span class='ocrx_word' id='word_1_458' title='bbox 1927 1125 1965 1145; x_wconf 86' lang='lat' dir='ltr'>ex</span> <span class='ocrx_word' id='word_1_459' title='bbox 1976 1115 2205 1145; x_wconf 70' lang='lat' dir='ltr'>totm‘illibus‘ad</span> 
     </span>
     <span class='ocr_line' id='line_1_53' title="bbox 1254 1156 2207 1196; baseline 0 -10"><span class='ocrx_word' id='word_1_460' title='bbox 1254 1166 1377 1187; x_wconf 83' lang='lat' dir='ltr'>centum</span> <span class='ocrx_word' id='word_1_461' title='bbox 1397 1166 1492 1186; x_wconf 89' lang='lat' dir='ltr'>annos</span> <span class='ocrx_word' id='word_1_462' title='bbox 1503 1156 1687 1196; x_wconf 84' lang='lat' dir='ltr'>superstitem</span> <span class='ocrx_word' id='word_1_463' title='bbox 1699 1156 1833 1187; x_wconf 80' lang='lat' dir='ltr'>futurum</span> <span class='ocrx_word' id='word_1_464' title='bbox 1850 1176 1858 1189; x_wconf 91' lang='lat'>‚</span> <span class='ocrx_word' id='word_1_465' title='bbox 1878 1158 1967 1186; x_wconf 87' lang='lat' dir='ltr'>illum</span> <span class='ocrx_word' id='word_1_466' title='bbox 1981 1159 2074 1186; x_wconf 84' lang='lat' dir='ltr'>Xerxi</span> <span class='ocrx_word' id='word_1_467' title='bbox 2085 1157 2207 1196; x_wconf 87' lang='lat' dir='ltr'>respon-</span> 
     </span>
     <span class='ocr_line' id='line_1_54' title="bbox 1255 1195 2210 1239; baseline -0.001 -11"><span class='ocrx_word' id='word_1_468' title='bbox 1255 1195 1346 1228; x_wconf 84' lang='lat' dir='ltr'>diffe:</span> <span class='ocrx_word' id='word_1_469' title='bbox 1370 1206 1399 1228; x_wconf 84' lang='lat' dir='ltr'>at</span> <span class='ocrx_word' id='word_1_470' title='bbox 1415 1207 1475 1228; x_wconf 90' lang='lat' dir='ltr'>tam</span> <span class='ocrx_word' id='word_1_471' title='bbox 1497 1199 1591 1229; x_wconf 86' lang='lat' dir='ltr'>multa</span> <span class='ocrx_word' id='word_1_472' title='bbox 1614 1199 1680 1228; x_wconf 88' lang='lat' dir='ltr'>sunt</span> <span class='ocrx_word' id='word_1_473' title='bbox 1691 1219 1700 1232; x_wconf 94' lang='lat'>,</span> <span class='ocrx_word' id='word_1_474' title='bbox 1723 1208 1842 1239; x_wconf 87' lang='lat' dir='ltr'>tamque</span> <span class='ocrx_word' id='word_1_475' title='bbox 1853 1199 1958 1228; x_wconf 81' lang='lat' dir='ltr'>misera</span> <span class='ocrx_word' id='word_1_476' title='bbox 1968 1218 1976 1232; x_wconf 90' lang='lat'>‚</span> <span class='ocrx_word' id='word_1_477' title='bbox 1999 1208 2064 1239; x_wconf 83' lang='lat' dir='ltr'>quae</span> <span class='ocrx_word' id='word_1_478' title='bbox 2074 1201 2210 1228; x_wconf 84' lang='lat' dir='ltr'>viventes</span> 
     </span>
    </p>
   </div>
   <div class='ocr_carea' id='block_1_5' title="bbox 1219 339 1237 1274">
    <p class='ocr_par' dir='ltr' id='par_1_5' title="bbox 1219 339 1237 1274">
     <span class='ocr_line' id='line_1_55' title="bbox 1219 339 1237 1274; baseline 0 0"><span class='ocrx_word' id='word_1_479' title='bbox 1219 339 1237 1274; x_wconf 95' lang='lat' dir='ltr'> </span> 
     </span>
    </p>
   </div>
   <div class='ocr_carea' id='block_1_6' title="bbox 253 1238 1242 2118">
    <p class='ocr_par' dir='ltr' id='par_1_6' title="bbox 253 1238 1242 2118">
     <span class='ocr_line' id='line_1_56' title="bbox 255 1238 1210 1288; baseline -0.015 -10"><span class='ocrx_word' id='word_1_480' title='bbox 255 1249 311 1279; x_wconf 74' lang='lat' dir='ltr'>bus</span> <span class='ocrx_word' id='word_1_481' title='bbox 323 1270 332 1282; x_wconf 89' lang='lat'>,</span> <span class='ocrx_word' id='word_1_482' title='bbox 350 1257 416 1288; x_wconf 81' lang='lat' dir='ltr'>quae</span> <span class='ocrx_word' id='word_1_483' title='bbox 426 1247 478 1277; x_wconf 85' lang='lat' dir='ltr'>sub</span> <span class='ocrx_word' id='word_1_484' title='bbox 490 1246 572 1276; x_wconf 83' lang='lat' dir='ltr'>coelo</span> <span class='ocrx_word' id='word_1_485' title='bbox 585 1245 672 1276; x_wconf 86' lang='lat' dir='ltr'>sunt,</span> <span class='ocrx_word' id='word_1_486' title='bbox 685 1246 853 1273; x_wconf 81' lang='lat' dir='ltr'>viventium</span> <span class='ocrx_word' id='word_1_487' title='bbox 866 1243 976 1271; x_wconf 83' lang='lat' dir='ltr'>naturis</span> <span class='ocrx_word' id='word_1_488' title='bbox 987 1238 1210 1270; x_wconf 82' lang='lat' dir='ltr'>antecellimus?</span> 
     </span>
     <span class='ocr_line' id='line_1_57' title="bbox 253 1279 1211 1327; baseline -0.014 -7"><span class='ocrx_word' id='word_1_489' title='bbox 253 1293 357 1321; x_wconf 81' lang='lat' dir='ltr'>inania</span> <span class='ocrx_word' id='word_1_490' title='bbox 367 1291 430 1319; x_wconf 85' lang='lat' dir='ltr'>haec</span> <span class='ocrx_word' id='word_1_491' title='bbox 440 1288 534 1319; x_wconf 87' lang='lat' dir='ltr'>videri</span> <span class='ocrx_word' id='word_1_492' title='bbox 543 1285 669 1327; x_wconf 76' lang='lat' dir='ltr'>possent,</span> <span class='ocrx_word' id='word_1_493' title='bbox 682 1283 700 1314; x_wconf 86' lang='lat' dir='ltr'>fi</span> <span class='ocrx_word' id='word_1_494' title='bbox 714 1294 772 1315; x_wconf 88' lang='lat' dir='ltr'>tam</span> <span class='ocrx_word' id='word_1_495' title='bbox 784 1285 889 1314; x_wconf 87' lang='lat' dir='ltr'>multis</span> <span class='ocrx_word' id='word_1_496' title='bbox 899 1293 937 1312; x_wconf 86' lang='lat' dir='ltr'>ex</span> <span class='ocrx_word' id='word_1_497' title='bbox 949 1281 1070 1312; x_wconf 87' lang='lat' dir='ltr'>adverso</span> <span class='ocrx_word' id='word_1_498' title='bbox 1081 1279 1211 1309; x_wconf 87' lang='lat' dir='ltr'>miseriis</span> 
     </span>
     <span class='ocr_line' id='line_1_58' title="bbox 255 1323 1211 1372; baseline -0.013 -10"><span class='ocrx_word' id='word_1_499' title='bbox 255 1329 389 1372; x_wconf 85' lang='lat' dir='ltr'>oppreffa</span> <span class='ocrx_word' id='word_1_500' title='bbox 405 1331 540 1361; x_wconf 87' lang='lat' dir='ltr'>hominis</span> <span class='ocrx_word' id='word_1_501' title='bbox 557 1337 668 1360; x_wconf 81' lang='lat' dir='ltr'>natura,</span> <span class='ocrx_word' id='word_1_502' title='bbox 692 1336 789 1367; x_wconf 88' lang='lat' dir='ltr'>neque</span> <span class='ocrx_word' id='word_1_503' title='bbox 799 1326 827 1356; x_wconf 91' lang='lat' dir='ltr'>se</span> <span class='ocrx_word' id='word_1_504' title='bbox 840 1325 874 1356; x_wconf 89' lang='lat' dir='ltr'>ad</span> <span class='ocrx_word' id='word_1_505' title='bbox 885 1323 1015 1355; x_wconf 85' lang='lat' dir='ltr'>coelestia</span> <span class='ocrx_word' id='word_1_506' title='bbox 1024 1325 1145 1364; x_wconf 87' lang='lat' dir='ltr'>erigere,</span> <span class='ocrx_word' id='word_1_507' title='bbox 1155 1329 1211 1365; x_wconf 79' lang='lat' dir='ltr'>nec</span> 
     </span>
     <span class='ocr_line' id='line_1_59' title="bbox 254 1361 1210 1412; baseline -0.013 -8"><span class='ocrx_word' id='word_1_508' title='bbox 254 1375 344 1406; x_wconf 84' lang='lat' dir='ltr'>tantis</span> <span class='ocrx_word' id='word_1_509' title='bbox 354 1372 454 1405; x_wconf 89' lang='lat' dir='ltr'>bonis,</span> <span class='ocrx_word' id='word_1_510' title='bbox 467 1370 578 1412; x_wconf 80' lang='lat' dir='ltr'>quibus</span> <span class='ocrx_word' id='word_1_511' title='bbox 587 1370 699 1409; x_wconf 84' lang='lat' dir='ltr'>majora</span> <span class='ocrx_word' id='word_1_512' title='bbox 710 1369 791 1398; x_wconf 86' lang='lat' dir='ltr'>nulla</span> <span class='ocrx_word' id='word_1_513' title='bbox 800 1366 858 1398; x_wconf 84' lang='lat' dir='ltr'>esse</span> <span class='ocrx_word' id='word_1_514' title='bbox 867 1375 1041 1407; x_wconf 82' lang='lat' dir='ltr'>potuerunt,</span> <span class='ocrx_word' id='word_1_515' title='bbox 1053 1365 1097 1394; x_wconf 87' lang='lat' dir='ltr'>uti</span> <span class='ocrx_word' id='word_1_516' title='bbox 1105 1361 1210 1403; x_wconf 87' lang='lat' dir='ltr'>poflet.</span> 
     </span>
     <span class='ocr_line' id='line_1_60' title="bbox 256 1408 1210 1454; baseline -0.013 -8"><span class='ocrx_word' id='word_1_517' title='bbox 256 1416 308 1447; x_wconf 87' lang='lat' dir='ltr'>sed</span> <span class='ocrx_word' id='word_1_518' title='bbox 328 1413 465 1454; x_wconf 70' lang='lat' dir='ltr'>profe&amp;o</span> <span class='ocrx_word' id='word_1_519' title='bbox 477 1433 486 1447; x_wconf 88' lang='lat'>‚</span> <span class='ocrx_word' id='word_1_520' title='bbox 505 1421 537 1443; x_wconf 88' lang='lat' dir='ltr'>ut</span> <span class='ocrx_word' id='word_1_521' title='bbox 555 1420 657 1443; x_wconf 79' lang='lat' dir='ltr'>contra</span> <span class='ocrx_word' id='word_1_522' title='bbox 679 1410 861 1449; x_wconf 84' lang='lat' dir='ltr'>serpentium</span> <span class='ocrx_word' id='word_1_523' title='bbox 881 1410 962 1439; x_wconf 90' lang='lat' dir='ltr'>virus</span> <span class='ocrx_word' id='word_1_524' title='bbox 980 1408 1210 1448; x_wconf 83' lang='lat' dir='ltr'>pharmacorum</span> 
     </span>
     <span class='ocr_line' id='line_1_61' title="bbox 255 1448 1212 1500; baseline -0.013 -12"><span class='ocrx_word' id='word_1_525' title='bbox 255 1467 364 1500; x_wconf 88' lang='lat' dir='ltr'>genera</span> <span class='ocrx_word' id='word_1_526' title='bbox 383 1456 478 1486; x_wconf 87' lang='lat' dir='ltr'>multa</span> <span class='ocrx_word' id='word_1_527' title='bbox 487 1474 496 1489; x_wconf 85' lang='lat'>‚</span> <span class='ocrx_word' id='word_1_528' title='bbox 516 1462 618 1485; x_wconf 86' lang='lat' dir='ltr'>contra</span> <span class='ocrx_word' id='word_1_529' title='bbox 639 1454 750 1492; x_wconf 85' lang='lat' dir='ltr'>inopiae</span> <span class='ocrx_word' id='word_1_530' title='bbox 772 1452 971 1481; x_wconf 85' lang='lat' dir='ltr'>calamitatem</span> <span class='ocrx_word' id='word_1_531' title='bbox 992 1449 1110 1480; x_wconf 84' lang='lat' dir='ltr'>solertia</span> <span class='ocrx_word' id='word_1_532' title='bbox 1120 1448 1152 1478; x_wconf 88' lang='lat'>&amp;</span> <span class='ocrx_word' id='word_1_533' title='bbox 1164 1449 1212 1475; x_wconf 86' lang='lat' dir='ltr'>iri—</span> 
     </span>
     <span class='ocr_line' id='line_1_62' title="bbox 257 1491 1214 1536; baseline -0.011 -7"><span class='ocrx_word' id='word_1_534' title='bbox 257 1498 368 1530; x_wconf 88' lang='lat' dir='ltr'>dustria</span> <span class='ocrx_word' id='word_1_535' title='bbox 378 1517 386 1531; x_wconf 87' lang='lat'>,</span> <span class='ocrx_word' id='word_1_536' title='bbox 405 1505 510 1527; x_wconf 89' lang='lat' dir='ltr'>contra</span> <span class='ocrx_word' id='word_1_537' title='bbox 521 1495 715 1536; x_wconf 83' lang='lat' dir='ltr'>turpitudinis</span> <span class='ocrx_word' id='word_1_538' title='bbox 724 1494 908 1533; x_wconf 83' lang='lat' dir='ltr'>voluptatem</span> <span class='ocrx_word' id='word_1_539' title='bbox 921 1491 1018 1531; x_wconf 86' lang='lat' dir='ltr'>pudor</span> <span class='ocrx_word' id='word_1_540' title='bbox 1027 1491 1059 1521; x_wconf 91' lang='lat'>&amp;</span> <span class='ocrx_word' id='word_1_541' title='bbox 1071 1498 1214 1519; x_wconf 84' lang='lat' dir='ltr'>verecun-</span> 
     </span>
     <span class='ocr_line' id='line_1_63' title="bbox 259 1528 1215 1575; baseline -0.01 -5"><span class='ocrx_word' id='word_1_542' title='bbox 259 1541 309 1571; x_wconf 77' lang='lat' dir='ltr'>dia</span> <span class='ocrx_word' id='word_1_543' title='bbox 319 1560 327 1574; x_wconf 85' lang='lat'>‚</span> <span class='ocrx_word' id='word_1_544' title='bbox 347 1538 384 1569; x_wconf 84' lang='lat' dir='ltr'>fic</span> <span class='ocrx_word' id='word_1_545' title='bbox 401 1548 505 1568; x_wconf 84' lang='lat' dir='ltr'>contra</span> <span class='ocrx_word' id='word_1_546' title='bbox 523 1536 636 1567; x_wconf 83' lang='lat' dir='ltr'>doloris</span> <span class='ocrx_word' id='word_1_547' title='bbox 649 1536 784 1565; x_wconf 80' lang='lat' dir='ltr'>morsum</span> <span class='ocrx_word' id='word_1_548' title='bbox 796 1534 986 1575; x_wconf 85' lang='lat' dir='ltr'>philosophia</span> <span class='ocrx_word' id='word_1_549' title='bbox 1000 1532 1090 1562; x_wconf 85' lang='lat' dir='ltr'>nobis</span> <span class='ocrx_word' id='word_1_550' title='bbox 1099 1530 1165 1561; x_wconf 80' lang='lat' dir='ltr'>data</span> <span class='ocrx_word' id='word_1_551' title='bbox 1173 1528 1215 1560; x_wconf 86' lang='lat' dir='ltr'>est</span> 
     </span>
     <span class='ocr_line' id='line_1_64' title="bbox 259 1574 1216 1615; baseline -0.013 -3"><span class='ocrx_word' id='word_1_552' title='bbox 259 1583 385 1613; x_wconf 89' lang='lat' dir='ltr'>deorum</span> <span class='ocrx_word' id='word_1_553' title='bbox 412 1579 633 1609; x_wconf 86' lang='lat' dir='ltr'>immortalium</span> <span class='ocrx_word' id='word_1_554' title='bbox 654 1574 794 1607; x_wconf 75' lang='lat' dir='ltr'>concessu</span> <span class='ocrx_word' id='word_1_555' title='bbox 812 1584 898 1615; x_wconf 87' lang='lat' dir='ltr'>atque</span> <span class='ocrx_word' id='word_1_556' title='bbox 922 1583 1057 1604; x_wconf 89' lang='lat' dir='ltr'>munere.</span> <span class='ocrx_word' id='word_1_557' title='bbox 1073 1581 1164 1613; x_wconf 81' lang='lat' dir='ltr'>quam</span> <span class='ocrx_word' id='word_1_558' title='bbox 1185 1580 1216 1601; x_wconf 87' lang='lat' dir='ltr'>ut</span> 
     </span>
     <span class='ocr_line' id='line_1_65' title="bbox 261 1614 1213 1660; baseline -0.013 -7"><span class='ocrx_word' id='word_1_559' title='bbox 261 1632 356 1654; x_wconf 89' lang='lat' dir='ltr'>nemo</span> <span class='ocrx_word' id='word_1_560' title='bbox 375 1621 439 1652; x_wconf 87' lang='lat' dir='ltr'>satis</span> <span class='ocrx_word' id='word_1_561' title='bbox 461 1630 516 1660; x_wconf 83' lang='lat' dir='ltr'>pro</span> <span class='ocrx_word' id='word_1_562' title='bbox 538 1619 679 1659; x_wconf 81' lang='lat' dir='ltr'>dignitate</span> <span class='ocrx_word' id='word_1_563' title='bbox 690 1617 805 1649; x_wconf 83' lang='lat' dir='ltr'>laudare</span> <span class='ocrx_word' id='word_1_564' title='bbox 815 1625 903 1657; x_wconf 85' lang='lat' dir='ltr'>queat</span> <span class='ocrx_word' id='word_1_565' title='bbox 914 1635 922 1649; x_wconf 96' lang='lat'>,</span> <span class='ocrx_word' id='word_1_566' title='bbox 942 1614 979 1645; x_wconf 89' lang='lat' dir='ltr'>fic</span> <span class='ocrx_word' id='word_1_567' title='bbox 988 1614 1077 1655; x_wconf 72' lang='lat' dir='ltr'>quam</span> <span class='ocrx_word' id='word_1_568' title='bbox 1090 1614 1213 1653; x_wconf 78' lang='lat' dir='ltr'>plurimi</span> 
     </span>
     <span class='ocr_line' id='line_1_66' title="bbox 262 1656 1216 1702; baseline -0.014 -7"><span class='ocrx_word' id='word_1_569' title='bbox 262 1665 376 1696; x_wconf 84' lang='lat' dir='ltr'>mentis</span> <span class='ocrx_word' id='word_1_570' title='bbox 387 1661 645 1702; x_wconf 81' lang='lat' dir='ltr'>tranquillitatem,</span> <span class='ocrx_word' id='word_1_571' title='bbox 656 1660 752 1690; x_wconf 86' lang='lat' dir='ltr'>animi</span> <span class='ocrx_word' id='word_1_572' title='bbox 766 1659 1005 1688; x_wconf 86' lang='lat' dir='ltr'>moderationem</span> <span class='ocrx_word' id='word_1_573' title='bbox 1017 1675 1025 1689; x_wconf 93' lang='lat'><em>‚</em></span> <span class='ocrx_word' id='word_1_574' title='bbox 1037 1657 1069 1684; x_wconf 86' lang='lat' dir='ltr'>in</span> <span class='ocrx_word' id='word_1_575' title='bbox 1080 1656 1216 1693; x_wconf 88' lang='lat' dir='ltr'>volupta-</span> 
     </span>
     <span class='ocr_line' id='line_1_67' title="bbox 262 1697 1216 1745; baseline -0.014 -8"><span class='ocrx_word' id='word_1_576' title='bbox 262 1716 306 1737; x_wconf 86' lang='lat' dir='ltr'>tes</span> <span class='ocrx_word' id='word_1_577' title='bbox 318 1706 479 1745; x_wconf 88' lang='lat' dir='ltr'>imperium</span> <span class='ocrx_word' id='word_1_578' title='bbox 494 1722 503 1736; x_wconf 91' lang='lat'><em>‚</em></span> <span class='ocrx_word' id='word_1_579' title='bbox 523 1704 557 1732; x_wconf 86' lang='lat' dir='ltr'>in</span> <span class='ocrx_word' id='word_1_580' title='bbox 567 1702 668 1732; x_wconf 83' lang='lat' dir='ltr'>acerba</span> <span class='ocrx_word' id='word_1_581' title='bbox 676 1701 780 1730; x_wconf 89' lang='lat' dir='ltr'>omnia</span> <span class='ocrx_word' id='word_1_582' title='bbox 789 1701 939 1730; x_wconf 89' lang='lat' dir='ltr'>summam</span> <span class='ocrx_word' id='word_1_583' title='bbox 950 1697 1099 1738; x_wconf 82' lang='lat' dir='ltr'>quandam</span> <span class='ocrx_word' id='word_1_584' title='bbox 1111 1698 1174 1725; x_wconf 87' lang='lat' dir='ltr'>vim</span> <span class='ocrx_word' id='word_1_585' title='bbox 1185 1705 1216 1725; x_wconf 89' lang='lat' dir='ltr'>ac</span> 
     </span>
     <span class='ocr_line' id='line_1_68' title="bbox 262 1736 1217 1781; baseline -0.015 -3"><span class='ocrx_word' id='word_1_586' title='bbox 262 1747 473 1779; x_wconf 81' lang='lat' dir='ltr'>fortitudinem</span> <span class='ocrx_word' id='word_1_587' title='bbox 494 1744 539 1777; x_wconf 87' lang='lat' dir='ltr'>illi</span> <span class='ocrx_word' id='word_1_588' title='bbox 551 1745 761 1781; x_wconf 81' lang='lat' dir='ltr'>uniatceptam</span> <span class='ocrx_word' id='word_1_589' title='bbox 773 1741 900 1771; x_wconf 85' lang='lat' dir='ltr'>referant</span> <span class='ocrx_word' id='word_1_590' title='bbox 915 1737 1028 1769; x_wconf 87' lang='lat' dir='ltr'>necesse</span> <span class='ocrx_word' id='word_1_591' title='bbox 1037 1736 1090 1767; x_wconf 87' lang='lat' dir='ltr'>est.</span> <span class='ocrx_word' id='word_1_592' title='bbox 1112 1739 1217 1776; x_wconf 85' lang='lat' dir='ltr'>Neque</span> 
     </span>
     <span class='ocr_line' id='line_1_69' title="bbox 262 1779 1217 1825; baseline -0.015 -5"><span class='ocrx_word' id='word_1_593' title='bbox 262 1799 322 1820; x_wconf 84' lang='lat' dir='ltr'>nos</span> <span class='ocrx_word' id='word_1_594' title='bbox 334 1798 425 1819; x_wconf 78' lang='lat' dir='ltr'>autin</span> <span class='ocrx_word' id='word_1_595' title='bbox 435 1784 540 1816; x_wconf 81' lang='lat' dir='ltr'>exsilio</span> <span class='ocrx_word' id='word_1_596' title='bbox 550 1788 693 1825; x_wconf 77' lang='lat' dir='ltr'>patientes</span> <span class='ocrx_word' id='word_1_597' title='bbox 706 1802 715 1816; x_wconf 91' lang='lat'>,</span> <span class='ocrx_word' id='word_1_598' title='bbox 736 1784 827 1813; x_wconf 88' lang='lat' dir='ltr'>autin</span> <span class='ocrx_word' id='word_1_599' title='bbox 841 1782 994 1816; x_wconf 80' lang='lat' dir='ltr'>honorum</span> <span class='ocrx_word' id='word_1_600' title='bbox 1004 1779 1090 1809; x_wconf 87' lang='lat' dir='ltr'>cursu</span> <span class='ocrx_word' id='word_1_601' title='bbox 1102 1787 1161 1807; x_wconf 89' lang='lat' dir='ltr'>tem</span> <span class='ocrx_word' id='word_1_602' title='bbox 1168 1787 1217 1817; x_wconf 85' lang='lat' dir='ltr'>pe—</span> 
     </span>
     <span class='ocr_line' id='line_1_70' title="bbox 265 1818 1217 1862; baseline -0.014 -1"><span class='ocrx_word' id='word_1_603' title='bbox 265 1839 361 1862; x_wconf 77' lang='lat' dir='ltr'>rantes</span> <span class='ocrx_word' id='word_1_604' title='bbox 381 1827 539 1859; x_wconf 80' lang='lat' dir='ltr'>sutffemus</span> <span class='ocrx_word' id='word_1_605' title='bbox 554 1846 562 1859; x_wconf 83' lang='lat'>,</span> <span class='ocrx_word' id='word_1_606' title='bbox 583 1835 632 1856; x_wconf 85' lang='lat' dir='ltr'>ant</span> <span class='ocrx_word' id='word_1_607' title='bbox 653 1835 733 1854; x_wconf 86' lang='lat' dir='ltr'>nunc</span> <span class='ocrx_word' id='word_1_608' title='bbox 754 1827 786 1853; x_wconf 80' lang='grc'>111</span> <span class='ocrx_word' id='word_1_609' title='bbox 800 1832 880 1853; x_wconf 87' lang='grc'><strong>131110</strong></span> <span class='ocrx_word' id='word_1_610' title='bbox 891 1831 1021 1852; x_wconf 77' lang='lat' dir='ltr'>moei&#39;ore</span> <span class='ocrx_word' id='word_1_611' title='bbox 1031 1821 1175 1860; x_wconf 77' lang='lat' dir='ltr'>sapienter</span> <span class='ocrx_word' id='word_1_612' title='bbox 1187 1818 1217 1849; x_wconf 74' lang='grc' dir='ltr'>δε</span> 
     </span>
     <span class='ocr_line' id='line_1_71' title="bbox 263 1863 1215 1906; baseline -0.014 -3"><span class='ocrx_word' id='word_1_613' title='bbox 263 1872 379 1903; x_wconf 61' lang='lat' dir='ltr'>sortiter</span> <span class='ocrx_word' id='word_1_614' title='bbox 389 1871 579 1902; x_wconf 74' lang='lat' dir='ltr'>versaremur,</span> <span class='ocrx_word' id='word_1_615' title='bbox 592 1865 647 1897; x_wconf 74' lang='lat' dir='ltr'>nisi</span> <span class='ocrx_word' id='word_1_616' title='bbox 657 1876 720 1899; x_wconf 85' lang='lat' dir='ltr'>tuo,</span> <span class='ocrx_word' id='word_1_617' title='bbox 730 1865 920 1906; x_wconf 80' lang='lat' dir='ltr'>philosophia</span> <span class='ocrx_word' id='word_1_618' title='bbox 929 1865 1043 1904; x_wconf 88' lang='lat' dir='ltr'>optima</span> <span class='ocrx_word' id='word_1_619' title='bbox 1052 1871 1150 1891; x_wconf 77' lang='lat' dir='ltr'>rerum</span> <span class='ocrx_word' id='word_1_620' title='bbox 1164 1863 1215 1891; x_wconf 84' lang='lat' dir='ltr'>hu-</span> 
     </span>
     <span class='ocr_line' id='line_1_72' title="bbox 268 1903 1242 1944; baseline -0.013 0"><span class='ocrx_word' id='word_1_621' title='bbox 268 1922 424 1944; x_wconf 71' lang='lat' dir='ltr'>manarum</span> <span class='ocrx_word' id='word_1_622' title='bbox 448 1911 631 1941; x_wconf 78' lang='lat' dir='ltr'>moderatrix</span> <span class='ocrx_word' id='word_1_623' title='bbox 642 1929 650 1941; x_wconf 76' lang='grc'><strong>,</strong></span> <span class='ocrx_word' id='word_1_624' title='bbox 671 1907 828 1938; x_wconf 80' lang='lat' dir='ltr'>beneficio.</span> <span class='ocrx_word' id='word_1_625' title='bbox 852 1909 903 1936; x_wconf 91' lang='lat' dir='ltr'>Tu</span> <span class='ocrx_word' id='word_1_626' title='bbox 912 1904 985 1936; x_wconf 75' lang='lat' dir='ltr'>vero</span> <span class='ocrx_word' id='word_1_627' title='bbox 995 1903 1071 1934; x_wconf 73' lang='lat' dir='ltr'>felix</span> <span class='ocrx_word' id='word_1_628' title='bbox 1082 1905 1114 1934; x_wconf 73' lang='grc' dir='ltr'>δε</span> <span class='ocrx_word' id='word_1_629' title='bbox 1126 1904 1215 1936; x_wconf 89' lang='lat' dir='ltr'>beata,</span> <span class='ocrx_word' id='word_1_630' title='bbox 1240 1922 1242 1929; x_wconf 89' lang='lat'>.</span> 
     </span>
     <span class='ocr_line' id='line_1_73' title="bbox 267 1946 1218 1988; baseline -0.012 -3"><span class='ocrx_word' id='word_1_631' title='bbox 267 1956 371 1987; x_wconf 84' lang='lat' dir='ltr'>Tullia</span> <span class='ocrx_word' id='word_1_632' title='bbox 380 1964 464 1986; x_wconf 81' lang='lat' dir='ltr'>mea,</span> <span class='ocrx_word' id='word_1_633' title='bbox 487 1952 506 1982; x_wconf 84' lang='lat' dir='ltr'>si</span> <span class='ocrx_word' id='word_1_634' title='bbox 516 1954 583 1988; x_wconf 72' lang='lat' dir='ltr'>&lt;iuis</span> <span class='ocrx_word' id='word_1_635' title='bbox 595 1951 648 1981; x_wconf 82' lang='lat' dir='ltr'>tibi</span> <span class='ocrx_word' id='word_1_636' title='bbox 662 1952 692 1979; x_wconf 80' lang='lat' dir='ltr'>in</span> <span class='ocrx_word' id='word_1_637' title='bbox 704 1958 799 1979; x_wconf 84' lang='lat' dir='ltr'>morte</span> <span class='ocrx_word' id='word_1_638' title='bbox 810 1948 910 1979; x_wconf 90' lang='lat' dir='ltr'>sensus</span> <span class='ocrx_word' id='word_1_639' title='bbox 920 1946 963 1978; x_wconf 88' lang='lat' dir='ltr'>est</span> <span class='ocrx_word' id='word_1_640' title='bbox 974 1966 982 1981; x_wconf 88' lang='lat'>,</span> <span class='ocrx_word' id='word_1_641' title='bbox 1001 1956 1066 1986; x_wconf 85' lang='lat' dir='ltr'>quae</span> <span class='ocrx_word' id='word_1_642' title='bbox 1077 1955 1120 1975; x_wconf 91' lang='lat' dir='ltr'>tot</span> <span class='ocrx_word' id='word_1_643' title='bbox 1129 1965 1139 1979; x_wconf 88' lang='lat'>‚</span> <span class='ocrx_word' id='word_1_644' title='bbox 1154 1954 1218 1975; x_wconf 83' lang='lat' dir='ltr'>tan-</span> 
     </span>
     <span class='ocr_line' id='line_1_74' title="bbox 266 1988 1219 2034; baseline -0.013 -6"><span class='ocrx_word' id='word_1_645' title='bbox 266 1998 362 2030; x_wconf 67' lang='lat' dir='ltr'>tisque</span> <span class='ocrx_word' id='word_1_646' title='bbox 374 1996 502 2026; x_wconf 79' lang='lat' dir='ltr'>miseriis</span> <span class='ocrx_word' id='word_1_647' title='bbox 513 1989 648 2034; x_wconf 54' lang='lat' dir='ltr'>{quibus</span> <span class='ocrx_word' id='word_1_648' title='bbox 663 1990 810 2032; x_wconf 82' lang='lat' dir='ltr'>proposita</span> <span class='ocrx_word' id='word_1_649' title='bbox 823 1988 925 2020; x_wconf 78' lang='lat' dir='ltr'>fuiffes</span> <span class='ocrx_word' id='word_1_650' title='bbox 935 1991 966 2019; x_wconf 90' lang='lat' dir='ltr'>in</span> <span class='ocrx_word' id='word_1_651' title='bbox 978 1990 1037 2019; x_wconf 84' lang='lat' dir='ltr'>vita</span> <span class='ocrx_word' id='word_1_652' title='bbox 1048 2007 1056 2021; x_wconf 96' lang='lat'>,</span> <span class='ocrx_word' id='word_1_653' title='bbox 1068 1997 1219 2018; x_wconf 88' lang='lat' dir='ltr'>unamor-</span> 
     </span>
     <span class='ocr_line' id='line_1_75' title="bbox 266 2029 1219 2079; baseline -0.013 -9"><span class='ocrx_word' id='word_1_654' title='bbox 266 2050 296 2070; x_wconf 89' lang='lat' dir='ltr'>te</span> <span class='ocrx_word' id='word_1_655' title='bbox 314 2031 467 2079; x_wconf 61' lang='lat' dir='ltr'>perfuncta</span> <span class='ocrx_word' id='word_1_656' title='bbox 485 2045 536 2065; x_wconf 73' lang='lat' dir='ltr'>es:</span> <span class='ocrx_word' id='word_1_657' title='bbox 552 2034 769 2075; x_wconf 73' lang='lat' dir='ltr'>apraesentibus</span> <span class='ocrx_word' id='word_1_658' title='bbox 781 2032 870 2062; x_wconf 86' lang='lat' dir='ltr'>malis</span> <span class='ocrx_word' id='word_1_659' title='bbox 881 2030 1017 2072; x_wconf 83' lang='lat' dir='ltr'>expedita</span> <span class='ocrx_word' id='word_1_660' title='bbox 1028 2049 1037 2064; x_wconf 91' lang='lat'>,</span> <span class='ocrx_word' id='word_1_661' title='bbox 1054 2029 1090 2060; x_wconf 91' lang='lat' dir='ltr'>ab</span> <span class='ocrx_word' id='word_1_662' title='bbox 1102 2031 1219 2069; x_wconf 87' lang='lat' dir='ltr'>impen-</span> 
     </span>
     <span class='ocr_line' id='line_1_76' title="bbox 267 2070 1223 2118; baseline -0.013 -7"><span class='ocrx_word' id='word_1_663' title='bbox 267 2081 408 2111; x_wconf 77' lang='lat' dir='ltr'>dentibus</span> <span class='ocrx_word' id='word_1_664' title='bbox 426 2087 523 2118; x_wconf 76' lang='lat' dir='ltr'>erepta</span> <span class='ocrx_word' id='word_1_665' title='bbox 534 2097 541 2111; x_wconf 83' lang='lat'>,</span> <span class='ocrx_word' id='word_1_666' title='bbox 565 2078 639 2107; x_wconf 85' lang='lat' dir='ltr'>&amp;in</span> <span class='ocrx_word' id='word_1_667' title='bbox 654 2085 719 2105; x_wconf 81' lang='lat' dir='ltr'>tuto</span> <span class='ocrx_word' id='word_1_668' title='bbox 728 2086 760 2105; x_wconf 92' lang='lat' dir='ltr'>ac</span> <span class='ocrx_word' id='word_1_669' title='bbox 771 2073 934 2114; x_wconf 84' lang='lat' dir='ltr'>tranquillo</span> <span class='ocrx_word' id='word_1_670' title='bbox 943 2074 1053 2113; x_wconf 85' lang='lat' dir='ltr'>qnietis</span> <span class='ocrx_word' id='word_1_671' title='bbox 1061 2080 1148 2111; x_wconf 89' lang='lat' dir='ltr'>portu</span> <span class='ocrx_word' id='word_1_672' title='bbox 1158 2070 1223 2118; x_wconf 81' lang='lat' dir='ltr'>col-</span> 
     </span>
    </p>
   </div>
   <div class='ocr_carea' id='block_1_7' title="bbox 1236 1555 1247 2189">
    <p class='ocr_par' dir='ltr' id='par_1_7' title="bbox 1236 1555 1247 2189">
     <span class='ocr_line' id='line_1_77' title="bbox 1236 1555 1247 2189; baseline 0 0"><span class='ocrx_word' id='word_1_673' title='bbox 1236 1555 1247 2189; x_wconf 95' lang='lat' dir='ltr'> </span> 
     </span>
    </p>
   </div>
   <div class='ocr_carea' id='block_1_8' title="bbox 265 2112 1234 3114">
    <p class='ocr_par' dir='ltr' id='par_1_8' title="bbox 265 2112 1234 3114">
     <span class='ocr_line' id='line_1_78' title="bbox 267 2112 1220 2156; baseline -0.012 -4"><span class='ocrx_word' id='word_1_674' title='bbox 267 2124 370 2152; x_wconf 77' lang='lat' dir='ltr'>locata.</span> <span class='ocrx_word' id='word_1_675' title='bbox 394 2120 504 2151; x_wconf 71' lang='lat' dir='ltr'>merito</span> <span class='ocrx_word' id='word_1_676' title='bbox 525 2119 577 2149; x_wconf 80' lang='lat' dir='ltr'>tihi</span> <span class='ocrx_word' id='word_1_677' title='bbox 590 2127 720 2148; x_wconf 86' lang='lat' dir='ltr'>mortem</span> <span class='ocrx_word' id='word_1_678' title='bbox 733 2115 895 2156; x_wconf 67' lang='lat' dir='ltr'>iucundam</span> <span class='ocrx_word' id='word_1_679' title='bbox 908 2112 994 2145; x_wconf 80' lang='lat' dir='ltr'>fuifl&#39;e</span> <span class='ocrx_word' id='word_1_680' title='bbox 1005 2122 1108 2153; x_wconf 81' lang='lat' dir='ltr'>putem</span> <span class='ocrx_word' id='word_1_681' title='bbox 1120 2132 1129 2146; x_wconf 91' lang='lat'>,</span> <span class='ocrx_word' id='word_1_682' title='bbox 1149 2122 1220 2142; x_wconf 84' lang='lat' dir='ltr'>cum</span> 
     </span>
     <span class='ocr_line' id='line_1_79' title="bbox 265 2157 1223 2202; baseline -0.013 -7"><span class='ocrx_word' id='word_1_683' title='bbox 265 2165 316 2194; x_wconf 85' lang='lat' dir='ltr'>vel</span> <span class='ocrx_word' id='word_1_684' title='bbox 338 2174 371 2193; x_wconf 86' lang='lat' dir='ltr'>ea</span> <span class='ocrx_word' id='word_1_685' title='bbox 389 2163 467 2193; x_wconf 82' lang='lat' dir='ltr'>bona</span> <span class='ocrx_word' id='word_1_686' title='bbox 480 2181 488 2195; x_wconf 88' lang='lat'>,</span> <span class='ocrx_word' id='word_1_687' title='bbox 508 2161 618 2202; x_wconf 87' lang='lat' dir='ltr'>quibus</span> <span class='ocrx_word' id='word_1_688' title='bbox 643 2160 760 2189; x_wconf 85' lang='lat' dir='ltr'>viventi</span> <span class='ocrx_word' id='word_1_689' title='bbox 777 2157 836 2188; x_wconf 82' lang='lat' dir='ltr'>frui</span> <span class='ocrx_word' id='word_1_690' title='bbox 857 2158 963 2190; x_wconf 81' lang='lat' dir='ltr'>licuit,</span> <span class='ocrx_word' id='word_1_691' title='bbox 983 2157 1087 2185; x_wconf 87' lang='lat' dir='ltr'>animo</span> <span class='ocrx_word' id='word_1_692' title='bbox 1097 2163 1223 2195; x_wconf 85' lang='lat' dir='ltr'>reputas,</span> 
     </span>
     <span class='ocr_line' id='line_1_80' title="bbox 266 2199 1218 2244; baseline -0.012 -8"><span class='ocrx_word' id='word_1_693' title='bbox 266 2207 315 2236; x_wconf 86' lang='lat' dir='ltr'>vel</span> <span class='ocrx_word' id='word_1_694' title='bbox 327 2205 403 2235; x_wconf 80' lang='lat' dir='ltr'>mala</span> <span class='ocrx_word' id='word_1_695' title='bbox 413 2224 420 2238; x_wconf 91' lang='lat'>,</span> <span class='ocrx_word' id='word_1_696' title='bbox 433 2214 497 2244; x_wconf 57' lang='lat' dir='ltr'>qua:</span> <span class='ocrx_word' id='word_1_697' title='bbox 510 2204 642 2232; x_wconf 84' lang='lat' dir='ltr'>moriens</span> <span class='ocrx_word' id='word_1_698' title='bbox 653 2199 762 2233; x_wconf 84' lang='lat' dir='ltr'>vitasti,</span> <span class='ocrx_word' id='word_1_699' title='bbox 773 2208 885 2233; x_wconf 82' lang='lat' dir='ltr'>mente,</span> <span class='ocrx_word' id='word_1_700' title='bbox 897 2208 929 2230; x_wconf 84' lang='lat' dir='ltr'>ac</span> <span class='ocrx_word' id='word_1_701' title='bbox 941 2199 1121 2239; x_wconf 79' lang='lat' dir='ltr'>cogitatione</span> <span class='ocrx_word' id='word_1_702' title='bbox 1131 2206 1218 2226; x_wconf 90' lang='lat' dir='ltr'>com-</span> 
     </span>
     <span class='ocr_line' id='line_1_81' title="bbox 266 2237 1222 2289; baseline -0.012 -11"><span class='ocrx_word' id='word_1_703' title='bbox 266 2246 417 2289; x_wconf 56' lang='lat' dir='ltr'>plecteris.</span> <span class='ocrx_word' id='word_1_704' title='bbox 441 2248 504 2286; x_wconf 86' lang='lat' dir='ltr'>Ego</span> <span class='ocrx_word' id='word_1_705' title='bbox 515 2253 626 2276; x_wconf 84' lang='lat' dir='ltr'>autern,</span> <span class='ocrx_word' id='word_1_706' title='bbox 638 2244 708 2272; x_wconf 76' lang='lat' dir='ltr'>esim</span> <span class='ocrx_word' id='word_1_707' title='bbox 719 2252 746 2272; x_wconf 85' lang='lat' dir='ltr'>te</span> <span class='ocrx_word' id='word_1_708' title='bbox 754 2240 874 2272; x_wconf 83' lang='lat' dir='ltr'>felicem</span> <span class='ocrx_word' id='word_1_709' title='bbox 884 2240 1017 2281; x_wconf 81' lang='lat' dir='ltr'>judicem</span> <span class='ocrx_word' id='word_1_710' title='bbox 1030 2259 1038 2273; x_wconf 97' lang='lat'>,</span> <span class='ocrx_word' id='word_1_711' title='bbox 1055 2248 1098 2271; x_wconf 89' lang='lat' dir='ltr'>ac,</span> <span class='ocrx_word' id='word_1_712' title='bbox 1109 2237 1130 2268; x_wconf 87' lang='lat' dir='ltr'>fi</span> <span class='ocrx_word' id='word_1_713' title='bbox 1140 2238 1222 2268; x_wconf 87' lang='lat' dir='ltr'>dice-</span> 
     </span>
     <span class='ocr_line' id='line_1_82' title="bbox 268 2282 1222 2327; baseline -0.012 -7"><span class='ocrx_word' id='word_1_714' title='bbox 268 2300 300 2320; x_wconf 82' lang='lat' dir='ltr'>re</span> <span class='ocrx_word' id='word_1_715' title='bbox 318 2290 406 2319; x_wconf 87' lang='lat' dir='ltr'>liceat</span> <span class='ocrx_word' id='word_1_716' title='bbox 417 2308 426 2322; x_wconf 93' lang='lat'>,</span> <span class='ocrx_word' id='word_1_717' title='bbox 445 2287 530 2327; x_wconf 72' lang='lat' dir='ltr'>paene</span> <span class='ocrx_word' id='word_1_718' title='bbox 549 2286 646 2316; x_wconf 86' lang='lat' dir='ltr'>oculis</span> <span class='ocrx_word' id='word_1_719' title='bbox 654 2293 773 2315; x_wconf 85' lang='lat' dir='ltr'>cernam</span> <span class='ocrx_word' id='word_1_720' title='bbox 785 2304 792 2317; x_wconf 89' lang='lat'><strong><em>‚</em></strong></span> <span class='ocrx_word' id='word_1_721' title='bbox 815 2293 867 2313; x_wconf 89' lang='lat' dir='ltr'>cur</span> <span class='ocrx_word' id='word_1_722' title='bbox 876 2291 926 2313; x_wconf 85' lang='lat' dir='ltr'>tua</span> <span class='ocrx_word' id='word_1_723' title='bbox 936 2290 1033 2311; x_wconf 78' lang='lat' dir='ltr'>morte</span> <span class='ocrx_word' id='word_1_724' title='bbox 1048 2289 1198 2311; x_wconf 88' lang='lat' dir='ltr'>excrucier</span> <span class='ocrx_word' id='word_1_725' title='bbox 1211 2282 1222 2309; x_wconf 91' lang='lat'>?</span> 
     </span>
     <span class='ocr_line' id='line_1_83' title="bbox 270 2321 1220 2372; baseline -0.011 -11"><span class='ocrx_word' id='word_1_726' title='bbox 270 2332 371 2372; x_wconf 81' lang='lat' dir='ltr'>potius</span> <span class='ocrx_word' id='word_1_727' title='bbox 382 2330 503 2360; x_wconf 79' lang='lat' dir='ltr'>Iaetabor</span> <span class='ocrx_word' id='word_1_728' title='bbox 514 2349 521 2361; x_wconf 93' lang='lat'>‚</span> <span class='ocrx_word' id='word_1_729' title='bbox 534 2338 566 2357; x_wconf 85' lang='lat' dir='ltr'>ac</span> <span class='ocrx_word' id='word_1_730' title='bbox 577 2327 631 2357; x_wconf 85' lang='lat' dir='ltr'>tibi</span> <span class='ocrx_word' id='word_1_731' title='bbox 642 2346 651 2360; x_wconf 90' lang='lat'><em>‚</em></span> <span class='ocrx_word' id='word_1_732' title='bbox 663 2335 816 2366; x_wconf 81' lang='lat' dir='ltr'>tamquam</span> <span class='ocrx_word' id='word_1_733' title='bbox 827 2324 863 2355; x_wconf 88' lang='lat' dir='ltr'>de</span> <span class='ocrx_word' id='word_1_734' title='bbox 877 2335 907 2355; x_wconf 89' lang='lat' dir='ltr'>re</span> <span class='ocrx_word' id='word_1_735' title='bbox 917 2321 1095 2363; x_wconf 83' lang='lat' dir='ltr'>optatiffima</span> <span class='ocrx_word' id='word_1_736' title='bbox 1105 2342 1113 2357; x_wconf 89' lang='lat'>‚</span> <span class='ocrx_word' id='word_1_737' title='bbox 1125 2331 1220 2363; x_wconf 87' lang='lat' dir='ltr'>gratu-</span> 
     </span>
     <span class='ocr_line' id='line_1_84' title="bbox 271 2363 1222 2406; baseline -0.011 -4"><span class='ocrx_word' id='word_1_738' title='bbox 271 2372 365 2403; x_wconf 77' lang='lat' dir='ltr'>labor.</span> <span class='ocrx_word' id='word_1_739' title='bbox 389 2373 438 2401; x_wconf 87' lang='lat' dir='ltr'>cui</span> <span class='ocrx_word' id='word_1_740' title='bbox 457 2369 510 2400; x_wconf 86' lang='lat' dir='ltr'>nifi</span> <span class='ocrx_word' id='word_1_741' title='bbox 523 2368 684 2399; x_wconf 82' lang='lat' dir='ltr'>molestum</span> <span class='ocrx_word' id='word_1_742' title='bbox 697 2367 739 2398; x_wconf 90' lang='lat' dir='ltr'>est</span> <span class='ocrx_word' id='word_1_743' title='bbox 753 2387 762 2400; x_wconf 91' lang='lat'><strong>‚</strong></span> <span class='ocrx_word' id='word_1_744' title='bbox 783 2367 899 2406; x_wconf 77' lang='lat' dir='ltr'>mejam</span> <span class='ocrx_word' id='word_1_745' title='bbox 911 2374 995 2396; x_wconf 80' lang='lat' dir='ltr'>aetate</span> <span class='ocrx_word' id='word_1_746' title='bbox 1005 2363 1179 2394; x_wconf 58' lang='lat' dir='ltr'>confectum</span> <span class='ocrx_word' id='word_1_747' title='bbox 1190 2365 1222 2392; x_wconf 91' lang='lat' dir='ltr'>in</span> 
     </span>
     <span class='ocr_line' id='line_1_85' title="bbox 270 2407 1225 2453; baseline -0.01 -9"><span class='ocrx_word' id='word_1_748' title='bbox 270 2423 331 2445; x_wconf 85' lang='lat' dir='ltr'>tam</span> <span class='ocrx_word' id='word_1_749' title='bbox 356 2412 522 2453; x_wconf 85' lang='lat' dir='ltr'>perturbata</span> <span class='ocrx_word' id='word_1_750' title='bbox 542 2410 713 2451; x_wconf 81' lang='lat' dir='ltr'>republica,</span> <span class='ocrx_word' id='word_1_751' title='bbox 733 2417 853 2449; x_wconf 81' lang='lat' dir='ltr'>tamque</span> <span class='ocrx_word' id='word_1_752' title='bbox 863 2407 973 2437; x_wconf 88' lang='lat' dir='ltr'>misero</span> <span class='ocrx_word' id='word_1_753' title='bbox 984 2408 1052 2436; x_wconf 82' lang='lat' dir='ltr'>vitae</span> <span class='ocrx_word' id='word_1_754' title='bbox 1060 2415 1168 2446; x_wconf 86' lang='lat' dir='ltr'>genere</span> <span class='ocrx_word' id='word_1_755' title='bbox 1179 2415 1225 2434; x_wconf 88' lang='lat' dir='ltr'>re-</span> 
     </span>
     <span class='ocr_line' id='line_1_86' title="bbox 272 2446 1224 2496; baseline -0.012 -10"><span class='ocrx_word' id='word_1_756' title='bbox 272 2454 391 2496; x_wconf 76' lang='lat' dir='ltr'>liquisse</span> <span class='ocrx_word' id='word_1_757' title='bbox 404 2475 412 2488; x_wconf 93' lang='lat'>,</span> <span class='ocrx_word' id='word_1_758' title='bbox 432 2453 504 2495; x_wconf 86' lang='lat' dir='ltr'>quid</span> <span class='ocrx_word' id='word_1_759' title='bbox 524 2453 584 2491; x_wconf 82' lang='lat' dir='ltr'>jam</span> <span class='ocrx_word' id='word_1_760' title='bbox 596 2461 683 2493; x_wconf 85' lang='lat' dir='ltr'>grave</span> <span class='ocrx_word' id='word_1_761' title='bbox 692 2460 742 2481; x_wconf 81' lang='lat' dir='ltr'>aut</span> <span class='ocrx_word' id='word_1_762' title='bbox 751 2449 890 2480; x_wconf 86' lang='lat' dir='ltr'>acerbum</span> <span class='ocrx_word' id='word_1_763' title='bbox 903 2447 961 2479; x_wconf 80' lang='lat' dir='ltr'>effe</span> <span class='ocrx_word' id='word_1_764' title='bbox 971 2446 1077 2488; x_wconf 86' lang='lat' dir='ltr'>poffit?</span> <span class='ocrx_word' id='word_1_765' title='bbox 1098 2447 1153 2477; x_wconf 84' lang='lat' dir='ltr'>Sed</span> <span class='ocrx_word' id='word_1_766' title='bbox 1166 2448 1224 2476; x_wconf 91' lang='lat' dir='ltr'>hoc</span> 
     </span>
     <span class='ocr_line' id='line_1_87' title="bbox 271 2488 1225 2538; baseline -0.01 -11"><span class='ocrx_word' id='word_1_767' title='bbox 271 2507 392 2538; x_wconf 86' lang='lat' dir='ltr'>quoque</span> <span class='ocrx_word' id='word_1_768' title='bbox 412 2498 527 2526; x_wconf 87' lang='lat' dir='ltr'>ratione</span> <span class='ocrx_word' id='word_1_769' title='bbox 544 2495 606 2534; x_wconf 82' lang='lat' dir='ltr'>ipsa</span> <span class='ocrx_word' id='word_1_770' title='bbox 622 2493 718 2523; x_wconf 83' lang='lat' dir='ltr'>levius</span> <span class='ocrx_word' id='word_1_771' title='bbox 739 2492 893 2532; x_wconf 85' lang='lat' dir='ltr'>aliquanto</span> <span class='ocrx_word' id='word_1_772' title='bbox 913 2488 1056 2520; x_wconf 85' lang='lat' dir='ltr'>efficitur:</span> <span class='ocrx_word' id='word_1_773' title='bbox 1077 2498 1175 2529; x_wconf 87' lang='lat' dir='ltr'>neque</span> <span class='ocrx_word' id='word_1_774' title='bbox 1194 2497 1225 2517; x_wconf 92' lang='lat' dir='ltr'>tu</span> 
     </span>
     <span class='ocr_line' id='line_1_88' title="bbox 273 2530 1228 2578; baseline -0.012 -9"><span class='ocrx_word' id='word_1_775' title='bbox 273 2549 357 2570; x_wconf 84' lang='lat' dir='ltr'>nunc</span> <span class='ocrx_word' id='word_1_776' title='bbox 367 2558 375 2572; x_wconf 96' lang='lat'>,</span> <span class='ocrx_word' id='word_1_777' title='bbox 394 2537 467 2578; x_wconf 91' lang='lat' dir='ltr'>quid</span> <span class='ocrx_word' id='word_1_778' title='bbox 479 2546 528 2566; x_wconf 87' lang='lat' dir='ltr'>me</span> <span class='ocrx_word' id='word_1_779' title='bbox 538 2535 664 2576; x_wconf 79' lang='lat' dir='ltr'>perferre</span> <span class='ocrx_word' id='word_1_780' title='bbox 675 2531 788 2564; x_wconf 82' lang='lat' dir='ltr'>necesse</span> <span class='ocrx_word' id='word_1_781' title='bbox 799 2532 832 2563; x_wconf 90' lang='lat' dir='ltr'>sit</span> <span class='ocrx_word' id='word_1_782' title='bbox 845 2553 852 2566; x_wconf 92' lang='lat'>,</span> <span class='ocrx_word' id='word_1_783' title='bbox 864 2532 912 2563; x_wconf 91' lang='lat' dir='ltr'>sed</span> <span class='ocrx_word' id='word_1_784' title='bbox 925 2552 934 2567; x_wconf 93' lang='lat'>‚</span> <span class='ocrx_word' id='word_1_785' title='bbox 952 2532 1042 2572; x_wconf 72' lang='lat' dir='ltr'>quam</span> <span class='ocrx_word' id='word_1_786' title='bbox 1054 2540 1119 2560; x_wconf 89' lang='lat' dir='ltr'>non</span> <span class='ocrx_word' id='word_1_787' title='bbox 1130 2530 1228 2560; x_wconf 85' lang='lat' dir='ltr'>multo</span> 
     </span>
     <span class='ocr_line' id='line_1_89' title="bbox 274 2571 1226 2621; baseline -0.012 -10"><span class='ocrx_word' id='word_1_788' title='bbox 274 2580 340 2621; x_wconf 73' lang='lat' dir='ltr'>post</span> <span class='ocrx_word' id='word_1_789' title='bbox 350 2589 448 2610; x_wconf 84' lang='lat' dir='ltr'>tecum</span> <span class='ocrx_word' id='word_1_790' title='bbox 461 2579 565 2608; x_wconf 87' lang='lat' dir='ltr'>iisdem</span> <span class='ocrx_word' id='word_1_791' title='bbox 582 2578 671 2607; x_wconf 89' lang='lat' dir='ltr'>bonis</span> <span class='ocrx_word' id='word_1_792' title='bbox 682 2576 786 2606; x_wconf 88' lang='lat' dir='ltr'>usurus</span> <span class='ocrx_word' id='word_1_793' title='bbox 796 2573 850 2605; x_wconf 85' lang='lat' dir='ltr'>fim</span> <span class='ocrx_word' id='word_1_794' title='bbox 861 2594 870 2609; x_wconf 91' lang='lat'>,</span> <span class='ocrx_word' id='word_1_795' title='bbox 891 2573 981 2604; x_wconf 89' lang='lat' dir='ltr'>debes</span> <span class='ocrx_word' id='word_1_796' title='bbox 990 2574 1127 2612; x_wconf 86' lang='lat' dir='ltr'>cogitare.</span> <span class='ocrx_word' id='word_1_797' title='bbox 1148 2571 1226 2602; x_wconf 91' lang='lat' dir='ltr'>nihil</span> 
     </span>
     <span class='ocr_line' id='line_1_90' title="bbox 275 2615 1230 2659; baseline -0.01 -7"><span class='ocrx_word' id='word_1_798' title='bbox 275 2632 359 2652; x_wconf 77' lang='lat' dir='ltr'>enim</span> <span class='ocrx_word' id='word_1_799' title='bbox 370 2621 499 2652; x_wconf 85' lang='lat' dir='ltr'>accidere</span> <span class='ocrx_word' id='word_1_800' title='bbox 508 2619 690 2659; x_wconf 21' lang='lat' dir='ltr'>valdevgrave</span> <span class='ocrx_word' id='word_1_801' title='bbox 699 2615 796 2657; x_wconf 87' lang='lat' dir='ltr'>potest</span> <span class='ocrx_word' id='word_1_802' title='bbox 808 2618 857 2650; x_wconf 87' lang='lat' dir='ltr'>iis,</span> <span class='ocrx_word' id='word_1_803' title='bbox 869 2617 920 2657; x_wconf 87' lang='lat' dir='ltr'>qui</span> <span class='ocrx_word' id='word_1_804' title='bbox 931 2616 1049 2656; x_wconf 87' lang='lat' dir='ltr'>spejam</span> <span class='ocrx_word' id='word_1_805' title='bbox 1062 2615 1230 2654; x_wconf 83' lang='lat' dir='ltr'>propinqua</span> 
     </span>
     <span class='ocr_line' id='line_1_91' title="bbox 277 2657 1228 2697; baseline -0.009 -4"><span class='ocrx_word' id='word_1_806' title='bbox 277 2663 370 2693; x_wconf 75' lang='lat' dir='ltr'>futuri</span> <span class='ocrx_word' id='word_1_807' title='bbox 387 2663 463 2693; x_wconf 86' lang='lat' dir='ltr'>boni</span> <span class='ocrx_word' id='word_1_808' title='bbox 481 2670 646 2691; x_wconf 82' lang='lat' dir='ltr'>recreantur</span> <span class='ocrx_word' id='word_1_809' title='bbox 658 2680 666 2693; x_wconf 90' lang='lat'><strong><em>‚</em></strong></span> <span class='ocrx_word' id='word_1_810' title='bbox 687 2660 719 2689; x_wconf 90' lang='lat'>&amp;</span> <span class='ocrx_word' id='word_1_811' title='bbox 729 2660 856 2689; x_wconf 88' lang='lat' dir='ltr'>aluntur.</span> <span class='ocrx_word' id='word_1_812' title='bbox 880 2657 937 2688; x_wconf 84' lang='lat' dir='ltr'>Sed</span> <span class='ocrx_word' id='word_1_813' title='bbox 947 2657 1048 2687; x_wconf 84' lang='lat' dir='ltr'>nescio</span> <span class='ocrx_word' id='word_1_814' title='bbox 1057 2658 1108 2697; x_wconf 89' lang='lat' dir='ltr'>qui</span> <span class='ocrx_word' id='word_1_815' title='bbox 1120 2665 1175 2685; x_wconf 91' lang='lat' dir='ltr'>nos</span> <span class='ocrx_word' id='word_1_816' title='bbox 1186 2665 1228 2684; x_wconf 90' lang='lat' dir='ltr'>te-</span> 
     </span>
     <span class='ocr_line' id='line_1_92' title="bbox 279 2698 1229 2741; baseline -0.011 -6"><span class='ocrx_word' id='word_1_817' title='bbox 279 2715 347 2735; x_wconf 86' lang='lat' dir='ltr'>neat</span> <span class='ocrx_word' id='word_1_818' title='bbox 372 2714 453 2734; x_wconf 79' lang='lat' dir='ltr'>error</span> <span class='ocrx_word' id='word_1_819' title='bbox 471 2723 480 2737; x_wconf 88' lang='lat'>‚</span> <span class='ocrx_word' id='word_1_820' title='bbox 509 2712 559 2733; x_wconf 89' lang='lat' dir='ltr'>aut</span> <span class='ocrx_word' id='word_1_821' title='bbox 587 2701 767 2731; x_wconf 79' lang='lat' dir='ltr'>miserabilis</span> <span class='ocrx_word' id='word_1_822' title='bbox 783 2701 933 2741; x_wconf 82' lang='lat' dir='ltr'>ignoratio</span> <span class='ocrx_word' id='word_1_823' title='bbox 958 2700 1031 2728; x_wconf 84' lang='lat' dir='ltr'>veri.</span> <span class='ocrx_word' id='word_1_824' title='bbox 1062 2707 1124 2727; x_wconf 89' lang='lat' dir='ltr'>non</span> <span class='ocrx_word' id='word_1_825' title='bbox 1146 2698 1229 2726; x_wconf 89' lang='lat' dir='ltr'>enim</span> 
     </span>
     <span class='ocr_line' id='line_1_93' title="bbox 277 2738 1230 2785; baseline -0.009 -9"><span class='ocrx_word' id='word_1_826' title='bbox 277 2754 430 2785; x_wconf 80' lang='lat' dir='ltr'>tantopere</span> <span class='ocrx_word' id='word_1_827' title='bbox 453 2746 543 2775; x_wconf 77' lang='lat' dir='ltr'>bonis</span> <span class='ocrx_word' id='word_1_828' title='bbox 565 2742 750 2783; x_wconf 68' lang='lat' dir='ltr'>dele&amp;amur</span> <span class='ocrx_word' id='word_1_829' title='bbox 759 2761 768 2775; x_wconf 85' lang='lat'>,</span> <span class='ocrx_word' id='word_1_830' title='bbox 788 2741 878 2782; x_wconf 72' lang='lat' dir='ltr'>quam</span> <span class='ocrx_word' id='word_1_831' title='bbox 897 2741 985 2771; x_wconf 86' lang='lat' dir='ltr'>malis</span> <span class='ocrx_word' id='word_1_832' title='bbox 997 2738 1175 2780; x_wconf 83' lang='lat' dir='ltr'>affligimur:</span> <span class='ocrx_word' id='word_1_833' title='bbox 1190 2747 1230 2768; x_wconf 88' lang='lat' dir='ltr'>ex</span> 
     </span>
     <span class='ocr_line' id='line_1_94' title="bbox 278 2782 1233 2827; baseline -0.008 -10"><span class='ocrx_word' id='word_1_834' title='bbox 278 2797 339 2827; x_wconf 90' lang='lat' dir='ltr'>quo</span> <span class='ocrx_word' id='word_1_835' title='bbox 349 2785 391 2820; x_wconf 83' lang='lat' dir='ltr'>fit,</span> <span class='ocrx_word' id='word_1_836' title='bbox 403 2796 434 2816; x_wconf 89' lang='lat' dir='ltr'>ut</span> <span class='ocrx_word' id='word_1_837' title='bbox 446 2788 506 2816; x_wconf 85' lang='lat' dir='ltr'>haec</span> <span class='ocrx_word' id='word_1_838' title='bbox 514 2787 604 2816; x_wconf 85' lang='lat' dir='ltr'>etiam</span> <span class='ocrx_word' id='word_1_839' title='bbox 617 2785 756 2815; x_wconf 84' lang='lat' dir='ltr'>nolentes</span> <span class='ocrx_word' id='word_1_840' title='bbox 765 2792 923 2823; x_wconf 88' lang='lat' dir='ltr'>augeamus</span> <span class='ocrx_word' id='word_1_841' title='bbox 935 2782 1028 2812; x_wconf 75' lang='lat' dir='ltr'>:bona</span> <span class='ocrx_word' id='word_1_842' title='bbox 1038 2789 1137 2811; x_wconf 84' lang='lat' dir='ltr'>autem</span> <span class='ocrx_word' id='word_1_843' title='bbox 1150 2800 1158 2814; x_wconf 86' lang='lat'>,</span> <span class='ocrx_word' id='word_1_844' title='bbox 1167 2789 1233 2820; x_wconf 84' lang='lat' dir='ltr'>quae</span> 
     </span>
     <span class='ocr_line' id='line_1_95' title="bbox 279 2821 1231 2869; baseline -0.006 -11"><span class='ocrx_word' id='word_1_845' title='bbox 279 2828 409 2858; x_wconf 61' lang='lat' dir='ltr'>fruendo</span> <span class='ocrx_word' id='word_1_846' title='bbox 420 2847 429 2860; x_wconf 89' lang='lat'>,</span> <span class='ocrx_word' id='word_1_847' title='bbox 450 2827 609 2869; x_wconf 86' lang='lat' dir='ltr'>cogitando</span> <span class='ocrx_word' id='word_1_848' title='bbox 622 2846 631 2860; x_wconf 94' lang='lat'>,</span> <span class='ocrx_word' id='word_1_849' title='bbox 648 2825 804 2866; x_wconf 81' lang='lat' dir='ltr'>gaudendo</span> <span class='ocrx_word' id='word_1_850' title='bbox 816 2825 928 2865; x_wconf 84' lang='lat' dir='ltr'>majora</span> <span class='ocrx_word' id='word_1_851' title='bbox 940 2821 1056 2853; x_wconf 85' lang='lat' dir='ltr'>efficere</span> <span class='ocrx_word' id='word_1_852' title='bbox 1067 2821 1231 2861; x_wconf 70' lang='lat' dir='ltr'>expediret,</span> 
     </span>
     <span class='ocr_line' id='line_1_96' title="bbox 281 2862 1231 2908; baseline -0.007 -9"><span class='ocrx_word' id='word_1_853' title='bbox 281 2871 370 2898; x_wconf 78' lang='lat' dir='ltr'>etiam</span> <span class='ocrx_word' id='word_1_854' title='bbox 391 2869 566 2898; x_wconf 81' lang='lat' dir='ltr'>deteramus.</span> <span class='ocrx_word' id='word_1_855' title='bbox 590 2867 670 2908; x_wconf 87' lang='lat' dir='ltr'>quod</span> <span class='ocrx_word' id='word_1_856' title='bbox 679 2867 759 2898; x_wconf 72' lang='lat' dir='ltr'>certe</span> <span class='ocrx_word' id='word_1_857' title='bbox 772 2866 902 2896; x_wconf 78' lang='lat' dir='ltr'>minime</span> <span class='ocrx_word' id='word_1_858' title='bbox 916 2873 1074 2904; x_wconf 87' lang='lat' dir='ltr'>oporteret.</span> <span class='ocrx_word' id='word_1_859' title='bbox 1100 2872 1169 2893; x_wconf 88' lang='lat' dir='ltr'>nam</span> <span class='ocrx_word' id='word_1_860' title='bbox 1182 2883 1191 2896; x_wconf 88' lang='lat'><em>‚</em></span> <span class='ocrx_word' id='word_1_861' title='bbox 1212 2862 1231 2892; x_wconf 85' lang='lat' dir='ltr'>si</span> 
     </span>
     <span class='ocr_line' id='line_1_97' title="bbox 280 2904 1232 2948; baseline -0.007 -8"><span class='ocrx_word' id='word_1_862' title='bbox 280 2908 359 2940; x_wconf 77' lang='lat' dir='ltr'>serio</span> <span class='ocrx_word' id='word_1_863' title='bbox 370 2909 514 2948; x_wconf 81' lang='lat' dir='ltr'>disputare</span> <span class='ocrx_word' id='word_1_864' title='bbox 524 2911 667 2939; x_wconf 86' lang='lat' dir='ltr'>volumus</span> <span class='ocrx_word' id='word_1_865' title='bbox 678 2928 687 2942; x_wconf 93' lang='lat'>,</span> <span class='ocrx_word' id='word_1_866' title='bbox 697 2919 748 2940; x_wconf 87' lang='lat' dir='ltr'>cur</span> <span class='ocrx_word' id='word_1_867' title='bbox 758 2909 887 2941; x_wconf 81' lang='lat' dir='ltr'>dolores,</span> <span class='ocrx_word' id='word_1_868' title='bbox 899 2907 1001 2947; x_wconf 89' lang='lat' dir='ltr'>resque</span> <span class='ocrx_word' id='word_1_869' title='bbox 1012 2905 1144 2935; x_wconf 84' lang='lat' dir='ltr'>adversas</span> <span class='ocrx_word' id='word_1_870' title='bbox 1153 2904 1232 2934; x_wconf 87' lang='lat' dir='ltr'>refu-</span> 
     </span>
     <span class='ocr_line' id='line_1_98' title="bbox 281 2945 1233 2993; baseline -0.005 -13"><span class='ocrx_word' id='word_1_871' title='bbox 281 2960 400 2993; x_wconf 83' lang='lat' dir='ltr'>giamus</span> <span class='ocrx_word' id='word_1_872' title='bbox 412 2970 421 2983; x_wconf 90' lang='lat'>,</span> <span class='ocrx_word' id='word_1_873' title='bbox 440 2959 504 2990; x_wconf 88' lang='lat' dir='ltr'>quae</span> <span class='ocrx_word' id='word_1_874' title='bbox 513 2950 724 2981; x_wconf 84' lang='lat' dir='ltr'>fortitudinem</span> <span class='ocrx_word' id='word_1_875' title='bbox 735 2952 766 2979; x_wconf 92' lang='grc'>111</span> <span class='ocrx_word' id='word_1_876' title='bbox 778 2949 866 2979; x_wconf 86' lang='lat' dir='ltr'>nobis</span> <span class='ocrx_word' id='word_1_877' title='bbox 874 2949 1003 2990; x_wconf 88' lang='lat' dir='ltr'>gignunt</span> <span class='ocrx_word' id='word_1_878' title='bbox 1015 2967 1022 2980; x_wconf 92' lang='lat'>,</span> <span class='ocrx_word' id='word_1_879' title='bbox 1042 2947 1074 2977; x_wconf 90' lang='lat'>&amp;</span> <span class='ocrx_word' id='word_1_880' title='bbox 1085 2945 1233 2976; x_wconf 86' lang='lat' dir='ltr'>efficiunt?</span> 
     </span>
     <span class='ocr_line' id='line_1_99' title="bbox 281 2988 1231 3035; baseline -0.005 -13"><span class='ocrx_word' id='word_1_881' title='bbox 281 3002 349 3035; x_wconf 84' lang='lat' dir='ltr'>quae</span> <span class='ocrx_word' id='word_1_882' title='bbox 368 2991 388 3021; x_wconf 84' lang='lat' dir='ltr'>fi</span> <span class='ocrx_word' id='word_1_883' title='bbox 399 2992 481 3021; x_wconf 86' lang='lat' dir='ltr'>nulla</span> <span class='ocrx_word' id='word_1_884' title='bbox 494 2989 584 3020; x_wconf 75' lang='lat' dir='ltr'>essent</span> <span class='ocrx_word' id='word_1_885' title='bbox 597 3010 605 3024; x_wconf 88' lang='lat'>‚</span> <span class='ocrx_word' id='word_1_886' title='bbox 625 2992 707 3021; x_wconf 84' lang='grc'><strong>1111113</strong></span> <span class='ocrx_word' id='word_1_887' title='bbox 715 2989 852 3031; x_wconf 57' lang='lat' dir='ltr'>profesto</span> <span class='ocrx_word' id='word_1_888' title='bbox 862 2989 1009 3020; x_wconf 82' lang='lat' dir='ltr'>fortitudo</span> <span class='ocrx_word' id='word_1_889' title='bbox 1016 2988 1231 3029; x_wconf 85' lang='lat' dir='ltr'>agnosceretur.</span> 
     </span>
     <span class='ocr_line' id='line_1_100' title="bbox 280 3031 1234 3072; baseline -0.005 -7"><span class='ocrx_word' id='word_1_890' title='bbox 280 3044 336 3065; x_wconf 76' lang='lat' dir='ltr'>cur</span> <span class='ocrx_word' id='word_1_891' title='bbox 347 3042 475 3063; x_wconf 87' lang='lat' dir='ltr'>mortem</span> <span class='ocrx_word' id='word_1_892' title='bbox 487 3033 657 3061; x_wconf 86' lang='lat' dir='ltr'>horreamus</span> <span class='ocrx_word' id='word_1_893' title='bbox 668 3052 676 3065; x_wconf 93' lang='lat'>,</span> <span class='ocrx_word' id='word_1_894' title='bbox 696 3043 762 3072; x_wconf 89' lang='lat' dir='ltr'>quae</span> <span class='ocrx_word' id='word_1_895' title='bbox 772 3031 879 3062; x_wconf 84' lang='lat' dir='ltr'>affidua</span> <span class='ocrx_word' id='word_1_896' title='bbox 890 3031 933 3061; x_wconf 88' lang='lat' dir='ltr'>sui</span> <span class='ocrx_word' id='word_1_897' title='bbox 943 3031 1091 3060; x_wconf 87' lang='lat' dir='ltr'>memoria</span> <span class='ocrx_word' id='word_1_898' title='bbox 1102 3049 1110 3062; x_wconf 90' lang='lat'>,</span> <span class='ocrx_word' id='word_1_899' title='bbox 1135 3038 1190 3059; x_wconf 81' lang='lat' dir='ltr'>nos</span> <span class='ocrx_word' id='word_1_900' title='bbox 1201 3038 1234 3060; x_wconf 89' lang='lat' dir='ltr'>ut</span> 
     </span>
     <span class='ocr_line' id='line_1_101' title="bbox 278 3072 1233 3114; baseline -0.007 -6"><span class='ocrx_word' id='word_1_901' title='bbox 278 3076 425 3108; x_wconf 75' lang='lat' dir='ltr'>meliores</span> <span class='ocrx_word' id='word_1_902' title='bbox 434 3072 524 3104; x_wconf 82' lang='lat' dir='ltr'>simus</span> <span class='ocrx_word' id='word_1_903' title='bbox 535 3092 543 3108; x_wconf 90' lang='lat'>,</span> <span class='ocrx_word' id='word_1_904' title='bbox 564 3073 706 3104; x_wconf 85' lang='lat' dir='ltr'>admonet</span> <span class='ocrx_word' id='word_1_905' title='bbox 717 3077 727 3103; x_wconf 86' lang='lat'>?</span> <span class='ocrx_word' id='word_1_906' title='bbox 742 3083 797 3105; x_wconf 87' lang='lat' dir='ltr'>nec</span> <span class='ocrx_word' id='word_1_907' title='bbox 805 3075 915 3114; x_wconf 85' lang='lat' dir='ltr'>patitur</span> <span class='ocrx_word' id='word_1_908' title='bbox 925 3093 933 3108; x_wconf 84' lang='lat'>,</span> <span class='ocrx_word' id='word_1_909' title='bbox 945 3073 980 3104; x_wconf 83' lang='lat' dir='ltr'>ad</span> <span class='ocrx_word' id='word_1_910' title='bbox 988 3082 1020 3103; x_wconf 83' lang='lat' dir='ltr'>ea</span> <span class='ocrx_word' id='word_1_911' title='bbox 1032 3080 1087 3103; x_wconf 83' lang='lat' dir='ltr'>nos</span> <span class='ocrx_word' id='word_1_912' title='bbox 1096 3074 1233 3103; x_wconf 86' lang='lat' dir='ltr'>animum</span> 
     </span>
    </p>
   </div>
   <div class='ocr_carea' id='block_1_9' title="bbox 1253 1238 2233 3107">
    <p class='ocr_par' dir='ltr' id='par_1_9' title="bbox 1253 1238 2215 1861">
     <span class='ocr_line' id='line_1_102' title="bbox 1254 1238 2209 1280; baseline 0 -11"><span class='ocrx_word' id='word_1_913' title='bbox 1254 1238 1407 1279; x_wconf 86' lang='lat' dir='ltr'>perferunt</span> <span class='ocrx_word' id='word_1_914' title='bbox 1421 1259 1430 1273; x_wconf 81' lang='lat'>,</span> <span class='ocrx_word' id='word_1_915' title='bbox 1448 1249 1481 1270; x_wconf 90' lang='lat' dir='ltr'>ut</span> <span class='ocrx_word' id='word_1_916' title='bbox 1490 1250 1583 1270; x_wconf 91' lang='lat' dir='ltr'>nemo</span> <span class='ocrx_word' id='word_1_917' title='bbox 1593 1238 1643 1274; x_wconf 88' lang='lat' dir='ltr'>fit,</span> <span class='ocrx_word' id='word_1_918' title='bbox 1664 1242 1738 1280; x_wconf 89' lang='lat' dir='ltr'>quin</span> <span class='ocrx_word' id='word_1_919' title='bbox 1751 1243 1830 1270; x_wconf 79' lang='lat' dir='ltr'>mori</span> <span class='ocrx_word' id='word_1_920' title='bbox 1843 1238 1994 1279; x_wconf 70' lang='lat' dir='ltr'>saepiffime</span> <span class='ocrx_word' id='word_1_921' title='bbox 2009 1241 2122 1280; x_wconf 81' lang='lat' dir='ltr'>cupiat:</span> <span class='ocrx_word' id='word_1_922' title='bbox 2137 1249 2209 1269; x_wconf 69' lang='lat' dir='ltr'>«sum</span> 
     </span>
     <span class='ocr_line' id='line_1_103' title="bbox 1253 1280 2208 1322; baseline -0.001 -11"><span class='ocrx_word' id='word_1_923' title='bbox 1253 1281 1421 1311; x_wconf 84' lang='lat' dir='ltr'>incidentes</span> <span class='ocrx_word' id='word_1_924' title='bbox 1441 1282 1620 1312; x_wconf 89' lang='lat' dir='ltr'>calamitates</span> <span class='ocrx_word' id='word_1_925' title='bbox 1636 1302 1644 1314; x_wconf 86' lang='lat'><em>‚</em></span> <span class='ocrx_word' id='word_1_926' title='bbox 1662 1282 1695 1312; x_wconf 70' lang='lat' dir='ltr'>Sc</span> <span class='ocrx_word' id='word_1_927' title='bbox 1716 1282 1816 1312; x_wconf 90' lang='lat' dir='ltr'>morbi</span> <span class='ocrx_word' id='word_1_928' title='bbox 1838 1285 1931 1312; x_wconf 85' lang='lat' dir='ltr'>vitam</span> <span class='ocrx_word' id='word_1_929' title='bbox 1941 1281 2014 1311; x_wconf 85' lang='lat' dir='ltr'>adeo</span> <span class='ocrx_word' id='word_1_930' title='bbox 2023 1280 2208 1322; x_wconf 85' lang='lat' dir='ltr'>perturbent,</span> 
     </span>
     <span class='ocr_line' id='line_1_104' title="bbox 1256 1322 2212 1364; baseline 0 -12"><span class='ocrx_word' id='word_1_931' title='bbox 1256 1323 1473 1364; x_wconf 81' lang='lat' dir='ltr'>sollicitamque</span> <span class='ocrx_word' id='word_1_932' title='bbox 1486 1323 1621 1356; x_wconf 87' lang='lat' dir='ltr'>habeant,</span> <span class='ocrx_word' id='word_1_933' title='bbox 1634 1333 1664 1354; x_wconf 86' lang='lat' dir='ltr'>ut</span> <span class='ocrx_word' id='word_1_934' title='bbox 1675 1322 1844 1363; x_wconf 74' lang='lat' dir='ltr'>longiffima</span> <span class='ocrx_word' id='word_1_935' title='bbox 1853 1323 1995 1353; x_wconf 80' lang='lat' dir='ltr'>Videatur.</span> <span class='ocrx_word' id='word_1_936' title='bbox 2015 1324 2114 1364; x_wconf 87' lang='lat' dir='ltr'>itaque</span> <span class='ocrx_word' id='word_1_937' title='bbox 2126 1332 2212 1352; x_wconf 87' lang='lat' dir='ltr'>mor-</span> 
     </span>
     <span class='ocr_line' id='line_1_105' title="bbox 1256 1362 2212 1405; baseline 0 -11"><span class='ocrx_word' id='word_1_938' title='bbox 1256 1374 1317 1394; x_wconf 89' lang='lat' dir='ltr'>tem</span> <span class='ocrx_word' id='word_1_939' title='bbox 1327 1364 1496 1405; x_wconf 85' lang='lat' dir='ltr'>perfugium</span> <span class='ocrx_word' id='word_1_940' title='bbox 1509 1363 1564 1395; x_wconf 81' lang='lat' dir='ltr'>ess&#39;e</span> <span class='ocrx_word' id='word_1_941' title='bbox 1575 1366 1750 1396; x_wconf 76' lang='lat' dir='ltr'>aerumnosa:</span> <span class='ocrx_word' id='word_1_942' title='bbox 1761 1368 1828 1396; x_wconf 85' lang='lat' dir='ltr'>vitae</span> <span class='ocrx_word' id='word_1_943' title='bbox 1842 1385 1850 1399; x_wconf 88' lang='lat'>,</span> <span class='ocrx_word' id='word_1_944' title='bbox 1861 1365 1994 1395; x_wconf 87' lang='lat' dir='ltr'>dubitare</span> <span class='ocrx_word' id='word_1_945' title='bbox 2005 1374 2096 1394; x_wconf 91' lang='lat' dir='ltr'>nemo</span> <span class='ocrx_word' id='word_1_946' title='bbox 2106 1362 2212 1404; x_wconf 83' lang='lat' dir='ltr'>potest·</span> 
     </span>
     <span class='ocr_line' id='line_1_106' title="bbox 1259 1406 2208 1438; baseline -0.001 -2"><span class='ocrx_word' id='word_1_947' title='bbox 1259 1416 1314 1436; x_wconf 91' lang='lat' dir='ltr'>nec</span> <span class='ocrx_word' id='word_1_948' title='bbox 1335 1408 1383 1436; x_wconf 87' lang='lat' dir='ltr'>his</span> <span class='ocrx_word' id='word_1_949' title='bbox 1397 1415 1557 1436; x_wconf 88' lang='lat' dir='ltr'>contentus</span> <span class='ocrx_word' id='word_1_950' title='bbox 1574 1407 1688 1437; x_wconf 82' lang='lat' dir='ltr'>addidit</span> <span class='ocrx_word' id='word_1_951' title='bbox 1705 1416 1793 1437; x_wconf 84' lang='lat' dir='ltr'>etiam</span> <span class='ocrx_word' id='word_1_952' title='bbox 1813 1407 1905 1436; x_wconf 87' lang='lat' dir='ltr'>illud:</span> <span class='ocrx_word' id='word_1_953' title='bbox 1925 1406 1997 1436; x_wconf 86' lang='lat' dir='ltr'>deos</span> <span class='ocrx_word' id='word_1_954' title='bbox 2010 1406 2208 1438; x_wconf 83' lang='lat' dir='ltr'>immortales,</span> 
     </span>
     <span class='ocr_line' id='line_1_107' title="bbox 1256 1446 2210 1489; baseline -0.002 -11"><span class='ocrx_word' id='word_1_955' title='bbox 1256 1457 1327 1478; x_wconf 91' lang='lat' dir='ltr'>cum</span> <span class='ocrx_word' id='word_1_956' title='bbox 1340 1449 1503 1478; x_wconf 89' lang='lat' dir='ltr'>hominum</span> <span class='ocrx_word' id='word_1_957' title='bbox 1515 1450 1606 1478; x_wconf 86' lang='lat' dir='ltr'>vitam</span> <span class='ocrx_word' id='word_1_958' title='bbox 1615 1459 1680 1489; x_wconf 80' lang='lat' dir='ltr'>qua:</span> <span class='ocrx_word' id='word_1_959' title='bbox 1690 1447 1763 1478; x_wconf 79' lang='lat' dir='ltr'>adeo</span> <span class='ocrx_word' id='word_1_960' title='bbox 1774 1448 1879 1478; x_wconf 87' lang='lat' dir='ltr'>misera</span> <span class='ocrx_word' id='word_1_961' title='bbox 1888 1446 2045 1480; x_wconf 82' lang='lat' dir='ltr'>fit‚multis</span> <span class='ocrx_word' id='word_1_962' title='bbox 2057 1447 2210 1477; x_wconf 87' lang='lat' dir='ltr'>bonorum</span> 
     </span>
     <span class='ocr_line' id='line_1_108' title="bbox 1257 1486 2210 1530; baseline -0.001 -11"><span class='ocrx_word' id='word_1_963' title='bbox 1257 1492 1473 1530; x_wconf 84' lang='lat' dir='ltr'>integumentis</span> <span class='ocrx_word' id='word_1_964' title='bbox 1485 1490 1622 1520; x_wconf 77' lang='lat' dir='ltr'>velarunt</span> <span class='ocrx_word' id='word_1_965' title='bbox 1630 1491 1662 1520; x_wconf 87' lang='lat'>&amp;</span> <span class='ocrx_word' id='word_1_966' title='bbox 1672 1498 1860 1529; x_wconf 86' lang='lat' dir='ltr'>operuerunt,</span> <span class='ocrx_word' id='word_1_967' title='bbox 1872 1486 1970 1518; x_wconf 69' lang='lat' dir='ltr'>fecisse</span> <span class='ocrx_word' id='word_1_968' title='bbox 1981 1488 2110 1529; x_wconf 82' lang='lat' dir='ltr'>quodam</span> <span class='ocrx_word' id='word_1_969' title='bbox 2116 1489 2210 1518; x_wconf 82' lang='lat' dir='ltr'>modo</span> 
     </span>
     <span class='ocr_line' id='line_1_109' title="bbox 1259 1529 2209 1570; baseline -0.001 -10"><span class='ocrx_word' id='word_1_970' title='bbox 1259 1530 1446 1561; x_wconf 74' lang='lat' dir='ltr'>invidentius</span> <span class='ocrx_word' id='word_1_971' title='bbox 1459 1550 1467 1563; x_wconf 90' lang='lat'>,</span> <span class='ocrx_word' id='word_1_972' title='bbox 1486 1541 1524 1560; x_wconf 88' lang='lat' dir='ltr'>ne</span> <span class='ocrx_word' id='word_1_973' title='bbox 1545 1533 1652 1560; x_wconf 89' lang='lat' dir='ltr'>mortis</span> <span class='ocrx_word' id='word_1_974' title='bbox 1663 1531 1834 1560; x_wconf 82' lang='lat' dir='ltr'>suavitatem</span> <span class='ocrx_word' id='word_1_975' title='bbox 1847 1550 1854 1562; x_wconf 83' lang='lat'>‚</span> <span class='ocrx_word' id='word_1_976' title='bbox 1873 1539 1981 1570; x_wconf 84' lang='lat' dir='ltr'>quanta</span> <span class='ocrx_word' id='word_1_977' title='bbox 1990 1529 2050 1563; x_wconf 87' lang='lat' dir='ltr'>est,</span> <span class='ocrx_word' id='word_1_978' title='bbox 2068 1531 2156 1559; x_wconf 88' lang='lat' dir='ltr'>omni</span> <span class='ocrx_word' id='word_1_979' title='bbox 2170 1538 2209 1559; x_wconf 81' lang='lat' dir='ltr'>ex</span> 
     </span>
     <span class='ocr_line' id='line_1_110' title="bbox 1258 1570 2209 1612; baseline -0.002 -11"><span class='ocrx_word' id='word_1_980' title='bbox 1258 1581 1337 1611; x_wconf 88' lang='lat' dir='ltr'>parte</span> <span class='ocrx_word' id='word_1_981' title='bbox 1354 1570 1584 1612; x_wconf 82' lang='lat' dir='ltr'>degustarcmus.</span> <span class='ocrx_word' id='word_1_982' title='bbox 1610 1573 1824 1611; x_wconf 83' lang='lat' dir='ltr'>Amphiaraum</span> <span class='ocrx_word' id='word_1_983' title='bbox 1842 1571 1948 1601; x_wconf 72' lang='lat' dir='ltr'>fabulae</span> <span class='ocrx_word' id='word_1_984' title='bbox 1973 1580 2107 1604; x_wconf 86' lang='lat' dir='ltr'>narrant,</span> <span class='ocrx_word' id='word_1_985' title='bbox 2124 1571 2209 1611; x_wconf 85' lang='lat' dir='ltr'>Jovi,</span> 
     </span>
     <span class='ocr_line' id='line_1_111' title="bbox 1258 1611 2211 1653; baseline -0.001 -11"><span class='ocrx_word' id='word_1_986' title='bbox 1258 1621 1346 1653; x_wconf 88' lang='lat' dir='ltr'>atque</span> <span class='ocrx_word' id='word_1_987' title='bbox 1367 1614 1503 1652; x_wconf 84' lang='lat' dir='ltr'>Apollini</span> <span class='ocrx_word' id='word_1_988' title='bbox 1519 1611 1607 1642; x_wconf 73' lang='lat' dir='ltr'>fuisse</span> <span class='ocrx_word' id='word_1_989' title='bbox 1624 1613 1803 1643; x_wconf 79' lang='lat' dir='ltr'>carissimum</span> <span class='ocrx_word' id='word_1_990' title='bbox 1821 1633 1829 1646; x_wconf 90' lang='lat'>,</span> <span class='ocrx_word' id='word_1_991' title='bbox 1849 1623 1947 1653; x_wconf 85' lang='lat' dir='ltr'>neque</span> <span class='ocrx_word' id='word_1_992' title='bbox 1957 1613 2157 1642; x_wconf 89' lang='lat' dir='ltr'>tamenillum</span> <span class='ocrx_word' id='word_1_993' title='bbox 2168 1611 2211 1641; x_wconf 80' lang='lat' dir='ltr'>se-</span> 
     </span>
     <span class='ocr_line' id='line_1_112' title="bbox 1260 1652 2212 1694; baseline -0.002 -10"><span class='ocrx_word' id='word_1_994' title='bbox 1260 1657 1347 1684; x_wconf 86' lang='lat' dir='ltr'>nium</span> <span class='ocrx_word' id='word_1_995' title='bbox 1365 1653 1499 1694; x_wconf 81' lang='lat' dir='ltr'>attigiss&#39;e.</span> <span class='ocrx_word' id='word_1_996' title='bbox 1524 1663 1563 1683; x_wconf 87' lang='lat' dir='ltr'>ex</span> <span class='ocrx_word' id='word_1_997' title='bbox 1583 1664 1643 1694; x_wconf 91' lang='lat' dir='ltr'>quo</span> <span class='ocrx_word' id='word_1_998' title='bbox 1660 1655 1731 1694; x_wconf 86' lang='lat' dir='ltr'>quid</span> <span class='ocrx_word' id='word_1_999' title='bbox 1749 1654 1828 1684; x_wconf 90' lang='lat' dir='ltr'>aliud</span> <span class='ocrx_word' id='word_1_1000' title='bbox 1847 1655 1959 1692; x_wconf 83' lang='lat' dir='ltr'>conjici</span> <span class='ocrx_word' id='word_1_1001' title='bbox 1977 1652 2072 1693; x_wconf 85' lang='lat' dir='ltr'>potest</span> <span class='ocrx_word' id='word_1_1002' title='bbox 2091 1673 2100 1686; x_wconf 90' lang='lat'>,</span> <span class='ocrx_word' id='word_1_1003' title='bbox 2119 1653 2212 1693; x_wconf 72' lang='lat' dir='ltr'>quam</span> 
     </span>
     <span class='ocr_line' id='line_1_113' title="bbox 1262 1692 2215 1728; baseline 0 -4"><span class='ocrx_word' id='word_1_1004' title='bbox 1262 1698 1369 1724; x_wconf 85' lang='lat' dir='ltr'>mortis</span> <span class='ocrx_word' id='word_1_1005' title='bbox 1378 1696 1558 1724; x_wconf 81' lang='lat' dir='ltr'>celeritatem</span> <span class='ocrx_word' id='word_1_1006' title='bbox 1569 1695 1709 1724; x_wconf 88' lang='lat' dir='ltr'>divinum</span> <span class='ocrx_word' id='word_1_1007' title='bbox 1722 1705 1834 1724; x_wconf 85' lang='lat' dir='ltr'>munus</span> <span class='ocrx_word' id='word_1_1008' title='bbox 1844 1715 1852 1728; x_wconf 90' lang='lat'>,</span> <span class='ocrx_word' id='word_1_1009' title='bbox 1876 1695 2034 1725; x_wconf 87' lang='lat' dir='ltr'>&amp;lucrum</span> <span class='ocrx_word' id='word_1_1010' title='bbox 2045 1692 2102 1725; x_wconf 80' lang='lat' dir='ltr'>effe</span> <span class='ocrx_word' id='word_1_1011' title='bbox 2115 1696 2215 1724; x_wconf 84' lang='lat' dir='ltr'>maxi·</span> 
     </span>
     <span class='ocr_line' id='line_1_114' title="bbox 1262 1736 1929 1776; baseline -0.003 -10"><span class='ocrx_word' id='word_1_1012' title='bbox 1262 1745 1370 1767; x_wconf 78' lang='lat' dir='ltr'>mum?</span> <span class='ocrx_word' id='word_1_1013' title='bbox 1389 1738 1489 1776; x_wconf 81' lang='lat' dir='ltr'>itaque</span> <span class='ocrx_word' id='word_1_1014' title='bbox 1498 1736 1603 1766; x_wconf 84' lang='lat' dir='ltr'>scitum</span> <span class='ocrx_word' id='word_1_1015' title='bbox 1618 1736 1660 1766; x_wconf 89' lang='lat' dir='ltr'>est</span> <span class='ocrx_word' id='word_1_1016' title='bbox 1671 1736 1745 1766; x_wconf 87' lang='lat' dir='ltr'>illud</span> <span class='ocrx_word' id='word_1_1017' title='bbox 1756 1746 1929 1766; x_wconf 77' lang='lat' dir='ltr'>cornicum:</span> 
     </span>
     <span class='ocr_line' id='line_1_115' title="bbox 1354 1777 1961 1819; baseline 0 -13"><span class='ocrx_word' id='word_1_1018' title='bbox 1354 1780 1434 1806; x_wconf 84' lang='lat' dir='ltr'>Nam</span> <span class='ocrx_word' id='word_1_1019' title='bbox 1447 1788 1529 1819; x_wconf 80' lang='lat' dir='ltr'>quem</span> <span class='ocrx_word' id='word_1_1020' title='bbox 1540 1785 1636 1806; x_wconf 79' lang='lat' dir='ltr'>tuetur</span> <span class='ocrx_word' id='word_1_1021' title='bbox 1649 1797 1657 1811; x_wconf 88' lang='lat'>‚</span> <span class='ocrx_word' id='word_1_1022' title='bbox 1677 1785 1764 1818; x_wconf 81' lang='lat' dir='ltr'>atque</span> <span class='ocrx_word' id='word_1_1023' title='bbox 1772 1777 1871 1819; x_wconf 75' lang='lat' dir='ltr'>diligit</span> <span class='ocrx_word' id='word_1_1024' title='bbox 1879 1777 1943 1806; x_wconf 71' lang='lat' dir='ltr'>dem</span> <span class='ocrx_word' id='word_1_1025' title='bbox 1952 1797 1961 1810; x_wconf 88' lang='lat'>,</span> 
     </span>
     <span class='ocr_line' id='line_1_116' title="bbox 1353 1819 1984 1861; baseline 0 -14"><span class='ocrx_word' id='word_1_1026' title='bbox 1353 1819 1473 1858; x_wconf 75' lang='lat' dir='ltr'>Juvenu</span> <span class='ocrx_word' id='word_1_1027' title='bbox 1477 1820 1640 1861; x_wconf 79' lang='lat' dir='ltr'>supremum</span> <span class='ocrx_word' id='word_1_1028' title='bbox 1649 1827 1742 1849; x_wconf 78' lang='lat' dir='ltr'>mortu</span> <span class='ocrx_word' id='word_1_1029' title='bbox 1750 1820 1841 1848; x_wconf 76' lang='lat' dir='ltr'>intrat</span> <span class='ocrx_word' id='word_1_1030' title='bbox 1853 1820 1984 1848; x_wconf 77' lang='lat' dir='ltr'>limitem.</span> 
     </span>
    </p>

    <p class='ocr_par' dir='ltr' id='par_1_10' title="bbox 1262 1858 2233 3107">
     <span class='ocr_line' id='line_1_117' title="bbox 1264 1858 2217 1902; baseline -0.001 -9"><span class='ocrx_word' id='word_1_1031' title='bbox 1264 1864 1428 1893; x_wconf 82' lang='lat' dir='ltr'>Neminem</span> <span class='ocrx_word' id='word_1_1032' title='bbox 1440 1871 1525 1891; x_wconf 91' lang='lat' dir='ltr'>enim</span> <span class='ocrx_word' id='word_1_1033' title='bbox 1536 1880 1544 1894; x_wconf 90' lang='lat'>‚</span> <span class='ocrx_word' id='word_1_1034' title='bbox 1569 1871 1660 1902; x_wconf 90' lang='lat' dir='ltr'>quem</span> <span class='ocrx_word' id='word_1_1035' title='bbox 1671 1861 1833 1892; x_wconf 87' lang='lat' dir='ltr'>dilexerint</span> <span class='ocrx_word' id='word_1_1036' title='bbox 1843 1860 1884 1891; x_wconf 89' lang='lat' dir='ltr'>dii</span> <span class='ocrx_word' id='word_1_1037' title='bbox 1895 1881 1904 1894; x_wconf 96' lang='lat'>,</span> <span class='ocrx_word' id='word_1_1038' title='bbox 1923 1862 2076 1901; x_wconf 85' lang='lat' dir='ltr'>patiuntur</span> <span class='ocrx_word' id='word_1_1039' title='bbox 2085 1858 2143 1891; x_wconf 80' lang='lat' dir='ltr'>effe</span> <span class='ocrx_word' id='word_1_1040' title='bbox 2155 1862 2217 1892; x_wconf 83' lang='lat' dir='ltr'>mi·</span> 
     </span>
     <span class='ocr_line' id='line_1_118' title="bbox 1265 1902 2218 1943; baseline -0.001 -9"><span class='ocrx_word' id='word_1_1041' title='bbox 1265 1905 1369 1935; x_wconf 88' lang='lat' dir='ltr'>serum.</span> <span class='ocrx_word' id='word_1_1042' title='bbox 1393 1913 1484 1943; x_wconf 86' lang='lat' dir='ltr'>quare</span> <span class='ocrx_word' id='word_1_1043' title='bbox 1493 1905 1585 1933; x_wconf 87' lang='lat' dir='ltr'>vitam</span> <span class='ocrx_word' id='word_1_1044' title='bbox 1598 1903 1642 1933; x_wconf 85' lang='lat' dir='ltr'>eis</span> <span class='ocrx_word' id='word_1_1045' title='bbox 1653 1923 1661 1936; x_wconf 96' lang='lat'>,</span> <span class='ocrx_word' id='word_1_1046' title='bbox 1675 1904 1861 1933; x_wconf 83' lang='lat' dir='ltr'>miseriarum</span> <span class='ocrx_word' id='word_1_1047' title='bbox 1873 1903 2005 1942; x_wconf 87' lang='lat' dir='ltr'>plenam,</span> <span class='ocrx_word' id='word_1_1048' title='bbox 2019 1902 2153 1932; x_wconf 87' lang='lat' dir='ltr'>adimant</span> <span class='ocrx_word' id='word_1_1049' title='bbox 2161 1912 2218 1933; x_wconf 84' lang='lat' dir='ltr'>ne-</span> 
     </span>
     <span class='ocr_line' id='line_1_119' title="bbox 1262 1943 2216 1986; baseline -0.001 -11"><span class='ocrx_word' id='word_1_1050' title='bbox 1262 1944 1336 1977; x_wconf 79' lang='lat' dir='ltr'>cess&#39;e</span> <span class='ocrx_word' id='word_1_1051' title='bbox 1347 1943 1397 1975; x_wconf 88' lang='lat' dir='ltr'>est.</span> <span class='ocrx_word' id='word_1_1052' title='bbox 1408 1944 1482 1985; x_wconf 90' lang='lat' dir='ltr'>quid</span> <span class='ocrx_word' id='word_1_1053' title='bbox 1491 1954 1590 1975; x_wconf 86' lang='lat' dir='ltr'>autem</span> <span class='ocrx_word' id='word_1_1054' title='bbox 1600 1946 1773 1986; x_wconf 87' lang='lat' dir='ltr'>contingere</span> <span class='ocrx_word' id='word_1_1055' title='bbox 1784 1945 1905 1974; x_wconf 87' lang='lat' dir='ltr'>homini</span> <span class='ocrx_word' id='word_1_1056' title='bbox 1916 1954 1974 1974; x_wconf 90' lang='lat' dir='ltr'>tam</span> <span class='ocrx_word' id='word_1_1057' title='bbox 1984 1953 2097 1985; x_wconf 88' lang='lat' dir='ltr'>gratum</span> <span class='ocrx_word' id='word_1_1058' title='bbox 2108 1943 2216 1984; x_wconf 85' lang='lat' dir='ltr'>potest,</span> 
     </span>
     <span class='ocr_line' id='line_1_120' title="bbox 1264 1985 2218 2029; baseline -0.001 -13"><span class='ocrx_word' id='word_1_1059' title='bbox 1264 1987 1345 2029; x_wconf 91' lang='lat' dir='ltr'>quod</span> <span class='ocrx_word' id='word_1_1060' title='bbox 1368 1997 1439 2016; x_wconf 84' lang='lat' dir='ltr'>eum</span> <span class='ocrx_word' id='word_1_1061' title='bbox 1465 1996 1646 2026; x_wconf 84' lang='lat' dir='ltr'>magnopere</span> <span class='ocrx_word' id='word_1_1062' title='bbox 1659 1989 1691 2016; x_wconf 92' lang='lat' dir='ltr'>in</span> <span class='ocrx_word' id='word_1_1063' title='bbox 1706 1988 1766 2016; x_wconf 87' lang='lat' dir='ltr'>vita</span> <span class='ocrx_word' id='word_1_1064' title='bbox 1775 1987 1922 2016; x_wconf 82' lang='lat' dir='ltr'>retineat?</span> <span class='ocrx_word' id='word_1_1065' title='bbox 1941 1989 2098 2026; x_wconf 84' lang='lat' dir='ltr'>voluptas,</span> <span class='ocrx_word' id='word_1_1066' title='bbox 2116 1985 2218 2018; x_wconf 84' lang='lat' dir='ltr'>credo.</span> 
     </span>
     <span class='ocr_line' id='line_1_121' title="bbox 1265 2026 2221 2071; baseline -0.002 -13"><span class='ocrx_word' id='word_1_1067' title='bbox 1265 2039 1353 2071; x_wconf 84' lang='lat' dir='ltr'>quam</span> <span class='ocrx_word' id='word_1_1068' title='bbox 1366 2038 1404 2058; x_wconf 84' lang='lat' dir='ltr'>ex</span> <span class='ocrx_word' id='word_1_1069' title='bbox 1414 2029 1540 2067; x_wconf 84' lang='lat' dir='ltr'>alicujus</span> <span class='ocrx_word' id='word_1_1070' title='bbox 1551 2027 1609 2058; x_wconf 88' lang='lat' dir='ltr'>five</span> <span class='ocrx_word' id='word_1_1071' title='bbox 1622 2030 1703 2061; x_wconf 82' lang='lat' dir='ltr'>artis,</span> <span class='ocrx_word' id='word_1_1072' title='bbox 1715 2026 1773 2058; x_wconf 89' lang='lat' dir='ltr'>sive</span> <span class='ocrx_word' id='word_1_1073' title='bbox 1784 2027 1928 2058; x_wconf 61' lang='lat' dir='ltr'>doetrinae</span> <span class='ocrx_word' id='word_1_1074' title='bbox 1941 2026 2116 2058; x_wconf 70' lang='lat' dir='ltr'>tra&amp;atione</span> <span class='ocrx_word' id='word_1_1075' title='bbox 2125 2029 2221 2067; x_wconf 84' lang='lat' dir='ltr'>perci-</span> 
     </span>
     <span class='ocr_line' id='line_1_122' title="bbox 1266 2067 2220 2111; baseline -0.002 -11"><span class='ocrx_word' id='word_1_1076' title='bbox 1266 2075 1317 2111; x_wconf 84' lang='lat' dir='ltr'>pit.</span> <span class='ocrx_word' id='word_1_1077' title='bbox 1340 2068 1515 2101; x_wconf 66' lang='lat' dir='ltr'>atdoarina</span> <span class='ocrx_word' id='word_1_1078' title='bbox 1526 2070 1753 2100; x_wconf 81' lang='lat' dir='ltr'>aemulationern</span> <span class='ocrx_word' id='word_1_1079' title='bbox 1768 2088 1777 2103; x_wconf 89' lang='lat'>,</span> <span class='ocrx_word' id='word_1_1080' title='bbox 1788 2072 1930 2100; x_wconf 87' lang='lat' dir='ltr'>omnium</span> <span class='ocrx_word' id='word_1_1081' title='bbox 1940 2079 2038 2099; x_wconf 87' lang='lat' dir='ltr'>rerum</span> <span class='ocrx_word' id='word_1_1082' title='bbox 2051 2067 2220 2099; x_wconf 83' lang='lat' dir='ltr'>molestiffi-</span> 
     </span>
     <span class='ocr_line' id='line_1_123' title="bbox 1267 2110 2218 2152; baseline -0.003 -9"><span class='ocrx_word' id='word_1_1083' title='bbox 1267 2122 1348 2143; x_wconf 85' lang='lat' dir='ltr'>mam</span> <span class='ocrx_word' id='word_1_1084' title='bbox 1372 2131 1379 2146; x_wconf 87' lang='lat'>,</span> <span class='ocrx_word' id='word_1_1085' title='bbox 1410 2110 1431 2141; x_wconf 92' lang='lat' dir='ltr'>fi</span> <span class='ocrx_word' id='word_1_1086' title='bbox 1450 2121 1556 2152; x_wconf 79' lang='lat' dir='ltr'>quaeris</span> <span class='ocrx_word' id='word_1_1087' title='bbox 1576 2131 1585 2146; x_wconf 90' lang='lat'><em>‚</em></span> <span class='ocrx_word' id='word_1_1088' title='bbox 1604 2114 1690 2142; x_wconf 90' lang='lat' dir='ltr'>etiam</span> <span class='ocrx_word' id='word_1_1089' title='bbox 1712 2111 1850 2142; x_wconf 89' lang='lat' dir='ltr'>dolorem</span> <span class='ocrx_word' id='word_1_1090' title='bbox 1868 2113 1951 2151; x_wconf 87' lang='lat' dir='ltr'>parit.</span> <span class='ocrx_word' id='word_1_1091' title='bbox 1972 2120 2036 2141; x_wconf 88' lang='lat' dir='ltr'>non</span> <span class='ocrx_word' id='word_1_1092' title='bbox 2055 2119 2115 2141; x_wconf 89' lang='lat' dir='ltr'>tam</span> <span class='ocrx_word' id='word_1_1093' title='bbox 2133 2111 2218 2140; x_wconf 89' lang='lat' dir='ltr'>enim</span> 
     </span>
     <span class='ocr_line' id='line_1_124' title="bbox 1265 2152 2219 2194; baseline -0.003 -10"><span class='ocrx_word' id='word_1_1094' title='bbox 1265 2153 1458 2187; x_wconf 64' lang='lat' dir='ltr'>deleEtamun</span> <span class='ocrx_word' id='word_1_1095' title='bbox 1469 2153 1583 2194; x_wconf 82' lang='lat' dir='ltr'>aliquid</span> <span class='ocrx_word' id='word_1_1096' title='bbox 1594 2153 1753 2186; x_wconf 86' lang='lat' dir='ltr'>discentes,</span> <span class='ocrx_word' id='word_1_1097' title='bbox 1764 2152 1853 2193; x_wconf 74' lang='lat' dir='ltr'>quam</span> <span class='ocrx_word' id='word_1_1098' title='bbox 1864 2153 2115 2194; x_wconf 73' lang='lat' dir='ltr'>angimur-‚multo</span> <span class='ocrx_word' id='word_1_1099' title='bbox 2123 2153 2219 2192; x_wconf 85' lang='lat' dir='ltr'>plura,</span> 
     </span>
     <span class='ocr_line' id='line_1_125' title="bbox 1267 2195 2222 2236; baseline -0.004 -9"><span class='ocrx_word' id='word_1_1100' title='bbox 1267 2207 1298 2227; x_wconf 88' lang='lat' dir='ltr'>ac</span> <span class='ocrx_word' id='word_1_1101' title='bbox 1309 2196 1423 2235; x_wconf 83' lang='lat' dir='ltr'>majora</span> <span class='ocrx_word' id='word_1_1102' title='bbox 1433 2214 1442 2228; x_wconf 89' lang='lat'>,</span> <span class='ocrx_word' id='word_1_1103' title='bbox 1463 2204 1528 2236; x_wconf 87' lang='lat' dir='ltr'>quae</span> <span class='ocrx_word' id='word_1_1104' title='bbox 1540 2195 1611 2225; x_wconf 88' lang='lat' dir='ltr'>scire</span> <span class='ocrx_word' id='word_1_1105' title='bbox 1625 2196 1777 2233; x_wconf 87' lang='lat' dir='ltr'>vellemus</span> <span class='ocrx_word' id='word_1_1106' title='bbox 1787 2215 1795 2229; x_wconf 90' lang='lat'>,</span> <span class='ocrx_word' id='word_1_1107' title='bbox 1808 2196 1927 2235; x_wconf 85' lang='lat' dir='ltr'>penitus</span> <span class='ocrx_word' id='word_1_1108' title='bbox 1935 2195 2116 2234; x_wconf 85' lang='lat' dir='ltr'>ignorantes.</span> <span class='ocrx_word' id='word_1_1109' title='bbox 2135 2196 2222 2224; x_wconf 83' lang='lat' dir='ltr'>Artes</span> 
     </span>
     <span class='ocr_line' id='line_1_126' title="bbox 1268 2236 2222 2278; baseline -0.003 -10"><span class='ocrx_word' id='word_1_1110' title='bbox 1268 2241 1339 2269; x_wconf 79' lang='lat' dir='ltr'>vero</span> <span class='ocrx_word' id='word_1_1111' title='bbox 1351 2257 1359 2271; x_wconf 92' lang='lat'>,</span> <span class='ocrx_word' id='word_1_1112' title='bbox 1379 2247 1452 2278; x_wconf 86' lang='lat' dir='ltr'>quas</span> <span class='ocrx_word' id='word_1_1113' title='bbox 1462 2238 1613 2267; x_wconf 84' lang='lat' dir='ltr'>tenuiores</span> <span class='ocrx_word' id='word_1_1114' title='bbox 1623 2236 1747 2267; x_wconf 62' lang='lat' dir='ltr'>tractant</span> <span class='ocrx_word' id='word_1_1115' title='bbox 1757 2256 1765 2270; x_wconf 87' lang='lat'>,</span> <span class='ocrx_word' id='word_1_1116' title='bbox 1776 2236 1846 2277; x_wconf 87' lang='lat' dir='ltr'>quid</span> <span class='ocrx_word' id='word_1_1117' title='bbox 1856 2236 1966 2266; x_wconf 85' lang='lat' dir='ltr'>habent</span> <span class='ocrx_word' id='word_1_1118' title='bbox 1979 2236 2138 2276; x_wconf 87' lang='lat' dir='ltr'>voluptatis</span> <span class='ocrx_word' id='word_1_1119' title='bbox 2153 2255 2161 2269; x_wconf 95' lang='lat'>,</span> <span class='ocrx_word' id='word_1_1120' title='bbox 2171 2242 2222 2265; x_wconf 87' lang='lat' dir='ltr'>aut</span> 
     </span>
     <span class='ocr_line' id='line_1_127' title="bbox 1267 2277 2222 2322; baseline -0.004 -12"><span class='ocrx_word' id='word_1_1121' title='bbox 1267 2280 1339 2322; x_wconf 90' lang='lat' dir='ltr'>quid</span> <span class='ocrx_word' id='word_1_1122' title='bbox 1359 2289 1424 2309; x_wconf 89' lang='lat' dir='ltr'>non</span> <span class='ocrx_word' id='word_1_1123' title='bbox 1444 2281 1543 2319; x_wconf 88' lang='lat' dir='ltr'>potius</span> <span class='ocrx_word' id='word_1_1124' title='bbox 1557 2277 1762 2309; x_wconf 88' lang='lat' dir='ltr'>molestiarum</span> <span class='ocrx_word' id='word_1_1125' title='bbox 1774 2298 1783 2312; x_wconf 92' lang='lat'>‚</span> <span class='ocrx_word' id='word_1_1126' title='bbox 1804 2278 2009 2308; x_wconf 72' lang='lat' dir='ltr'>&amp;moer-oris?</span> <span class='ocrx_word' id='word_1_1127' title='bbox 2027 2279 2222 2318; x_wconf 82' lang='lat' dir='ltr'>quantainter</span> 
     </span>
     <span class='ocr_line' id='line_1_128' title="bbox 1269 2319 2224 2362; baseline -0.003 -11"><span class='ocrx_word' id='word_1_1128' title='bbox 1269 2332 1331 2355; x_wconf 89' lang='lat' dir='ltr'>eos,</span> <span class='ocrx_word' id='word_1_1129' title='bbox 1342 2323 1393 2362; x_wconf 90' lang='lat' dir='ltr'>qui</span> <span class='ocrx_word' id='word_1_1130' title='bbox 1408 2321 1634 2361; x_wconf 78' lang='lat' dir='ltr'>illasexercent‚</span> <span class='ocrx_word' id='word_1_1131' title='bbox 1650 2319 1791 2360; x_wconf 86' lang='lat' dir='ltr'>perfidia?</span> <span class='ocrx_word' id='word_1_1132' title='bbox 1810 2329 1956 2360; x_wconf 88' lang='lat' dir='ltr'>quantum</span> <span class='ocrx_word' id='word_1_1133' title='bbox 1966 2319 2072 2349; x_wconf 89' lang='lat' dir='ltr'>odium</span> <span class='ocrx_word' id='word_1_1134' title='bbox 2085 2321 2096 2348; x_wconf 90' lang='lat'>?</span> <span class='ocrx_word' id='word_1_1135' title='bbox 2115 2327 2224 2359; x_wconf 82' lang='lat' dir='ltr'>quanta</span> 
     </span>
     <span class='ocr_line' id='line_1_129' title="bbox 1271 2360 2225 2403; baseline -0.003 -10"><span class='ocrx_word' id='word_1_1136' title='bbox 1271 2363 1386 2393; x_wconf 85' lang='lat' dir='ltr'>invidia</span> <span class='ocrx_word' id='word_1_1137' title='bbox 1401 2365 1412 2392; x_wconf 67' lang='grc' dir='ltr'><strong><em>ἓ</em></strong></span> <span class='ocrx_word' id='word_1_1138' title='bbox 1434 2371 1483 2393; x_wconf 85' lang='grc'><strong>3111</strong></span> <span class='ocrx_word' id='word_1_1139' title='bbox 1501 2363 1567 2403; x_wconf 88' lang='lat' dir='ltr'>quis</span> <span class='ocrx_word' id='word_1_1140' title='bbox 1590 2361 1632 2392; x_wconf 90' lang='lat' dir='ltr'>est</span> <span class='ocrx_word' id='word_1_1141' title='bbox 1651 2362 1701 2392; x_wconf 92' lang='lat' dir='ltr'>sua</span> <span class='ocrx_word' id='word_1_1142' title='bbox 1714 2362 1790 2392; x_wconf 92' lang='lat' dir='ltr'>sorte</span> <span class='ocrx_word' id='word_1_1143' title='bbox 1801 2370 1960 2392; x_wconf 81' lang='lat' dir='ltr'>contentus</span> <span class='ocrx_word' id='word_1_1144' title='bbox 1972 2381 1979 2395; x_wconf 93' lang='lat'>,</span> <span class='ocrx_word' id='word_1_1145' title='bbox 2001 2360 2032 2391; x_wconf 88' lang='lat'>&amp;</span> <span class='ocrx_word' id='word_1_1146' title='bbox 2043 2370 2107 2391; x_wconf 87' lang='lat' dir='ltr'>non</span> <span class='ocrx_word' id='word_1_1147' title='bbox 2119 2361 2225 2390; x_wconf 80' lang='lat' dir='ltr'>alienae</span> 
     </span>
     <span class='ocr_line' id='line_1_130' title="bbox 1272 2400 2225 2437; baseline -0.003 -3"><span class='ocrx_word' id='word_1_1148' title='bbox 1272 2404 1330 2435; x_wconf 89' lang='lat' dir='ltr'>five</span> <span class='ocrx_word' id='word_1_1149' title='bbox 1341 2403 1495 2434; x_wconf 77' lang='lat' dir='ltr'>industriae</span> <span class='ocrx_word' id='word_1_1150' title='bbox 1507 2424 1516 2437; x_wconf 88' lang='lat'>‚</span> <span class='ocrx_word' id='word_1_1151' title='bbox 1537 2402 1595 2434; x_wconf 83' lang='lat' dir='ltr'>five</span> <span class='ocrx_word' id='word_1_1152' title='bbox 1603 2402 1731 2433; x_wconf 84' lang='lat' dir='ltr'>fortunae</span> <span class='ocrx_word' id='word_1_1153' title='bbox 1742 2423 1751 2437; x_wconf 90' lang='lat'>‚</span> <span class='ocrx_word' id='word_1_1154' title='bbox 1766 2403 1925 2433; x_wconf 79' lang='lat' dir='ltr'>aemulator</span> <span class='ocrx_word' id='word_1_1155' title='bbox 1935 2423 1945 2436; x_wconf 89' lang='lat'><em>‚</em></span> <span class='ocrx_word' id='word_1_1156' title='bbox 1961 2403 2029 2432; x_wconf 90' lang='lat' dir='ltr'>osor</span> <span class='ocrx_word' id='word_1_1157' title='bbox 2039 2422 2047 2436; x_wconf 90' lang='lat'>,</span> <span class='ocrx_word' id='word_1_1158' title='bbox 2056 2400 2202 2432; x_wconf 66' lang='lat' dir='ltr'>detractor</span> <span class='ocrx_word' id='word_1_1159' title='bbox 2212 2403 2225 2430; x_wconf 90' lang='lat'>?</span> 
     </span>
     <span class='ocr_line' id='line_1_131' title="bbox 1271 2443 2223 2485; baseline -0.004 -8"><span class='ocrx_word' id='word_1_1160' title='bbox 1271 2449 1323 2478; x_wconf 88' lang='lat' dir='ltr'>Sin</span> <span class='ocrx_word' id='word_1_1161' title='bbox 1340 2446 1462 2476; x_wconf 87' lang='lat' dir='ltr'>civilem</span> <span class='ocrx_word' id='word_1_1162' title='bbox 1481 2446 1574 2475; x_wconf 86' lang='lat' dir='ltr'>vitam</span> <span class='ocrx_word' id='word_1_1163' title='bbox 1591 2445 1748 2485; x_wconf 82' lang='lat' dir='ltr'>quisquam</span> <span class='ocrx_word' id='word_1_1164' title='bbox 1766 2446 1877 2485; x_wconf 84' lang='lat' dir='ltr'>appetit</span> <span class='ocrx_word' id='word_1_1165' title='bbox 1895 2463 1904 2478; x_wconf 81' lang='lat'>‚</span> <span class='ocrx_word' id='word_1_1166' title='bbox 1933 2444 1966 2474; x_wconf 75' lang='grc' dir='ltr'>ὅτ.</span> <span class='ocrx_word' id='word_1_1167' title='bbox 1983 2446 2017 2474; x_wconf 84' lang='lat' dir='ltr'>in</span> <span class='ocrx_word' id='word_1_1168' title='bbox 2036 2443 2223 2483; x_wconf 67' lang='lat' dir='ltr'>Reipublicae.</span> 
     </span>
     <span class='ocr_line' id='line_1_132' title="bbox 1271 2484 2226 2528; baseline -0.004 -10"><span class='ocrx_word' id='word_1_1169' title='bbox 1271 2489 1337 2519; x_wconf 89' lang='lat' dir='ltr'>luce</span> <span class='ocrx_word' id='word_1_1170' title='bbox 1354 2489 1454 2517; x_wconf 88' lang='lat' dir='ltr'>vivere</span> <span class='ocrx_word' id='word_1_1171' title='bbox 1472 2487 1632 2526; x_wconf 85' lang='lat' dir='ltr'>pulchrum</span> <span class='ocrx_word' id='word_1_1172' title='bbox 1651 2495 1749 2526; x_wconf 83' lang='lat' dir='ltr'>putat,</span> <span class='ocrx_word' id='word_1_1173' title='bbox 1773 2488 1800 2516; x_wconf 87' lang='lat' dir='ltr'>is</span> <span class='ocrx_word' id='word_1_1174' title='bbox 1817 2486 1847 2516; x_wconf 89' lang='lat' dir='ltr'>se</span> <span class='ocrx_word' id='word_1_1175' title='bbox 1863 2488 1988 2528; x_wconf 85' lang='lat' dir='ltr'>exigua,</span> <span class='ocrx_word' id='word_1_1176' title='bbox 2008 2495 2039 2516; x_wconf 89' lang='lat' dir='ltr'>ac</span> <span class='ocrx_word' id='word_1_1177' title='bbox 2048 2486 2133 2525; x_wconf 73' lang='lat' dir='ltr'>paene</span> <span class='ocrx_word' id='word_1_1178' title='bbox 2143 2484 2226 2515; x_wconf 84' lang='lat' dir='ltr'>nulla</span> 
     </span>
     <span class='ocr_line' id='line_1_133' title="bbox 1273 2525 2224 2569; baseline -0.005 -9"><span class='ocrx_word' id='word_1_1179' title='bbox 1273 2530 1398 2560; x_wconf 88' lang='lat' dir='ltr'>honoris</span> <span class='ocrx_word' id='word_1_1180' title='bbox 1415 2529 1510 2569; x_wconf 85' lang='lat' dir='ltr'>specie</span> <span class='ocrx_word' id='word_1_1181' title='bbox 1527 2537 1646 2569; x_wconf 86' lang='lat' dir='ltr'>magnas</span> <span class='ocrx_word' id='word_1_1182' title='bbox 1663 2537 1833 2568; x_wconf 86' lang='lat' dir='ltr'>comparare</span> <span class='ocrx_word' id='word_1_1183' title='bbox 1852 2528 2031 2558; x_wconf 85' lang='lat' dir='ltr'>calamitates</span> <span class='ocrx_word' id='word_1_1184' title='bbox 2055 2525 2134 2557; x_wconf 73' lang='lat' dir='ltr'>certo</span> <span class='ocrx_word' id='word_1_1185' title='bbox 2143 2526 2224 2559; x_wconf 84' lang='lat' dir='ltr'>sciat,</span> 
     </span>
     <span class='ocr_line' id='line_1_134' title="bbox 1273 2567 2226 2613; baseline -0.004 -12"><span class='ocrx_word' id='word_1_1186' title='bbox 1273 2580 1384 2613; x_wconf 80' lang='lat' dir='ltr'>quetus</span> <span class='ocrx_word' id='word_1_1187' title='bbox 1406 2572 1490 2601; x_wconf 87' lang='lat' dir='ltr'>enim</span> <span class='ocrx_word' id='word_1_1188' title='bbox 1506 2571 1633 2612; x_wconf 85' lang='lat' dir='ltr'>quisque</span> <span class='ocrx_word' id='word_1_1189' title='bbox 1651 2569 1692 2600; x_wconf 89' lang='lat' dir='ltr'>est</span> <span class='ocrx_word' id='word_1_1190' title='bbox 1703 2589 1712 2604; x_wconf 87' lang='lat'>‚</span> <span class='ocrx_word' id='word_1_1191' title='bbox 1730 2571 1780 2599; x_wconf 86' lang='lat' dir='ltr'>cui</span> <span class='ocrx_word' id='word_1_1192' title='bbox 1803 2579 1864 2599; x_wconf 91' lang='lat' dir='ltr'>non</span> <span class='ocrx_word' id='word_1_1193' title='bbox 1879 2570 1998 2609; x_wconf 89' lang='lat' dir='ltr'>publica</span> <span class='ocrx_word' id='word_1_1194' title='bbox 2007 2567 2226 2600; x_wconf 83' lang='lat' dir='ltr'>administratio</span> 
     </span>
     <span class='ocr_line' id='line_1_135' title="bbox 1274 2608 2226 2651; baseline -0.005 -9"><span class='ocrx_word' id='word_1_1195' title='bbox 1274 2613 1323 2643; x_wconf 87' lang='lat' dir='ltr'>vel</span> <span class='ocrx_word' id='word_1_1196' title='bbox 1334 2614 1474 2642; x_wconf 84' lang='lat' dir='ltr'>moeroris</span> <span class='ocrx_word' id='word_1_1197' title='bbox 1486 2632 1494 2646; x_wconf 95' lang='lat'>,</span> <span class='ocrx_word' id='word_1_1198' title='bbox 1506 2612 1554 2642; x_wconf 85' lang='lat' dir='ltr'>vel</span> <span class='ocrx_word' id='word_1_1199' title='bbox 1563 2611 1682 2650; x_wconf 57' lang='lat' dir='ltr'>iakiurae</span> <span class='ocrx_word' id='word_1_1200' title='bbox 1692 2620 1807 2642; x_wconf 86' lang='lat' dir='ltr'>tantum</span> <span class='ocrx_word' id='word_1_1201' title='bbox 1817 2613 1958 2644; x_wconf 83' lang='lat' dir='ltr'>attulerit,</span> <span class='ocrx_word' id='word_1_1202' title='bbox 1971 2620 2115 2651; x_wconf 81' lang='lat' dir='ltr'>quantum</span> <span class='ocrx_word' id='word_1_1203' title='bbox 2126 2608 2226 2639; x_wconf 82' lang='lat' dir='ltr'>verbis</span> 
     </span>
     <span class='ocr_line' id='line_1_136' title="bbox 1275 2648 2225 2695; baseline -0.006 -10"><span class='ocrx_word' id='word_1_1204' title='bbox 1275 2655 1424 2695; x_wconf 82' lang='lat' dir='ltr'>explicare</span> <span class='ocrx_word' id='word_1_1205' title='bbox 1433 2655 1489 2684; x_wconf 85' lang='lat' dir='ltr'>vix</span> <span class='ocrx_word' id='word_1_1206' title='bbox 1497 2662 1584 2694; x_wconf 86' lang='lat' dir='ltr'>queat</span> <span class='ocrx_word' id='word_1_1207' title='bbox 1596 2657 1606 2683; x_wconf 91' lang='lat'>?</span> <span class='ocrx_word' id='word_1_1208' title='bbox 1623 2663 1656 2683; x_wconf 85' lang='lat' dir='ltr'>ac</span> <span class='ocrx_word' id='word_1_1209' title='bbox 1669 2673 1677 2687; x_wconf 90' lang='lat'>,</span> <span class='ocrx_word' id='word_1_1210' title='bbox 1691 2652 1711 2682; x_wconf 86' lang='lat' dir='ltr'>si</span> <span class='ocrx_word' id='word_1_1211' title='bbox 1722 2653 1759 2683; x_wconf 89' lang='lat' dir='ltr'>de</span> <span class='ocrx_word' id='word_1_1212' title='bbox 1772 2662 1836 2683; x_wconf 88' lang='lat' dir='ltr'>toto</span> <span class='ocrx_word' id='word_1_1213' title='bbox 1846 2654 1913 2683; x_wconf 79' lang='lat' dir='ltr'>vitae</span> <span class='ocrx_word' id='word_1_1214' title='bbox 1925 2653 2010 2683; x_wconf 91' lang='lat' dir='ltr'>cursu</span> <span class='ocrx_word' id='word_1_1215' title='bbox 2021 2652 2147 2689; x_wconf 75' lang='lat' dir='ltr'>iudicare</span> <span class='ocrx_word' id='word_1_1216' title='bbox 2155 2648 2225 2680; x_wconf 75' lang='lat' dir='ltr'>vere</span> 
     </span>
     <span class='ocr_line' id='line_1_137' title="bbox 1276 2689 2227 2734; baseline -0.006 -8"><span class='ocrx_word' id='word_1_1217' title='bbox 1276 2697 1437 2729; x_wconf 85' lang='lat' dir='ltr'>volumus,</span> <span class='ocrx_word' id='word_1_1218' title='bbox 1459 2696 1578 2726; x_wconf 83' lang='lat' dir='ltr'>exitum</span> <span class='ocrx_word' id='word_1_1219' title='bbox 1597 2695 1766 2726; x_wconf 85' lang='lat' dir='ltr'>videamus.</span> <span class='ocrx_word' id='word_1_1220' title='bbox 1791 2695 1852 2725; x_wconf 89' lang='lat' dir='ltr'>Ubi</span> <span class='ocrx_word' id='word_1_1221' title='bbox 1869 2695 1982 2734; x_wconf 82' lang='lat' dir='ltr'>optimi</span> <span class='ocrx_word' id='word_1_1222' title='bbox 1998 2692 2164 2733; x_wconf 73' lang='lat' dir='ltr'>reipublicae</span> <span class='ocrx_word' id='word_1_1223' title='bbox 2175 2689 2227 2720; x_wconf 84' lang='lat' dir='ltr'>ad-</span> 
     </span>
     <span class='ocr_line' id='line_1_138' title="bbox 1277 2731 2226 2776; baseline -0.007 -8"><span class='ocrx_word' id='word_1_1224' title='bbox 1277 2737 1492 2768; x_wconf 85' lang='lat' dir='ltr'>ministratores</span> <span class='ocrx_word' id='word_1_1225' title='bbox 1503 2756 1512 2770; x_wconf 89' lang='lat'>,</span> <span class='ocrx_word' id='word_1_1226' title='bbox 1534 2737 1581 2767; x_wconf 87' lang='lat' dir='ltr'>seu</span> <span class='ocrx_word' id='word_1_1227' title='bbox 1594 2735 1698 2767; x_wconf 75' lang='lat' dir='ltr'>verius</span> <span class='ocrx_word' id='word_1_1228' title='bbox 1706 2745 1841 2776; x_wconf 89' lang='lat' dir='ltr'>parentes</span> <span class='ocrx_word' id='word_1_1229' title='bbox 1851 2755 1860 2770; x_wconf 82' lang='lat'>,</span> <span class='ocrx_word' id='word_1_1230' title='bbox 1881 2734 2032 2766; x_wconf 60' lang='lat' dir='ltr'>Miltiades</span> <span class='ocrx_word' id='word_1_1231' title='bbox 2043 2753 2052 2768; x_wconf 90' lang='lat'>,</span> <span class='ocrx_word' id='word_1_1232' title='bbox 2063 2731 2226 2772; x_wconf 81' lang='lat' dir='ltr'>Ephialtes,</span> 
     </span>
     <span class='ocr_line' id='line_1_139' title="bbox 1277 2771 2225 2818; baseline -0.009 -8"><span class='ocrx_word' id='word_1_1233' title='bbox 1277 2781 1367 2810; x_wconf 86' lang='lat' dir='ltr'>Cimo</span> <span class='ocrx_word' id='word_1_1234' title='bbox 1387 2798 1397 2812; x_wconf 89' lang='lat'>,</span> <span class='ocrx_word' id='word_1_1235' title='bbox 1426 2777 1649 2809; x_wconf 87' lang='lat' dir='ltr'>Themistocles</span> <span class='ocrx_word' id='word_1_1236' title='bbox 1669 2798 1678 2811; x_wconf 84' lang='lat'>,</span> <span class='ocrx_word' id='word_1_1237' title='bbox 1709 2776 1852 2808; x_wconf 85' lang='lat' dir='ltr'>Aristides</span> <span class='ocrx_word' id='word_1_1238' title='bbox 1863 2780 1876 2806; x_wconf 66' lang='grc' dir='ltr'><strong><em>ἓ</em></strong></span> <span class='ocrx_word' id='word_1_1239' title='bbox 1892 2784 2038 2818; x_wconf 77' lang='lat' dir='ltr'>quantum</span> <span class='ocrx_word' id='word_1_1240' title='bbox 2054 2775 2117 2805; x_wconf 66' lang='lat' dir='ltr'>{llis</span> <span class='ocrx_word' id='word_1_1241' title='bbox 2132 2771 2225 2807; x_wconf 75' lang='lat' dir='ltr'>fides,</span> 
     </span>
     <span class='ocr_line' id='line_1_140' title="bbox 1276 2818 2228 2860; baseline -0.009 -9"><span class='ocrx_word' id='word_1_1242' title='bbox 1276 2830 1377 2852; x_wconf 85' lang='lat' dir='ltr'>caritas</span> <span class='ocrx_word' id='word_1_1243' title='bbox 1385 2839 1395 2854; x_wconf 89' lang='lat'>,</span> <span class='ocrx_word' id='word_1_1244' title='bbox 1406 2821 1571 2860; x_wconf 85' lang='lat' dir='ltr'>integritas,</span> <span class='ocrx_word' id='word_1_1245' title='bbox 1584 2818 1749 2850; x_wconf 86' lang='lat' dir='ltr'>constantia</span> <span class='ocrx_word' id='word_1_1246' title='bbox 1761 2820 1873 2859; x_wconf 84' lang='lat' dir='ltr'>peperit</span> <span class='ocrx_word' id='word_1_1247' title='bbox 1886 2818 2013 2848; x_wconf 67' lang='lat' dir='ltr'>miserim</span> <span class='ocrx_word' id='word_1_1248' title='bbox 2025 2819 2075 2846; x_wconf 90' lang='lat' dir='ltr'>?ut</span> <span class='ocrx_word' id='word_1_1249' title='bbox 2086 2824 2147 2844; x_wconf 91' lang='lat' dir='ltr'>non</span> <span class='ocrx_word' id='word_1_1250' title='bbox 2158 2823 2228 2844; x_wconf 82' lang='lat' dir='ltr'>nio-</span> 
     </span>
     <span class='ocr_line' id='line_1_141' title="bbox 1277 2855 2231 2902; baseline -0.003 -10"><span class='ocrx_word' id='word_1_1251' title='bbox 1277 2862 1318 2893; x_wconf 73' lang='lat' dir='ltr'>do</span> <span class='ocrx_word' id='word_1_1252' title='bbox 1332 2862 1509 2895; x_wconf 78' lang='lat' dir='ltr'>honoribus,</span> <span class='ocrx_word' id='word_1_1253' title='bbox 1523 2861 1678 2902; x_wconf 85' lang='lat' dir='ltr'>dignitate,</span> <span class='ocrx_word' id='word_1_1254' title='bbox 1687 2860 1859 2891; x_wconf 64' lang='lat' dir='ltr'>auctoritate</span> <span class='ocrx_word' id='word_1_1255' title='bbox 1872 2859 2004 2899; x_wconf 77' lang='lat' dir='ltr'>spoliarit</span> <span class='ocrx_word' id='word_1_1256' title='bbox 2013 2877 2021 2891; x_wconf 75' lang='lat'><strong><em>7</em></strong></span> <span class='ocrx_word' id='word_1_1257' title='bbox 2035 2857 2082 2887; x_wconf 73' lang='lat' dir='ltr'>sed</span> <span class='ocrx_word' id='word_1_1258' title='bbox 2094 2855 2184 2886; x_wconf 85' lang='lat' dir='ltr'>etiam</span> <span class='ocrx_word' id='word_1_1259' title='bbox 2198 2857 2231 2886; x_wconf 82' lang='lat' dir='ltr'>in</span> 
     </span>
     <span class='ocr_line' id='line_1_142' title="bbox 1277 2899 2230 2943; baseline -0.007 -9"><span class='ocrx_word' id='word_1_1260' title='bbox 1277 2903 1415 2935; x_wconf 83' lang='lat' dir='ltr'>exsilium</span> <span class='ocrx_word' id='word_1_1261' title='bbox 1437 2903 1561 2933; x_wconf 88' lang='lat' dir='ltr'>miserit.</span> <span class='ocrx_word' id='word_1_1262' title='bbox 1584 2902 1664 2943; x_wconf 91' lang='lat' dir='ltr'>quod</span> <span class='ocrx_word' id='word_1_1263' title='bbox 1681 2911 1785 2933; x_wconf 87' lang='lat' dir='ltr'>contra</span> <span class='ocrx_word' id='word_1_1264' title='bbox 1801 2899 2065 2940; x_wconf 75' lang='lat' dir='ltr'>opoi&#39;tebatzviios</span> <span class='ocrx_word' id='word_1_1265' title='bbox 2083 2899 2230 2938; x_wconf 86' lang='lat' dir='ltr'>optimos,</span> 
     </span>
     <span class='ocr_line' id='line_1_143' title="bbox 1278 2939 2231 2986; baseline -0.007 -10"><span class='ocrx_word' id='word_1_1266' title='bbox 1278 2947 1436 2986; x_wconf 69' lang='lat' dir='ltr'>patriaeque</span> <span class='ocrx_word' id='word_1_1267' title='bbox 1446 2943 1661 2975; x_wconf 73' lang='lat' dir='ltr'>amantissimos</span> <span class='ocrx_word' id='word_1_1268' title='bbox 1672 2945 1789 2974; x_wconf 87' lang='lat' dir='ltr'>honore</span> <span class='ocrx_word' id='word_1_1269' title='bbox 1798 2940 1875 2972; x_wconf 83' lang='lat' dir='ltr'>affici</span> <span class='ocrx_word' id='word_1_1270' title='bbox 1890 2961 1899 2974; x_wconf 90' lang='lat'>,</span> <span class='ocrx_word' id='word_1_1271' title='bbox 1919 2942 1951 2970; x_wconf 90' lang='lat' dir='ltr'>in</span> <span class='ocrx_word' id='word_1_1272' title='bbox 1963 2940 2059 2970; x_wconf 82' lang='lat' dir='ltr'>oculis</span> <span class='ocrx_word' id='word_1_1273' title='bbox 2068 2939 2147 2969; x_wconf 78' lang='lat' dir='ltr'>ferri.</span> <span class='ocrx_word' id='word_1_1274' title='bbox 2167 2941 2231 2969; x_wconf 87' lang='lat' dir='ltr'>Sci-</span> 
     </span>
     <span class='ocr_line' id='line_1_144' title="bbox 1277 2981 2231 3028; baseline -0.008 -11"><span class='ocrx_word' id='word_1_1275' title='bbox 1277 2990 1330 3028; x_wconf 87' lang='lat' dir='ltr'>pio</span> <span class='ocrx_word' id='word_1_1276' title='bbox 1350 2987 1508 3017; x_wconf 75' lang='lat' dir='ltr'>Africanus</span> <span class='ocrx_word' id='word_1_1277' title='bbox 1524 2985 1600 3026; x_wconf 91' lang='lat' dir='ltr'>apud</span> <span class='ocrx_word' id='word_1_1278' title='bbox 1620 2984 1737 3015; x_wconf 89' lang='lat' dir='ltr'>nostros</span> <span class='ocrx_word' id='word_1_1279' title='bbox 1760 2985 1908 3022; x_wconf 86' lang='lat' dir='ltr'>optimam</span> <span class='ocrx_word' id='word_1_1280' title='bbox 1928 2982 2043 3012; x_wconf 86' lang='lat' dir='ltr'>causam</span> <span class='ocrx_word' id='word_1_1281' title='bbox 2063 2981 2231 3020; x_wconf 85' lang='lat' dir='ltr'>amplexus,</span> 
     </span>
     <span class='ocr_line' id='line_1_145' title="bbox 1278 3023 2233 3069; baseline -0.008 -10"><span class='ocrx_word' id='word_1_1282' title='bbox 1278 3038 1441 3069; x_wconf 84' lang='lat' dir='ltr'>paucorum</span> <span class='ocrx_word' id='word_1_1283' title='bbox 1454 3027 1662 3058; x_wconf 64' lang='lat' dir='ltr'>immoderatae</span> <span class='ocrx_word' id='word_1_1284' title='bbox 1674 3024 1796 3055; x_wconf 88' lang='lat' dir='ltr'>libidini</span> <span class='ocrx_word' id='word_1_1285' title='bbox 1808 3023 2083 3064; x_wconf 76' lang='lat' dir='ltr'>reptignans,mane</span> <span class='ocrx_word' id='word_1_1286' title='bbox 2095 3031 2233 3052; x_wconf 83' lang='lat' dir='ltr'>mortuus</span> 
     </span>
     <span class='ocr_line' id='line_1_146' title="bbox 1279 3064 2232 3107; baseline -0.01 -4"><span class='ocrx_word' id='word_1_1287' title='bbox 1279 3075 1312 3103; x_wconf 73' lang='lat' dir='ltr'>&#39;in</span> <span class='ocrx_word' id='word_1_1288' title='bbox 1336 3068 1416 3103; x_wconf 64' lang='lat' dir='ltr'>lecto</span> <span class='ocrx_word' id='word_1_1289' title='bbox 1426 3068 1469 3102; x_wconf 82' lang='lat' dir='ltr'>est</span> <span class='ocrx_word' id='word_1_1290' title='bbox 1479 3071 1631 3100; x_wconf 85' lang='lat' dir='ltr'>inventus.</span> <span class='ocrx_word' id='word_1_1291' title='bbox 1649 3076 1709 3098; x_wconf 79' lang='lat' dir='ltr'>nec</span> <span class='ocrx_word' id='word_1_1292' title='bbox 1719 3065 1951 3107; x_wconf 74' lang='lat' dir='ltr'>abfuitsuspicio</span> <span class='ocrx_word' id='word_1_1293' title='bbox 1962 3084 1972 3101; x_wconf 84' lang='lat'>,</span> <span class='ocrx_word' id='word_1_1294' title='bbox 1986 3066 2065 3106; x_wconf 69' lang='lat' dir='ltr'>,quin</span> <span class='ocrx_word' id='word_1_1295' title='bbox 2076 3064 2112 3095; x_wconf 85' lang='lat' dir='ltr'>ab</span> <span class='ocrx_word' id='word_1_1296' title='bbox 2127 3072 2232 3097; x_wconf 79' lang='lat' dir='ltr'>uxore,</span> 
     </span>
    </p>
   </div>
   <div class='ocr_carea' id='block_1_10' title="bbox 2170 3114 2236 3146">
    <p class='ocr_par' dir='ltr' id='par_1_11' title="bbox 2170 3114 2236 3146">
     <span class='ocr_line' id='line_1_147' title="bbox 2170 3114 2236 3146; baseline 0 -7"><span class='ocrx_word' id='word_1_1297' title='bbox 2170 3114 2236 3146; x_wconf 62' lang='lat'>(103</span> 
     </span>
    </p>
   </div>
   <div class='ocr_carea' id='block_1_11' title="bbox 2279 1618 2379 3400">
    <p class='ocr_par' dir='ltr' id='par_1_12' title="bbox 2279 1618 2379 3400">
     <span class='ocr_line' id='line_1_148' title="bbox 2279 1618 2379 3400; baseline 0 0"><span class='ocrx_word' id='word_1_1298' title='bbox 2279 1618 2379 3400; x_wconf 95' lang='lat' dir='ltr'> </span> 
     </span>
    </p>
   </div>
   <div class='ocr_carea' id='block_1_12' title="bbox 2294 0 2379 418">
    <p class='ocr_par' dir='ltr' id='par_1_13' title="bbox 2294 0 2379 418">
     <span class='ocr_line' id='line_1_149' title="bbox 2294 0 2379 418; baseline 0 2982"><span class='ocrx_word' id='word_1_1299' title='bbox 2294 0 2379 418; x_wconf 95' lang='lat' dir='ltr'> </span> 
     </span>
    </p>
   </div>
  </div>
 </body>
</html>
