2337 3400
188 1292 213 1322 4
229 1293 301 1314 tem.

221 143 343 175 1022
595 112 1127 162 M.Tui.1.11-

215 216 246 236 rc
259 206 337 236 idem
349 202 403 233 tibi
415 220 423 234 ‚
442 197 522 240 quod
534 196 610 226 milii
622 193 771 223 videretur
781 211 791 225 ‚
806 200 870 221 non
881 198 961 220 nova
971 197 1000 218 te
1011 186 1100 233 rebus
1110 194 1171 215 no-

218 250 300 277 mina
315 247 479 283 imponere.
502 240 575 268 ratio
594 237 677 265 enim
698 232 798 264 nostra
814 231 984 263 consentit,
1003 236 1099 259 oratio
1117 236 1174 274 pu-

218 297 295 317 ‹ritat-
320 282 452 314 Minime
463 279 534 310 vcro
545 298 553 311 ‚
565 277 664 316 inquit
674 276 725 306 ille
734 295 744 309 ‚
755 274 912 305 consentit.
928 269 1076 313 quidquid
1086 278 1171 314 enim

218 314 321 369 ssixter
338 325 369 354 id
381 345 388 357 ,
409 322 489 363 quod
510 319 671 350 honestum
690 315 742 350 sit.
764 314 968 356 expetendum
979 312 1037 343 ess'e
1048 311 1172 358 diaetis.

220 380 251 399 in
263 367 407 406 bonisque
418 363 619 394 numeraveris
631 370 636 388 z
653 359 684 390 ὅ(
694 356 832 394 honestum
840 357 931 399 ipsum
942 375 949 389 ‚
964 354 1046 396 quasi
1054 360 1175 401 virtutis

220 420 310 439 iumen
321 428 329 441 ‚
340 406 519 437 exstinxeris
529 423 537 437 ,
550 403 583 432 δε
594 404 736 432 virtutem
748 401 869 441 penitus
878 407 1026 429 everteris.
1054 398 1174 425 Dicun—

219 462 264 482 tur
277 450 328 480 ista
339 469 346 482 ‚
360 451 433 478 Cito
444 467 452 481 ‚
470 442 630 486 magnifice
640 463 649 476 ,
665 445 788 483 inquam
802 452 807 470 z
823 440 872 471 sed
881 439 1003 471 videsne
1012 437 1173 469 verborum

218 494 346 534 gloriam
366 490 422 520 tibi
437 498 507 518 curn
518 487 670 526 Pyrrhone
684 506 692 519 ,
712 485 744 514 &
756 482 915 516 Aristone,
934 484 986 522 qui
999 482 1106 511 omnia
1123 488 1176 509 ex·

219 542 356 574 aequenr,
375 529 432 561 ess'e
445 529 666 561 communem?
685 526 721 557 de
735 525 864 566 quibus,
883 533 974 563 cupio
992 523 1085 555 scire,
1101 519 1175 562 quid
1194 520 1196 531 '

220 577 336 606 sentias.
359 576 476 614 Ergone
487 572 595 612 quaeris
605 590 613 603 ‚
625 570 744 609 inquit,
759 568 829 598 scire
840 587 848 601 ‚
860 567 932 607 quid
943 566 1068 595 sentiam
1080 564 1090 590 ?
1101 572 1177 604 quos

221 618 320 648 bonos
333 618 413 646 viros
425 633 433 647 ‚
453 613 557 644 forteis
567 631 575 646 ‚
593 610 689 650 justos
699 630 709 644 ,
726 609 894 640 moderatos
903 607 1135 638 autaudivimus
1145 607 1178 633 in

220 658 371 698 republica
381 653 468 686 fuisse
479 675 487 689 ‚
498 663 547 685 aut
557 651 611 693 ipsi
622 652 755 683 vidimus
767 663 776 685 ·‚
794 649 914 691 quisine
927 650 983 679 ulla
992 646 1117 678 domina
1127 656 1181 675 na-

222 709 318 729 turam
329 699 415 738 ipfirm
425 698 515 736 secuti
528 715 536 729 ‚
550 694 644 724 muita
653 692 811 723 laudabilia
816 693 945 732 fecerunt
957 703 964 725 ;
975 700 1028 721 eos
1039 688 1152 720 melius
1164 688 1179 717 a

222 751 328 773 natura
336 739 486 770 institutos
495 736 584 768 fuiss'e
595 756 603 771 ,
618 737 708 778 quam
721 734 836 766 institui
847 731 1009 774 potuissent
1018 732 1034 762 a
1043 730 1177 777 philoso-
1192 724 1201 775 1

223 785 292 825 pliia
303 803 310 816 ‚
327 780 346 812 si
359 782 451 812 ullam
462 782 550 811 aliam
562 776 762 819 probavissent
773 796 782 811 ,
802 786 908 817 praeter
919 784 983 805 eam
998 795 1006 808 ‚
1025 783 1091 815 quae
1103 772 1180 803 nihil

224 825 305 856 aliud
316 825 348 853 in
362 823 452 854 bonis
462 822 566 855 habet,
584 819 639 851 nisi
649 818 830 850 honestum:
848 818 925 848 nihil
937 837 944 851 ,
958 816 1015 846 nisi
1025 825 1108 855 turpe
1121 834 1129 848 ,
1149 816 1181 843 in

219 868 324 897 malis:
348 874 452 897 ceteiae
471 863 724 904 pbilosophorum
743 860 906 900 disciplinae
919 879 928 893 ‚
950 862 959 878 ¹
975 860 1108 889 omnino
1126 856 1183 886 alia

222 909 318 950 magis
330 906 405 941 alia3
423 905 470 936 sed
481 915 583 936 tamen
593 913 701 935 omnes
709 923 721 937 ‚
742 912 806 944 qua:
819 912 882 933 rem
894 902 988 932 ullam
997 900 1117 930 virtutis
1128 907 1182 927 ex-

218 959 335 991 pertem
346 957 395 980 aut
405 950 438 979 in
449 948 537 978 bonis
547 966 558 980 ‚
579 955 628 976 aut
637 947 670 976 in
681 945 767 975 malis
778 952 957 977 numerent,
978 952 1028 973 eas
1039 951 1103 972 non
1114 949 1182 970 mo-

223 993 264 1023 db
279 991 358 1022 nihil
367 990 504 1030 adjuvare
513 989 640 1019 arbitror
651 1007 659 1021 ,
681 990 696 1006 ²
707 995 804 1027 neque
814 984 961 1015 affirmare
972 1004 981 1018 ,
1000 993 1061 1025 quo
1072 983 1182 1012 melio-

220 1044 268 1064 res
280 1031 370 1062 fimus
381 1052 390 1066 ,
406 1031 454 1062 sed
466 1031 558 1070 ipsam
569 1029 726 1069 depravare
737 1037 883 1058 naturam.
911 1031 922 1055 3
935 1036 1006 1057 narn
1022 1024 1041 1055 si
1052 1027 1109 1055 hoc
1119 1033 1184 1054 non

226 1075 395 1107 obtineatur
407 1093 415 1107 ,
436 1073 466 1101 id
478 1071 571 1112 fliium
584 1071 686 1100 bonum
699 1069 747 1108 effi:
758 1090 765 1103 ‚
780 1069 856 1111 quod
867 1067 1004 1104 honestum
1017 1067 1076 1108 fit:
1093 1066 1184 1096 nullo

223 1116 320 1147 modo
339 1115 455 1156 probari
476 1112 582 1154 possit,
603 1111 714 1142 beatam
730 1113 826 1141 vitam
841 1111 953 1141 virture
968 1110 1044 1149 effici.
1068 1107 1150 1148 quod
1164 1105 1185 1136 si

225 1161 266 1189 ita
280 1157 332 1192 sit;
355 1163 372 1183 4
382 1166 433 1187 cui·
446 1165 534 1195 opera
543 1155 741 1195 philosophiae
753 1152 786 1184 sit
796 1153 892 1183 danda
902 1165 922 1186 ,r
932 1153 1042 1182 nescio.
1067 1149 1088 1179 si
1099 1150 1184 1179 enim

228 1201 344 1240 sapiens
361 1200 468 1239 aliquis
488 1197 578 1227 miser
591 1195 650 1226 ess'e
662 1194 751 1236 poffit
761 1216 770 1228 ,
790 1205 836 1225 nae
847 1205 901 1236 ego
911 1193 996 1224 istam
1008 1191 1183 1233 gloriosam,

225 1240 516 1280 memorabilemque
536 1240 679 1269 virtutem
697 1247 761 1268 non
779 1246 890 1277 magno
908 1233 1114 1266 aestimandam
1131 1242 1187 1272 pu-

345 1285 419 1320 Quae
429 1281 525 1312 adhuc
535 1300 543 1315 ,
557 1282 630 1311 Cato
638 1299 647 1313 ,
658 1280 674 1310 a
686 1288 713 1310 te
722 1278 802 1310 dieta
812 1279 881 1308 sunt
890 1298 899 1311 ‚
911 1277 1014 1307 eadem
1027 1295 1036 1310 ‚
1047 1277 1186 1316 inquam»

228 1326 327 1356 dicere
335 1323 433 1365 posses
442 1343 449 1357 ‚
463 1321 484 1352 si
494 1323 645 1364 sequerere
656 1322 844 1361 Pyrrhonem
855 1339 862 1353 ‚
874 1329 924 1350 aut
933 1320 1116 1350 Aristonem.
1131 1326 1188 1346 nec

227 1377 313 1397 enim
326 1368 444 1407 ignoras
456 1385 465 1399 ,
481 1366 530 1395 his
540 1363 619 1395 istud
631 1362 793 1394 honesturn
805 1382 813 1396 ,
834 1372 899 1392 non
910 1362 1065 1391 summum
1078 1356 1186 1391 modo,

226 1409 278 1439 sed
297 1418 388 1439 etiam
408 1408 453 1447 (ut
467 1416 497 1438 tu
511 1407 571 1447 vis)
582 1406 682 1436 solum
695 1405 812 1435 bonum
827 1404 935 1434 videri.
957 1402 1039 1444 quod
1051 1400 1072 1431 fi
1083 1403 1123 1431 ita
1132 1399 1185 1435 est,

228 1451 361 1491 sequitur
381 1449 412 1480 id
433 1449 530 1489 ipsum
544 1467 553 1482 ,
572 1447 656 1489 quod
673 1456 703 1478 te
715 1447 794 1477 velle
806 1446 896 1476 video
908 1465 917 1479 ,
938 1446 1059 1475 omneis
1072 1444 1189 1483 semper

230 1493 334 1522 beatos
353 1489 410 1522 effe
420 1491 587 1531 supienteis.
609 1489 703 1519 hosne
713 1490 803 1529 igitur
814 1487 914 1518 laudas
925 1507 933 1521 ,
953 1486 986 1516 δε
996 1487 1071 1516 hanc
1080 1494 1187 1515 eorum

231 1534 408 1564 sententiam
426 1533 509 1572 sequi
525 1541 581 1561 nos
592 1531 694 1561 censes
705 1532 864 1569 oportere?
887 1527 1021 1558 Minime
1034 1526 1106 1557 vero
1117 1525 1190 1556 isto-

234 1584 303 1606 rum
314 1573 439 1613 quidem
449 1593 457 1607 ‚
468 1575 588 1613 'inquit;
605 1571 675 1602 cum
688 1574 771 1601 enim
785 1571 903 1601 virtutis
913 1571 970 1599 hoc
979 1570 1135 1609 proprium
1147 1566 1190 1601 sit,

233 1625 336 1646 earum
354 1624 454 1645 rerum
464 1634 472 1648 ,
493 1624 560 1654 quae
579 1613 741 1643 secundum
760 1621 898 1642 naturam
919 1609 975 1641 fint
985 1630 992 1644 ,
1012 1609 1107 1639 habere
1118 1609 1190 1638 dele-

234 1657 312 1687 &um
324 1668 334 1684 :
342 1658 394 1697 qui
405 1658 511 1686 omnia
520 1654 557 1686 sic
565 1663 797 1695 exaequaverunt
806 1673 816 1687 ‚
828 1663 860 1683 ut
869 1655 904 1683 in
912 1653 1188 1692 utramquepartem

233 1702 273 1730 ita
283 1700 362 1738 paria
373 1697 546 1730 redderent,
558 1699 603 1726 uti
614 1695 695 1726 nulla
705 1694 867 1726 seles-,hone
878 1702 1030 1725 uterentur
1041 1695 1118 1733 ejus,
1129 1695 1190 1723 vir-

233 1750 331 1771 tutem
341 1741 433 1779 ipsam
443 1738 634 1769 sustulerunt.
654 1737 737 1768 Istud
745 1737 867 1777 quidem
879 1756 887 1769 ,
906 1738 1031 1776 inquam
1043 1755 1052 1768 ,
1071 1735 1188 1774 optime

237 1783 331 1813 dicis:
353 1781 401 1811 sed
412 1790 513 1821 quaero
524 1800 533 1813 ‚
557 1783 569 1807 5
580 1789 682 1809 nonne
694 1779 748 1809 tibi
761 1778 934 1808 faciendum
946 1777 1027 1806 idem
1039 1776 1089 1809 sit,
1110 1776 1189 1805 nihil

234 1824 348 1855 dicenti
359 1823 475 1852 bonum
487 1841 495 1855 ,
516 1820 599 1862 quod
610 1831 673 1851 non
683 1819 799 1850 reEtum
811 1839 820 1852 ‚
840 1818 1061 1858 honestumque
1072 1816 1106 1847 sit
1117 1837 1125 1851 ‚
1146 1827 1191 1846 re—

233 1866 381 1906 liquarum
393 1873 492 1894 rerum
503 1863 666 1893 discrimen
676 1871 770 1892 omne
781 1861 923 1891 tollenti?
943 1862 975 1890 Si
984 1860 1108 1900 quidem
1119 1878 1128 1892 ,
1142 1860 1191 1888 in·

256 1909 318 1939 uit,
336 1906 476 1936 tollerem
490 1916 495 1934 :
514 1904 564 1935 sed
575 1904 722 1945 relinquo.
760 1905 904 1941 Quonam
915 1902 1010 1932 modo
1022 1921 1032 1935 ,
1053 1903 1190 1941 inquam,

232 1917 323 1980 gutia
331 1948 426 1976 virtus
435 1967 443 1980 ,
456 1956 550 1977 unum
565 1945 641 1976 istud
653 1966 661 1979 ‚
670 1945 751 1986 quod
763 1942 901 1980 honestum
910 1944 1037 1983 appellas
1049 1964 1057 1977 ,
1070 1941 1188 1976 netum,

233 1989 374 2020 laudabile
385 2009 391 2022 ‚
405 1989 532 2019 decorum
541 1988 609 2026 (erit
620 1990 704 2018 enim
715 1996 815 2017 notius
825 1987 911 2027 quale
921 1985 956 2015 sit
967 2005 975 2019 ,
984 1985 1121 2026 pluribus
1131 1994 1187 2014 no-

235 2042 330 2063 tatum
343 2031 500 2061 vocabulis
520 2030 602 2060 idem
614 2028 844 2067 declarantibus)
857 2027 888 2057 id
899 2037 968 2068 ergo
978 2047 987 2061 ,
1006 2030 1126 2068 inquam
1140 2047 1148 2060 ‚
1169 2026 1190 2056 fi

233 2075 331 2105 solum
344 2072 386 2103 est
399 2072 516 2102 bonum
528 2092 537 2106 ,
556 2071 631 2112 quid
648 2070 771 2101 habebis
787 2079 941 2110 praeterea,
963 2070 1046 2110 quod
1059 2069 1190 2109 sequare?

232 2125 300 2150 aut,
313 2115 333 2145 si
343 2114 416 2143 nihil
423 2114 533 2144 malum
543 2133 551 2146 ,
567 2113 621 2154 nisi
629 2113 703 2155 quod
711 2120 789 2153 turpe
798 2132 806 2146 ‚
821 2109 990 2148 inhonestum
1001 2131 1010 2145 ,
1021 2111 1188 2145 indecorum,

229 2167 370 2197 pravum,
386 2156 568 2196 flagitiosum
580 2155 707 2194 ,foedum
718 2175 726 2188 ,
739 2163 773 2184 ut
786 2156 844 2184 hoc
854 2163 976 2194 quoque
986 2153 1122 2194 pluribus
1133 2163 1190 2183 no-

234 2199 371 2230 minibus
382 2197 496 2239 insigne
504 2197 661 2228 faciamus:
680 2196 752 2237 quid
762 2205 901 2236 praeterea
911 2196 991 2226 dices
1001 2193 1058 2226 esse
1069 2194 1191 2236 fugien-

232 2241 330 2271 dum?
352 2242 427 2270 Non
437 2241 601 2280 ignoranti,
612 2241 710 2280 inquit
721 2258 728 2271 ‚
741 2239 796 2268 tibi
809 2258 817 2271 ,
834 2237 907 2278 quid
918 2236 972 2267 sim
983 2236 1127 2270 didimus,
1140 2236 1188 2267 sed

233 2281 346 2323 aliquid
359 2301 367 2316 ,
379 2291 410 2312 ut
421 2291 474 2322 ego
485 2281 615 2320 suspicor
625 2300 634 2314 ,
645 2291 684 2311 ex
696 2290 762 2310 mea
771 2280 855 2310 brevi
865 2277 1054 2319 responsione
1064 2280 1189 2319 arripere

232 2325 368 2365 cupienti
379 2344 387 2356 ,
411 2332 475 2353 non
494 2322 680 2362 respondebo
699 2322 735 2352 ad
751 2320 862 2362 singula
874 2331 879 2350 :
899 2321 1056 2361 explicabo
1074 2319 1188 2360 potius,

234 2367 380 2407 quoniam
399 2363 486 2395 otiosi
504 2364 606 2394 sumus
617 2384 625 2397 ,
647 2361 703 2393 nisi
712 2363 845 2393 alienum
857 2371 940 2402 putas
951 2382 960 2396 ‚
982 2371 1074 2392 totam
1087 2364 1189 2392 Zeno—

234 2410 282 2438 nis
293 2427 301 2442 ‚
320 2409 551 2446 Stoicorumque
563 2406 751 2436 sententiam.
777 2404 908 2434 Minime
927 2404 958 2434 id
976 2403 1098 2444 quidem
1111 2423 1120 2438 ‚
1140 2406 1190 2433 in—

1211 97 1751 163 thnaaours

1210 197 1318 235 quam,
1336 188 1491 236 alienum:
1509 189 1704 233 multumque
1713 193 1748 224 ad
1759 203 1791 226 ea
1801 214 1810 229 ‚
1828 204 1894 237 quae
1902 195 2084 237 quaerimus,
2105 205 2166 228 ex0·
2180 213 2187 219 =

1211 230 1332 269 plicatio
1342 239 1390 260 tua
1399 229 1453 261 ista
1462 229 1630 271 profecerit.
1653 236 1850 274 Experiamur
1859 239 1951 278 igitur
1961 258 1969 272 ,
1981 240 2081 278 inquit
2089 258 2098 272 ‚
2110 237 2162 269 etsi

1212 272 1299 302 habet
1316 273 1378 302 haec
1388 274 1559 303 stoicorum
1577 274 1653 304 ratio
1670 273 1825 308 difficilius
1844 280 1986 320 quiddam
2007 280 2039 310 δε
2056 280 2165 310 obscu-

1211 315 1282 343 rius.
1306 323 1377 344 nam
1390 313 1462 345 curn
1476 316 1508 345 in
1519 316 1625 345 Graeco
1635 315 1774 347 sermone
1784 320 1844 350 haec
1854 322 1915 360 ipsa
1922 321 2075 362 quondam
2094 319 2110 342 ⁶
2118 332 2167 352 re·

1211 365 1278 385 rum
1289 357 1416 401 nomina
1425 366 1571 387 novarum
1584 366 1662 388 nova
1673 357 1848 390 videbantur
1857 381 1866 395 ,
1885 373 1950 403 quae
1961 373 2043 394 nunc
2053 364 2165 403 consue-

1213 396 1278 426 tudo
1296 396 1435 427 diuturna
1452 398 1540 427 trivit
1553 409 1566 426 .·
1583 399 1656 439 quid
1665 400 1768 430 censes
1778 402 1810 431 in
1821 403 1929 434 Latino
1939 404 2025 435 fore?
2048 406 2168 436 Facilli-

1213 449 1300 469 mum
1312 439 1341 468 id
1352 440 1475 480 quidem
1487 439 1548 474 est,
1563 441 1698 481 inquam.
1722 440 1742 471 fi
1754 444 1838 473 enim
1849 444 1967 476 Zenoni
1979 447 2064 477 licuit
2074 459 2082 482 3
2093 446 2166 477 cum

1212 490 1278 528 rem
1289 481 1419 522 aliquam
1431 481 1590 513 inveniffet
1607 481 1774 514 inusitatam
1787 503 1795 518 ‚
1812 485 1979 517 inauditum
2003 498 2123 530 quoque
2140 490 2170 518 ei

1214 532 1256 569 rei
1266 532 1383 553 nomen
1391 526 1560 564 imponere,
1569 535 1622 556 cur
1632 535 1697 556 non
1705 526 1791 557 liceat
1801 529 1908 557 Caroni
1918 532 1929 558 ?
1938 538 1994 559 nec
2003 537 2103 560 tamen
2115 540 2170 560 ex-

1215 567 1306 604 primi
1317 566 1444 596 verbum
1458 566 1475 596 ὁ
1489 567 1583 597 verbo
1596 565 1710 598 necesse
1724 570 1781 599 erit
1792 588 1801 602 ‚
1822 577 1855 599 ut
1872 570 2029 611 interpretes
2045 571 2170 611 indiserti

1217 607 1330 641 solent,
1344 607 1416 637 curn
1428 606 1460 638 sit
1469 608 1595 639 verbum
1607 629 1616 643 ,
1634 614 1649 638 7
1659 610 1741 650 quod
1751 610 1832 641 idern
1844 610 1969 641 declaret
1981 631 1989 645 ‚
2008 621 2103 652 magis
2113 612 2171 643 usi-

1217 657 1321 679 tatum.
1345 650 1487 690 equidem
1499 650 1581 681 soleo
1591 653 1680 682 etiam
1692 652 1773 692 quod
1784 662 1847 682 uno
1857 654 1954 683 Graeci
1964 673 1973 687 ‚
1986 651 2005 682 si
2015 654 2098 684 aliter
2105 664 2171 686 non

1218 689 1335 731 possum
1349 711 1358 724 ,
1378 692 1460 721 idem
1479 693 1614 732 pluribus
1632 693 1732 724 verbis
1753 704 1919 734 exponere:
1940 694 2082 725 &tamen
2097 705 2172 735 puto

1218 733 1343 781 concedi
1354 734 1444 763 nobis
1452 743 1607 774 oportere,
1628 743 1662 765 ut
1671 736 1761 765 Graeco
1778 735 1859 766 verbo
1877 743 2012 770 utamur,
2028 735 2174 778 siquando

1221 785 1314 803 minus
1330 783 1451 804 occurret
1460 777 1602 806 Latinum
1612 798 1621 812 ,
1641 787 1679 808 ne
1697 779 1754 808 hoc
1765 778 1915 820 ephippiis,
1934 778 2174 819 &acratophoris,

1219 816 1321 856 potius
1333 837 1342 850 ,
1362 817 1452 858 quam
1468 821 1637 860 proegmenis
1648 839 1655 852 ,
1681 819 1713 849 δε
1729 820 1931 861 approegmenis
1951 840 1960 854 ‚
1983 820 2172 850 concedatur.

1220 868 1402 900 quamquam
1423 862 1485 890 haec
1495 861 1619 901 quidem
1635 856 1649 880 8
1657 862 1796 903 praepofita
1812 861 1891 892 reste
1903 882 1912 896 ,
1929 862 1961 892 &
1972 861 2070 901 rejesta
2079 861 2177 892 dicere

1219 901 1332 931 licebit.
1354 904 1434 932 Bene
1445 901 1517 932 facis
1526 922 1534 936 ,
1547 905 1647 943 inquit
1658 922 1667 937 ‚
1683 903 1765 944 quod
1776 913 1825 934 me
1833 903 1954 943 adjuvas
1967 915 1973 933 2
1992 903 2098 934 &istis
2107 905 2176 944 qui-

1221 942 1290 973 dem
1304 963 1312 976 ,
1333 952 1399 984 quai
1421 943 1515 974 mode)
1535 944 1638 976 dixisti
1648 964 1656 979 ‚
1677 954 1743 975 utar
1758 945 1861 985 potius
1878 947 2005 976 Latinis.
2029 947 2062 976 in
2072 946 2179 976 ceteris

1223 985 1381 1015 subvenies
1391 1005 1399 1019 ,
1421 985 1441 1015 si
1452 996 1500 1016 me
1509 988 1672 1017 haerentem
1682 987 1806 1017 videbis.
1831 986 1943 1018 Sedulo
1955 1007 1963 1021 ‚
1977 989 2098 1028 inquam
2111 1007 2120 1020 ‚
2130 985 2179 1017 fa-

1222 1028 1312 1057 ciam.
1334 1030 1352 1058 S
1363 1037 1411 1057 ni)
1432 1037 1628 1058 FORTuNA
1646 1038 1755 1058 roizi·
1766 1039 1785 1058 a
1797 1039 1808 1058 1
1825 1039 1848 1058 s.
1861 1039 2086 1069 quareconare,
2097 1038 2179 1070 quae-

1226 1069 1266 1099 so.
1289 1068 1362 1110 quid
1380 1070 1464 1098 enim
1482 1070 1541 1100 hoc
1558 1068 1715 1110 poffumus
1728 1080 1812 1111 agere
1825 1070 1980 1100 divinius?
2003 1071 2098 1101 Placet
2118 1071 2177 1104 his,
2196 1078 2217 1110 5

1224 1112 1324 1150 inquit
1334 1129 1343 1144 ,
1362 1120 1492 1151 quorum
1509 1114 1584 1141 ratio
1603 1112 1683 1141 mihi
1695 1113 1836 1150 probatur
1845 1131 1854 1146 ,
1875 1110 2050 1153 simulatque
2070 1121 2176 1143 natum

1225 1151 1258 1182 sit
1267 1154 1378 1182 animal
1388 1152 1471 1190 (hinc
1480 1154 1564 1183 enim
1574 1151 1618 1183 est
1627 1152 1823 1193 ordiendum)
1841 1154 1937 1193 ipsum
1949 1152 2000 1183 sibi
2012 1154 2182 1188 conciliari,

1230 1195 1262 1224 &
1274 1193 1482 1224 commendari
1495 1194 1530 1224 ad
1544 1195 1574 1224 se
1589 1194 1827 1225 conservandum
1840 1214 1849 1228 ,
1871 1195 1903 1225 δε
1913 1195 1949 1224 ad
1959 1195 2046 1225 suum
2063 1194 2182 1229 statum,

1225 1240 1241 1263 9
1253 1236 1286 1266 ὃς
1296 1235 1330 1266 ad
1341 1245 1373 1265 ea
1384 1255 1392 1269 ‚
1411 1245 1477 1276 quae
1486 1237 1692 1267 conservantia
1711 1236 1780 1267 sunt
1799 1237 1865 1276 ejus
1884 1236 1972 1267 status
1984 1255 1992 1270 ‚
2012 1236 2182 1276 diligenda:

1226 1278 1344 1307 alienari
1353 1285 1450 1306 autem
1460 1277 1497 1307 ab
1507 1279 1626 1308 interitu
1636 1299 1645 1312 ,
1661 1278 1754 1319 iisque
1763 1278 1852 1308 rebus
1863 1299 1872 1312 ,
1894 1288 1958 1319 quae
1969 1280 2125 1309 'interitum
2137 1279 2185 1308 vi-

1229 1321 1354 1351 deantur
1371 1317 1486 1350 afferre.
1509 1320 1541 1350 id
1560 1322 1599 1350 ita
1617 1319 1674 1350 effe
1692 1319 1731 1351 fic
1749 1320 1876 1361 probant
1888 1340 1897 1353 ‚
1914 1319 1998 1360 quod
2009 1320 2076 1350 ante
2091 1319 2184 1360 quam

1230 1362 1369 1403 voluptas
1387 1381 1396 1394 ‚
1419 1371 1470 1392 aut
1486 1361 1592 1395 dolor,
1614 1364 1762 1403 attigerit,
1787 1362 1920 1392 salutaria
1935 1370 2073 1402 appetant
2088 1363 2185 1401 parvi,

1227 1405 1451 1445 aspernenturq;
1466 1408 1623 1435 contraria.
1636 1403 1717 1445 quod
1728 1414 1793 1434 non
1805 1402 1898 1439 fieret,
1909 1403 1965 1434 nisi
1977 1402 2085 1434 statum
2092 1403 2185 1434 *suum

1231 1447 1410 1488 diligerent,
1422 1448 1577 1476 interitum
1588 1448 1737 1477 timerent.
1761 1445 1825 1476 fieri
1835 1454 1933 1476 autem
1946 1455 2010 1475 non
2020 1443 2114 1485 poffet
2123 1464 2133 1478 ‚
2151 1452 2187 1475 ut

1227 1496 1399 1528 appeterent
1407 1486 1590 1528 aliquid‚nifi
1601 1488 1719 1518 sensum
1730 1488 1871 1518 haberent
1880 1487 1938 1520 sui,
1950 1490 1981 1506 ¹0
1990 1496 2085 1527 eoque
2097 1486 2137 1520 se,
2150 1486 2185 1516 &

1231 1531 1282 1560 sua
1290 1529 1459 1569 diligerent.
1482 1538 1520 1558 ex
1531 1539 1592 1569 quo
1602 1529 1731 1570 intelligi
1742 1529 1830 1559 debet
1839 1548 1848 1562 ,
1864 1529 2047 1569 principium
2056 1526 2187 1558 ἀυᾶυτη

1230 1569 1289 1601 effe
1308 1574 1332 1590 ¹¹
1351 1572 1372 1599 ῐῑ
1381 1570 1410 1610 fii
1424 1569 1568 1610 diligendi.
1591 1573 1626 1600 In
1639 1572 1794 1611 principiis
1810 1579 1910 1600 autern
1922 1569 2102 1601 naturalibus
2115 1569 2189 1599 dili·

1231 1612 1321 1655 gendi
1340 1612 1385 1642 sui
1402 1612 1536 1652 plerique
1545 1615 1637 1643 Stoici
1656 1622 1720 1643 non
1737 1621 1842 1652 putant
1860 1611 2048 1652 voluptatem
2061 1609 2118 1641 effe
2131 1620 2187 1651 po-

1232 1654 1373 1685 nendam.
1396 1654 1505 1693 quibus
1515 1663 1570 1694 ego
1580 1655 1775 1684 vehementer
1782 1652 1924 1683 assentior
1934 1663 1940 1682 z
1951 1664 1989 1684 ne
1998 1673 2008 1687 ‚
2017 1651 2040 1682 si·
2047 1653 2187 1692 volupta-

1233 1705 1295 1727 tem
1306 1704 1408 1726 natura
1417 1694 1546 1734 posuisse
1554 1697 1587 1724 in
1598 1697 1635 1724 iis
1645 1695 1733 1725 rebus
1741 1694 1879 1725 videatur
1888 1715 1897 1727 ‚
1910 1704 1977 1735 quae
1986 1696 2090 1735 primae
2099 1703 2187 1735 appe-

1231 1746 1333 1768 tuntur
1344 1756 1352 1769 ,
1369 1736 1465 1766 multa
1475 1738 1571 1776 turpia
1581 1736 1749 1776 sequantur.
1773 1736 1839 1766 satis
1849 1734 1907 1766 effe
1916 1745 2016 1766 autem
2027 1745 2189 1777 argumen-

1229 1780 1251 1809 ti
1261 1777 1381 1808 videtui·
1393 1796 1400 1810 ‚
1416 1777 1615 1817 quamobrem
1627 1779 1677 1808 illa
1687 1798 1696 1812 ,
1716 1787 1781 1819 quae
1794 1787 1901 1808 natura
1908 1780 2005 1818 prima
2014 1778 2082 1808 sunt
2091 1777 2189 1811 ascita,

1230 1828 1331 1851 natura
1340 1819 1502 1860 diligamus
1514 1830 1522 1852 3
1532 1818 1615 1860 quod
1625 1818 1667 1850 est
1677 1829 1770 1850 nemo
1783 1838 1792 1854 ‚
1804 1823 1896 1860 quin,
1909 1829 1982 1850 cum
1993 1821 2143 1850 utrumvis
2152 1819 2192 1848 li-
2240 1852 2242 1855 y

1228 1870 1291 1893 ceat
1300 1881 1309 1895 ,
1327 1870 1348 1890 A
1358 1871 1375 1890 ι’
1383 1871 1404 1890 τ
1414 1869 1436 1890 Α
1445 1870 1458 1890 s
1482 1870 1508 1890 M
1520 1870 1541 1890 A
1551 1871 1571 1890 i.
1582 1871 1593 1890 1
1603 1871 1623 1891 τ
1634 1882 1643 1895 ,
1659 1861 1828 1904 &integras
1837 1863 1958 1892 omneis
1967 1863 2073 1902 parteis
2083 1870 2192 1901 corpo·

1226 1906 1278 1937 ris,
1290 1903 1380 1944 quam
1390 1902 1500 1933 eodem
1511 1902 1564 1933 usu
1573 1905 1764 1937 imminutas,
1775 1912 1824 1934 aut
1833 1904 1960 1933 detortas
1970 1903 2086 1933 habere.
2107 1905 2135 1922 ¹²
2144 1911 2192 1933 re·

1232 1955 1300 1976 rum
1316 1954 1417 1975 autem
1435 1946 1644 1985 cognitiones:
1663 1946 1711 1976 vel
1724 1965 1733 1979 ,
1751 1944 1773 1974 si
1784 1947 1845 1975 haec
1853 1945 1940 1975 verba
1951 1944 2114 1976 autminus
2124 1944 2192 1984 pla·

1231 1996 1320 2020 cent,
1340 1995 1390 2017 aut
1401 1988 1506 2016 minus
1517 1987 1729 2028 intelliguntur
1741 2007 1749 2021 ,
1768 1986 1902 2020 κκΊκλὴψές
1916 1987 2100 2027 appellemus
2110 1986 2190 2016 licet:

1231 2039 1278 2060 eas
1291 2030 1382 2071 igitur
1392 2029 1465 2069 ipsas
1472 2037 1593 2068 propter
1604 2030 1632 2059 se
1643 2030 1821 2060 asciscendas
1831 2029 2007 2060 arbitramur
2019 2049 2028 2062 ,
2046 2027 2129 2070 quod
2138 2028 2190 2057 ba-

1232 2072 1322 2102 beant
1331 2070 1474 2112 quiddam
1485 2073 1518 2100 in
1532 2071 1560 2101 se
1569 2069 1648 2111 quasi
1659 2072 1855 2112 complexum
1868 2091 1876 2104 ,
1898 2070 1931 2100 &
1940 2073 2101 2101 continens
2111 2070 2191 2099 veri-

1233 2122 1336 2144 tatem.
1357 2113 1389 2142 id
1408 2121 1506 2143 autem
1528 2113 1558 2141 in
1573 2113 1671 2153 parvis
1687 2113 1816 2154 intelligi
1829 2111 1943 2153 potest:
1964 2122 2039 2154 quos
2050 2110 2190 2142 delefflmri

1233 2155 1390 2186 videamus
1400 2174 1409 2188 ‚
1422 2156 1511 2185 etiarn
1523 2153 1544 2184 si
1553 2164 1658 2184 eorum
1670 2155 1748 2186 nihil
1758 2153 1870 2185 interfit
1880 2174 1888 2189 ‚
1903 2152 1923 2183 si
1933 2154 2006 2196 quid
2016 2155 2128 2184 ratione
2138 2161 2190 2192 per

1233 2197 1261 2228 se
1273 2195 1325 2237 ipsi
1335 2198 1535 2227 invenerunt:
1552 2198 1637 2226 arteis
1648 2198 1738 2228 etiam
1748 2197 1824 2238 ipsas
1835 2205 1954 2236 propter
1965 2196 1993 2226 se
2003 2193 2190 2226 assumendas

1232 2248 1372 2279 putamus
1384 2250 1393 2272 3
1411 2237 1483 2268 cum
1499 2239 1568 2279 quia
1582 2237 1617 2268 fit
1630 2240 1662 2268 in
1675 2240 1723 2269 his
1732 2239 1848 2280 aliquid
1858 2239 1986 2280 dignum
1997 2235 2189 2268 assumtione.

1233 2290 1298 2311 tum
1310 2279 1392 2322 quod
1402 2279 1541 2311 constent
1555 2289 1593 2310 ex
1605 2282 1834 2321 cognitionibus
1844 2301 1854 2314 ,
1876 2280 2093 2310 &contineant
2102 2276 2193 2317 quid·

1234 2323 1303 2353 dam
1315 2325 1347 2352 in
1358 2322 1386 2352 se
1396 2324 1511 2352 ratione
1520 2321 1718 2352 constitutum
1728 2342 1738 2357 ‚
1759 2322 1792 2352 &
1802 2324 1849 2354 via
1860 2332 1867 2351 ·.
1883 2320 1899 2352 ὲ
1909 2320 1978 2351 falsa
1987 2329 2086 2351 autem
2096 2317 2192 2348 afl'en-

1235 2363 1315 2394 fione
1327 2366 1422 2404 magis
1433 2373 1489 2393 nos
1499 2365 1642 2394 alienatos
1653 2363 1711 2394 effe
1721 2384 1730 2398 ,
1749 2364 1839 2404 quam
1856 2362 1871 2393 {i
1888 2364 1992 2393 ceteris
2001 2362 2088 2392 rebus
2098 2380 2106 2394 ‚
2125 2369 2192 2401 quae

1233 2406 1302 2436 sunt
1319 2414 1424 2436 contra
1439 2413 1575 2436 naturam
1589 2425 1598 2440 ,
1615 2405 1798 2437 arbitrantur.
1817 2406 1886 2446 Jam
1906 2404 2115 2434 membrorum
2131 2422 2139 2436 ,
2160 2401 2192 2432 id

2137 2441 2191 2477 cst,

278 2522 301 2539 ι.
320 2515 415 2538 Omnino
425 2514 475 2537 alia
484 2511 555 2544 magis
565 2512 615 2536 alia
626 2518 634 2540 ;
649 2509 693 2542 sed
702 2509 805 2543 tamem]
827 2507 962 2535 Palatinus
972 2506 1127 2544 prffustulir
1137 2508 1195 2534 heic

236 2548 377 2574 ciceronis
388 2547 508 2574 solaecum
522 2567 529 2578 ‚
541 2545 686 2572 auferendo
696 2544 765 2571 illud
775 2548 854 2571 minus·
865 2563 872 2576 ,
884 2544 953 2579 quod
966 2545 991 2570 'iii
1003 2543 1124 2570 omnibus
1136 2551 1193 2570 erat

236 2584 408 2611 editionibus.
428 2584 520 2618 itaque
532 2581 655 2609 facessant
665 2580 761 2608 deinde
772 2588 813 2608 tot
824 2581 982 2608 mutationes
995 2579 1128 2606 Lambini.

274 2629 302 2646 2.
322 2624 402 2654 Neque
412 2619 553 2652 affirmare]
575 2617 618 2645 Ab
628 2618 712 2644 exilio
723 2617 844 2644 revocavi
856 2617 920 2643 hanc
930 2615 1084 2652 scripturam
1097 2635 1104 2647 ,
1119 2615 1191 2651 quod

238 2656 264 2681 ἲ(
278 2655 362 2682 Aldus
373 2656 400 2682 ὃ(
410 2655 544 2682 Vic‘torius
555 2663 610 2680 eam
623 2652 799 2680 exhibuissent
810 2673 819 2686 ,
839 2653 1003 2687 haereretque
1014 2653 1040 2679 in
1053 2651 1120 2678 Pali.
1133 2651 1188 2679 sex.

240 2693 398 2718 recentiores
408 2690 566 2717 admiserant
577 2690 673 2723 afferre.

275 2735 299 2761 3.
318 2729 417 2762 ‘Kamfi
425 2730 464 2753 hoc
472 2737 516 2752 non
525 2729 658 2753 obtineatur
670 2745 678 2757 ,
688 2725 818 2760 bifidum]
840 2725 911 2752 Prim
919 2734 947 2752 us
959 2724 1017 2751 Pal.
1035 2733 1092 2750 nam
1100 2725 1146 2758 nifi
1153 2725 1194 2750 hoc

237 2763 378 2788 obtineatur.
397 2763 469 2798 quod
480 2764 561 2789 miror
571 2772 617 2789 cur
627 2763 726 2789 iverint
736 2769 866 2788 mutatum
877 2761 990 2788 librarii.

277 2805 303 2829 4.
323 2802 370 2823 Cur
380 2807 446 2831 opera
454 2799 624 2833 Philofiiphi'ae.]
647 2799 689 2824 Sic
699 2797 806 2833 quidem
820 2798 874 2824 Pal.
887 2805 951 2824 tert.
971 2798 997 2823 &
1011 2796 1077 2823 sext.
1097 2795 1141 2823 scd
1152 2803 1192 2823 ta-

242 2841 300 2858 men
313 2844 351 2866 pr.
371 2834 421 2860 sec.
441 2844 528 2870 quart.
549 2844 600 2861 non
618 2833 765 2860 admittunt
779 2833 845 2860 illud
860 2843 912 2860 cur.
932 2834 1041 2870 quintus
1055 2834 1117 2859 vero
1137 2832 1194 2866 ejus

242 2868 268 2894 lo
275 2877 301 2894 :0
312 2869 387 2895 babet
406 2879 457 2901 an3
479 2870 614 2907 quomodo
624 2871 651 2896 ὃ(
671 2869 714 2897 ed.
734 2869 848 2897 Vithrii
860 2880 865 2896 :
887 2869 956 2897 adeo
967 2877 997 2896 ut
1016 2868 1137 2895 videatur
1146 2877 1194 2895 ex-

241 2905 425 2939 pungendum.

282 2949 307 2972 5.
326 2944 414 2974 Qum·
424 2943 464 2965 ribi
479 2943 617 2973 faciendum,
626 2942 693 2977 elya]
708 2942 751 2968 Sic
760 2942 889 2978 praecipue
900 2944 914 2969 c
925 2940 1063 2968 Palatinis.
1074 2940 1121 2967 alii
1130 2950 1193 2968 con·

241 2974 359 3002 sentiunt
369 2984 427 3001 cum
440 2978 530 3011 rulgg.
539 2988 633 3003 numne.

277 3011 306 3037 6.
327 3015 411 3036 Rerum
421 3021 513 3036 namma
530 3021 645 3038 ›iovarum
662 3023 724 3040 nova
734 3014 904 3048 videbamur.]
926 3013 1116 3047 Conjcfturam
1130 3014 1194 3040 lianc

242 3047 328 3073 Paulli
341 3047 465 3075 Manutii,
476 3046 576 3081 scriptis
588 3047 637 3074 suis
646 3048 762 3082 adjuvari
774 3049 893 3086 prodidit
903 3049 1060 3076 Lambinus.
1079 3049 1136 3075 fieri
1148 3059 1196 3085 po-

241 3083 290 3109 test
299 3092 310 3113 ς
330 3082 373 3108 sed
386 3082 498 3108 Palatini
511 3091 561 3108 non
580 3083 706 3111 accedunt
720 3094 727 3115 3
747 3086 771 3111 in
784 3086 878 3119 quibus
888 3095 1005 3111 novarum
1022 3095 1066 3111 non
1074 3086 1194 3111 ‘uideban-

240 3127 298 3150 mr‚·
318 3126 364 3145 aut
373 3125 495 3144 nova-atur
503 3127 547 3142 mm
566 3119 722 3144 videbamur.
743 3121 767 3146 in
780 3121 855 3147 sexto
867 3131 918 3148 vox
938 3131 1056 3147 mirarum
1066 3128 1123 3148 tota
1133 3130 1194 3148 eva-

235 3155 307 3184 nuit.
328 3153 464 3183 Vifilorius
476 3153 608 3186 ediderat,
619 3163 733 3180 novarum
743 3159 906 3184 rimabantur.
920 3157 1056 3194 scaligero
1064 3156 1196 3194 placebat,

1233 2511 1326 2534 nomina
1336 2510 1502 2540 iterabantur,
1513 2508 1598 2535 recifis
1613 2509 1719 2535 ceteris.

1268 2552 1295 2579 7.
1316 2544 1383 2576 Qod
1390 2544 1449 2570 idem
1460 2546 1562 2570 declaret
1571 2546 1642 2578 magis
1659 2544 1797 2579 usitatum]
1819 2543 1946 2580 Expunxi
1959 2551 2050 2570 vocem
2060 2540 2190 2574 minusque,

1233 2580 1275 2605 sed
1289 2579 1430 2606 accedente
1439 2580 1600 2607 aiiSloiitate
1611 2581 1668 2607 Pal.
1679 2590 1720 2617 pr.
1733 2588 1763 2607 ut
1773 2581 1800 2606 8<
1811 2580 1889 2616 ipsius
1899 2579 2034 2606 senteiitiae
2046 2576 2190 2604 venustate.

1233 2616 1312 2642 restat
1324 2623 1410 2642 tamen
1423 2617 1449 2643 in
1470 2617 1539 2643 Pall.
1559 2617 1654 2644 ceteris
1664 2616 1786 2643 omnibus
1801 2627 1807 2643 :
1831 2616 1898 2643 adeo
1908 2617 1935 2642 Sc
1955 2615 2012 2642 heic
2032 2620 2122 2640 verum
2141 2611 2190 2643 est,

1232 2662 1275 2678 non
1281 2654 1443 2686 gra‘vffniiim
1453 2654 1493 2688 effe
1503 2654 1654 2686 testimonium
1663 2653 1833 2679 multitudinis.

1232 2731 1247 2758 d
1269 2696 1296 2722 8.
1315 2697 1465 2759 Pfqufita]
1487 2697 1530 2724 Sic
1541 2704 1593 2724 tres
1605 2698 1675 2725 Pall.
1694 2697 1818 2724 meliores
1830 2716 1839 2730 ‚
1858 2706 1911 2724 non
1919 2695 2048 2731 proposita»
2063 2699 2094 2719 ut
2103 2700 2188 2727 <1¹¹0n·

1251 2741 1291 2759 am
1304 2741 1336 2758 cu
1351 2744 1368 2759 i.

1267 2785 1283 2812 9
1290 2797 1296 2802 .
1318 2780 1349 2802 Et
1359 2777 1392 2802 ad
1400 2786 1427 2803 ea
1437 2787 1485 2811 que
1496 2775 1686 2812 conservantia]
1703 2776 1772 2804 Pall.
1782 2776 1830 2802 'ille
1839 2785 1881 2812 pr.
1890 2774 1949 2809 :qui
1958 2782 2006 2808 quae
2014 2772 2187 2805 confimantia.

1235 2813 1319 2840 nihilo
1331 2812 1460 2845 deterius,
1472 2813 1488 2839 si
1501 2823 1552 2840 non
1565 2813 1669 2840 melius.

1272 2866 1315 2883 io.
1334 2858 1440 2890 quuese
1449 2857 1530 2890 &sua
1538 2857 1685 2891 diligerent]
1705 2855 1776 2883 illud
1785 2855 1877 2889 diesim,
1886 2861 1938 2879 non
1948 2852 2033 2879 exstat
2042 2851 2068 2878 in
2081 2851 2137 2877 1²21.
2147 2859 2190 2890 pr.

1234 2894 1260 2919 ὅ(
1273 2893 1308 2920 est
1320 2891 1403 2919 foi-liin
1415 2892 1535 2919 adsutum
1546 2893 1657 2927 alicujus
1669 2891 1779 2919 libi-arii.

1274 2946 1314 2963 ii.
1335 2937 1401 2969 eds?
1411 2937 1546 2971 diligenda]
1569 2936 1637 2963 Pali.
1649 2935 1766 2970 quinque
1776 2932 1842 2960 istud
1853 2931 1959 2958 habent.
1978 2939 2004 2958 at
2017 2941 2059 2968 pr.
2069 2931 2192 2966 diligenda,

1238 2980 1268 3000 ut
1281 2973 1308 2998 δε
1320 2973 1409 2999 Ursini
1420 2973 1485 2999 item
1496 2972 1622 3007 Scaligeri
1634 2969 1729 2998 codex.
1750 2969 1884 2995 examinet
1894 2967 2013 2994 otiosior.

1275 3021 1304 3039 12
1336 3016 1421 3039 Rerum
1431 3020 1507 3038 auium
1517 3011 1684 3045 cog-namna]
1707 3010 1749 3036 Sic
1758 3009 1860 3044 aliquot
1872 3009 1983 3035 Palatini
1997 3018 2004 3039 ς
2016 3009 2045 3034 Sc
2058 3009 2121 3034 νει-ὁ
2133 3016 2193 3034 cum

1235 3049 1356 3085 sequntur
1368 3068 1376 3079 ‚
1390 3050 1413 3082 fi
1421 3051 1464 3074 hee
1472 3048 1549 3072 verba
1559 3054 1602 3072 mn
1611 3049 1690 3072 minus
1696 3048 1790 3078 placent
1802 3064 1810 3076 ,
1821 3045 1874 3072 fuit
1887 3049 1958 3071 certe
1968 3044 2026 3080 plus
2038 3053 2092 3070 uno
2102 3043 2194 3070 vei-bo.

1236 3086 1325 3120 itaque
1336 3083 1457 3110 omissum
1469 3082 1565 3108 merito
1578 3083 1713 3108 revocavi.
1733 3080 1957 3117 quemadmodum
1976 3081 2054 3107 etiam
2066 3079 2108 3105 bis
2116 3088 2196 3114 repo-

1237 3120 1274 3147 sui
1289 3120 1407 3146 voculam
1419 3126 1473 3148 aut,
1483 3116 1552 3143 suasu
1564 3117 1705 3143 earundem
1717 3117 1930 3146 membranarum
1942 3127 1951 3150 5
1971 3117 2033 3143 cnm
2046 3115 2124 3143 semel
2136 3122 2196 3142 tan-

1237 3164 1298 3184 tum.
1305 3152 1527 3192 repraestntaffeiit
1535 3152 1597 3181 edd.
1609 3153 1731 3190 vulgatas.
2138 3186 2178 3213 Al·

2100 3194 2124 3213 x.
2169 3192 2195 3211 ta

1368 3276 1377 3294 Ι
