2360 3400
488 140 834 185 Acantzm.
873 137 1503 203 ·QAEsT1⁵o·N²uM,·
1547 139 1818 186 ersll.

178 226 236 259 Sed
245 224 317 268 quid
327 232 379 254 eos
387 218 548 263 colligam,
558 219 630 251 curn
645 220 767 252 habeam
777 218 979 260 Chrysippum
991 240 1000 254 ‚
1012 223 1062 262 qui
1066 220 1133 259 ful-

184 271 241 299 σίνε
258 275 378 308 putatur
393 265 534 305 porticum
546 264 717 294 Stoicorum
730 266 741 291 ,³
760 268 851 304 quam
869 263 963 293 multa
976 263 1028 292 ille
1041 271 1145 292 contra

183 310 285 342 sensus
296 329 305 342 ‚
324 307 413 349 quam
429 306 524 336 multa
534 315 637 336 contra
647 307 752 335 omnia
764 327 772 339 ‚
791 315 856 346 quae
876 306 906 335 in
922 304 1142 335 consuetudine

181 351 345 393 probantur
356 347 511 380 difl'olvit:
537 349 617 377 idem
641 348 718 376 mihi
734 349 859 389 quidem
871 357 934 377 non
945 346 1081 377 videtur:
1096 345 1145 376 sed

183 392 351 423 dissolverit
362 390 442 421 sane.
464 390 542 420 certe
555 399 613 420 tam
627 391 721 420 multa
735 399 798 419 non
809 387 990 429 collegisset,
1008 398 1075 429 quae
1088 397 1143 417 nos

178 434 294 466 falleret
304 431 510 473 probabilitate
521 442 628 473 magna
638 452 646 465 ,
670 430 722 461 nisi
734 431 847 461 videret
860 432 905 460 his
921 429 1013 460 resisti
1024 440 1088 460 non
1099 429 1144 459 fa-

179 477 238 508 cile
263 474 355 516 posse.
389 475 491 515 ²Qiid
513 476 640 514 cyrenei
658 474 822 503 videntur?
845 472 975 502 minime
994 473 1143 502 contemti
1163 492 1164 497 ,

180 518 376 560 philosophi:
400 520 452 558 qui
472 525 581 557 negant
600 525 672 545 esse
692 523 882 554 QimQrAM
896 534 905 548 ‚
931 514 1013 554 quod
1029 514 1142 554 percipi

179 559 268 602 poffit
279 560 478 590 extrinsecus:
501 569 534 589 ea
553 559 581 588 se
600 559 661 588 sola
676 558 845 597 percipere,
865 566 928 596 quae
938 555 1017 586 [36111
1028 557 1141 585 intimo

181 603 326 635 sentiant,
341 611 371 631 ut
382 601 519 632 dolorem
533 620 541 634 ,
554 602 799 640 utvquptare-m:
820 608 918 639 neque
930 598 958 628 se
968 618 977 630 ‚
996 607 1057 638 quo
1066 597 1139 638 quid

179 646 282 676 colore
291 665 299 678 ‚
311 653 360 674 aut
369 654 431 684 quo
440 643 516 673 sorio
527 641 559 672 fit
569 663 578 676 ,
590 643 663 673 scire
673 662 681 676 ‚
695 641 742 672 sed
755 649 869 671 tantum
882 641 989 670 sentire
999 660 1009 674 ‚
1021 638 1099 669 affici
1110 639 1138 669 se

177 687 419 729 quodammodo.
442 687 516 716 Satis
536 685 631 714 muita
649 684 685 714 de
703 682 885 713 augtoribns.
908 692 1091 723 quamquam
1102 690 1140 711 ex

179 739 230 759 me
238 727 390 770 quaesieras
400 749 408 761 ,
422 737 524 757 nonne
534 735 667 766 putarem
679 724 746 766 post
755 725 824 755 illos
836 733 960 757 veteres,
974 723 1136 763 torfaeculis,

178 773 312 801 inveniri
322 780 426 800 verum
439 768 566 808 potuiffe
578 788 586 801 ‚
600 777 643 797 tot
653 768 766 808 ingentu·
776 786 784 800 ,
796 768 868 796 tanti
875 767 942 806 sque
948 764 1047 801 studm
1058 775 1139 806 quae-

179 813 327 843 rentibus.
350 811 432 853 Qid
446 813 607 841 inventum
624 808 656 838 sit
671 830 679 842 ‚
701 809 802 848 paullo
812 807 879 848 post
889 807 994 837 videi-o
1004 827 1013 841 ‚
1032 816 1060 838 te
1074 807 1138 847 ipso

177 865 298 896 quoque
309 853 419 894 judice.
444 850 603 882 Arcesilam
614 849 687 880 vero
699 860 761 880 non
771 848 959 880 obtre&andi
969 850 1052 879 causa
1062 858 1135 879 cum

180 898 308 928 Zenone
324 892 494 936 pugnavisse
505 913 514 927 ‚
532 893 580 923 sed
599 902 704 922 verum
719 893 857 921 invenire
870 889 998 921 voluiss‘e
1009 911 1017 923 ‚
1038 890 1074 921 sic
1088 892 1138 920 in-

179 939 333 980 telligitur.
357 940 472 970 Nemo,
484 937 606 975 inquam
617 954 624 967 ‚
638 933 824 973 superiorum
836 942 898 962 non
911 931 1007 962 modo
1016 933 1137 972 expres-

177 982 268 1014 ferat,
294 978 344 1010 sed
353 988 391 1008 ne
399 978 518 1008 dixerat
527 976 650 1017 quidem
663 995 671 1009 ‚
691 974 762 1016 poffe
775 975 913 1004 hominem
923 975 995 1003 nilnt
1009 975 1116 1014 opinari
1126 985 1137 1001 .-

172 1032 229 1053 nec
239 1020 337 1052 solum
349 1018 441 1061 posse,
456 1018 506 1049 sed
522 1021 562 1048 ita
571 1016 686 1048 necesse
696 1016 753 1048 effe
764 1018 887 1057 sapienti
904 1016 983 1047 :visa
993 1017 1035 1047 est
1046 1020 1136 1047 Arce-

177 1063 236 1094 siiae
257 1061 328 1093 cum
348 1072 417 1092 vera
427 1063 573 1092 sententia
584 1080 592 1093 ‚
614 1069 679 1090 tum
692 1059 834 1092 honesta,
853 1058 984 1099 &digna
997 1059 1136 1100 sapiente.v

173 1103 309 1147 quaesivit
328 1103 365 1134 de
377 1105 502 1134 Zenone
520 1102 659 1135 fortasse,
682 1101 754 1143 quid
771 1100 907 1131 futurum
928 1098 1000 1131 ess'et
1012 1122 1020 1134 ‚
1042 1099 1062 1131 fi
1080 1111 1136 1130 nec

173 1149 323 1190 percipere
343 1145 508 1187 quidquam
527 1143 623 1184 posset
639 1145 776 1183 sapiens,
796 1152 852 1173 nec
864 1144 980 1183 opinari
997 1144 1136 1183 sapientis

175 1188 257 1220 ess'et.
279 1189 434 1219 lllecredo
445 1207 453 1220 ,
473 1186 562 1215 Nihil
570 1187 701 1227 opinatur
713 1197 719 1218 3
740 1186 887 1226 quoniam
898 1183 969 1214 ess'et
976 1185 1057 1226 quod
1067 1195 1135 1226 per-

174 1233 235 1272 cipi
249 1228 352 1272 poffet.
376 1229 458 1270 Qid
469 1228 578 1270 ergoid
590 1227 681 1258 effer?
704 1229 802 1266 Visum
814 1248 823 1261 ‚
844 1226 943 1257 credo.
967 1227 1062 1268 Qale
1077 1229 1135 1268 Igl-

175 1281 224 1304 tur
233 1273 352 1304 Visum?
371 1281 435 1301 tum
455 1271 544 1300 illum
565 1272 604 1300 ita
618 1268 788 1300 definivisse
799 1289 808 1302 ‚
829 1278 868 1298 ex
878 1279 914 1299 eo
928 1288 936 1301 ,
957 1269 1039 1309 quod
1051 1268 1131 1303 estet,

173 1313 247 1345 ficut
257 1313 328 1345 ess'et
338 1312 516 1353 impressum
528 1332 537 1346 ‚
559 1310 745 1352 &fignatum
756 1331 765 1344 ‚
790 1311 822 1341 δε
832 1310 984 1341 είῖεξὶυηι.
1007 1310 1079 1342 Post
1090 1321 1134 1341 re-

173 1355 316 1398 quisitum
328 1375 336 1389 ,
352 1358 501 1388 etiamne,
525 1353 702 1393 fiejusmodi
716 1352 786 1383 esset
796 1354 894 1383 visum
904 1363 1008 1384 verum
1021 1373 1029 1386 ‚
1047 1354 1133 1394 quale

171 1399 294 1429 falsum.
318 1396 378 1428 Hic
388 1398 548 1427 Zenonem
566 1394 673 1425 vidisse
690 1395 793 1428 acute,
814 1395 935 1425 nullum
950 1395 1008 1426 effe
1020 1397 1130 1429 visum,

173 1440 255 1482 quod
263 1441 375 1481 percipi
384 1436 480 1478 poffet
489 1457 498 1471 ‚
510 1436 530 1467 fi
543 1437 572 1467 id
582 1437 638 1467 tale
649 1435 720 1466 ess'et
727 1436 763 1466 ab
773 1447 809 1466 eo
820 1456 828 1469 ‚
843 1437 924 1477 quod
933 1437 976 1468 est
987 1457 996 1471 ‚
1011 1447 1044 1467 ut
1053 1437 1132 1477 ejus-

174 1482 264 1512 modi
282 1481 319 1511 ab
337 1490 392 1513 eo,
411 1479 492 1520 quod
511 1488 577 1509 non
595 1477 656 1511 est,
676 1476 772 1518 posset
786 1477 853 1508 efl'e.
877 1478 972 1509 Recte
985 1477 1133 1509 consensit

172 1521 333 1556 Arcefila53
348 1521 386 1551 ad
404 1519 617 1552 definitionem
634 1520 780 1550 additum.
804 1530 902 1560 neque
922 1522 1005 1550 enim
1023 1519 1130 1551 falsum

171 1566 283 1606 percipi
292 1561 375 1604 posse
388 1584 397 1597 ‚
409 1573 507 1604 neque
519 1572 623 1593 verum
634 1582 641 1596 ‚
655 1560 675 1591 si
687 1560 824 1592 effertale
834 1582 841 1595 ,
855 1562 940 1603 quale
951 1562 998 1592 vel
1008 1561 1130 1592 falsum.

169 1607 420 1638 Incubuitautem
434 1607 468 1635 in
481 1614 529 1635 eas
547 1604 780 1644 disputatione5‚
801 1613 834 1634 ut
844 1604 965 1634 doceret
977 1625 985 1637 ‚
1008 1604 1128 1634 nullum

171 1649 229 1679 tale
247 1646 306 1679 ess'e
326 1647 553 1681 visumavero‚
575 1656 681 1677 utnon
692 1645 915 1682 eiusdemmodi
932 1648 1023 1677 etiam
1041 1646 1057 1676 a
1075 1646 1132 1676 fal-

169 1692 203 1722 so
213 1688 302 1731 poffit
312 1688 379 1720 effe.
404 1692 477 1719 Haec
495 1698 594 1719 autem
611 1688 657 1719 est
674 1698 732 1718 una
748 1689 925 1722 contentio,
946 1698 1011 1729 quae
1032 1688 1129 1718 adhuc

166 1732 376 1774 permanserit.
399 1731 555 1762 namillud
567 1751 576 1764 ‚
593 1731 663 1760 nulli
674 1732 713 1759 rei
722 1730 951 1770 affinfurumff
963 1731 1128 1772 sapientem,

168 1775 249 1806 nihil
258 1774 294 1805 ad
305 1775 381 1804 hanc
392 1771 625 1804 controversiam
636 1773 814 1813 pertinebat.
837 1773 943 1803 licebat
954 1777 1038 1802 enim
1049 1774 1128 1802 nihil

170 1819 321 1857 percipere
331 1835 339 1849 ‚
355 1816 388 1846 ὅ(
397 1824 498 1846 tamen
508 1816 625 1855 opinari
637 1825 643 1844 2
660 1814 743 1855 quod
752 1814 769 1845 ὲ
779 1814 926 1845 Carneade
939 1814 1049 1844 dicitur
1058 1824 1129 1854 pro—

156 1855 282 1890 batum.
316 1857 467 1899 Equidem
484 1857 675 1887 Clitomacho
693 1856 761 1896 plus
775 1876 783 1889 ,
807 1856 899 1897 quarn
919 1856 1059 1889 Philoni,
1079 1864 1129 1886 aut

170 1900 348 1932 Metrodoro
358 1920 367 1934 ,
385 1898 527 1933 credens,
549 1899 609 1929 hoc
619 1900 713 1940 magis
724 1898 759 1928 ab
769 1907 806 1927 eo
817 1898 1000 1937 disputatum
1012 1917 1020 1931 ,
1035 1897 1125 1939 quam

108 1956 129 1979 2
138 1955 152 1980 ς
169 1943 328 1983 probatum
340 1950 425 1982 puto.
449 1941 505 1971 Sed
515 1940 547 1971 id
556 1943 733 1971 omittamus
746 1960 754 1973 ‚
776 1939 851 1970 illud
862 1940 940 1975 certe
952 1959 960 1973 ‚
974 1941 1128 1980 opinatio—

134 1981 143 1986 ”
171 1995 228 2018 ne,
251 1986 284 2016 &
302 1985 491 2025 perceptione
510 1983 623 2013 sublata
642 2002 651 2016 ‚
674 1982 807 2023 sequitur
824 1984 968 2011 omniurn
987 1980 1130 2012 assensio—

168 2038 245 2057 num
258 2028 402 2057 retentio:
422 2034 455 2055 ut
464 2045 472 2059 ‚
488 2023 508 2055 fi
518 2024 677 2055 ostendero
688 2022 856 2064 nihilpofl'e
865 2025 997 2064 percipi,
1012 2033 1042 2053 tu
1053 2033 1126 2054 con-

168 2069 254 2100 cedas
266 2077 422 2109 nunquam
431 2066 617 2097 assensurum
627 2065 695 2096 effe.
717 2065 799 2107 Qid
810 2076 880 2107 ergo
889 2065 932 2096 est
941 2086 950 2100 ‚
967 2065 1049 2107 quod
1059 2075 1126 2106 per-

167 2114 227 2152 eipi
239 2109 324 2152 poffit
335 2132 344 2144 ,
357 2109 377 2140 fi
387 2121 419 2140 ne
426 2108 523 2150 sensus
533 2109 646 2151 quidem
655 2118 724 2138 vera
735 2109 892 2137 nuntiant?
914 2118 991 2149 quos
1001 2117 1031 2138 tu
1044 2128 1052 2141 ‚
1065 2110 1125 2138 Lu-

165 2154 246 2184 culle
258 2173 267 2187 ,
286 2155 447 2183 communi
458 2153 527 2182 loco
537 2150 687 2182 defendis,
708 2150 791 2191 quod
810 2160 849 2180 ne
869 2150 899 2180 id
912 2150 1007 2181 facere
1016 2148 1124 2190 poffes,

167 2196 281 2226 idcirco
299 2196 362 2225 heri
374 2214 383 2228 ‚
405 2204 468 2224 non
482 2191 643 2224 necessario
659 2193 729 2223 loco
738 2201 841 2222 contra
851 2192 950 2222 sensus
961 2200 1021 2222 tam
1033 2192 1128 2222 multa

167 2237 305 2268 dixeram
320 2248 323 2265 :
343 2246 375 2266 tu
386 2245 487 2269 autem
503 2244 532 2266 te
542 2245 630 2276 negas
643 2233 773 2265 infraRO
783 2245 854 2264 remo
865 2255 874 2268 ‚
893 2244 990 2275 neque
1001 2233 1127 2263 columba

165 2280 232 2309 collo
243 2280 445 2310 commoveri.
466 2277 602 2318 primiim
612 2286 664 2307 cur
673 2279 683 2306 ?
692 2286 762 2307 nam
775 2277 806 2307 δε
816 2279 849 2307 111
860 2287 946 2306 remo
956 2277 1052 2306 sentio
1063 2286 1127 2306 non

167 2319 226 2351 esse
240 2321 271 2352 id
282 2341 290 2355 ,
312 2321 394 2361 quod
408 2319 560 2351 videatur:
583 2319 615 2349 &
626 2320 658 2348 'm
667 2319 810 2349 columba
817 2319 928 2359 plureis
937 2319 1033 2349 videri
1043 2319 1127 2349 colo-

168 2374 215 2393 res
226 2382 235 2398 ‚
258 2373 315 2411 neq
323 2362 382 2392 effe
398 2362 466 2403 plus
482 2371 555 2392 uno.
579 2361 689 2392 deinde
698 2361 817 2391 nihilne
825 2360 1129 2402 praetereadiximus?

169 2414 312 2435 maneant
321 2405 373 2435 illa
382 2406 489 2435 omnia
501 2414 507 2433 ι
526 2407 540 2423 ²
551 2404 656 2434 lacerat
668 2402 722 2433 ista
732 2404 833 2436 causa‘,
854 2405 982 2434 veraceis
992 2403 1061 2433 suos
1073 2401 1129 2432 ess'e

168 2447 269 2476 sensus
287 2446 371 2476 dicit.
394 2444 774 2488 Igitur-semperau&orem
787 2445 894 2480 habes,
918 2445 1031 2476 &eum
1045 2465 1053 2478 ‚
1075 2447 1128 2486 qui

168 2498 279 2529 magno
297 2488 350 2518 suo
368 2489 503 2528 periculo
517 2488 636 2518 causam
655 2496 727 2528 agat.
750 2487 788 2518 εὸ
805 2490 889 2518 enim
911 2497 974 2518 rem
1000 2487 1129 2517 dimittit

167 2533 312 2571 Epicurus
323 2549 331 2564 ‚
346 2539 375 2560 si
395 2540 482 2561 unus
497 2530 598 2562 sensus
611 2530 702 2561 semel
711 2531 746 2560 in
756 2533 816 2560 vita
827 2532 972 2564 mentitus
983 2528 1016 2559 fit
1027 2549 1036 2562 ,
1049 2529 1131 2559 nulii

201 2660 224 2676 1.
243 2650 559 2684 Qt'dsgrrenaeioeidenmr?
578 2649 670 2675 mim'm&
688 2651 794 2674 contemti
802 2649 956 2682 Pliilosophi.]
978 2648 1020 2674 Sic
1031 2648 1120 2675 Aldus
1143 2653 1146 2669 ἴ

161 2688 237 2714 Avus
248 2690 274 2712 δι
287 2687 391 2722 Nepos.
411 2694 438 2712 at
449 2685 585 2711 Victorius
598 2704 606 2716 ,
616 2685 681 2716 Qid
688 2687 804 2718 Cyrenai?
825 2685 939 2710 videntur
949 2686 1007 2710 mihi
1016 2685 1119 2716 minimi,

160 2725 211 2754 &a
232 2723 368 2759 quomodo
380 2722 448 2748 Pali.
467 2721 548 2748 nostri
566 2720 633 2747 adeo
653 2727 684 2746 ut
693 2720 802 2746 omnino
813 2719 923 2756 suspicer
942 2720 989 2746 illa
1006 2721 1122 2746 videmur
1141 2734 1143 2741 ι

161 2761 218 2784 mihi
229 2779 236 2790 ,
256 2758 306 2785 effe
318 2761 331 2785 a
344 2768 420 2785 manu
432 2765 578 2789 extranea5
600 2755 797 2792 legendumque
809 2765 817 2787 5
837 2756 895 2790 quid
906 2759 1018 2790 Cyrenai,
1028 2760 1122 2782 minime

158 2803 220 2822 com.
230 2797 358 2829 Phixfflmpbs‘
367 2800 377 2822 ζ(
396 2795 448 2825 &aa

197 2848 226 2866 ².
245 2843 351 2866 Lam-at
364 2842 408 2873 ista
428 2839 520 2873 rausa.-
542 2838 669 2869 vesanis,
688 2838 757 2872 ὅγε]
781 2837 862 2864 Notoe
881 2835 942 2862 sunt
960 2835 1120 2870 coint-&urie

161 2875 323 2902 Lambini&
335 2877 363 2904 P.
378 2876 505 2903 Manutii.
516 2875 586 2901 Pali.
597 2875 764 2908 nihiljuvant
778 2893 785 2905 ,
807 2873 853 2900 nisi
864 2871 935 2909 quod
944 2872 1019 2899 abeat
1031 2875 1045 2899 ai
1062 2873 1119 2913 vul-
1138 2877 1140 2898 ὲ

160 2919 224 2946 gato
234 2911 284 2938 lec.
294 2913 452 2948 habeatque,
462 2914 501 2945 iste
510 2911 584 2945 carafa
592 2920 688 2942 vtracl,
697 2910 748 2941 &a

196 2968 221 2991 3.
244 2963 276 2985 Et
293 2962 420 2994 impurum&
435 2959 562 2994 insistere]
584 2958 704 2994 Scriptus
723 2958 750 2983 S.
761 2955 882 2982 vietoris
900 2957 995 2988 inferta
1012 2957 1120 2990 infistere.

161 3005 194 3023 tx
206 3005 259 3032 quo
269 2995 383 3032 fingebat
394 2996 557 3023 Gulielmius
570 2999 596 3021 in
602 3002 673 3028 porta
682 2995 791 3027 insistere.

185 3088 234 3104 Clu·
451 3098 454 3099 r

161 3082 220 3157 εξ.
241 3121 349 3150 :Audias
365 3118 438 3154 quam
446 3120 561 3152 nobiseum
571 3120 631 3146 male
648 3118 761 3153 egerint]
785 3118 828 3145 Est
847 3117 861 3143 :i
873 3118 892 3142 V
897 3115 1015 3146 istorum
1032 3125 1116 3151 neque

155 3157 255 3186 recedit·
266 3156 330 3184 Aidi
351 3163 424 3182 vetos
438 3175 446 3187 ,
466 3155 512 3182 nili
523 3154 594 3191 quod
614 3164 642 3182 ea
651 3156 754 3185 audic53
776 3153 912 3190 quomodo
932 3153 1008 3179 restat
1020 3152 1045 3178 in
1060 3152 1114 3177 l'al.
1134 3171 1135 3180 1

1132 3181 1136 3211 l
1155 3188 1227 3224 guit,
1237 3187 1300 3223 qui?
1316 3195 1345 3215 ne
1352 3195 1416 3216 nunc
1426 3186 1540 3222 quidem?
1560 3183 1693 3226 *quo-quid
1705 3183 1783 3217 velit,
1795 3182 1839 3210 vix
1854 3180 1993 3217 adsequor.

150 3194 202 3223 stc.
211 3195 238 3222 δε
250 3196 278 3221 5.
288 3192 417 3221 Victoris.
432 3196 498 3220 'nam
510 3201 550 3228 pr.
559 3194 640 3226 egerit.
658 3191 787 3228 posterius
799 3190 850 3219 cufi
864 3210 871 3224 ‚
882 3190 968 3218 audiat
978 3198 1051 3226 quam
1061 3189 1113 3217 nob.

1187 232 1329 263 umquam
1341 221 1400 252 ei‘i'e
1408 221 1731 257 credendumHoc‘est
1741 232 1845 254 verum
1855 220 2081 257 effe,c0nfidere
2090 223 2150 253 suis

1186 263 1319 298 testibus,
1332 265 1381 294 3&
1392 266 1567 305 importune
1577 264 1718 296 insistere
1741 268 1843 307 ltaque
1851 267 2027 306 Timagoras
2038 267 2149 305 Epicu-

1164 312 1166 317 ²
1186 315 1252 336 reus
1263 316 1348 346 negat
1358 305 1411 336 sibi
1422 317 1566 348 umquam
1579 327 1588 342 ‚
1609 308 1673 338 ciam
1682 308 1795 337 oculum
1807 307 1921 348 rorfiffit
1931 328 1939 342 ‚
1962 307 2033 338 duas
2046 316 2084 337 ex
2096 308 2147 337 lu·

1186 357 1273 378 cerna
1291 348 1462 378 flammulas
1479 348 1537 379 esse
1551 350 1637 380 visas.
1662 351 1820 390 opinionis
1836 353 1920 379 enim
1940 348 1997 379 este
2016 348 2143 380 menda-

1183 390 1278 422 cium,
1291 399 1354 419 non
1366 391 1536 422 oculorum.
1546 390 1624 432 quafi
1632 401 1789 433 quaeratur,
1799 391 1873 432 quid
1885 390 1930 425 sit,
1940 401 2004 421 non
2014 391 2088 432 quid
2097 393 2145 421 vi-

1184 431 1296 460 deatur.
1309 431 1365 461 Sed
1379 433 1426 461 hic
1435 433 1558 472 quidem
1572 434 1723 472 majorum
1735 433 1851 463 similis.
1866 436 1916 464 Tu
1925 433 2010 467 vero,
2021 435 2073 474 qui
2084 435 2145 463 visa

1187 471 1317 502 sensibus
1326 475 1382 502 alia
1392 483 1458 504 vera
1468 475 1547 504 dicas
1556 473 1625 508 effe,
1635 476 1691 505 alia
1700 474 1783 506 falsa:
1795 473 1847 516 qui
1855 485 1888 505 ea
1899 474 2058 517 distinguis
2069 478 2080 504 ?
2090 475 2144 505 de·
2173 480 2179 483 “

1183 511 1245 543 fine
1255 534 1263 548 ‚
1276 515 1376 554 quaeso
1388 535 1396 547 ,
1418 516 1636 546 communibus
1646 518 1732 547 locis.
1756 517 1842 547 domi
1852 517 1942 547 nubis
1953 516 2006 547 ista
2016 517 2142 547 nascun-

1183 564 1242 585 tur.
1262 560 1280 582 4
1288 558 1318 586 Si
1329 559 1395 597 quis
1405 556 1478 586 deus
1489 567 1514 586 te
1527 560 1686 597 interroget
1696 579 1703 593 ‚
1716 559 1794 598 simis
1802 558 1880 587 mndb
1890 578 1898 591 ‚
1911 558 1946 590 (y,
1956 560 2071 599 integris
2078 559 2141 597 jen-

1160 596 1251 637 =fil²u⁴
1263 617 1272 631 ,
1287 607 1362 627 num
1375 600 1505 638 amplius
1515 600 1586 640 quid
1597 600 1741 631 deiide-:us
1753 604 1763 630 ?
1773 602 1845 641 quid
1856 601 2054 640 respondeas?
2069 602 2140 631 Uti·

1181 649 1251 668 nam
1264 640 1387 680 quidem
1400 650 1492 681 roget
1507 645 1519 667 5
1530 642 1639 675 audias,
1651 644 1742 683 quam
1755 642 1914 673 nobiscum
1927 642 2006 672 male
2016 645 2140 683 egerint.

1179 690 1213 710 ut
1222 683 1308 711 enim
1318 691 1388 712 vera
1398 683 1565 715 videamus,
1578 684 1668 724 quam
1681 686 1770 725 longe
1783 684 1955 714 videbimus
1966 691 1976 716 ?
1986 683 2001 704 ⁶
2011 686 2075 725 Ego
2086 687 2140 714 Ca-

1180 723 1235 753 tuli
1247 725 1415 753 Cumanam
1426 733 1463 753 ex
1477 725 1612 755 hocloco
1623 728 1776 766 regionem
1789 727 1878 756 video
1890 746 1898 759 ,
1921 728 2138 766 Pompeianum

1180 774 1243 794 non
1252 774 1344 795 cerno
1358 776 1363 794 :
1377 775 1473 807 neque
1485 766 1648 807 quidquam
1659 767 1849 806 interjeElcum
1862 768 1905 798 est
1916 789 1924 802 ,
1938 768 2020 808 quod
2030 767 2137 797 obstet:

1178 806 1229 836 sed
1246 806 1364 836 intendi
1382 807 1505 847 longius
1517 810 1594 838 acies
1605 818 1668 838 non
1678 809 1783 848 potest.
1799 812 1824 839 O
1834 811 2006 849 praeclarum
2017 809 2139 850 prospe-

1180 847 1263 878 &tum
1277 851 1282 878 !
1293 850 1435 879 Puteolos
1447 850 1601 880 videmus:
1612 850 1828 880 etfamiliarem
1839 851 1973 881 nostrum
1985 853 2137 881 Avianum

1174 889 1293 920 fortass'e
1304 892 1335 920 in
1345 894 1460 930 porticu
1472 893 1606 932 Neptuni
1617 892 1821 922 ambulantem
1835 912 1842 925 ‚
1855 903 1916 922 non
1927 893 2076 923 videmus.
2090 896 2133 923 At

1177 932 1228 961 ille
1237 933 1364 963 7.nescio
1374 936 1425 974 qui
1440 936 1472 963 in
1485 933 1594 964 scholis
1606 936 1760 964 nominari
1773 935 1858 968 solet,
1869 936 1944 964 mille
1953 937 1987 967 (5-
1998 933 2138 975 offingen·

1178 982 1209 1002 ra
1220 973 1314 1010 stadia
1332 974 1532 1016 quodabcffit‚
1555 974 1689 1005 videbar:
1708 977 1844 1017 quaedam
1856 977 1992 1007 volucres
2003 976 2135 1017 longius.

1177 1017 1404 1056 Responderem
1424 1020 1511 1059 igitur
1522 1017 1660 1048 :iudaei-er
1669 1017 1716 1048 isti
1730 1017 1830 1048 vestro
1839 1018 1896 1048 deo
1909 1039 1917 1052 ,
1937 1027 1986 1047 me
1995 1020 2081 1057 plane
2091 1021 2137 1048 his

1178 1060 1275 1088 oculis
1295 1069 1358 1089 non
1384 1059 1442 1089 effe
1459 1069 1649 1097 contentum.
1681 1056 1695 1079 8
1731 1061 1821 1090 Dicet
1839 1071 1888 1090 me
1905 1058 2002 1091 acrius
2022 1060 2133 1093 Videre,

1177 1110 1267 1142 quam
1292 1101 1371 1131 ullos
1393 1102 1498 1141 pisceis
1508 1101 1625 1132 forrass'e
1639 1104 1706 1143 :qui
1719 1112 1815 1143 neque
1823 1102 1968 1132 videntur
1978 1102 1993 1131 a
2003 1102 2092 1132 nobis
2103 1102 2136 1132 &

1177 1153 1258 1173 nunc
1267 1143 1391 1184 quidem
1408 1143 1461 1174 sub
1470 1145 1568 1173 oculis
1580 1145 1646 1174 sunt
1660 1155 1664 1173 :
1677 1154 1774 1185 neque
1785 1143 1836 1183 ipsi
1849 1154 1905 1174 nos
1915 1144 2058 1183 suspicere
2068 1146 2137 1183 poi-

1174 1185 1250 1215 sunr.
1273 1188 1353 1226 Ergo
1373 1195 1404 1215 ut
1423 1186 1484 1215 illis
1501 1195 1597 1227 aqua,
1619 1187 1656 1215 sic
1676 1186 1765 1216 nobis
1778 1187 1828 1215 aer
1843 1185 1944 1223 craeffus
1954 1183 2134 1215 offunditur.

1176 1230 1215 1256 At
1231 1228 1361 1267 amplius
1379 1237 1443 1257 non
1457 1226 1667 1258 desideramus.
1693 1227 1774 1270 Qid
1785 1228 1916 1268 talpam?
1935 1237 2010 1258 num
2021 1226 2131 1257 defide-

1175 1278 1236 1298 rare
1245 1269 1350 1299 lumen
1360 1272 1464 1309 putas?
1486 1273 1502 1296 9
1513 1279 1610 1310 neque
1620 1279 1679 1300 tam
1694 1280 1864 1310 quereretur
1873 1279 1944 1300 cum
1956 1269 2030 1302 deo,
2050 1269 2136 1309 quod.

1173 1320 1279 1351 parum
1295 1311 1402 1352 longe,
1423 1311 1514 1352 quarn
1525 1312 1606 1352 quod
1617 1311 1722 1342 falsum
1734 1311 1858 1342 videret.
1881 1311 2005 1341 videsne
2024 1320 2133 1341 navem

1173 1353 1268 1383 illam.
1292 1352 1365 1384 stare
1375 1353 1464 1384 nobis
1474 1354 1594 1384 videtur
1610 1356 1699 1384 :atiis
1712 1357 1764 1395 qui
1781 1356 1813 1383 in
1825 1355 1895 1384 navi
1906 1354 1974 1384 sunt
1984 1373 1993 1387 ‚
2015 1353 2134 1383 moveri

1177 1395 1240 1425 haec
1263 1395 1346 1425 villa¹
1379 1405 1476 1436 quaere
1492 1397 1640 1426 rationem
1660 1416 1668 1429 ,
1690 1406 1742 1426 cur
1760 1397 1800 1427 ita
1817 1395 1970 1426 videatur:
1990 1405 2081 1436 quam
2102 1404 2136 1425 ut

1177 1436 1314 1467 maxime
1326 1439 1477 1467 inveneris
1488 1456 1496 1470 ‚
1507 1438 1589 1478 quod
1600 1439 1677 1468 haud
1692 1439 1753 1468 scio
1764 1457 1772 1471 ‚
1787 1447 1824 1467 an
1834 1447 1897 1467 non
1911 1436 2012 1477 p0ffis‚
2024 1446 2089 1467 non
2100 1445 2132 1466 tu

1172 1488 1278 1508 verum
1290 1478 1395 1509 testem
1407 1479 1513 1509 habere
1526 1500 1534 1512 ,
1553 1479 1601 1509 sed
1612 1489 1683 1510 eum
1693 1490 1757 1510 non
1770 1479 1829 1510 sine
1838 1480 1922 1509 causa
1930 1478 2038 1509 falsum
2052 1478 2134 1508 testi-

1173 1522 1318 1550 monium
1337 1521 1435 1551 dicere
1454 1519 1629 1551 ostenderis.
1654 1521 1736 1562 Qid
1754 1531 1810 1561 ego
1819 1521 1857 1551 de
1867 1522 1956 1551 navi?
1974 1521 2040 1550 vidi
2048 1522 2132 1549 enim

1174 1562 1228 1592 ate
1239 1571 1358 1592 remum
1367 1563 1536 1592 contemni.
1560 1564 1675 1603 majora
1684 1562 1803 1592 fortaffe
1811 1563 1929 1603 quaeris.
1952 1562 2025 1602 quid
2035 1561 2134 1601 potest

1151 1609 1154 1634 ἒ
1173 1601 1232 1633 effe
1249 1604 1308 1644 fhle
1327 1605 1442 1644 majm?
1465 1614 1556 1645 quem
1569 1604 1913 1643 mathematiciamplius
1922 1602 2135 1644 duodeviginti

1151 1658 1153 1671 1
1170 1646 1303 1686 partibus
1315 1645 1500 1676 confirmant
1508 1646 1656 1685 majorem
1667 1644 1744 1679 effe,
1760 1645 1850 1686 quam
1862 1654 1979 1675 terra-m.
2001 1654 2133 1685 quantu—

1171 1689 1217 1718 lus
1235 1687 1324 1718 nobis
1342 1688 1484 1718 videtur?
1504 1689 1583 1718 mihi
1601 1687 1726 1728 quidem
1747 1685 1826 1728 quafi
1837 1688 1960 1728 pedalis.
1984 1688 2135 1727 Epicurus

1170 1740 1270 1761 autem
1292 1728 1374 1770 poss'e
1391 1739 1473 1771 putat
1483 1732 1573 1760 etiam
1586 1733 1739 1759 minorem
1751 1728 1809 1759 ess'e
1818 1739 1888 1759 eum
1901 1749 1908 1762 ‚
1928 1728 2020 1770 quarn
2029 1729 2133 1759 videa-

1169 1780 1218 1803 tur
1234 1772 1285 1803 sed
1305 1782 1367 1802 non
1380 1773 1479 1803 multo
1490 1792 1497 1805 ‚
1517 1782 1554 1802 ne
1564 1772 1711 1812 majorem
1724 1771 1848 1813 quidem
1864 1772 1963 1801 multo
1971 1778 2053 1810 putat
2063 1769 2132 1805 este,

1170 1815 1218 1845 vel
1230 1823 1348 1845 tantum
1359 1813 1415 1844 effe
1426 1834 1435 1848 ‚
1455 1823 1583 1855 quantus
1593 1813 1726 1844 videatur
1741 1824 1746 1843 :
1758 1823 1790 1843 ut
1803 1814 1884 1843 oculi
1895 1822 1943 1843 aut
1955 1813 2133 1843 1111111111811-7

1171 1857 1281 1886 riantur
1291 1876 1299 1889 ‚
1314 1865 1363 1886 aut
1372 1866 1436 1886 non
1449 1856 1581 1886 multum
1593 1857 1787 1885 mentiantur.
1811 1855 1873 1885 Ubi
1886 1857 1977 1894 igitur
1989 1854 2065 1884 illud
2077 1854 2131 1887 est,

1170 1901 1303 1927 semen?
1326 1898 1382 1928 Sed
1393 1898 1429 1927 ab
1441 1898 1497 1927 hoc
1506 1897 1640 1930 credulo,
1651 1899 1705 1937 qui
1716 1906 1885 1937 numquam
1897 1896 1996 1927 sensus
2007 1899 2133 1926 mentiri

1169 1947 1250 1980 putat
1261 1959 1269 1973 ,
1287 1939 1493 1969 discedamus:
1517 1941 1545 1958 ¹0
1558 1940 1611 1980 qui
1622 1949 1659 1968 ne
1670 1949 1751 1969 nunc
1760 1939 1884 1979 quidem
1897 1957 1905 1971 ,
1925 1938 1997 1967 curn
2010 1938 2063 1967 ille
2074 1938 2129 1971 sol.

1170 1983 1222 2022 qui
1242 1988 1325 2010 tanta
1346 1981 1512 2010 incitatione
1523 1981 1637 2020 fertur,
1655 1989 1688 2011 ut
1705 1981 1839 2010 celeritas
1851 1981 1917 2019 ejus
1927 1978 2127 2021 quantasitne

1169 2026 1292 2064 cogitari
1302 2023 1425 2064 quidem
1437 2021 1534 2063 poffit²
1547 2032 1649 2053 tamen
1660 2022 1750 2052 nobis
1760 2021 1832 2052 stare
1841 2022 1986 2052 videatur.
2014 2021 2083 2055 Sed,
2095 2031 2128 2051 ut

1170 2068 1307 2095 minuam
1318 2063 1550 2096 controversiam
1564 2064 1680 2094 :videte
1691 2084 1700 2097 ‚
1711 2065 1812 2105 quaeso
1823 2084 1831 2097 ‚
1852 2066 1944 2105 quam
1955 2067 1986 2093 in
1999 2064 2131 2103 parvulis

1169 2106 1239 2138 fitis.
1263 2110 1411 2149 Qattuor
1427 2108 1494 2137 sunt
1509 2109 1620 2148 capita,
1645 2116 1710 2147 quae
1728 2107 1919 2136 concludunt
1931 2126 1939 2139 ,
1957 2106 2036 2136 nihil
2057 2104 2129 2139 effe,

1169 2149 1249 2191 quod
1263 2149 1346 2180 nosci
1357 2169 1365 2183 ,
1381 2151 1510 2190 percipi,
1521 2149 1738 2189 comprehendi
1751 2147 1848 2188 possit.
1872 2148 1907 2178 de
1917 2158 1979 2188 quo
1992 2149 2054 2178 haec
2067 2156 2127 2178 tota

1168 2190 1293 2233 quaestio
1305 2190 1348 2221 est
1371 2202 1376 2221 z
1399 2191 1416 2222 ὲ
1428 2191 1537 2233 quibus
1546 2193 1683 2231 primum
1694 2189 1736 2220 est
1748 2210 1756 2223 ‚
1777 2189 1825 2227 effi’
1837 2190 1955 2232 aliquod
1965 2189 2127 2229 visumfal-

1164 2235 1232 2274 fiam
1241 2245 1252 2260 .·
1263 2233 1427 2264 secundum
1442 2253 1450 2267 ‚
1461 2244 1512 2262 non
1520 2232 1590 2275 poſje
1602 2233 1630 2261 id
1635 2232 1740 2274 percipi
1750 2243 1762 2258 .·
1773 2234 1905 2265 tertium,
1917 2233 1989 2261 inter
1997 2240 2055 2272 quae
2065 2232 2129 2270 vista

1170 2276 1244 2305 nihil
1253 2275 1360 2316 interfit
1369 2275 1448 2314 ,fieri
1459 2274 1588 2317 nonpoffie
1600 2295 1608 2308 ,
1620 2282 1653 2303 ut
1664 2284 1758 2303 eorum
1769 2274 1940 2315 aliapercapi
1949 2273 2056 2313 poffi'nr,
2067 2274 2129 2302 alia

1171 2329 1222 2347 non
1239 2317 1357 2359 pqffint:
1374 2327 1511 2358 quartum
1523 2337 1531 2350 ,
1551 2317 1660 2346 nullum
1670 2316 1718 2354 ff
1729 2317 1825 2355 visum
1835 2326 1932 2346 verum
1942 2326 1960 2344 a
1974 2312 2053 2354 [insu
2062 2323 2127 2356 pro-

1164 2359 1276 2400 festum
1291 2379 1299 2394 ,
1317 2361 1363 2388 cui
1381 2370 1433 2389 non
1449 2358 1604 2402 appositum
1615 2358 1656 2399 fit
1665 2359 1761 2398 ‘visum
1770 2357 1851 2386 aliud
1862 2378 1870 2391 ,
1892 2357 1966 2399 quod
1974 2356 2010 2385 ab
2021 2367 2047 2386 eo
2058 2357 2132 2385 mlail

1171 2402 1298 2444 interfit,
1319 2401 1446 2444 quodque
1460 2402 1565 2442 percipi
1580 2411 1630 2430 non
1644 2400 1735 2442 poffit.
1759 2402 1880 2430 Horum
1901 2400 2130 2439 quattuorcapi·

1174 2454 1238 2474 turri
1259 2444 1421 2474 secundum
1434 2464 1441 2478 ‚
1463 2444 1626 2474 &tertium
1640 2463 1647 2477 ‚
1669 2451 1776 2473 omnes
1787 2441 1968 2472 concedunt.
1990 2442 2126 2480 primum

1175 2489 1319 2527 Epicurus
1339 2496 1403 2516 non
1421 2486 1479 2516 dat.
1507 2495 1561 2516 vos
1581 2505 1590 2520 ‚
1614 2485 1793 2526 quibuscum
1811 2493 1856 2513 res
1874 2482 1917 2513 est
1929 2502 1938 2516 ,
1958 2482 1988 2512 id
2007 2491 2129 2523 quoque

1173 2528 1351 2559 conceditis.
1375 2530 1480 2558 omnis
1498 2537 1595 2569 pugna
1605 2527 1641 2557 de
1654 2535 1757 2567 quarto
1768 2525 1820 2556 est.
1845 2526 1904 2565 Qui
1914 2526 2004 2566 igitur
2016 2526 2048 2554 P.
2059 2527 2128 2555 Ser-

2013 2566 2128 2596 vilium

1160 2648 1220 2672 male
1231 2653 1328 2679 agatur.
1349 2654 1406 2681 quae
1417 2643 1554 2670 diversitas
1575 2642 1633 2668 fere
1645 2651 1687 2668 me
1697 2640 1770 2676 cogit
1789 2638 1908 2674 suspicari
1922 2656 1930 2670 ,
1951 2644 2038 2664 totum
2056 2636 2105 2664 istu

1160 2681 1214 2709 esse
1225 2682 1383 2708 litteratoris
1395 2680 1515 2707 adsutum
1527 2687 1652 2715 pannum.

1195 2718 1224 2744 6.
1245 2722 1290 2752 Ego
1300 2720 1380 2743 Catuli
1390 2720 1521 2743 Cumanum
1531 2726 1560 2741 ex
1577 2716 1616 2740 lm
1625 2717 1670 2739 loco
1680 2715 1789 2745 regionem
1798 2710 1892 2745 videm]
1913 2709 1972 2736 Pal.
1983 2708 2032 2736 stc.
2051 2710 2126 2749 regiq-

1158 2764 1224 2780 num.
1247 2754 1348 2790 Lipsius
1360 2752 1527 2783 emendabat,
1537 2755 1669 2777 Cumanum
1680 2758 1708 2775 ex
1716 2750 1808 2774 hocloco
1817 2748 1828 2773 ὲ
1837 2750 1924 2782 regione
1932 2746 2012 2772 video.
2031 2745 2121 2772 Baulis

1159 2792 1230 2817 enim
1242 2791 1329 2816 habita
1341 2790 1394 2815 haec
1403 2788 1557 2824 disputatio,
1568 2786 1769 2822 oppositumque
1779 2784 1804 2810 ei
1815 2785 1977 2809 Cumanum.
2089 2816 2095 2822 ι

1198 2835 1225 2861 7.
1245 2828 1322 2860 NJftio
1331 2826 1398 2860 qui]
1421 2826 1501 2852 forte
1511 2827 1589 2857 Argus
1600 2823 1663 2855 ruit,
1673 2821 1762 2856 inquit
1773 2819 1859 2847 Aldus
1870 2820 1974 2855 Nepos.
1993 2827 2046 2845 non
2057 2816 2122 2849 fuit3

1160 2862 1199 2889 sed
1215 2865 1329 2887 L-mem.

1197 2874 1309 2924 ssssmm
1320 2907 1352 2923 me
1363 2896 1471 2931 aerim]
1496 2897 1537 2922 Ita
1547 2894 1664 2922 vretorii
1675 2892 1759 2920 editio
1771 2912 1779 2926 ‚
1798 2891 1989 2928 ass‘eutiturquc
2000 2890 2058 2917 Pal.
2077 2898 2121 2926 pr.

1159 2935 1275 2970 vulgati,
1287 2934 1354 2959 dicit.
1908 2947 1917 2950 t
2029 2961 2034 2966 Δ

1193 2980 1222 3005 9.
1243 2974 1322 3004 Neque
1339 2975 1534 3003 ramquerererui·
1545 2976 1596 2993 cum
1606 2970 1650 2993 Deo
1663 2985 1670 2998 ,
1688 2966 1740 2997 elye.
1758 2964 1861 2992 videret.
1891 2963 2035 3002 uRevoeavi
2048 2961 2120 2998 quod

196 3048 214 3074 4
242 3044 268 3066 S,
316 3042 336 3068 ὦ,
352 3038 416 3067 mhi
464 3041 470 3051 ,
515 3041 530 3075 ]
561 3039 620 3067 Pan
651 3039 679 3065 &
698 3037 783 3065 editio
801 3036 916 3064 Victorii
958 3038 983 3071 fi
1017 3037 1097 3071 inquis
1136 3018 1138 3051 ζ
1158 3014 1214 3034 erat
1225 3007 1250 3033 in
1262 3005 1347 3033 tribus
1358 3005 1416 3032 ruff⁴
1427 3002 1771 3040 nostris5produxeratque
1782 3001 1863 3028 etiarn
1896 2998 2063 3027 .Vistorius.
2076 3007 2119 3023 re-

219 3061 237 3072 .,
259 3052 267 3066 l
285 3051 315 3075 qu
427 3061 435 3074 ,
454 3050 506 3072 &C-
627 3060 632 3066 ·
837 3050 849 3063 Β
928 3056 937 3069 t
992 3056 1000 3069 5
1109 3055 1117 3068 ²

1157 3043 1289 3070 centiores
1300 3043 1369 3068 enim
1380 3041 1542 3067 adhaerentes
1552 3039 1700 3076 antiquitus
1711 3037 1776 3065 culis
1789 3056 1798 3069 ,
1807 3045 1880 3071 neque
1888 3042 1939 3061 tam
1948 3044 2059 3071 quererer
2068 3043 2118 3060 cum

1157 3082 1211 3110 Deo,
1221 3081 1272 3109 gift.
1292 3079 1406 3103 viderem.
1427 3078 1529 3112 inepte.
1874 3103 1881 3107 .
1960 3105 1962 3108 r
2062 3081 2065 3083 ·
2097 3105 2104 3110 .

1197 3124 1238 3141 10.
1258 3116 1306 3147 ΩΨ
1314 3124 1342 3140 ne
1351 3123 1414 3139 mim·
1425 3113 1516 3147 quidem
1527 3131 1535 3145 ‚
1546 3112 1596 3138 citm
1605 3111 1641 3137 ille
1649 3112 1696 3143 Sol,
1705 3110 1772 3144 dvm]
1794 3110 1837 3136 Sic
1847 3106 1917 3136 Palh
1936 3115 2053 3146 quoque.-
2071 3106 2121 3145 Yi-

1156 3150 1235 3177 &orii
1246 3150 1330 3176 editio
1341 3149 1423 3176 verbo
1434 3149 1548 3185 amplior
1561 3167 1568 3180 ‚
1578 3147 1670 3183 quidem
1677 3154 1763 3181 putat,
1774 3147 1834 3172 cirin.
1855 3143 2017 3171 Gulielmius
2028 3141 2121 3169 distin-

1536 3222 1682 3251 1111112
2040 3214 2099 3239 ΜΩ
