2360 3400
464 116 1470 188 AcADEM.‘Q1AEs'‘⁴r10N‘UM‚
1534 125 1689 173 Lm.
1739 126 1801 173 H.

158 205 448 254 nmquam'dilapsus
458 205 595 236 occidat.'
608 204 682 234 Tibi
694 205 752 235 hoc
762 204 1007 245 i·epudiai⁴e,illud
1018 214 1119 236 autem

2012 143 2105 194 9‘93

1167 196 1289 238 Titnaeo
1306 207 1405 239 dicere
1425 208 1547 250 quidam
1567 207 1763 243 arbitrantur,
1783 206 1831 239 sed
1841 207 2119 249 paullo'obscurius.

163 255 297 294 superius
310 270 319 285 ‚
344 253 354 269 ¹
367 248 438 279 sicut
448 254 555 289 caput,
578 247 731 286 &jamam
746 255 844 280 tuam,
863 247 1000 287 defendere
1008 246 1122 277 necesse
1167 249 1248 288 Qid
1277 259 1308 280 tu
1328 252 1475 290 Epicure?
1494 251 1624 291 loquere.
1656 260 1740 290 putas
1766 251 1859 281 solem
1877 249 1935 281 effe
1952 252 2119 281 tantulum?

161 298 218 326 erit
230 305 235 324 :
246 293 335 325 mihi,
346 301 385 321 ne
393 299 426 321 ut
435 289 571 320 dubitem
582 292 718 330 quidem,
731 291 925 330 relinquatur?
937 298 969 318 ut
980 292 1120 319 omittam

158 337 312 368 levitatem
334 342 447 363 temere
464 330 687 361 assentientium
699 350 707 364 ,
727 341 830 372 quanti
848 330 963 360 libertas
983 330 1034 360 ista
1043 330 1120 360 aesti-

159 376 270 409 manda
282 375 336 408 est,
348 384 410 404 non
421 375 498 403 mihi
509 371 622 402 neceffe
633 371 701 406 effe,
716 373 796 414 quod
813 372 866 403 tibi
877 372 919 403 est
932 375 943 402 ?
960 374 1020 402 Cur
1030 371 1115 406 deus,

159 420 267 450 omnia
284 416 367 453 nostri
385 417 471 455 causa
489 415 561 445 cum
576 414 685 445 faceret
703 415 713 454 (
728 414 765 445 sic
774 417 857 444 enim
869 414 984 454 vultis)
1006 422 1117 444 tantam

158 462 226 491 vim
247 461 392 489 natricum
405 478 413 492 ‚
432 467 662 498 viperarumque
681 455 806 486 fecerit?
825 466 878 486 cur
887 455 1041 486 mortifera
1053 465 1115 486 tam

158 502 256 532 multa
273 500 439 541 perniciosa
454 509 527 529 terra
538 518 546 531 ,
569 501 704 540 marique
721 498 910 538 disperserit?
931 499 1044 538 negatis
1053 498 1116 528 haec

158 551 220 575 tam
234 543 330 582 polite
340 561 349 576 ‚
361 551 481 582 tamque
494 540 642 571 subtiliter
652 538 731 570 effici
741 538 869 580 potuiffe
877 538 937 569 fine
946 538 974 568 dt
983 540 1048 568 uina
1056 539 1115 568 ali-

158 585 348 624 auasiilertia.
371 594 456 622 cujus
467 583 589 624 quidem
604 592 659 611 vos
672 581 855 616 maiestatem
866 581 1012 611 deducitis
1021 581 1113 622 usque

156 613 193 658 διὰ
206 630 308 667 apium
320 646 328 660 ,
349 625 607 665 formicarumque
625 623 843 664 perieffionem
858 634 864 652 :
886 632 919 653 ut
936 627 1025 653 etiam
1037 626 1114 653 inter

155 669 230 709 dens
238 667 442 709 Myrmecides
451 670 558 708 aliquis
567 669 581 685 2
594 670 783 696 minutorum
796 665 1010 705 opusculorum
1021 664 1114 695 fabri—

157 711 242 742 cator
252 731 260 745 ,
274 709 362 740 fuisse
370 709 511 739 videatur.
538 711 635 749 Negas
641 708 699 748 sine
706 707 752 736 deo
758 707 827 748 ροβε
838 707 1008 748 quidquam.
1033 709 1110 737 Ecce

155 753 211 783 tibi
229 753 246 783 ὲ
271 752 434 783 transverso
446 750 662 790 Lampsacenus
671 753 767 779 Strato
778 768 786 782 ‚
805 748 914 788 quidet
925 748 972 778 isti
981 748 1039 778 deo
1050 750 1109 778 im-

156 797 353 825 munitatem:
375 794 477 832 magni
495 791 619 832 quidem
633 793 766 821 muneris
777 810 786 823 ,
806 791 854 820 sed
865 789 936 820 cum
946 790 1109 820 sacerdotes

155 836 284 867 deorum
305 836 481 864 vacationem
496 834 624 863 habeant
647 852 656 865 ‚
678 842 791 872 quanto
807 831 850 862 est
867 833 982 872 aequius
1000 832 1107 861 habere

155 879 237 919 ipsos
261 878 332 908 deos
356 880 366 905 ?
383 885 469 917 negat
487 884 574 914 opera
584 874 718 903 ‘deorum
737 873 765 903 se
784 876 827 903 uti
844 874 880 902 ad
898 873 1107 903 fabricandum

156 920 319 950 mundum.
342 926 540 959 quaecumque
559 914 634 948 sint,
654 915 741 944 docet
759 916 863 944 omnia
872 913 930 944 effe
940 913 1044 945 effe&a
1055 925 1107 943 na-
1132 950 1134 952 ³

154 970 223 991 tura
232 973 243 989 :
254 971 309 991 nec
323 980 331 993 ‚
344 969 376 989 ut
386 959 437 988 ille
448 978 455 991 ,
468 957 635 998 qtiiasperis
645 975 653 989 ,
665 956 698 985 δε
710 956 846 989 laevibus‚
859 956 891 986 &
902 957 1039 990 hamatis,
1051 967 1109 986 un·
1132 979 1133 983 ,

151 1003 315 1043 cinatisque
333 999 509 1040 corporibus
531 1007 670 1028 concreta
690 999 752 1027 haec
763 996 820 1028 effe
831 999 928 1032 dicat,
950 998 1111 1038 interjedto
1132 1003 1133 1022 l

150 1045 246 1075 inani.
269 1044 388 1074 somnia
405 1041 502 1072 censet
520 1041 581 1070 haec
599 1039 657 1069 effe
677 1042 865 1074 Democriti,
885 1050 948 1070 non
959 1040 1108 1074 docentis,

150 1086 201 1117 sed
211 1087 352 1125 optantis.
365 1085 426 1124 ipse
438 1092 537 1114 autem
551 1082 674 1123 singulas
684 1082 790 1111 mundi
801 1084 908 1122 parteis
917 1082 1107 1123 persequens,

150 1127 299 1168 quidquid
311 1136 359 1156 aut
373 1125 424 1159 sit,
438 1134 486 1156 aut
499 1123 558 1158 fiat,
573 1124 754 1154 naturalibus
766 1122 829 1153 fieri
841 1144 850 1156 ‚
863 1133 913 1154 aut
925 1123 1040 1154 faetum
1050 1123 1109 1154 effe

150 1171 240 1204 docet
257 1168 442 1209 ponderibus
461 1187 470 1201 2
499 1167 531 1196 &
552 1166 696 1195 motibus.
719 1168 766 1195 Sic
784 1165 836 1195 ille
857 1166 890 1195 δε
908 1166 1001 1196 deum
1021 1176 1110 1206 opere

153 1220 266 1251 magno
285 1211 389 1240 liberat
407 1220 413 1238 t
438 1209 473 1239 ·&
493 1218 542 1237 me
561 1217 678 1238 timore.
702 1209 778 1248 Qis
796 1209 879 1237 enim
903 1207 999 1247 potest
1021 1210 1111 1247 (cum

150 1253 306 1283 existimet
315 1250 333 1280 ἃ
342 1251 422 1290 deose
432 1249 552 1290 curari)
571 1260 634 1279 non
646 1249 678 1279 ὃς
689 1248 752 1279 dies
764 1269 772 1282 ‚
797 1249 831 1278 &
842 1248 960 1279 no&eis
971 1249 1111 1280 divinum

150 1305 268 1325 numen
279 1296 418 1324 horrere?
435 1294 467 1322 &
481 1313 489 1326 ,
502 1290 521 1321 si
532 1294 603 1332 quid
614 1289 723 1322 adver-fi
733 1291 871 1321 acciderit
881 1291 973 1332 (quod
987 1294 1035 1322 cui
1047 1302 1110 1322 non

149 1337 258 1367 accidit
272 1337 302 1374 ?)
322 1335 536 1367 exciit-restem,
556 1344 591 1363 ne
612 1334 714 1372 idjure
727 1335 881 1364 evenerit?
903 1336 970 1364 Nec
979 1336 1108 1364 Stratoni

151 1388 253 1409 tamen
271 1376 428 1407 assentior:
449 1386 505 1406 nec
522 1374 593 1405 verb
614 1374 681 1404 tibi.
702 1374 800 1404 'modo
820 1376 878 1404 hoc
891 1395 899 1409 ‚
923 1375 1107 1406 modoillud

150 1420 336 1461 probabilius
354 1418 484 1448 videtur.
508 1419 617 1446 Latent
638 1415 690 1445 ista
700 1418 804 1445 omnia
815 1436 823 1449 ,
844 1417 972 1446 Luculle
981 1437 989 1451 ‚
1011 1416 1106 1447 craffis

150 1462 306 1493 occultata,
320 1457 540 1490 &circumfusa
549 1457 690 1490 tenebris,
705 1466 737 1486 ut
751 1467 868 1487 NULLA
879 1468 976 1488 ACIES
988 1468 1105 1488 HUMA·

149 1503 191 1534 *Ni
203 1510 344 1533 mot-:mr
355 1499 477 1531 tanta-‘fit
488 1519 496 1533 ,
508 1509 574 1540 quae
584 1508 736 1539 penetrare
747 1500 779 1528 in
790 1499 898 1529 caelum
911 1520 919 1533 ,
933 1509 1041 1530 terram
1055 1502 1103 1530 in-

148 1554 224 1576 trare
241 1542 335 1583 poffit.
359 1552 482 1582 corpora
500 1541 599 1571 nostra
619 1550 683 1571 non
702 1542 864 1570 novimus:
884 1543 937 1582 qui
958 1540 1015 1571 sint
1034 1540 1104 1572 situs

146 1587 276 1628 partium
296 1597 305 1619 3
332 1595 420 1625 quam
443 1586 507 1614 vim
526 1593 653 1624 quaeque
670 1591 736 1623 pars
754 1581 857 1612 habeat
875 1602 883 1616 ‚
916 1585 1102 1624 ignoramus.

143 1631 244 1668 itaque
254 1627 365 1657 medici
374 1625 440 1666 ipsi,
450 1634 581 1667 quorum
592 1626 732 1655 intererat
741 1634 774 1654 ea
784 1622 880 1657 noss'e,
893 1627 904 1651 3
915 1635 1102 1665 aperuerunt,

145 1678 180 1700 ut
202 1661 385 1700 viderentur.
411 1678 466 1698 nec
484 1678 520 1697 eo
542 1676 642 1697 tamen
652 1667 906 1706 ajunt4empirici
918 1670 1034 1697 notiora
1045 1666 1103 1697 effe

144 1712 216 1742 illa:
237 1713 306 1752 quia
315 1709 403 1750 possit
413 1709 477 1740 fieri
488 1730 497 1743 ‚
518 1713 533 1737 5
544 1717 574 1739 ut
586 1707 732 1749 patefaEm
744 1728 752 1741 ,
776 1709 809 1738 &
818 1708 933 1739 detesta
942 1717 1099 1739 mutentur.

143 1753 201 1785 Sed
231 1752 339 1793 ecquid
359 1762 416 1781 nos
433 1752 543 1781 eodem
564 1751 659 1781 modo
675 1759 774 1781 rerum
800 1759 916 1781 naturas
940 1753 1100 1791 persecare,

143 1797 269 1835 aperire,
281 1794 415 1824 dividere
424 1792 580 1833 pofl'umus
590 1813 597 1826 ‚
623 1803 655 1822 ut
664 1792 821 1822 videamus
832 1812 841 1825 ,
859 1802 933 1822 terra
944 1794 1103 1832 penitusne

144 1836 244 1867 defixa
254 1835 288 1866 sit
298 1856 306 1870 ,
321 1836 352 1865 &
362 1834 440 1876 quasi
450 1835 596 1865 radicibus
606 1835 665 1864 suis
677 1836 784 1864 haei-eat
796 1853 805 1867 ‚
816 1843 852 1863 an
861 1834 954 1863 media
963 1835 1102 1874 pendeat?

143 1879 280 1909 Habitari
290 1880 330 1908 ait
342 1878 545 1917 Xenophanes
555 1879 587 1906 in
600 1877 681 1910 luna,
693 1885 818 1915 eamque
828 1874 887 1905 effe
902 1885 1008 1906 terram
1019 1877 1101 1906 mul-

137 1928 237 1951 tatum
250 1920 382 1953 urbium,
393 1919 425 1949 &
435 1920 600 1949 montium.
622 1927 759 1958 portenta
767 1917 910 1947 videntur
921 1929 926 1946 :
939 1918 987 1948 sed
999 1927 1101 1949 tamen

138 1960 239 2003 iieque
250 1963 301 1991 ille
312 1981 321 1996 ,
332 1963 384 2002 qui
396 1961 474 1991 dixit
484 1962 597 2000 ,jurare
606 1959 701 2000 polset
711 1961 750 1990 ita
760 1959 789 1989 se
798 1969 861 1989 rem
872 1960 991 1994 habere,
1004 1970 1101 2001 neque

140 2015 207 2045 ego.
231 2006 346 2034 Nonne
357 2005 448 2034 etiam
457 2003 568 2037 dicitis,
585 2001 642 2032 effe
653 2000 669 2022 ⁶
681 2002 697 2032 ὲ
706 2004 829 2043 regione
841 2002 944 2036 nobis,
957 2004 973 2032 ἐ
982 2011 1098 2032 contra-

137 2049 181 2077 ria
203 2055 283 2086 parte
302 2055 404 2078 terrae,
424 2047 477 2086 qui
493 2044 619 2075 adverfis
637 2043 771 2085 vestigiis
788 2042 865 2073 stent
886 2053 989 2074 contra
999 2043 1101 2074 nostra

137 2087 261 2128 vestigia
271 2107 279 2121 ‚
299 2097 375 2128 quos
392 2087 559 2129 Antipodas
569 2089 702 2118 vocatis?
717 2096 773 2117 cur
781 2087 860 2115 mihi
874 2088 967 2127 magis
977 2086 1098 2116 succen-

136 2129 207 2161 setis
216 2150 224 2164 ‚
235 2132 287 2171 qui
303 2129 356 2160 ista
369 2140 432 2159 non
440 2130 580 2169 aspernor
595 2129 706 2169 ‚quam
718 2130 760 2158 eis
775 2147 783 2161 ,
795 2129 868 2168 qui,
878 2127 949 2157 cum
961 2128 1100 2162 audiunt.

137 2170 268 2212 desipere
277 2181 332 2201 vos
342 2171 519 2201 arbitrantur
528 2177 538 2202 ?
547 2176 575 2200 ’7
583 2173 704 2201 Nicetas
713 2168 890 2210 Syracusius,
903 2179 936 2200 ut
944 2179 983 2200 ait
994 2171 1099 2200 Theo-

137 2212 271 2254 phrastes
281 2233 290 2247 ‚
308 2214 415 2243 caelum
426 2233 434 2246 ‚
457 2213 552 2243 solem
564 2233 574 2246 ,
595 2213 699 2243 lunam
710 2231 719 2246 ,
731 2211 828 2242 stellas
839 2231 847 2246 ‚
859 2212 960 2251 supera
969 2212 1100 2252 denique

138 2257 263 2288 omnia,
276 2253 351 2291 stare
369 2256 476 2295 censet:
490 2265 588 2295 neque
606 2263 711 2294 praeter
731 2263 837 2284 terram
850 2273 859 2286 ,
878 2263 942 2283 rem
963 2255 1055 2284 ullam
1068 2256 1100 2284 in

139 2297 259 2328 mundo
270 2299 388 2327 moveri
399 2308 404 2326 :
415 2307 480 2337 quae
489 2296 562 2326 cum
571 2297 685 2327 circum
695 2306 782 2327 axem
793 2296 822 2326 se
832 2296 950 2326 summa
963 2296 1098 2327 celerita-

132 2337 167 2370 ’τε
178 2348 341 2373 convertat,
350 2339 388 2369 ’δε
397 2347 542 2378 torqueat,
554 2338 657 2369 eadem
675 2337 754 2369 effici
763 2339 879 2372 omnia,
891 2332 905 2357 8
914 2336 993 2379 quasi
1005 2337 1098 2368 stante

120 2389 213 2419 ¹teri-a
232 2381 340 2413 caelum
364 2390 546 2412 moveretur.
587 2389 676 2422 atque
690 2381 754 2411 >hoc
776 2381 868 2411 etiam
886 2381 1044 2411 Platonem
1063 2382 1097 2411 in

172 2505 197 2522 1.
215 2498 281 2522 sieut
298 2497 405 2529 caput&
414 2498 511 2531 famam
529 2504 597 2523 tuam
614 2497 758 2532 defoedet-m]
778 2497 836 2525 Pal.
848 2493 898 2524 sec.
911 2499 974 2532 fir-ut
993 2504 1064 2531 caput
1085 2497 1096 2523 ὲ

130 2534 234 2567 flamma
244 2540 310 2557 tuum
321 2532 410 2565 defind.

172 2576 200 2593 2.
222 2571 370 2594 Minutorum
387 2569 569 2604 opuftulorum]
592 2569 648 2596 Pal.
659 2568 709 2596 ste.
720 2569 748 2596 Sc
768 2571 795 2596 S.
806 2568 924 2597 Visstoris
934 2572 1092 2597 inimicorum.

133 2602 207 2630 forte
217 2606 374 2635 inimicorum,
385 2612 495 2631 annotat
506 2605 680 2632 Gulielmius.

170 2648 199 2701 ἐ.
218 2642 370 2673 Aper-uerunt
388 2647 414 2665 ut
431 2640 598 2675 viderentur]
619 2642 663 2668 Est
682 2640 778 2668 aPall.
798 2641 826 2666 St
837 2640 954 2670 editione
965 2641 1091 2669 Vi&orii.

131 2684 168 2712 pii
190 2675 259 2702 licati
267 2695 273 2707 ‚
283 2684 311 2701 ut
320 2685 348 2702 ea
356 2677 476 2702 fiderent.

172 2719 200 2745 4.
221 2715 337 2745 Empirici
353 2715 444 2738 notiora
466 2712 542 2746 effla]
572 2712 615 2738 Sic
633 2711 786 2739 emendavit
804 2713 930 2749 primitus
949 2714 1092 2741 Turnebus

133 2747 183 2774 lib.
194 2757 272 2775 xiix.
283 2757 339 2784 cap.
355 2749 395 2775 18.
416 2748 529 2774 Adverf.
541 2757 572 2775 iie
583 2750 641 2784 quis
654 2749 785 2775 Lambino
794 2748 922 2776 adscribat
935 2769 944 2782 ,
955 2750 999 2776 fibi
1011 2749 1038 2776 id
1048 2760 1089 2776 :ir-

134 2785 252 2819 roganti.
272 2786 307 2811 Et
320 2785 381 2810 vero
401 2784 439 2810 ita
457 2784 615 2811 stribirurin
635 2786 662 2810 S.
674 2784 790 2812 Vijris
798 2785 881 2812 libro.
902 2796 953 2812 non
966 2787 1091 2819 empiricis,

134 2827 166 2855 ut
177 2820 232 2846 fere
245 2820 380 2856 vu'lgatu'r.
400 2821 471 2856 quod
490 2823 551 2847 cuin
563 2821 590 2846 &
606 2821 685 2848 restet
703 2821 729 2848 iii
741 2821 813 2847 Pali.
834 2820 976 2848 videndum
995 2832 1028 2848 an
1040 2832 1091 2849 non

136 2854 231 2888 fuerit,
241 2859 345 2890 empirici
352 2857 381 2882 ria
389 2861 492 2888 notiora,
502 2858 553 2887 glyc.

151 2917 153 2919 .
175 2899 201 2924 5.
221 2894 378 2925 Utpatefac‘la
387 2894 415 2923 (ξ’
424 2893 514 2919 derefla
522 2894 669 2927 mutentur]
684 2893 815 2920 volumen
827 2894 854 2919 S.
865 2892 982 2919 Vitstoris
995 2894 1093 2927 dejeHa,

131 2925 207 2962 ‘quod
219 2928 282 2955 mihi
291 2929 376 2964 placet
387 2948 395 2961 ,
415 2929 477 2955 licet
487 2930 612 2956 maluerit
623 2930 785 2956 Gulielmius
795 2930 936 2956 reformari
946 2929 972 2956 in
984 2929 1090 2964 disjecta.

134 2962 262 2990 haetenus
273 2965 376 3000 recept'a
385 2974 437 2991 vox
449 2966 607 3002 iri'eptissinia
615 2966 660 2992 est.

173 2999 202 3025 6.
221 3002 244 3024 Ε
252 3003 336 3032 regione
345 3002 407 3027 nobis·
419 3021 428 3033 ,
445 3002 589 3028 &contraria
601 3009 673 3035 parte
683 3009 750 3028 τευ-ι
761 3021 769 3033 ,
787 3002 854 3036 elsa]
876 3001 934 3028 Pal.
945 3000 995 3028 sec.
1012 3004 1040 3028 in
1052 3011 1091 3027 re-

129 3036 197 3068 gione
208 3053 215 3065 ,
233 3033 300 3061 adeo
310 3043 338 3062 ut
348 3036 451 3064 dubites
465 3058 473 3069 ,
492 3037 606 3074 spurium
619 3038 649 3065 lit
661 3049 691 3064 iie
711 3039 799 3074 potius
812 3057 819 3069 ‚
839 3039 945 3072 &regiam
954 3038 1016 3064 nohis
1029 3057 1037 3069 ,
1056 3047 1088 3064 an

127 3071 286 3134 {rammi-ia.
293 3078 362 3102 parte
379 3079 464 3106 τινα,-
482 3074 547 3101 licet
557 3074 681 3101 ultimum
693 3073 872 3111 proseripstrit
883 3083 931 3110 pro
946 3074 997 3101 'tuli
1007 3075 1088 3102 Lam-

154 3115 223 3132 inns.
732 3115 735 3118 ⁴

169 3150 198 3176 7.
218 3142 349 3177 mertam]
372 3143 475 3170 lta‘duo
485 3140 673 3183 codd.-scripti‚
683 3156 749 3182 quos
760 3146 922 3174 Gulielmius
933 3147 1009 3178 citat,
1020 3154 1088 3182 quo-

128 3177 214 3208 modo
223 3178 416 3207 emendandum
427 3180 553 3217 putabant
562 3182 693 3212 oetavius
703 3184 841 3213 Ferrarius
859 3183 929 3222 apud
947 3184 979 3213 P.
989 3184 1089 3213 Manu-

1166 291 1182 314 9
1195 293 1259 330 Ego
1278 302 1316 321 ne
1336 293 1422 322 vobis
1440 292 1563 333 quidem
1587 301 1713 323 tantum.
1738 293 1786 322 sed
1798 293 1832 323 δε
1842 303 1896 323 vos
1903 293 1939 324 ab
1950 293 2121 323 illoitride-

1164 332 1260 360 mini:
1284 333 1317 363 &
1335 333 1387 374 ipfi
1407 335 1495 364 illum
1515 332 1640 365 viciffim
1661 335 1792 365 eluditis.
1817 335 1908 365 Liber
1930 337 2021 376 igitur
2041 334 2057 364 a
2067 335 2119 365 tali

1162 371 1298 404 irrisione
1309 378 1442 406 Socrates
1452 395 1460 409 ‚
1474 375 1549 406 liber
1558 375 1658 406 Aristo
1670 378 1774 410 Chius,
1787 379 1837 417 qui
1850 377 1923 406 nihil
1931 376 2120 416 istorumscin'

1158 416 1331 456 putarpnffe.
1354 417 1410 447 Sed
1422 417 1511 447 redeo
1521 417 1555 447 ad
1565 427 1703 448 animum
1717 438 1725 451 ,
1748 418 1781 447 &
1790 428 1906 458 corpus.
1930 419 2041 448 Satisne
2053 428 2120 448 tan·-

1159 455 1230 485 dem
1241 466 1272 486 ea
1284 466 1353 487 nota
1364 459 1431 488 sunt
1440 459 1540 492 nobis,
1551 469 1616 499 quae
1627 468 1775 488 nervorum
1788 469 1890 490 natura
1900 459 1941 493 sit,
1954 470 2019 501 quae
2031 470 2118 489 vena-

1156 502 1242 525 rum?
1259 501 1438 530 tenemusne
1447 501 1517 540 quia
1525 501 1638 529 animus
1648 500 1704 531 sit?
1724 500 1837 531 ubisit?
1860 502 1990 542 denique
2001 523 2010 535 ,
2030 501 2116 535 fitne,

1156 547 1225 571 aut,
1249 549 1281 569 ut
1297 542 1473 571 Dicaearcho
1492 543 1591 572 visum
1602 542 1645 573 est
1656 563 1664 576 ,
1685 553 1723 573 ne
1733 541 1766 573 fit
1779 543 1902 584 quidem
1915 545 2013 573 ullus?
2034 542 2113 574 siest:

1155 581 1261 610 treisne
1279 585 1384 621 parteis
1404 583 1508 614 habeat
1518 603 1526 616 ‚
1548 593 1580 614 ut
1598 585 1715 615 Platoni
1734 585 1844 624 placuit
1854 606 1863 618 ,
1886 588 2010 616 rationis
2021 605 2028 618 ‚
2054 587 2116 619 irae,

1154 622 1326 661 cupiditatis
1341 634 1396 653 :an
1407 623 1534 665 simplex
1545 645 1553 658 ‚
1576 627 1712 667 unusque
1722 626 1773 657 sit?
1792 626 1813 656 si
1828 626 1954 667 simplex
1967 637 2069 657 utrum
2082 626 2116 657 sit

1155 666 1245 705 ignis,
1256 675 1293 694 an
1302 667 1412 699 anima,
1425 676 1462 696 an
1473 667 1602 707 sanguis?
1611 678 1659 700 an,
1678 678 1710 698 ut
1721 671 1913 703 Xenocrates,
1927 679 2015 699 mens
2027 669 2114 698 nullo

1154 715 1280 745 corpore
1291 707 1300 733 ?
1311 707 1393 747 quod
1408 708 1550 749 intelligi,
1563 710 1648 748 quale
1660 708 1703 742 sit,
1715 713 1769 739 vix
1780 710 1885 750 potest.
1910 712 1954 745 &,
1965 710 2113 751 quidquid

1155 746 1207 781 est,
1217 750 1336 777 mortale
1346 748 1390 782 sit,
1402 759 1440 778 an
1451 757 1580 778 eternum
1596 754 1606 779 ἓ
1631 760 1699 780 nam
1716 754 1745 770 ¹0
1757 762 1877 793 utraque
1887 754 1919 783 in
1929 762 2006 793 parte
2018 753 2114 782 multa

1158 789 1307 820 dicuntur.
1333 792 1454 820 Horum
1471 792 1584 831 aliquid
1604 791 1702 821 vestro
1723 794 1845 832 sapienti
1856 804 1970 825 certum
1983 794 2111 824 Videtur:

1157 830 1260 861 nostro
1272 851 1280 865 ‚
1300 842 1338 862 ne
1355 832 1427 872 quid
1449 834 1583 862 maxime
1604 834 1726 872 quidem
1738 835 1890 873 probabile
1901 835 1934 866 sit
1944 857 1952 869 ‚
1972 837 2113 867 occurrit.

1156 874 1195 903 ita
1206 873 1317 903 suntin
1327 874 1474 913 plerisiue
1492 878 1707 904 contrariarum
1720 878 1869 906 rationum
1881 880 1960 917 paria
1970 887 2114 908 momen-

1157 923 1194 944 ta.
1217 917 1271 945 Sin
1291 918 1351 956 agis
1370 916 1570 946 verecundius
1582 936 1590 950 ,
1616 917 1648 946 &
1670 926 1719 946 me
1728 918 1840 948 accusas
1852 939 1859 952 ,
1886 929 1948 949 non
1959 919 2042 960 quod
2054 921 2117 950 tuis

1157 957 1325 987 rationibus
1336 967 1398 988 non
1407 956 1606 992 affentiai·,sed
1616 958 1697 999 quod
1709 960 1819 989 nullis:
1832 961 1952 991 vincam
1962 963 2113 992 animum:

1155 1001 1263 1039 cuique
1273 998 1419 1033 assentiar,
1431 999 1570 1041 deligam.
1595 1011 1688 1041 quem
1700 1000 1908 1040 potiffimum?
1926 1013 2016 1043 quem
2028 1006 2038 1032 ?
2048 1006 2115 1033 De-

1156 1043 1345 1071 mocritum?
1366 1043 1482 1081 semper
1493 1045 1575 1072 enim
1596 1045 1606 1081 (
1622 1052 1654 1072 nt
1666 1043 1767 1083 scitis)
1789 1043 1938 1075 studiosus
1949 1045 2115 1075 nobilitatis

1153 1081 1210 1112 fui.
1234 1083 1372 1124 Urgebor
1392 1084 1451 1122 jam
1470 1086 1613 1114 omnium
1637 1083 1769 1115 vestrum
1782 1087 1934 1116 convicio.
1959 1090 2049 1116 Tunc
2061 1095 2111 1116 aut

1156 1125 1236 1154 inane
1247 1125 1411 1166 quidquam
1420 1135 1506 1165 putes
1519 1125 1576 1156 esse
1590 1147 1598 1159 ,
1617 1136 1686 1156 curn
1699 1128 1740 1157 ita
1750 1128 1899 1167 completa
1908 1149 1917 1161 ‚
1938 1128 1971 1157 ὃς
1980 1127 2115 1158 conferta

1154 1165 1210 1196 lint
1232 1169 1338 1197 omnia
1349 1187 1357 1200 ,
1382 1171 1407 1186 ¹¹
1423 1168 1496 1198 ut&
1508 1168 1590 1208 quod
1605 1169 1777 1198 movebitur
1785 1170 2038 1209 corporumcedai:
2049 1189 2058 1204 ,
2079 1170 2113 1200 δε

1153 1209 1210 1249 qua
1226 1209 1359 1250 quidque
1368 1207 1576 1243 cess'erit,aliud
1588 1210 1671 1239 illico
1680 1210 1883 1251 subsequatur?
1893 1212 2112 1242 auran-masui-

1148 1251 1223 1284 las‚e
1237 1250 1346 1291 quibus
1356 1251 1503 1292 quidquid
1515 1251 1670 1285 efficiatur,
1682 1253 1800 1283 illarum
1811 1250 1844 1283 sit
1855 1252 2107 1284 diffimillimum?

1151 1301 1201 1322 aut
1211 1291 1270 1322 sine
1285 1294 1382 1334 aliqua
1392 1302 1483 1322 mente
1492 1304 1554 1323 rem
1567 1295 1660 1323 ullam
1670 1293 1748 1325 effici
1760 1293 1841 1334 posse
1853 1296 2044 1335 praeclaram?
2065 1296 2112 1327 &v

1153 1333 1225 1364 curn
1238 1336 1270 1364 in
1281 1345 1344 1364 uno
1359 1335 1477 1366 mundo
1487 1345 1608 1365 ornatus
1619 1337 1669 1366 hic
1680 1346 1740 1366 tam
1752 1336 1784 1366 sit
1796 1338 1954 1371 mirabilis,
1967 1340 2112 1367 innume-

1149 1376 1278 1409 rabilem,
1291 1377 1384 1417 supra,
1399 1377 1486 1411 infra,
1502 1377 1616 1411 dextra,
1630 1377 1752 1412 sinistra,
1763 1379 1843 1412 ante,
1854 1378 1932 1419 post,
1944 1381 2018 1410 alios
2029 1378 2112 1410 diffi-

1151 1418 1268 1451 mileis‚
1289 1419 1364 1448 alios
1381 1419 1604 1458 ejusdemmodi
1615 1420 1747 1450 mundos
1757 1419 1835 1450 effe?
1850 1422 1883 1451 ὃς
1894 1441 1902 1455 ,
1919 1431 2016 1452 utnos
2027 1431 2112 1451 nunc

1150 1462 1178 1478 ¹²
1190 1458 1281 1489 simus
1291 1461 1326 1490 ad
1338 1462 1456 1494 Baulos,
1469 1462 1665 1501 Puteolosque
1675 1462 2113 1496 videamu33s1cinnumerabi-

1149 1501 1204 1530 leis
1214 1502 1335 1540 paribus
1347 1504 1378 1531 in
1390 1503 1464 1532 locis
1474 1501 1541 1536 effe,
1553 1503 1665 1532 eisdem
1677 1504 2052 1537 nominibus‚bonoribus‚
2064 1514 2114 1535 re*

1148 1542 1202 1571 bus
1212 1542 1582 1584 gestis‚ingeniis‚f01·mis‚
1590 1544 1855 1578 aetatibusaeisdem
1865 1546 1902 1575 de
1912 1546 1998 1576 rebus
2008 1545 2114 1585 dispu-

1147 1587 1275 1614 tanteis.2
1295 1586 1339 1618 &,
1353 1584 1374 1614 si
1388 1595 1481 1619 nunc,
1492 1595 1541 1615 aut
1551 1584 1573 1615 si
1583 1589 1673 1616 etiam
1685 1586 1870 1617 dormientes
1879 1587 1992 1627 aliquid
2003 1590 2113 1617 animo

1148 1625 1250 1656 videre
1263 1626 1440 1660 videamur,
1459 1629 1607 1668 imagines
1620 1628 1804 1658 extrinsecus
1815 1630 1848 1658 in
1858 1631 1979 1658 animos
1991 1628 2113 1659 nostros

1148 1677 1201 1708 pei·
1209 1678 1316 1708 corpus
1326 1670 1503 1709 irrumpere?
1512 1672 1561 1699 Tu
1572 1668 1642 1699 vero
1657 1668 1710 1699 ista
1720 1680 1757 1699 ne
1768 1670 1916 1704 asciveris,
1929 1681 2006 1701 neve
2016 1669 2112 1702 fueris

1146 1712 1370 1741 commentitiis
1382 1711 1469 1741 rebus
1478 1708 1615 1742 affen'sus.
1627 1712 1706 1742 nihil
1717 1712 1882 1746 sentire‚est
1893 1713 2112 1758 meliusquatn-

1148 1762 1207 1783 tam
1218 1762 1307 1792 prava
1316 1754 1434 1784 sentire.
1456 1756 1532 1784 Non
1551 1763 1622 1795 ergo
1634 1754 1664 1784 id
1677 1756 1774 1796 agitur
1783 1775 1791 1788 ‚
1814 1755 1975 1795 utvaliquid
1993 1753 2111 1785 assensu

1148 1804 1219 1824 meo
1231 1795 1443 1834 comprobem.
1467 1805 1533 1835 quae
1543 1804 1574 1825 tu
1586 1796 1664 1829 vide,
1676 1806 1714 1826 ne
1723 1795 1896 1834 impudenter
1903 1798 1994 1827 etiam
2006 1795 2112 1836 postu-

1145 1837 1198 1870 les,
1212 1846 1274 1866 non
1286 1835 1388 1867 solum
1396 1845 1579 1877 arroganter:
1597 1838 1759 1877 praesertim
1771 1838 1843 1867 cum
1852 1837 1915 1869 ·ista
1924 1848 1972 1868 tua
1981 1839 2111 1869 mihine

1144 1878 1310 1918 probabilia
1318 1879 1443 1918 quidem
1455 1879 1621 1909 videantur.
1632 1890 1688 1909 nec
1696 1881 1780 1909 enim
1789 1880 2004 1914 divinationem,
2015 1888 2109 1921 quam

1146 1919 1299 1959 probatis,
1321 1921 1413 1950 ullam
1425 1919 1482 1949 effe
1492 1920 1626 1950 arbitror:
1639 1921 1797 1962 fatumque
1814 1922 1890 1952 illud
1910 1925 2000 1952 etiam
2011 1942 2020 1956 ,
2044 1932 2107 1963 quo

1145 1963 1253 1991 omnia
1260 1963 1410 1991 contineri
1419 1961 1531 1996 dicitis,
1543 1971 1717 1992 contemno.
1737 1973 1774 1993 ne
1785 1962 1971 1994 exaedificati]
1980 1963 2108 2005 quidem.

1142 2004 1223 2033 hunc
1233 2004 1371 2033 mundum
1379 2003 1487 2034 divino
1497 2003 1624 2034 consilio
1632 2004 1785 2035 existimo.
1799 2015 1886 2046 atque
1896 2006 1975 2036 haud
1985 2007 2056 2039 scio,
2066 2016 2106 2037 an

1142 2047 1181 2075 ita
1192 2043 1234 2075 sit.
1257 2045 1314 2076 Sed
1324 2056 1375 2076 cur
1384 2047 1482 2085 rapior
1495 2047 1527 2075 in
1536 2046 1684 2076 invidiam
1695 2047 1840 2078 ?Licetne
1851 2057 1903 2088 per
1911 2058 1966 2078 vos
1976 2049 2102 2081 nescire„

1143 2087 1225 2128 quod
1236 2088 1360 2118 nescio?
1377 2098 1413 2118 an
1424 2089 1531 2118 Stoicis
1542 2086 1608 2128 ipfis
1621 2091 1697 2118 inter
1706 2089 1734 2119 se
1745 2089 1906 2130 disceptare
1917 2110 1924 2124 ‚
1940 2091 2018 2120 mihi
2028 2100 2103 2122 cum

1144 2132 1182 2159 iis
1193 2139 1256 2158 non
1267 2129 1383 2159 licebit-²
1393 2130 1565 2163 Zenoni‚&
1575 2131 1699 2171 reliquis
1709 2130 1772 2161 fere
1781 2134 1888 2161 Stoicis
1897 2132 1976 2161 ather
1983 2131 2103 2163 videtur

1144 2171 1206 2200 siim
1213 2181 1280 2201 mus
1289 2171 1374 2205 deus,
1387 2180 1489 2201 mente
1498 2171 1650 2211 praeditus,
1661 2182 1718 2213 qua
1728 2174 1833 2203 omnia
1842 2175 2104 2214 tegantur.C1ean·

1143 2213 1206 2242 thes
1217 2232 1226 2246 ‚
1245 2216 1298 2254 qui
1314 2212 1394 2253 quasi
1416 2214 1569 2257 majorum
1588 2213 1631 2244 est
1645 2216 1784 2255 gentium
1805 2218 1921 2245 Stoicus
1933 2235 1941 2249 ,
1964 2217 2101 2246 Zenonis

1141 2255 1271 2288 auditor,
1282 2255 1374 2284 Solem
1385 2255 1603 2289 dominari-r&
1613 2266 1711 2286 rerum
1722 2258 1812 2296 potiri
1823 2266 1916 2297 putat.
1940 2260 2038 2298 itaque
2048 2268 2102 2287 co-

1141 2298 1241 2338 gimur
1263 2295 1443 2327 dissensione
1461 2298 1628 2336 sapientum
1642 2319 1651 2331 ‚
1670 2297 1834 2328 dominum
1854 2298 1991 2329 nostrum
2011 2302 2101 2340 igno-

1140 2348 1201 2368 rare
1214 2349 1219 2367 :
1240 2341 1351 2379 quippe
1363 2340 1417 2379 qui
1435 2339 1604 2369 nesciamus
1614 2359 1622 2373 ,
1643 2340 1706 2370 Soli
1721 2361 1730 2374 ,
1751 2350 1788 2370 an
1799 2342 1916 2371 AEtheri
1926 2341 2098 2372 serviamus.

1138 2381 1218 2411 solis
1231 2390 1332 2412 autem
1344 2382 1524 2424 magnitudo
1544 2381 1626 2423 (ipse
1636 2384 1720 2413 enim
1731 2383 1781 2413 liic
1790 2383 1916 2413 radiatus
1925 2393 1974 2413 me
1984 2384 2104 2413 intueri-

2013 2425 2100 2455 vide-

1136 2494 1299 2530 tiuiii‚?Adi-.
1310 2499 1450 2526 Turnebus
1462 2499 1511 2525 lib.
1522 2508 1585 2525 xvi.
1609 2497 1722 2523 Advei-s.
1735 2505 1790 2532 cap.
1806 2496 1846 2522 18.
1859 2497 1979 2535 Muretus
1991 2493 2036 2519 lib.
2049 2502 2094 2519 xr-

1134 2535 1197 2560 Var.
1209 2534 1274 2562 leet.
1285 2545 1341 2572 cap.
1357 2544 1400 2568 14.
1419 2536 1476 2563 Pal.
1487 2535 1573 2561 secun.
1584 2534 1644 2560 huic
1654 2533 1787 2569 i'ci-iptiirae
1797 2531 1894 2559 alludit
1906 2550 1913 2563 ,
1934 2540 1961 2557 iii
1974 2539 2026 2565 quo
2037 2533 2096 2556 Hec-

1133 2577 1194 2597 εισι,
1207 2571 1298 2607 vulgg.
1309 2575 1416 2598 Nireras.
1974 2601 1990 2606 ,.
2057 2601 2063 2606 .

1171 2606 1198 2633 8.
1217 2608 1372 2642 Qaststante
1389 2615 1457 2633 terra
1467 2608 1545 2633 coelnm
1559 2605 1715 2639 moreretur]
1733 2605 1775 2631 Sic
1788 2604 1856 2630 Pali.
1875 2603 1903 2627 δι’
1922 2603 1949 2628 S,
1961 2603 1973 2628 i
1984 2601 2093 2634 ieter-is,

1131 2642 1196 2669 item
1207 2643 1252 2670 ed.
1271 2643 1436 2672 νίἇὶοτίειῃα.
1458 2644 1582 2679 vulgatur
1601 2641 1659 2679 pass}
1665 2650 1689 2667 m
1703 2660 1710 2673 ‚
1731 2651 1779 2675 qgiae
1790 2641 1814 2675 fi
1822 2642 1914 2674 stante.
1935 2641 2022 2665 minus
2045 2647 2090 2664 ve-

1135 2680 1257 2750 ¹'ug-‘⁰1:30
1265 2725 1294 2742 ne
1303 2717 1369 2742 vobis
1387 2717 1479 2750 quidem
1496 2715 1616 2749 rantum]
1639 2713 1681 2740 Sic
1692 2712 1758 2739 Pali.
1779 2719 1865 2748 neque
1874 2710 1993 2737 dissentit
2003 2711 2030 2736 S.
2041 2710 2091 2736 νῖ-

1130 2750 1226 2784 &oi-is,
1236 2755 1316 2788 quani
1328 2753 1399 2788 quod
1407 2753 1431 2778 is
1445 2772 1452 2783 ,
1463 2761 1553 2778 nevos.
1574 2750 1719 2776 Lambinus
1732 2747 1929 2788 refragantibus
1939 2746 1995 2773 mss.
2006 2746 2090 2773 fiuxit

1132 2787 1206 2814 nobis
1219 2797 1227 2818 3
1251 2790 1326 2821 Egone
1336 2793 1347 2815 3
1364 2799 1392 2814 ne
1401 2790 1434 2814 bis
1444 2789 1535 2823 quidem
1543 2794 1638 2812 rantum
1649 2805 1656 2817 ,
1675 2787 1725 2816 &a
1747 2785 2012 2824 tanquam-Epicuriis
2032 2783 2089 2827 haee

1132 2823 1277 2858 loquatur5
1299 2825 1377 2860 plane
1396 2832 1489 2850 contra
1504 2830 1620 2849 iiieiiteni
1631 2824 1658 2848 δε
1671 2821 1801 2849 rationem
1814 2827 1941 2847 orationis
1956 2838 1965 2852 ,
1978 2819 1994 2846 fi
2006 2818 2088 2846 modo

1131 2860 1275 2895 quidquam
1286 2861 1344 2886 heic
1354 2861 1482 2896 percipio.

1169 2905 1178 2922 1
1185 2905 1211 2922 0.
1222 2900 1327 2930 Utraque
1335 2899 1362 2922 in
1368 2904 1438 2930 pane
1448 2897 1523 2921 mulia
1533 2894 1670 2929 dicuntum]
1686 2894 1728 2921 Sic
1740 2893 1864 2921 meliores
1875 2891 1932 2919 mss‘.
1942 2900 2004 2919 nam
2016 2890 2088 2918 Pali.

1129 2931 1210 2967 prim.
1227 2940 1352 2966 utramque
1360 2936 1386 2958 in
1391 2938 1495 2965 partem.
2055 2964 2060 2969 1

1168 2976 1177 2994 1
1188 2977 1209 2994 ι.
1230 2971 1260 2993 Ut
1275 2969 1374 3002 &quod
1390 2970 1538 2999 movebitur,
1556 2967 1624 3002 dre]
1645 2966 1724 2993 Nihil
1740 2966 1835 3001 juvant
1847 2964 2017 2995 mss'.nostri;
2037 2962 2086 2991 mii

1127 3003 1198 3039 quod
1208 3003 1336 3039 detegant
1349 3003 1470 3030 Lambini
1482 3002 1649 3034 coiijeeiaiidi
1667 3010 1751 3029 artem
1770 3002 1968 3038 ineptiffii'nam.
1988 3001 2086 3037 quippe

1126 3040 1216 3066 omnia
1227 3039 1323 3066 habent
1335 3040 1448 3076 vulgatis
1459 3039 1552 3065 iii-uilia
1563 3058 1571 3071 ‚
1591 3039 1637 3066 iiisi
1648 3039 1718 3075 quod
1730 3039 1786 3066 Pal.
1796 3039 1883 3065 secun.
1899 3039 1931 3065 δε
1951 3039 1979 3064 S.
1990 3037 2086 3064 Victo-

1128 3075 1177 3107 ris,
1189 3085 1240 3102 non
1251 3075 1392 3112 agnoscant
1403 3075 1556 3112 particulam
1568 3075 1607 3106 &a

1168 3120 1211 3138 ιι.
1229 3115 1307 3137 Simus
1317 3113 1351 3138 ad
1358 3114 1457 3143 Baulos,
1466 3111 1614 3146 Puteolosque
1621 3112 1747 3137 videamus
1758 3112 1829 3146 ;Jr‘c.]
1851 3112 1892 3137 Ita
1902 3110 1985 3137 Palae.
1996 3107 2085 3149 secun.

1126 3147 1324 3174 &membranae
1338 3149 1365 3174 S.
1376 3148 1504 3175 Vfflioris.
1525 3147 1593 3174 male
1605 3148 1705 3184 vulgati
1718 3149 1820 3184 summ-,-
1839 3147 1912 3184 pejus
1922 3147 1964 3175 illi
1975 3146 2086 3176 (ἐι-ἱεῖσι,

1126 3185 1174 3222 qui
1184 3185 1311 3214 videamus
1319 3183 1380 3214 ideo
1388 3191 1529 3214 mutarunt
1540 3184 1565 3210 iii
1580 3184 1702 3213 videmus.

1485 3221 1513 3251 K
1520 3220 1541 3249 k
1551 3220 1571 3249 k
1580 3220 1600 3248 k
1609 3220 1629 3248 k
1639 3220 1660 3248 k
2016 3224 2039 3245 ι.
2048 3215 2093 3245 W

2131 813 2176 844 40

2117 2063 2172 2102 μ’
