2295 3400
127 461 164 485 11

189 125 291 191 332*
599 128 669 174 Μ.
752 126 1114 175 TULLti

183 220 257 242 men
270 220 339 240 cum
360 209 454 241 Gallis
469 208 566 250 jurare
577 211 709 242 malitis?
724 213 796 253 quid
813 222 847 244 ut
865 215 954 245 secuti
969 213 1026 245 ess'e
1040 213 1140 244 videa-

181 254 284 282 mini?
303 253 530 282 voluntatemne
541 254 705 284 hominum
718 258 729 283 ?
744 257 872 285 Gravior
887 258 977 296 igitur
988 255 1076 286 vobis
1087 256 1142 284 erit

181 292 314 323 hostium
325 295 473 327 voluntis,
484 295 575 334 quam
593 296 711 326 civium
723 299 733 325 ?
748 307 784 326 an
799 297 976 338 dignitatem
997 296 1119 327 testium
1131 298 1142 324 ?

179 334 305 374 potestis
317 336 405 375 igitur
415 337 536 375 ignotos
547 338 639 369 notis,
650 338 772 377 iniquos
782 341 887 379 aequis,
897 339 1077 379 alienigenas
1088 338 1143 368 do-

183 375 324 409 mesticis,
337 376 462 415 cupidos
474 376 645 411 moderatis,
657 382 856 410 mercenarios
873 383 1018 422 gratuitis,
1030 382 1143 420 impios

183 417 338 458 religwfiS,
353 417 576 448 inimicissimos
590 420 660 449 huic
679 422 808 460 imperio
819 441 827 455 ,
848 432 880 452 ac
894 424 1026 455 nomini,
1039 422 1139 454 bonis,

185 469 218 488 ac
232 459 372 488 fidelibus
383 459 415 489 &
427 460 513 490 sociis
526 480 533 493 ,
545 461 702 491 &civibus
712 462 854 493 anteferre
867 466 878 492 ?
912 467 960 494 An
974 463 1046 494 vero
1056 464 1145 493 dubi-

185 502 262 533 tatis,
281 500 392 537 judices
402 520 416 534 ‚
430 505 503 542 quin
518 502 613 542 infirm
624 503 792 533 inimicitias
802 504 864 535 istae
876 514 978 546 gentes
990 516 1097 535 omncs
1113 505 1145 534 &

183 541 330 574 habeant,
350 542 493 583 &gerant
504 553 574 573 cum
589 545 693 583 populi
707 548 802 576 Rom.
825 548 973 577 nomine?
992 546 1030 577 sic
1042 546 1145 577 existi-

184 585 274 613 matis
292 593 344 613 eos
358 582 525 625 hicfiigatos
534 585 743 628 brachatosque
753 588 870 622 versari,
888 599 994 619 animo
1005 587 1142 620 demisso,

185 633 273 665 atque
282 625 403 659 humili,
416 635 448 655 ut
464 627 559 656 solent
571 628 611 660 ii,
627 629 678 668 qui
692 627 791 659 affe-Su
809 631 928 669 injuriis
942 631 976 660 ad
991 641 1079 670 opem
1099 632 1145 667 ju,

186 666 290 696 dicum
304 667 674 709 simplices,inferioresque
683 670 884 712 confugiunt?
904 673 992 701 Nihil
1004 671 1075 701 vcro
1087 673 1146 700 mi—

186 717 257 737 nus.
271 710 311 737 Hi
324 708 428 738 contra
445 718 587 750 vagantur
596 711 665 745 laeti,
677 721 766 753 atque
778 712 866 743 erecti
877 712 979 753 paffim
991 722 1056 743 toto
1067 713 1143 745 foro,

186 759 258 779 cum
272 750 452 790 quibusdam
471 753 565 781 minis
575 771 583 785 ,
597 753 628 782 &
639 753 758 783 barbaro
769 775 776 788 ,
793 764 878 796 atque
893 757 1020 785 immani
1035 764 1146 784 terrore

185 791 350 820 verborum
363 802 368 820 1
388 792 471 833 quod
487 803 542 833 ego
552 793 687 833 prosette>
701 805 764 825 non
776 797 926 826 crederem
939 817 946 829 ,
964 796 1019 826 nisi
1029 797 1145 836 aliquo-

183 833 241 862 ties
253 843 292 862 ex
306 832 373 872 ipsis
382 835 598 865 accusatoribus
611 837 767 866 vobiscum
778 836 865 867 simul
878 858 885 871 ‚
895 838 1011 877 judices
1022 858 1029 871 ,
1049 837 1145 867 audis-

186 874 250 904 sem
263 884 268 902 z
282 874 354 904 cum
365 877 568 915 praeciperent,
579 881 770 911 utcaveretis,
784 889 822 909 ne
832 900 840 912 ,
857 881 913 909 hoc
927 880 1074 911 absoluto,
1087 889 1145 908 no-

184 924 260 946 vum
277 916 398 957 aliquod
414 917 529 948 bellum
547 919 698 949 Gallicum
717 923 922 951 concitaretur.
951 923 981 951 Si
1000 923 1044 950 M.
1065 923 1145 950 Fon-

183 958 292 997 tejum,
303 958 439 997 judices,
456 961 488 989 in
505 961 588 990 causa
605 959 766 991 deficerent
774 965 893 992 omnia:
914 961 934 992 fi
955 964 1031 1002 turpi
1045 962 1147 992 adole-

184 999 307 1032 scentia,
321 1002 382 1030 vita
392 1000 511 1035 infami,
524 1001 834 1044 magisti·atil)us,quos
844 1013 909 1034 ante
919 1004 1025 1034 oculos
1034 1003 1146 1034 vestros

183 1039 278 1082 geffit,
289 1041 367 1071 male
378 1042 466 1083 gestis
478 1063 486 1076 ,
500 1044 698 1084 legationibus
709 1043 854 1086 flagitiose
864 1046 954 1076 obitis
966 1066 974 1078 ‚
987 1045 1145 1075 conviCtus

183 1084 324 1112 virorum
338 1083 489 1113 bonorum
505 1084 687 1115 testimoniis
698 1107 706 1118 ,
719 1088 834 1117 invisus
853 1088 911 1117 suis
926 1087 1070 1117 omnibus
1084 1108 1090 1119 ,
1113 1089 1146 1116 in

179 1123 334 1164 judicium
356 1135 524 1156 vocaretur:
550 1125 570 1155 fi
589 1129 622 1156 in
646 1138 682 1157 eo
701 1128 816 1165 judicio
839 1130 1020 1159 colonorum
1043 1129 1147 1168 populi

184 1168 322 1195 Romani
341 1166 583 1197 Narbonensium
595 1189 603 1201 ‚
626 1167 864 1200 fidelissimorum
884 1171 1035 1200 sociorum
1048 1169 1146 1199 Malli-

185 1205 325 1237 liensium
337 1228 345 1241 ,
365 1210 480 1238 civium
492 1212 584 1239 Rom.
596 1213 739 1240 omnium
759 1212 941 1241 testimoniis
952 1232 960 1245 ‚
983 1212 1147 1251 tabulisque

185 1258 388 1289 premeretur:
409 1259 508 1280 tamen
528 1250 697 1282 efl'etvobis
712 1255 892 1294 magnopere
910 1253 1145 1294 providendum,

189 1300 239 1323 ne,
252 1301 327 1331 quos
346 1293 384 1321 ita
401 1291 528 1322 afflictos
543 1293 669 1323 avestris
683 1296 823 1334 patribus,
834 1296 1058 1335 majoribusque
1068 1306 1147 1326 acce-

184 1331 317 1372 pissetis,
342 1341 376 1362 ut
389 1335 574 1364 contemnendi
589 1335 687 1372 effem,
708 1347 758 1366 eos
774 1336 960 1376 pertimuisse
971 1358 979 1369 ,
995 1338 1027 1367 &
1040 1348 1146 1367 eorum

187 1375 303 1408 mimia,
328 1375 359 1404 δε
374 1378 479 1405 terrori
499 1379 647 1407 commoti
669 1377 726 1407 effe
744 1379 935 1409 videremini.
959 1382 1052 1409 Nunc
1064 1379 1146 1412 vero,

189 1413 262 1446 cum
274 1416 358 1446 laedat
368 1427 460 1446 nemo
474 1418 582 1453 bonus,
594 1419 716 1449 laudent
727 1431 833 1450 ornnes
843 1420 931 1451 vestri
944 1423 1027 1451 cives
1036 1441 1044 1454 ‚
1061 1430 1148 1461 atque

187 1457 263 1487 socii
281 1468 286 1486 ;
309 1468 483 1499 oppugnent
497 1462 537 1493 ii,
562 1463 614 1502 qui
631 1461 785 1501 saepiffime
799 1463 875 1493 hanc
892 1463 997 1492 urbem
1010 1483 1017 1496 ,
1039 1464 1071 1493 δε
1090 1465 1147 1493 hoc

188 1499 353 1538 imperium
375 1511 598 1542 oppugnarunt:
622 1513 752 1544 cumque
766 1506 886 1534 inimici
900 1507 944 1534 M.
956 1507 1074 1535 Fonteii
1092 1515 1148 1535 vo-

188 1540 256 1573 bis,
277 1551 309 1571 ac
327 1545 441 1582 populo
459 1547 602 1574 Romano
623 1547 792 1576 minentur:
812 1548 921 1579 amici,
944 1556 977 1576 ac
986 1549 1149 1588 propinqui

188 1582 359 1622 supplicent
381 1586 483 1615 vobis:
503 1585 679 1616 dubitabitis
698 1598 761 1617 non
778 1587 872 1618 modo
890 1587 993 1618 vestris
1010 1589 1146 1622 civibus,

188 1633 242 1664 qui
258 1626 394 1656 maxime
406 1628 518 1668 gloria,
538 1638 570 1658 ac
582 1628 669 1658 laude
682 1629 847 1664 ducuntur,
866 1628 973 1660 verum
993 1633 1083 1661 etiam
1095 1641 1149 1661 ex-

188 1668 260 1696 teris
277 1669 452 1699 nationibus
465 1690 474 1703 ‚
494 1679 526 1699 ac
539 1670 677 1711 gentibus
687 1670 843 1702 ostendere
854 1694 863 1705 ,
881 1682 935 1702 vos
952 1674 984 1701 in
996 1672 1149 1702 sententiis

127 1713 142 1737 1
153 1714 172 1738 2
190 1706 322 1739 ferendis
336 1712 396 1740 civi
414 1721 530 1751 parcere
540 1732 550 1744 ‚
562 1710 651 1752 quam
664 1712 742 1743 hosti
755 1713 857 1743 cedere
867 1712 1023 1744 maluisse?
1039 1717 1149 1755 Magna

190 1751 364 1781 mehercule
376 1773 384 1785 ‚
396 1754 478 1783 causa
490 1773 498 1786 ,
511 1753 634 1789 iudices,
646 1754 843 1785 absolutionis
857 1765 929 1785 cum
941 1758 1046 1786 ceteris
1057 1755 1146 1787 causis

187 1792 254 1822 haec
269 1792 329 1826 est,
350 1804 440 1834 nequa
455 1794 564 1835 lusignis
584 1796 649 1825 huic
666 1797 779 1837 imperio
798 1798 911 1827 macula
931 1818 939 1831 ,
961 1805 1050 1839 arque
1068 1799 1147 1839 igno-

187 1834 283 1863 minia
297 1835 471 1877 sufi-ipzarur
481 1856 488 1869 ,
509 1835 529 1866 fi
542 1837 601 1867 hoc
613 1838 652 1867 ita
660 1838 807 1878 perlatum
818 1841 871 1869 erit
889 1842 922 1869 in
932 1840 1058 1870 Galliam
1074 1861 1080 1873 ‚
1103 1841 1147 1871 se-

188 1884 295 1906 natum
308 1896 316 1909 ,
335 1878 504 1918 equitesque
514 1879 618 1918 populi
631 1882 768 1910 Romani
779 1890 842 1910 non
853 1881 1034 1912 testimoniis
1044 1882 1148 1912 Gallo-

187 1926 269 1950 rum,
284 1917 331 1947 sed
349 1919 428 1947 minis
441 1929 625 1954 commotos,
636 1931 700 1951 rem
711 1922 745 1951 ad
756 1922 879 1952 illorum
890 1923 1050 1954 libidinem
1069 1924 1148 1961 judi-

187 1957 273 1988 casl'e.
296 1961 342 1989 Ita
352 1959 437 2000 vero,
452 1959 472 1990 fi
485 1962 531 1991 illi
544 1961 661 1992 bellum
673 1963 767 1994 facere
786 1966 991 1999 conabuntur,
1014 1961 1148 1996 excitan-

190 1999 248 2030 dus
258 2000 346 2031 nobis
356 2004 412 2032 erit
427 2003 463 2032 ab
480 2002 585 2033 inferis
599 2007 632 2034 C.
645 2007 774 2038 Marius,
792 2008 843 2047 qui
863 2007 1072 2037 Indutiomaro
1086 2007 1144 2042 isti,

188 2043 315 2075 minaci,
326 2053 412 2084 atque
422 2047 580 2085 arroganti,
594 2056 645 2086 par
655 2049 686 2077 in
698 2048 899 2089 belligerando
910 2047 966 2080 effe
977 2048 1077 2090 poffit:
1092 2060 1147 2080 ex-

186 2085 323 2114 citandus
335 2088 389 2115 Cn.
402 2088 561 2117 Domitius
572 2107 581 2121 ,
597 2089 629 2118 &
638 2091 852 2130 QMaximus‚
864 2093 915 2132 qui
924 2094 1080 2122 nationem
1093 2093 1146 2122 Al-

187 2124 362 2167 lobrogum,
374 2127 406 2157 &
414 2129 542 2169 reliquas
550 2130 607 2160 suis
616 2132 726 2161 iterum
737 2134 827 2162 armis
834 2132 983 2168 conficiat,
994 2143 1080 2175 atque
1091 2144 1143 2174 op—

186 2168 312 2207 primat:
332 2178 383 2198 aut
395 2190 404 2202 ,
423 2172 568 2210 quoniam
578 2171 607 2201 id
618 2173 742 2213 quidem
756 2184 821 2204 non
833 2175 939 2213 potest,
951 2177 1079 2206 orandus
1089 2179 1146 2206 erit

185 2208 278 2239 :nobis
295 2212 408 2240 amicus
425 2222 510 2242 meus
522 2233 530 2245 ‚
543 2215 586 2243 M.
598 2216 742 2244 Pletorius
754 2235 763 2248 ,
775 2225 807 2246 ut
819 2216 885 2246 suos
899 2226 997 2247 novos
1009 2219 1144 2248 clienteis

185 2249 204 2280 31
214 2250 297 2280 bello
309 2251 448 2282 faciendo
458 2253 602 2285 deterreat
612 2276 620 2290 ,
638 2265 785 2286 uteorum
803 2258 894 2288 iratos
909 2260 1027 2289 animos
1037 2280 1045 2293 ,
1057 2269 1143 2300 atque

185 2292 359 2323 horribilcis
374 2296 504 2334 impetus
513 2296 700 2336 deprecetur:
719 2308 779 2331 aut,
794 2298 814 2328 si
824 2309 888 2329 non
898 2303 1015 2339 poterit,
1031 2303 1077 2330 M.
1090 2304 1142 2332 Fa-

184 2332 275 2364 bium
293 2335 520 2375 subscriptorem
532 2340 595 2377 ejus
612 2339 800 2380 rogabimus,
817 2349 850 2370 ut
860 2341 1059 2383 Allobrogum
1077 2344 1143 2372 ani-

187 2385 258 2405 mos
269 2379 396 2417 mitiget,
410 2381 555 2418 quoniam
565 2382 641 2420 apud
652 2381 721 2411 illos
733 2382 892 2412 Fabiorum
902 2392 1018 2413 nornen
1028 2383 1069 2414 est
1079 2394 1141 2413 am-

186 2415 354 2458 pliffim'um
366 2429 371 2448 :
387 2428 419 2450 ut
432 2421 526 2450 velint
536 2420 583 2451 isti
593 2432 642 2452 aut
651 2423 794 2463 quiescere,
806 2423 836 2453 id
848 2424 929 2464 quod
938 2424 1022 2458 visti,
1034 2435 1064 2455 ac
1076 2426 1143 2455 sub-

186 2459 249 2490 aar
264 2460 361 2491 solent
378 2472 384 2490 2
407 2470 474 2495 aut,
495 2472 566 2492 cum
587 2466 760 2497 minantur,
778 2466 963 2507 intelligere,
983 2467 1011 2496 se
1031 2468 1144 2506 populo

187 2502 334 2532 Romano
344 2512 409 2533 non
427 2513 544 2534 metum
559 2505 643 2539 belli,
659 2506 707 2536 sed
718 2507 799 2546 spem
812 2509 955 2547 triumphi
974 2508 1140 2538 ostendere.

189 2541 283 2583 de
301 2542 322 2573 fi
341 2546 374 2574 in
390 2548 468 2585 turpi
487 2556 538 2576 reo
554 2547 727 2586 patiendum
746 2559 810 2578 non
825 2548 913 2583 esset,
930 2559 962 2580 ut
977 2550 1142 2591 quidquam

187 2584 238 2616 isti
257 2585 286 2615 se
297 2587 390 2616 minis
399 2586 554 2626 profecisse
569 2589 794 2620 arbitrarentur:
810 2590 883 2632 quid
900 2590 1072 2621 faciendum
1089 2602 1144 2621 vo-

184 2625 235 2657 bis
253 2628 286 2656 in
297 2628 341 2656 M.
352 2630 479 2668 Fontcjo
488 2630 695 2661 arbitramini?
717 2631 753 2662 de
769 2642 831 2673 quo
845 2633 970 2662 homine
981 2653 988 2667 ,
1007 2633 1122 2673 judices
1132 2654 1140 2667 ,

186 2666 270 2705 (iam
289 2670 373 2698 enim
393 2672 469 2699 mihi
487 2671 592 2703 videor
605 2674 680 2706 hoc,
699 2675 882 2714 propecausa
892 2674 1003 2705 duabus
1013 2675 1142 2705 actioni-

185 2709 243 2739 bus
260 2719 409 2749 perorata,
428 2711 534 2743 debere
547 2714 644 2744 dicere
655 2716 684 2755 ,)
701 2715 738 2745 de
756 2726 816 2756 quo
826 2726 880 2746 vos
891 2717 1018 2746 homine
1030 2737 1038 2750 ‚
1058 2727 1089 2745 ne
1106 2716 1141 2746 ab

185 2751 308 2781 inimicia
325 2753 439 2793 quidem
455 2754 552 2785 ullum
570 2754 677 2786 fiel-‚um
695 2757 872 2796 probrosum
894 2768 957 2788 non
975 2758 1070 2788 modo
1083 2760 1140 2788 cri-

189 2803 286 2827 men,
305 2793 354 2824 sed
367 2804 406 2824 ne
422 2796 617 2827 malediEtum
635 2799 759 2838 quidem
780 2799 911 2830 audistis.
942 2802 1051 2841 Ecquis
1073 2811 1141 2830 um-

185 2845 280 2876 quam
299 2845 375 2868 reus,
388 2837 550 2875 praesertim
561 2841 592 2869 in
603 2840 655 2870 hac
663 2849 733 2871 vitae
751 2843 865 2871 ratione
875 2842 1003 2872 versatus
1013 2861 1021 2875 ‚
1041 2843 1074 2871 in
1085 2843 1140 2871 'no-

187 2876 313 2907 noribus
323 2877 470 2916 petendis,
481 2881 513 2909 in
524 2880 716 2919 potestatibus
727 2902 736 2916 ,
753 2884 786 2912 in
800 2884 936 2923 imperiis
947 2884 1094 2923 gerendis,
1105 2883 1142 2913 fic

185 2918 334 2949 accusatus
344 2918 386 2949 est
395 2939 404 2952 ‚
420 2928 451 2949 ut
461 2922 580 2951 nullum
590 2923 733 2961 probrum
747 2945 755 2957 ‚
771 2925 892 2954 nullum
901 2924 1016 2955 facinus
1028 2937 1043 2959 ,·
1059 2926 1143 2955 nulla

188 2959 343 2999 turpitudo
355 2981 363 2993 ‚
381 2970 445 3001 quac
456 2961 472 2990 ’.ἃ
482 2962 607 2993 libidine
617 2984 626 2997 ,
637 2974 686 2994 aut
698 2965 713 2995 a
723 2967 884 3005 petulantia
892 2987 900 3000 ,
919 2976 969 2996 aut
978 2967 1014 2997 ab
1024 2966 1142 2997 audacia

189 3010 256 3032 nata
275 2999 344 3031 effet
354 3022 362 3036 ,
378 3002 415 3032 ab
423 3005 586 3034 accusatore
601 3006 777 3037 obiiceretur
786 3028 794 3041 ,
810 3006 829 3037 si
841 3018 903 3038 non
915 3018 983 3039 vera
994 3028 1002 3041 ,
1011 3017 1142 3038 attamen

130 3046 168 3078 *13
189 3041 257 3074 fiEta
271 3053 341 3072 cum
353 3043 450 3083 aliqua
460 3048 573 3075 ratione
585 3057 616 3077 ac
630 3047 814 3087 suspicione?
825 3052 868 3079 M.
881 3050 1044 3080 AEmilium
1055 3053 1143 3080 Scau-

187 3094 267 3117 rum,
285 3085 440 3115 summum
455 3086 561 3117 nostrae
570 3090 697 3118 civitatis
710 3092 808 3120 virum
820 3111 829 3124 ,
849 3091 958 3121 scimus
974 3092 1140 3122 accusatum

187 3126 258 3158 aM.
269 3128 372 3160 Bruto.
395 3127 511 3161 exstant
528 3131 688 3162 orationes.
711 3133 871 3173 exquibus
887 3134 1018 3176 intelligi
1029 3132 1137 3176 potest,

1194 129 1730 178 C·10ERON1S

1189 213 1284 245 multa
1301 216 1332 245 in
1345 215 1431 246 illurn
1448 216 1544 256 ipsum
1558 218 1699 248 Scaurum
1722 214 1778 247 effe
1789 214 1885 251 di&a·‚
1900 214 1986 248 falso.
2009 217 2076 259 quis
2090 226 2147 248 ne-

1187 265 1234 296 gat
1244 261 1254 287 ?
1263 265 1471 287 verumtamen
1479 256 1516 286 ab
1526 258 1641 287 inimico
1651 258 1741 292 dieta,
1755 258 1787 289 δε
1797 257 1922 298 objessta.
1943 258 2042 300 Qam
2051 260 2147 290 multa.

1189 300 1235 326 M-
1250 299 1401 338 Aquillius
1413 298 1529 329 audivit
1541 301 1574 329 in
1593 299 1646 329 suo
1658 299 1794 339 judicio?
1814 299 1903 341 quam
1918 301 2012 329 multa
2024 303 2059 330 L.
2071 303 2146 330 Cot-

1187 339 1234 368 ta?
1252 339 1382 381 denique
1393 343 1424 370 P.
1437 341 1570 371 Rutilius
1580 361 1588 374 ,
1598 343 1650 381 qui
1668 341 1874 381 erfidamnarus
1892 341 1935 371 est
1944 361 1952 375 ‚
1965 342 2042 371 mihi
2060 342 2147 372 vide-

1190 389 1236 410 tur
1245 390 1346 415 tamen
1357 383 1433 411 inter
1446 384 1527 411 viros
1538 384 1682 422 optimos,
1697 391 1782 423 atque
1792 385 1870 413 inter
1882 381 2147 413 innocentiffimos

1190 419 1248 452 effe
1267 422 1479 453 numerandus.
1503 423 1558 453 Ille
1578 425 1668 465 igitur
1682 425 1743 464 ipse
1761 425 1857 454 homo
1878 423 2092 458 sanEtiffimus,
2114 434 2148 455 ac

1192 463 1482 503 temperantissimus,
1495 465 1589 495 multa
1603 465 1718 496 audivit
1727 467 1760 495 in
1770 466 1820 496 sua
1830 466 1923 498 causa,
1932 476 1998 506 quae
2010 466 2044 495 ad
2055 466 2149 506 suspi-

1191 507 1311 534 cionem
1327 505 1509 545 stuprorum,
1520 516 1552 536 ac
1564 506 1729 536 libidinum
1747 509 1938 547 pertinerent.
1962 507 2066 537 Exstat
2083 517 2150 539 ora-

1193 549 1236 576 tio
1256 548 1395 576 hominis
1418 547 1471 586 (ut
1489 549 1595 588 opinio
1608 557 1675 578 mea
1687 548 1764 588 fert)
1787 548 1959 578 nostrorum
1981 549 2147 580 hominum

1191 588 1283 630 longe
1300 587 1526 629 ingeniosissimi
1538 610 1547 622 ,
1568 598 1654 630 atque
1674 588 1907 630 eloquentiffimi
1924 611 1932 624 ,
1951 593 1982 620 C.
2004 591 2146 621 Gracchi:

1191 639 1248 670 qua
1266 632 1297 659 in
1312 632 1447 659 oratione
1459 631 1606 670 permulta
1625 632 1657 660 in
1669 633 1706 661 L.
1721 632 1861 662 Pisonem
1880 633 1975 671 turpia
1987 652 1995 665 ,
2014 642 2047 662 ac
2064 631 2149 673 flagi-

1192 671 1266 701 tiosa
1275 671 1424 701 dicuntur.
1449 675 1489 702 At
1499 674 1533 702 in
1543 682 1634 713 quem
1645 675 1749 703 virum
1761 676 1771 702 ?
1782 674 1834 713 qui
1845 681 1923 704 tanta
1933 675 2052 707 virtute,
2062 682 2149 714 atque

1191 714 1357 753 integritate
1378 712 1457 747 fuit,
1472 723 1505 744 ut
1520 716 1611 744 etiam
1629 714 1690 744 illis
1711 716 1835 754 optimis
1855 715 2056 755 temporibus,
2075 716 2148 745 cum

1190 755 1351 784 hominem
1365 757 1501 785 invenire
1527 766 1648 796 nequam
1666 758 1824 786 neminem
1834 755 1941 795 poffes,
1954 756 2034 786 solus
2048 765 2150 788 tamen

1190 797 1276 835 Frugi
1291 798 1501 826 nominaretur.
1517 808 1607 838 quem
1617 796 1731 827 cumin
1742 802 1924 828 concionem
1936 799 2084 828 Gracchus
2093 809 2150 829 vo-

1189 839 1264 876 carij
1269 837 1381 871 uberet,
1394 838 1426 868 δε
1436 840 1532 868 viator
1539 849 1691 880 quaererer,
1703 849 1794 880 quem
1804 839 1945 869 Pisonem
1957 846 1965 871 ?
1975 840 2058 880 quod
2068 848 2152 870 erant

1189 878 1304 917 plures:
1324 881 1393 919 cogis
1411 890 1472 913 me,
1485 881 1603 921 inquit,
1623 881 1710 910 dicere
1720 879 1869 910 immitam
1880 891 1981 915 meum,
2000 883 2097 922 Frugi.
2121 884 2152 912 Is

1190 922 1281 960 igitur
1297 922 1362 954 vir,
1383 931 1476 961 quem
1491 932 1528 951 ne
1548 924 1691 952 inimicus
1702 922 1824 963 quidem
1845 923 1909 952 satis
1924 925 1955 952 in
1974 923 2150 963 appellando

1193 961 1354 1002 significare
1365 972 1497 1002 poterat,
1511 962 1566 993 nifi
1579 964 1647 993 ante
1660 963 1800 994 laudass'et
1812 975 1817 993 1
1832 967 1883 1005 qui
1896 975 1958 995 uno
1968 967 2152 1006 cognomine

1192 1003 1399 1037 declarabatur,
1413 1015 1476 1035 non
1490 1004 1586 1035 modo
1594 1007 1660 1046 quis
1671 1005 1741 1036 efl'et
1751 1026 1759 1040 ,
1781 1005 1829 1035 sed
1850 1008 1938 1036 etiarn
1950 1008 2045 1047 qualis
2063 1005 2150 1037 effet:

1193 1053 1293 1075 tamen
1307 1048 1338 1075 in
1349 1045 1453 1076 falsam
1464 1067 1472 1080 ‚
1493 1055 1579 1087 atque
1597 1049 1734 1088 iniquam
1751 1047 1932 1087 probrorum
1951 1046 2152 1078 infimulatioe

1193 1097 1265 1116 nem
1275 1087 1443 1118 vocabatur.
1471 1091 1515 1117 M.
1535 1089 1678 1126 Fonteius
1694 1091 1732 1119 ita
1748 1089 1860 1119 duabus
1877 1088 2048 1120 aGtionibus
2065 1100 2152 1119 accu-

1194 1128 1270 1158 satus
1288 1129 1339 1162 est,
1351 1138 1383 1159 ut
1395 1129 1551 1168 objefifflm
1571 1131 1649 1160 nihil
1668 1129 1718 1164 fit,
1737 1141 1798 1171 quo
1816 1129 1971 1170 significari
1990 1130 2151 1172 vestigium

1194 1170 1341 1204 libidinis,
1353 1172 1533 1210 petulantiae,
1543 1171 1722 1202 crudelitatis
1732 1193 1740 1205 ‚
1756 1172 1882 1202 audaciae
1892 1171 1983 1211 poffit-
2007 1183 2071 1202 non
2083 1183 2152 1203 mo-

1195 1210 1235 1240 do
1249 1212 1371 1241 nullum
1382 1212 1497 1250 facinus
1507 1213 1596 1252 hujus
1607 1214 1812 1252 protulerunt,
1831 1213 1880 1243 sed
1900 1224 1938 1244 ne
1955 1212 2064 1243 dicium
2083 1217 2152 1255 qui-

1193 1252 1263 1282 dem
1277 1254 1399 1294 aliquod
1418 1254 1679 1294 reprehenderunt.
1703 1254 1794 1296 Qod
1811 1254 1832 1284 si
1842 1275 1850 1288 ,
1873 1264 1922 1285 aut
1937 1265 2078 1296 quantam
2093 1266 2149 1287 vo-

1186 1295 1340 1325 luntatem
1359 1296 1469 1326 habent
1482 1295 1516 1326 ad
1529 1297 1611 1326 hunc
1624 1296 1858 1336 opprimendum
1869 1317 1876 1330 ,
1891 1305 1940 1327 aut
1951 1306 2093 1338 quantam
2111 1298 2148 1329 ad

1193 1337 1437 1367 maledicendum
1446 1337 1599 1368 licentiam
1611 1358 1618 1371 ,
1639 1347 1755 1368 tantum
1766 1338 1906 1368 haberent
1915 1359 1923 1373 ‚
1935 1348 1984 1369 aut
1994 1339 2028 1370 ad
2042 1350 2149 1370 ernen-

1193 1379 1342 1412 tiendum,
1354 1381 1448 1409 animi
1458 1391 1468 1413 3
1478 1388 1528 1410 aut
1540 1379 1574 1409 ad
1585 1378 1761 1420 fingendum
1771 1400 1779 1413 ,
1794 1382 1925 1421 ingenii:
1944 1391 2008 1410 non
2024 1382 2152 1411 meliore

1192 1419 1311 1450 fortuna
1329 1421 1363 1450 ad
1382 1421 1488 1461 probra
1506 1431 1571 1451 non
1588 1422 1734 1452 audienda
1745 1423 1887 1462 Fontejus
1898 1442 1907 1456 ,
1926 1422 2017 1463 quam
2034 1423 2100 1457 illi,
2113 1423 2152 1454 de

1193 1462 1302 1503 quibus
1312 1471 1395 1492 antea
1404 1462 1766 1497 commemoravi‚fuiss'er.
1778 1465 1865 1504 Frugi
1876 1465 1966 1505 igitur
1974 1466 2148 1498 hominem,

1189 1504 1316 1544 judices,
1326 1503 1416 1544 frugi,
1428 1506 1564 1545 inquam,
1578 1505 1653 1535 &in
1671 1505 1816 1535 omnibus
1825 1507 1893 1535 vitae
1902 1506 2032 1545 partibus
2042 1506 2150 1537 mode-

1192 1555 1288 1576 ratum
1301 1566 1309 1579 ‚
1323 1556 1356 1575 ac
1363 1555 1580 1585 temperantem
1591 1567 1601 1580 ,
1617 1547 1744 1586 plenum
1757 1546 1891 1587 pudoriS‚
1901 1548 2030 1587 plenum>
2040 1546 2148 1582 officii,

1193 1588 1318 1627 plenum
1329 1588 1494 1628 religionis,
1504 1588 1613 1618 videtis
1621 1587 1749 1628 positum
1760 1591 1792 1618 in
1808 1588 1902 1619 vestra
1919 1588 1997 1623 fide,
2014 1600 2046 1620 ac
2064 1599 2151 1629 pote-

1194 1630 1280 1660 state:
1304 1638 1391 1670 atque
1403 1631 1442 1659 ita
1452 1649 1459 1663 ,
1481 1638 1513 1660 ut
1527 1629 1681 1667 commiffizs
1695 1629 1729 1660 sit
1746 1629 1833 1663 fidei,
1846 1630 1989 1672 permissus
2002 1630 2150 1670 potestati.

1193 1671 1301 1702 Videte
1313 1673 1414 1713 igitur,
1426 1680 1527 1702 utrum
1541 1671 1576 1702 sit
1586 1673 1709 1712 aequius,
1719 1673 1880 1702 hominem
1894 1671 2149 1707 honestissimum,

1191 1716 1292 1744 virum
1305 1712 1500 1743 fortiffimum
1511 1733 1519 1746 ‚
1534 1715 1633 1744 civem
1648 1715 1801 1753 optimum
1811 1733 1820 1747 ,
1835 1713 1906 1744 dedi
1919 1712 2148 1749 inimicissimis,

1192 1764 1278 1796 atque
1292 1753 1515 1785 immanissimis
1530 1755 1704 1786 nationibus
1716 1776 1723 1788 ‚
1739 1765 1777 1785 an
1790 1755 1873 1784 reddi
1887 1757 1991 1785 amicis
2003 1766 2008 1784 :
2029 1756 2151 1796 praeser-

1193 1800 1249 1828 tim
1266 1796 1337 1826 cum
1350 1806 1394 1826 tot
1411 1806 1456 1826 res
1475 1795 1549 1830 sint,
1565 1807 1631 1837 quae
1650 1796 1754 1827 vestris
1767 1798 1875 1826 animis
1888 1807 1942 1837 pro
1956 1797 2044 1837 hujus
2054 1799 2148 1828 inno-

1190 1841 1285 1870 centis
1302 1839 1391 1868 salute
1402 1839 1583 1878 supplicent:
1601 1837 1739 1878 primum
1755 1840 1858 1878 generis
1870 1840 2042 1880 antiquitas,
2057 1849 2150 1880 quam

1193 1880 1326 1912 Tusculo
1347 1890 1385 1910 ex
1407 1879 1566 1910 clarissimo
1583 1881 1753 1919 municipio
1770 1879 1956 1919 profestam,
1977 1882 2011 1910 in
2033 1892 2148 1912 monu-

1193 1924 1304 1952 mentis
1325 1932 1426 1952 rerum
1442 1921 1589 1961 gestarum
1608 1922 1760 1956 incisam,
1780 1932 1812 1952 ac
1833 1930 1966 1952 noratarn
1985 1922 2140 1953 videmus:

1192 1974 1258 1996 tum
1277 1973 1375 1994 autem
1394 1964 1525 1993 continue
1535 1972 1675 2006 praerurx,
1694 1974 1759 2004 quae
1780 1964 1926 1993 &ceteris
1946 1967 2144 1999 ornamentis,

1193 2008 1226 2038 ὃς
1241 2006 1465 2037 existimatione
1484 2007 1668 2035 innocentiae
1684 2006 1819 2035 maxime
1832 2004 2013 2036 floruerunt:
2035 2006 2148 2037 deinde

1191 2059 1292 2079 recens
1310 2047 1442 2077 memoria
1453 2049 1583 2090 parentis,
1594 2048 1678 2086 cujus
1688 2048 1828 2089 sanguine
1838 2057 1902 2077 non
1913 2047 2147 2085 solum-Ascula-

1190 2101 1301 2122 norum
1321 2099 1446 2123 manus,
1465 2089 1481 2119 ὲ
1496 2088 1736 2130 quainterfe&us
1747 2088 1802 2122 est,
1824 2089 1872 2119 sed
1892 2097 1990 2119 totum
2001 2089 2078 2119 iliud
2097 2090 2147 2119 so-

1189 2134 1262 2164 ciale
1281 2132 1396 2163 bellum
1410 2133 1525 2161 macula
1540 2131 1654 2161 sceleris
1666 2131 1820 2160 imbutum
1832 2129 1873 2159 est
1889 2140 1894 2158 :
1916 2130 2070 2170 postremo
2084 2132 2146 2171 ipse

1189 2174 1261 2205 cum
1279 2176 1312 2204 in
1331 2173 1477 2204 omnibus
1495 2175 1564 2203 vitae
1578 2172 1708 2212 partibus
1727 2171 1887 2205 honestus,
1905 2180 1990 2212 atque
2010 2173 2142 2213 integer,

1189 2216 1256 2247 tum
1270 2218 1303 2246 in
1316 2226 1346 2246 re
1357 2215 1480 2244 militari
1490 2213 1561 2244 cum
1578 2214 1692 2243 summi
1708 2212 1836 2246 consilii,
1852 2214 1885 2243 δε
1897 2215 2024 2243 maximi
2033 2217 2142 2249 animi,

1189 2268 1254 2289 tum
1275 2256 1348 2288 vero
1358 2257 1411 2286 usu
1421 2266 1540 2296 quoque
1551 2255 1700 2285 bellorum
1715 2255 1915 2296 gerendorum
1927 2257 1959 2284 in
1968 2257 2076 2295 primis
2089 2266 2142 2286 eo-

1188 2311 1255 2330 rum
1275 2301 1449 2331 hominum,
1462 2299 1513 2338 qui
1523 2307 1604 2326 nune
1614 2297 1691 2329 sunt,
1704 2298 1888 2326 exercitatus.
1913 2299 2009 2338 Qiare
2019 2296 2136 2328 fietiam

1188 2340 1336 2371 monendi
1356 2338 1425 2370 estis
1435 2359 1442 2372 ,
1452 2338 1565 2378 judices
1576 2359 1584 2372 ,
1596 2337 1611 2368 ὲι
1621 2348 1671 2367 me
1683 2358 1691 2371 ,
1702 2337 1784 2378 quod
1796 2348 1859 2368 non
1871 2337 1950 2371 estis,
1960 2338 2065 2369 videor
2081 2340 2140 2371 hoc

1188 2384 1292 2413 leviter
1303 2392 1357 2422 pro
1368 2391 1435 2411 mea
1446 2380 1618 2410 auSmritate
1629 2380 1717 2410 vobis
1726 2382 1883 2419 praecipere
1893 2378 1975 2420 poss'e
1986 2401 1994 2414 ,
2013 2390 2046 2411 ut
2055 2392 2092 2411 ex
2101 2392 2140 2411 eo

1186 2434 1293 2466 genere
1309 2425 1459 2456 homines,
1469 2432 1601 2464 quorum
1610 2423 1729 2461 cognita
1741 2422 1836 2450 virtus
1847 2443 1855 2455 ‚
1867 2420 2141 2461 industria,feliritaae

1190 2468 1218 2495 in
1232 2475 1258 2494 re
1275 2465 1398 2494 militari
1416 2463 1467 2498 sit,
1488 2463 1745 2504 diligentervobis
1761 2463 1934 2494 retinendos
1951 2463 2140 2495 existimetis.

1190 2509 1258 2537 Fuit
1267 2509 1350 2536 enim
1366 2507 1463 2546 major
1478 2506 1584 2536 talium
1595 2507 1730 2535 virorum
1741 2507 1773 2534 in
1785 2506 2058 2545 liacrepub.copia:
2074 2516 2141 2547 quae

1188 2548 1259 2579 cum
1271 2548 1350 2582 esset,
1359 2558 1460 2578 tamen
1474 2557 1579 2578 eorum
1589 2557 1654 2577 non
1664 2547 1758 2577 modo
1770 2547 1865 2580 saluti,
1877 2547 1925 2578 sed
1939 2549 2029 2578 etiam
2048 2547 2143 2577 honori

1187 2591 1405 2621 consulebatur.
1446 2589 1529 2631 Qid
1546 2599 1628 2619 nunc
1645 2589 1733 2618 vobis
1750 2587 1922 2619 faciendum
1940 2588 1982 2619 est
1996 2609 2005 2623 ,
2035 2588 2141 2620 studiis

1187 2632 1365 2663 militaribus
1375 2631 1451 2672 apud
1468 2634 1657 2669 juventutem
1667 2630 1807 2660 obsoletis
1818 2641 1823 2659 z
1839 2631 2017 2661 hominibus
2026 2636 2137 2665 autem,

1186 2685 1218 2704 ac
1237 2674 1364 2704 summis
1381 2674 1507 2703 ducibus
1519 2674 1628 2713 partim
1646 2680 1728 2702 aetate
1739 2692 1747 2705 ‚
1759 2673 1868 2711 partim
1886 2674 2015 2703 civitatis
2028 2672 2141 2703 discor-

1185 2716 1252 2749 diis,
1265 2726 1297 2746 ac
1315 2715 1442 2755 reipubl.
1456 2715 1620 2745 calamitate
1629 2714 1818 2744 consumtis?
1837 2713 1907 2744 cum
1923 2723 1967 2744 tot
1975 2714 2052 2745 bella
2063 2713 2139 2745 aura

1186 2758 1277 2791 nobiv.
1293 2755 1454 2787 necess‘ario
1473 2757 1682 2795 suscipiantur,
1694 2764 1743 2785 aut
1753 2754 1851 2785 subito
1860 2776 1869 2789 ‚
1880 2764 1967 2797 atque
1975 2756 2139 2796 improvisa

1186 2800 1337 2830 nascantur
1347 2802 1357 2827 ?
1369 2808 1474 2828 nonne
1485 2798 1518 2828 δε
1532 2799 1692 2827 hominem
1704 2798 1800 2837 ipsum
1811 2797 1849 2826 ad
1855 2796 1942 2826 dubia.
1953 2796 2056 2838 reipub.
2068 2804 2140 2826 tem-

1182 2850 1250 2883 pora
1268 2840 1480 2879 refirvandum,
1504 2839 1537 2869 &
1548 2847 1659 2869 ceteros
1680 2838 1775 2869 studia
1787 2838 1881 2869 laudis
1892 2859 1900 2873 ,
1918 2849 1951 2869 ac
1960 2840 2140 2870 virtutisin-

1186 2882 1517 2921 flammandosputatis?
1538 2880 1753 2910 Recordamini
1764 2900 1772 2913 ,
1793 2889 1869 2921 quos
1885 2881 1995 2921 legatos
2004 2889 2099 2921 nuper
2107 2881 2143 2912 in.

1188 2925 1268 2955 bello
1278 2926 1312 2954 L.
1326 2923 1437 2965 Julius,
1447 2931 1523 2964 quos
1539 2924 1569 2952 P.
1581 2922 1715 2951 Rutilius
1727 2941 1736 2955 ,
1752 2931 1828 2962 quos
1845 2923 1882 2951 L.
1894 2925 1967 2952 Cato
1976 2942 1986 2956 ,
1996 2931 2073 2963 quos
2083 2923 2137 2952 Cn.

1188 2966 1349 3006 Pompeius
1367 2965 1512 2994 habuerit.
1534 2963 1635 2994 scietis
1649 2962 1736 2992 fuiss'e
1753 2972 1819 2993 tum
1838 2965 1885 2993 M.
1898 2966 2085 2996 Cornutum,
2101 2965 2138 2993 L.

1187 3002 1327 3040 Cinnam,
1337 3009 1371 3036 L.
1384 3006 1496 3036 Sullam
1508 3026 1516 3039 ,
1535 3006 1688 3045 praetorios
1698 3006 1849 3039 homines,
1862 3005 1934 3034 belli
1951 3004 2073 3046 gerendi
2087 3014 2140 3045 pe-

1186 3048 1337 3079 ritiffimos
1351 3060 1357 3077 :
1373 3055 1509 3089 praeterea
1520 3049 1552 3077 C.
1563 3047 1694 3076 Marium
1706 3065 1714 3079 ,
1727 3048 1757 3076 P.
1769 3045 1898 3076 Didium
1908 3067 1919 3079 ,
1932 3046 2138 3087 ‘QCatulutrn

1187 3094 1218 3121 P.
1231 3088 1362 3120 Crassum
1373 3110 1381 3122 ,
1404 3099 1468 3119 non
1483 3089 1568 3117 literis
1577 3089 1719 3117 homines
1732 3087 1767 3117 ad
1776 3089 1818 3117 rei
1829 3087 1966 3118 militaris
1974 3088 2138 3120 scientiam,

1185 3132 1235 3166 sed
1245 3132 1333 3164 rebus
1341 3130 1429 3173 gestis
1439 3151 1449 3167 ,
1460 3141 1491 3164 ac
1501 3129 1638 3165 victoriis
1650 3128 1792 3163 eruditos.
1813 3128 1877 3171 Age
1888 3127 1962 3165 verb
1972 3149 1983 3165 ,
2001 3138 2082 3202 nur?
2090 3130 2140 3200 irg-

2067 3179 2108 3201 eri
2122 3178 2139 3200 e

2169 1269 2213 1303 14

2159 2315 2201 2350 15
