2295 3400
145 155 237 219 458
558 112 1696 196 INLTU-LL11CICER0N15

149 247 187 267 an
197 234 340 265 niiislicet
352 251 359 263 ,
377 228 594 261 &refrenem
611 229 643 257 in
654 236 724 256 mco
735 234 817 256 metu
830 224 882 255 sibi
894 224 972 254 nihil
983 224 1100 253 timere:
1143 219 1351 259 summamque
1371 221 1505 260 inopiam
1522 223 1564 252 rei
1581 221 1803 254 frumentariae?
1823 229 1856 252 ut
1875 221 2017 253 homines
2031 231 2097 253 non

154 279 232 308 mihi
245 277 296 306 uni
307 271 421 303 necefl'c
432 273 485 301 crit
496 271 527 301 &
539 280 636 300 meam
649 289 656 303 ‚
669 269 839 298 &aliorum
850 269 950 297 vicem
959 266 1102 306 pertime-
1143 263 1203 302 jam
1222 260 1394 291 diuturnam
1412 264 1560 293 caritatem
1572 284 1580 297 ‚
1603 264 1651 294 sed
1668 274 1697 294 ut
1712 264 1824 294 famem
1840 264 1928 304 plan&
1950 267 2102 297 timerent·

154 319 255 351 scere?
278 319 324 345 An
337 334 344 347 ,
365 315 434 354 quia
453 323 516 342 non
534 311 737 342 condemnavi
755 310 899 340 sententia
918 317 984 337 mea
1005 311 1013 325 ¹
1027 306 1105 335 duos
1148 313 1242 333 nemo
1262 311 1356 347 negat3
1379 304 1455 348 hanc
1476 303 1585 339 istum,
1607 308 1660 336 otii
1681 306 1713 336 δε
1730 309 1808 346 pacis
1829 305 1942 336 hostem
1962 326 1969 339 ‚
1988 306 2105 336 causam

154 359 291 390 consules
303 377 310 389 ,
325 355 388 384 suni
400 352 677 394 reprehendendus?
694 362 746 382 eos
757 354 844 392 igitur
854 361 907 391 ego
919 346 1108 390 potissimum
1128 337 1132 380 l
1148 354 1330 389 arrepturum
1343 344 1428 375 iuissc
1439 345 1474 376 ad
1485 347 1623 377 incendia
1633 368 1640 381 ‚
1652 348 1776 382 ccedem,
1790 350 1903 388 iapinas
1913 369 1921 382 ,
1935 348 2017 380 nolo,
2029 357 2107 387 pon-

157 403 295 432 dimnare
306 397 394 427 debui
407 417 414 429 ,
435 406 566 436 quorum
579 395 638 436 lege
649 393 816 435 perfeftum
826 391 888 426 est,
909 401 946 421 ne
957 400 1012 432 ego
1024 389 1111 420 'mde-
1130 382 1133 439 's
1151 389 1246 417 [ilices
1258 407 1265 420 ‚
1288 386 1500 426 suspicemini,
1522 387 1578 419 nisi
1596 390 1742 419 videritis.
1766 393 1827 431 Qi
1846 391 1915 420 sunt
1933 390 2073 419 homines
2093 389 2108 419 Ξι

157 450 276 473 innatus
288 460 295 471 ‚
315 448 400 478 :itque
410 438 526 478 optime
540 437 576 468 de
590 447 650 476 rep.
663 438 786 466 meritus
800 456 806 468 ‚
827 435 1037 465 damnatorum
1048 440 1112 471 poe-

158 493 227 514 riam
247 480 420 512 sustinerem
436 483 446 509 ?
464 489 595 522 quorum
614 480 704 508 etiam
724 476 826 506 delicia
838 498 845 510 ,
867 484 984 516 propter
1001 482 1109 505 eorum

157 526 303 567 egregiam
315 524 346 552 in
358 531 407 552 me
416 520 621 552 conservando
631 521 820 550 voluntatem
836 540 844 552 ‚
868 527 933 548 non
944 516 1110 548 modoine,

158 566 206 597 sed
225 566 346 595 omneis
362 564 460 594 bonos
476 563 552 594 ferre
569 571 736 603 oporteret,
755 571 862 591 eorum
875 561 1027 600 optimum
1038 567 1112 587 con-

161 659 251 680 tatem
263 647 413 678 restitutus
424 668 432 680 ‚
452 646 578 678 consilio
590 645 775 686 repudiarem
788 651 876 676 meo?
899 647 938 674 At
947 652 1039 683 quam
1051 641 1115 671 sen-

161 694 287 723 tentiam
296 690 384 719 dixi?
406 688 542 720 Primum
554 698 618 719 eam
631 708 639 721 ‚
659 697 748 729 quam
766 687 870 727 populi
888 686 984 716 serino
1000 687 1032 714 in
1049 683 1115 713 ani-

165 735 224 764 mis
234 731 342 762 nostiis
353 732 412 766 iam
423 731 489 762 ante
505 729 664 761 defixerat:
685 729 794 760 deinde
806 738 870 758 eam
883 749 890 762 ‚
910 736 976 769 qua:
991 735 1051 756 erat
1069 725 1115 755 su—

161 773 331 816 perioribus
340 773 444 803 diebus
454 775 556 814 agitata
567 774 601 802 in
612 772 712 802 senatu
725 781 730 799 z
751 770 859 800 deinde
871 780 934 800 earn
948 790 956 802 ,
972 777 1061 809 quarn
1073 766 1116 796 se-

161 825 248 848 natus
259 815 400 856 frequens
412 835 421 849 ‚
441 824 504 844 tum
516 834 524 848 ,
545 812 616 844 cum
628 814 704 843 mihi
719 811 759 842 est
770 810 897 841 ass'ensus
909 831 916 845 ,
938 811 1052 840 secutus
1065 807 1115 837 est:

163 868 196 889 ut
209 868 306 898 neque
320 856 405 887 allata
416 855 450 887 sit
463 856 479 887 a
492 867 541 886 me
557 865 601 886 res
620 856 772 894 inopinata
785 874 792 887 ‚
815 864 845 883 ac
858 862 960 882 recens
975 863 979 881 ;
1003 861 1058 881 nec
1069 870 1077 883 ,
1099 847 1119 878 si

162 899 245 942 quod
262 902 295 929 in
312 899 456 929 sententia
471 900 582 928 vitium
600 895 660 926 est:
682 896 775 935 inagis
785 893 817 925 sit
827 895 890 934 ejus
901 914 909 927 ‚
930 894 981 934 qui
997 893 1118 924 dixerit,

162 942 252 984 quam
265 942 408 971 omnium
420 961 428 974 ‚
445 941 497 981 qui
514 938 673 979 probarint.
698 939 737 967 At
754 938 836 966 enim
855 935 985 965 liberum
1002 934 1119 964 senatus

159 983 313 1025 judicium
326 1002 333 1014 ‚
353 992 470 1022 propter
481 989 588 1010 merum
599 1000 607 1014 ‚
629 989 693 1009 non
701 977 769 1008 fuit.
792 980 822 1008 Si
833 976 963 1007 timuiss'e
973 986 1023 1006 eos
1033 974 1117 1007 facis,

162 1027 216 1068 qui
226 1022 435 1057 discesserunt,
457 1022 607 1054 concede,
631 1030 695 1050 non
705 1018 837 1050 timuisse
847 1029 918 1053 eos,
937 1019 990 1060 qui
1000 1027 1120 1047 reman-

163 1069 279 1098 serunt:
300 1065 343 1095 fin
360 1074 460 1095 autem
475 1063 536 1093 sine
553 1064 610 1096 iis,
631 1064 683 1103 qui
701 1070 766 1092 tum
783 1060 958 1094 abfuerunt,
979 1058 1119 1089 nihilde-

165 1110 248 1140 cerni
259 1106 351 1137 libere
362 1107 461 1146 potuit
473 1116 478 1134 :
499 1104 570 1135 curn
588 1113 698 1134 omnes
714 1101 843 1133 adessent
855 1123 863 1136 ‚
880 1112 1012 1143 coeptum
1024 1099 1065 1130 est
1076 1110 1122 1129 re-

163 1149 235 1180 ferri
255 1149 290 1179 de
308 1147 481 1178 inducendo
498 1149 524 1177 S.
536 1149 568 1176 C..
592 1146 640 1176 Ab
655 1145 793 1175 universo
810 1145 911 1175 senatu
927 1144 1121 1174 reclamatum

127 1202 148 1234 5
166 1191 216 1222 est.
240 1190 294 1221 Sed
305 1199 404 1230 quaero
416 1209 424 1222 ‚
446 1190 479 1218 in
497 1189 556 1228 ipsa
572 1188 734 1221 sententia,
757 1189 903 1227 quoniam
921 1187 1057 1226 princeps
1067 1192 1122 1223 ego
1143 1186 1144 1197 ¹

166 1234 231 1264 sum
243 1232 307 1271 ejus
318 1251 326 1264 ‚
343 1240 430 1271 atque
441 1229 545 1260 auitor
554 1250 562 1263 ‚
574 1229 647 1270 quid
660 1227 894 1269 reprehendatur.
919 1225 1031 1258 Utrum
1042 1224 1124 1254 causa

165 1273 302 1315 capiendi
314 1283 389 1302 novi
401 1271 517 1302 consilii
532 1270 687 1302 nonfuit?
706 1281 743 1300 an
754 1281 828 1300 meae
838 1278 930 1309 partes
944 1271 975 1298 in
994 1277 1027 1297 ea
1043 1266 1126 1296 causa
1144 1265 1146 1271 '

165 1325 230 1346 non
239 1314 545 1356 praecipuaefuerunt?
562 1324 599 1343 an
615 1311 674 1343 alio
695 1311 796 1351 potius
807 1310 1044 1351 confugiendum
1055 1307 1125 1338 fuit?

169 1362 259 1399 ²quae
278 1367 342 1390 res,
363 1367 428 1397 quae
444 1356 528 1386 causa
546 1355 643 1391 major
661 1353 719 1383 esse
739 1374 746 1387 ,
771 1353 860 1394 quam
873 1353 965 1391 fames
977 1373 985 1384 ,
1005 1351 1125 1391 potuit?

168 1401 259 1441 quam
268 1398 390 1439 seditio?
409 1397 498 1438 quam
509 1395 632 1427 consilia
643 1404 691 1426 tua
701 1415 709 1429 ‚
730 1404 911 1435 tuorumque
924 1405 929 1423 ;
949 1395 1019 1434 qui,
1033 1391 1127 1422 facul-

169 1451 227 1473 tate
238 1441 336 1471 oblata
347 1459 355 1474 ‚
374 1439 409 1470 ad
420 1441 629 1479 imperitorum
640 1440 758 1468 animos
768 1436 936 1466 incitandos
948 1455 955 1468 ‚
968 1443 1127 1465 renovatu-

168 1493 237 1513 rum
256 1492 284 1512 te
302 1491 350 1512 tua
367 1482 417 1511 illa
434 1479 551 1511 funesta
566 1481 720 1510 latrocinia
730 1479 770 1508 ob
779 1488 908 1508 annonae
918 1477 1034 1507 causam
1045 1483 1128 1515 puta-

169 1533 241 1554 runt
253 1527 263 1553 ?
284 1526 483 1554 Frumentum
493 1524 657 1562 provinciae
666 1520 869 1551 frumentaria:
880 1521 987 1559 partim
1002 1527 1066 1548 non
1077 1517 1127 1546 ha-

168 1565 297 1599 bebant;
316 1567 423 1605 partim
440 1567 471 1594 in
486 1565 555 1594 alias
571 1573 658 1593 terras
669 1584 677 1596 ‚
698 1562 787 1592 credo
800 1582 807 1595 ,
828 1570 946 1601 propter
955 1562 1125 1590 varietatem

168 1607 365 1638 venditorum
386 1607 546 1639 miserant,
569 1607 677 1645 partim
692 1624 700 1637 ‚
720 1614 781 1644 quo
822 1605 911 1633 ratius
929 1601 1000 1631 effet
1016 1621 1024 1635 ‚
1050 1610 1127 1634 tum,

170 1659 242 1681 cum
263 1652 297 1678 in
316 1649 377 1688 ipsa
393 1648 474 1678 fame
494 1645 697 1677 stibveniss'ent
717 1665 725 1679 ,
751 1614 895 1675 cuffiodi'is
915 1645 973 1674 suis
996 1643 1128 1673 clausum

169 1690 384 1723 continebant,
407 1699 440 1719 ut
453 1687 551 1719 subito
562 1698 679 1718 novum
692 1689 855 1717 mitterent.
878 1688 939 1716 Res
949 1694 1007 1715 erat
1019 1695 1083 1714 non
1098 1687 1131 1713 in

171 1733 318 1773 opinione
327 1731 417 1761 dubia
428 1751 437 1765 ,
461 1733 472 1758 3
485 1729 533 1760 sed
545 1732 576 1760 in
588 1730 740 1770 praesentia
750 1748 759 1762 ,
775 1738 860 1769 atque
870 1737 936 1757 ante
947 1727 1053 1757 oculos
1062 1736 1131 1766 pro-

170 1772 266 1814 posito
277 1774 410 1813 periculo
423 1783 428 1801 2
450 1782 546 1812 neque
557 1771 590 1802 id
606 1770 777 1811 conjectura
785 1769 1039 1811 prospiciebamus
1051 1788 1059 1801 ,
1081 1767 1130 1798 sed

173 1817 232 1853 {arn
243 1816 357 1855 experti
370 1814 556 1844 videbamus.
580 1823 650 1843 nam
664 1832 672 1846 ,
692 1822 763 1843 cum
774 1812 986 1856 ingravesceret
996 1819 1128 1842 annona,

172 1858 276 1897 utjam
289 1856 376 1897 plane
387 1857 490 1895 inopia
500 1875 507 1888 ‚
520 1865 552 1885 ac
561 1854 658 1885 fames
667 1875 675 1888 ‚
689 1864 751 1884 non
761 1863 864 1884 caritas
877 1855 1046 1883 timeretur:
1057 1861 1132 1881 con-

174 1899 274 1929 cursus
285 1897 328 1928 est
347 1897 381 1928 ad
403 1897 576 1937 4templum
587 1895 764 1926 Concordia:
781 1894 876 1926 faetus
887 1915 896 1928 ,
916 1895 1050 1924 senatum
1062 1894 1134 1923 illuc

173 1949 300 1971 vocante
310 1939 436 1969 Metello
450 1939 574 1969 consule
586 1936 684 1978 :quisi
695 1947 780 1967 verus
789 1936 847 1966 fuit
858 1956 866 1970 ,
879 1946 917 1966 ex
932 1935 1021 1964 dolore
1031 1936 1132 1964 homi-

175 1992 248 2012 num
261 2002 269 2015 ,
291 1981 429 2020 &farm-¹:
449 1980 528 2010 certe
539 1979 678 2010 consules
687 1979 803 2009 causam
816 1979 959 2017 suscipere
970 1998 978 2010 ‚
997 1977 1075 2006 certe
1087 1977 1132 2007 se-

174 2033 258 2054 natus
269 2022 384 2064 aliquid
393 2020 510 2052 confilii
521 2031 622 2062 capere
632 2023 739 2061 potuit.
763 2019 806 2050 sin
822 2021 856 2049 in
869 2019 953 2049 causa
965 2018 1023 2048 fuit
1035 2029 1133 2049 anno-

175 2076 213 2095 na
233 2086 240 2098 ‚
271 2064 448 2095 5seditionis
468 2063 594 2104 quidem
614 2062 816 2093 instimulator
835 2082 843 2096 ‚
868 2061 900 2091 &
918 2063 1084 2091 concitator
1102 2069 1133 2090 tu

177 2106 261 2137 fuisti
275 2117 280 2135 :
297 2116 400 2136 nonne
419 2106 449 2138 id
469 2105 620 2146 agendum
637 2104 727 2134 nobis
743 2103 887 2133 omnibus
897 2102 955 2132 fuit
966 2123 974 2136 ‚
995 2112 1028 2132 ut
1041 2111 1135 2132 mate-

177 2150 256 2179 riem
274 2148 509 2178 subtraheremus
523 2146 702 2177 furorituo?
724 2145 805 2187 Qid
817 2165 825 2178 ,
846 2143 866 2174 sl
887 2153 1047 2185 utrumque
1063 2143 1134 2176 fuit,

181 2191 214 2220 &
224 2188 358 2220 utfames
370 2188 534 2219 stimularet
543 2189 685 2218 homines
697 2207 706 2220 ,
719 2186 752 2216 &
762 2196 793 2216 tu
808 2185 863 2216 ⁶in
874 2187 930 2216 hoc
943 2186 1039 2216 ulcere
1051 2206 1059 2220 ,
1071 2194 1136 2216 tan—

178 2241 269 2272 quam
282 2232 389 2272 unguis
400 2250 408 2265 ‚
430 2229 602 2260 exsisteres?
620 2239 724 2259 nonne
734 2227 793 2258 fuit
807 2238 843 2257 eo
860 2229 956 2265 major
968 2227 1135 2258 adhibenda

179 2272 333 2303 medicina
346 2293 354 2306 ,
374 2282 439 2313 quae
449 2272 480 2302 &
497 2271 573 2302 illud
582 2272 718 2301 nativum
730 2290 738 2304 ‚
759 2269 791 2299 δε
802 2271 859 2299 hoc
872 2269 1004 2299 delatum
1018 2270 1135 2299 malum

179 2315 278 2346 sanare
289 2313 394 2354 posset:
406 2317 474 2344 Erat
484 2315 574 2355 igitur
584 2313 617 2342 &
626 2322 685 2353 prae
691 2312 756 2342 sens
764 2311 914 2344 caritas,&
923 2309 1020 2341 futura
1030 2310 1137 2341 fames.

180 2361 194 2385 7
205 2366 268 2387 non
278 2355 320 2386 est
331 2355 396 2386 satis
409 2366 413 2385 :
426 2354 502 2386 faeta
510 2355 650 2395 lapidatio
659 2353 710 2384 est.
733 2355 764 2383 Si
775 2363 813 2382 ex
823 2353 926 2382 dolore
936 2352 1052 2391 plebei,
1067 2352 1137 2381 nul-

180 2399 212 2428 lo
224 2399 368 2428 incitante
381 2408 386 2426 :
397 2407 540 2438 magnum
551 2396 678 2426 malum.
703 2393 723 2425 si
734 2398 764 2426 P.
775 2394 877 2425 Clodii
888 2393 1020 2433 impulsu
1033 2404 1038 2422 z
1053 2392 1138 2423 usita-

183 2449 248 2470 tum
260 2441 397 2470 hominis
409 2436 567 2469 facinorosi
579 2438 682 2468 scelus.
705 2435 726 2466 fi
742 2445 919 2477 utrumque,
939 2444 971 2465 ut
986 2435 1019 2465 &
1036 2444 1081 2465 res
1097 2434 1141 2464 es-

185 2482 227 2512 set
238 2491 270 2512 ea
283 2501 290 2515 ,
313 2491 379 2522 quae
397 2481 446 2511 sua
464 2481 568 2520 sponte
587 2479 792 2510 multitudinis
805 2480 924 2509 animos
933 2478 1086 2510 incitaret,
1107 2476 1140 2506 &

183 2525 272 2562 parati
282 2543 290 2557 ‚
310 2532 397 2564 atque
409 2523 515 2553 armati
530 2522 684 2552 seditionis
700 2521 789 2551 duces
803 2531 808 2550 :
827 2519 986 2550 videturne
996 2519 1056 2559 ipsa
1066 2518 1140 2558 resp.

185 2565 217 2594 ὅ(
228 2565 358 2595 consulis
370 2565 519 2594 auxilium
533 2561 704 2603 implorasse
714 2583 723 2597 ‚
743 2562 776 2592 &
786 2563 900 2592 senatus
912 2559 1026 2591 fidem?
1049 2562 1142 2600 Atqui

186 2615 346 2647 utrumque
364 2604 452 2637 fuisse
469 2606 659 2647 perspicuum
676 2604 719 2636 est
736 2625 745 2639 ‚
773 2603 982 2635 difficultatem
1000 2612 1140 2635 annonae,

224 2718 247 2735 1.
265 2712 314 2735 Duo
324 2711 450 2746 confictu]
471 2711 514 2737 Est
536 2712 551 2737 a
563 2711 619 2737 Pal.
631 2698 784 2737 nono—sss.
795 2698 916 2737 vsooi-is
928 2728 936 2741 ‚
955 2698 1054 2745 proco
1072 2707 1143 2744 quod
1166 2693 1181 2724 ἲ-

186 2745 306 2780 vulgata,
315 2747 380 2772 duos.

223 2790 249 2806 2.
269 2783 324 2814 ἐξα-ε
334 2792 382 2814 res,
392 2792 441 2816 qux
450 2783 521 2818 causia
531 2784 614 2817 major,
624 2783 692 2818 &c.]
705 2782 775 2810 Pali.
786 2783 813 2809 S.
823 2781 896 2809 Viet.
906 2780 1042 2816 editioque
1057 2788 1144 2812 vetus,

179 2818 254 2851 ficit?
276 2819 325 2842 vis.
347 2829 396 2852 qux
406 2820 488 2852 causa.

223 2861 252 2892 3?
271 2854 315 2878 Sed
323 2857 348 2879 in
354 2856 461 2888 prasenti
470 2863 539 2890 atque
549 2863 603 2881 ante
611 2857 684 2881 oculos
691 2855 757 2889 pqsi'to
764 2853 891 2888 periculo]
913 2853 987 2880 Nata
996 2852 1078 2879 leffio
1090 2872 1098 2884 ‚
1109 2862 1141 2878 cx

187 2887 304 2929 editione
317 2890 346 2915 P.
359 2892 472 2917 Manutii
488 2911 496 2923 ,
507 2893 571 2918 item
583 2893 680 2918 veteris
693 2890 891 2927 Lugdunensis:
914 2889 968 2916 hece
985 2889 1055 2915 enim
1068 2889 1145 2914 habet

186 2923 255 2952 illud
264 2926 342 2959 pqfiro,
353 2926 397 2952 illa
405 2928 519 2960 praesenti.
539 2935 565 2954 at
577 2928 684 2964 vulgata
696 2928 753 2961 ,sed
760 2926 916 2960 t'npraeftntia
925 2932 997 2960 atque
1007 2932 1061 2950 ante
1070 2927 1145 2951 oculos

184 2962 313 2995 γομφίος
331 2961 400 2996 quod
414 2962 484 2988 idem
496 2964 520 2990 in
535 2964 591 2990 niff.
606 2964 674 2990 l'all.

223 2998 432 3059 4.sAd-1emplnm
448 3001 598 3035 Concordiae]
620 2999 781 3027 Gulielmius
808 2998 886 3026 habet
907 2996 1014 3025 verbum
1038 2999 1146 3030 templum

188 3041 237 3069 pro
265 3042 351 3069 pin-io.

227 3077 252 3102 5.
270 3069 391 3095 seditionis
401 3071 492 3104 quidem
502 3072 681 3105 instimulator]
703 3074 760 3098 Cui·
771 3070 942 3098 excluderem
953 3069 1019 3097 istud
1031 3070 1040 3095 ?
1050 3069 1145 3096 inven-

188 3111 245 3144 turn
257 3106 283 3131 in
297 3105 495 3154 Paliylur'i'ous
518 3110 586 3133 (nam
598 3117 689 3133 ornnes
701 3114 828 3134 excutere
849 3107 928 3134 nimis
947 3105 1096 3143 operosum)
1118 3106 1145 3131 &

187 3140 277 3167 codice
291 3142 317 3166 S.
329 3142 456 3168 Victoris.
473 3142 552 3178 iulgo
561 3145 702 3176 stimulator.

1132 635 1134 653 i

1152 428 1318 467 QMetello
1332 448 1339 461 ‚
1350 427 1437 459 fratre
1447 438 1520 464 tuo,
1531 431 1652 461 consule
1664 452 1672 465 ‚
1684 434 1714 461 in
1725 432 1824 462 senatu
1835 434 1932 471 palam
1946 432 2108 463 nominati,

1153 471 1168 501 Ii
1187 471 1294 511 quibus
1311 471 1363 500 ille
1381 471 1408 500 se
1425 471 1563 512 lapidibus
1573 475 1731 515 appetitum
1742 494 1750 506 ‚
1772 475 1862 503 ctiam
1874 471 2038 512 percuss'um
2051 471 2109 502 ess'e

1154 513 1257 542 dixit?
1279 513 1534 552 L.Sergiuin,'&
1553 516 1595 543 M.
1610 515 1747 544 Lollium
1766 517 1947 544 nominavit.
1972 517 2047 556 Qis
2066 513 2109 544 est

1132 587 1133 590 Ἴ
1154 554 1206 584 iste
1218 554 1336 583 Lollius
1348 560 1356 584 Ξ
1367 557 1418 594 qui
1431 553 1489 584 sine
1498 555 1577 585 ferro
1589 567 1626 586 ne
1638 566 1719 585 nunc
1729 556 1853 596 quidem
1865 564 1964 586 tecum
1976 556 2018 586 est
2029 568 2033 585 ⁴.
2045 559 2109 596 qui,

158 608 257 638 silium
268 616 323 647 ego
333 604 523 646 potiss'imum
536 625 543 638 ‚
562 614 674 645 percos
690 605 721 634 in
737 613 834 633 meam
845 602 1000 643 pristinam
1011 600 1110 641 digni·
1132 608 1133 628 i

1155 605 1181 626 te
1193 595 1315 626 tribuno
1327 596 1405 636 pleb.
1416 597 1495 626 nihil
1506 597 1542 627 de
1554 608 1603 627 me
1614 598 1711 627 dicam
1722 597 1790 630 ,sed
1800 599 1852 638 qui
1862 600 1918 627 Cn.
1930 599 2111 637 Pompejum

1156 636 1399 668 interficiendum
1418 639 1601 679 depoposcit.
1627 641 1702 710 (Qbiis
1714 638 1756 669 est
1765 640 1902 681 Sergius?
1921 642 2047 681 armiger
2057 641 2113 668 Ca-

1158 680 1251 710 tilinae
1265 700 1272 712 ,
1293 679 1414 720 stipator
1427 690 1470 711 tui
1486 683 1620 721 corporis
1631 702 1638 715 ‚
1683 680 1780 722 gnifer
1790 682 1944 711 seditionis
1955 701 1964 715 ,
1983 682 2113 718 concita-

1157 731 1203 752 tor
1222 721 1473 756 tabernariorum,
1496 723 1652 754 damnatus
1668 723 1845 759 injuriarum
1857 743 1865 757 ‚
1883 721 2051 763 percussor,
2073 723 2116 752 la-

1158 763 1273 804 pidator
1285 784 1292 797 ,
1308 763 1365 793 fori
1377 763 1589 811 depopulator,
1609 763 1845 795 obsefforcuriae.
1870 767 1945 799 His,
1961 774 2048 806 atque
2058 765 2116 794 hu·

1136 830 1138 840 ⁴
1156 805 1291 845 jusmodi
1303 805 1429 836 ducibus
1442 826 1449 840 ‚
1471 817 1541 836 cum
1561 817 1592 837 tu
1610 809 1642 837 in
1656 817 1785 837 annonae
1798 809 1912 837 caritate
1924 808 1956 836 in
1967 806 2114 840 consules,

1161 849 1192 876 in
1204 847 1337 876 senatum
1349 867 1358 881 ‚
1378 849 1411 877 in
1424 848 1518 882 bona,
1538 848 1728 889 fortunasque
1744 848 1941 889 locupletium
1954 869 1962 882 ,
1982 858 2033 888 pei·
2047 857 2118 878 cau-

1161 889 1221 918 sam
1242 890 1369 928 inopum
1391 909 1399 922 ,
1428 899 1514 930 atque
1534 892 1743 930 imperitorum
1762 911 1770 924 ‚
1795 892 1968 931 repentinos
1988 891 2119 930 impetus

1160 939 1362 970 comparares:
1384 930 1455 961 cuin
1468 931 1522 962 tibi
1537 933 1611 963 salus
1625 931 1682 962 ess'e
1696 934 1730 962 in
1744 935 1810 962 otio
1823 933 1906 962 nulla
1916 928 2027 972 poss'etz
2046 929 2118 960 cum

1164 971 1320 1011 desperatis
1331 972 1458 1003 ducibus
1471 973 1634 1004 decuriatos
1647 995 1656 1007 ‚
1677 984 1709 1004 ac
1725 974 1886 1014 descriptos
1903 975 2024 1004 haberes
2036 982 2121 1004 exer-

1141 1042 1142 1048 ,
1161 1015 1237 1044 citus
1256 1013 1442 1053 perditorum
1460 1026 1464 1044 :
1485 1025 1588 1046 nonne
1607 1015 1828 1055 providendum
1850 1016 1962 1045 senatui
1981 1014 2060 1048 fuit,
2082 1023 2121 1044 ne

1163 1057 1196 1084 in
1206 1056 1282 1084 hanc
1293 1063 1402 1086 tantam
1414 1059 1570 1087 materiem
1586 1058 1743 1087 seditionis
1756 1057 1809 1088 ista
1825 1056 2005 1096 funestafax
2021 1056 2123 1086 adh-a:-

1162 1096 1304 1127 i'esceret?
1327 1099 1394 1126 Fuit
1406 1107 1494 1138 igitur
1507 1099 1591 1129 causa
1603 1099 1739 1139 capiendi
1754 1102 1827 1129 novi
1841 1098 1969 1129 consilii.
2013 1097 2121 1128 Videte
2142 1095 2163 1129 6

1164 1147 1245 1184 nunc
1257 1158 1265 1170 ,
1285 1136 1435 1169 fuerintne
1447 1149 1541 1179 partes
1560 1151 1634 1170 meae
1652 1141 1736 1180 piene
1753 1143 1916 1180 praecipuae.
1940 1143 2039 1212 Oxii-{zm
2056 1149 2123 1170 tum

1164 1181 1279 1218 Sergius
1291 1179 1341 1208 ille
1354 1188 1419 1209 tuus
1431 1201 1439 1214 ‚
1459 1191 1550 1221 quem
1562 1183 1681 1211 Lollius
1694 1202 1702 1215 ,
1725 1192 1815 1222 quem
1826 1191 1928 1212 ceterae
1937 1184 1985 1220 pei
2001 1191 2031 1211 es
2042 1183 2073 1211 in
2084 1181 2126 1211 la-

1163 1220 1317 1260 pidatione
1328 1221 1379 1250 illa
1388 1223 1587 1252 nominabant
1598 1226 1608 1252 ?
1626 1234 1718 1263 quem
1729 1233 1881 1253 annonam
1891 1222 2024 1262 praestare
2034 1232 2124 1262 opor-

1165 1272 1225 1292 tere
1235 1261 1371 1293 dicebant
1381 1266 1390 1292 ?
1400 1274 1503 1293 nonne
1514 1274 1563 1293 me
1573 1268 1583 1294 ?
1594 1264 1667 1305 quid
1678 1268 1688 1294 ?
1698 1274 1860 1304 puerorum
1874 1265 1924 1294 illa
1932 1265 2122 1295 concursatio

1166 1303 1314 1334 noestui‘na
1325 1307 1334 1325 ²
1356 1315 1430 1334 num
1442 1305 1457 1335 Ξι
1469 1314 1496 1335 te
1506 1306 1569 1346 ipso
1579 1305 1713 1337 instituta
1723 1327 1731 1340 ,
1752 1317 1801 1336 me
1811 1306 1999 1336 frumentum
2010 1305 2125 1347 flagita-

1168 1346 1257 1376 bant?
1280 1345 1367 1387 Qafi
1376 1346 1448 1377 veto
1459 1358 1513 1387 ego
1527 1357 1577 1377 aut
1589 1350 1631 1378 rei
1644 1348 1847 1378 frumentariae
1856 1347 2035 1388 pi'aefuiss'em
2047 1367 2055 1381 ‚
2076 1354 2126 1378 aut

1168 1387 1370 1428 compressum
1378 1389 1501 1430 aliquod
1510 1389 1698 1420 frumentum
1711 1399 1844 1420 tenerem
1856 1411 1864 1424 ‚
1883 1399 1932 1420 aut
1950 1392 1982 1420 in
2001 1389 2058 1419 isto
2075 1399 2127 1430 ge-

1169 1440 1243 1475 nere
1251 1433 1383 1460 omnino
1400 1431 1562 1472 quidquam
1575 1451 1583 1464 ,
1603 1441 1651 1461 aut
1663 1434 1816 1462 curatione
1826 1452 1835 1466 ‚
1864 1441 1912 1463 aut
1920 1431 2062 1472 potestate
2072 1441 2127 1461 va-

1169 1470 1298 1501 luissem.
1323 1472 1378 1502 Sed
1394 1474 1490 1503 homo
1504 1473 1539 1503 ad
1555 1473 1668 1503 caedem
1685 1475 1853 1503 imminens
1865 1494 1873 1507 ,
1894 1483 1998 1504 meum
2010 1482 2127 1502 nomen

1169 1509 1182 1532 8
1192 1516 1290 1553 operis
1300 1514 1428 1544 ediderat
1441 1535 1449 1548 ,
1468 1517 1616 1555 imperitis
1627 1518 1778 1554 injecerat.
1804 1518 1880 1545 Cum
1896 1515 1932 1545 de
1948 1525 2015 1545 mea
2025 1514 2127 1556 digni-

1171 1564 1227 1586 tate
1248 1558 1279 1585 in
1299 1557 1413 1596 templo
1422 1558 1507 1598 Jovis
1519 1559 1634 1596 Optimi
1649 1559 1779 1587 Maximi
1797 1558 1913 1587 senatus
1929 1554 2130 1597 frequentis&

1173 1608 1241 1627 mus
1252 1617 1260 1631 ‚
1282 1608 1343 1628 uno
1353 1597 1410 1628 isto
1420 1597 1611 1628 dissentiente
1622 1619 1631 1631 ‚
1650 1597 1839 1631 decrevisset:
1860 1597 1958 1629 subito
1970 1619 1977 1632 ‚
1999 1598 2054 1627 illo
2064 1598 2130 1638 ipso

1171 1640 1220 1669 die
1228 1660 1236 1673 2
1246 1638 1422 1670 cariffimam
1435 1650 1586 1670 annonam
1599 1642 1791 1680 nec-opinata
1800 1641 1899 1670 vilitas
1909 1641 2067 1670 consecuta
2078 1638 2131 1669 est.

1176 1684 1266 1711 Erant
1280 1683 1330 1722 qui
1346 1681 1418 1712 deos
1430 1684 1629 1712 iinmortaleis
1648 1682 1691 1720 (id
1710 1681 1792 1722 quod
1810 1692 1864 1722 ego
1884 1682 1993 1722 sentio)
2004 1682 2133 1711 numine

1175 1725 1227 1754 suo
1244 1724 1374 1753 reditum
1393 1733 1497 1753 mcum
1515 1724 1648 1753 dicerent
1668 1722 1853 1764 coraprobaffi.
1876 1724 2020 1753 nonnulli
2031 1732 2133 1752 autem

1171 1766 1255 1795 illam
1268 1774 1330 1794 rem
1341 1765 1376 1794 ad
1388 1766 1470 1795 illam
1481 1766 1617 1794 rationem
1628 1786 1636 1799 ,
1655 1765 1921 1806 conjeEtuiamque
1942 1765 2132 1798 revocabant,
2148 1777 2181 1801 ο

1174 1809 1227 1848 qui
1240 1826 1248 1840 ,
1267 1805 1350 1846 quod
1361 1809 1393 1836 in
1405 1817 1475 1836 meo
1485 1807 1580 1837 reditu
1593 1807 1655 1847 spes
1665 1808 1720 1837 otii
1731 1819 1740 1841 3
1760 1807 1792 1836 &
1801 1806 1970 1837 concordiae
1984 1805 2034 1836 sita
2047 1805 2134 1836 vide-

1175 1849 1258 1879 batur
1267 1868 1275 1881 ,
1288 1849 1319 1877 in
1330 1847 1455 1878 discess'u
1464 1857 1564 1879 autem
1575 1849 1770 1889 quotidianus
1779 1849 1936 1879 seditionis
1948 1850 2057 1882 timor,
2071 1850 2133 1885 iam

1174 1889 1259 1931 paene
1277 1889 1350 1919 belli
1367 1889 1493 1930 depulso
1512 1898 1596 1920 metu
1611 1910 1619 1924 ,
1642 1899 1858 1921 commutatam
1877 1900 2030 1920 annonam
2050 1889 2133 1920 dice-

1179 1935 1265 1963 bant:
1284 1941 1350 1972 quae
1365 1934 1435 1972 quia
1451 1933 1548 1962 rursus
1564 1933 1597 1962 in
1615 1942 1686 1962 meo
1701 1933 1799 1962 reditu
1811 1932 1888 1962 facia
1901 1941 1961 1962 crat
1974 1932 2077 1962 durior
2088 1953 2098 1966 ‚
2120 1931 2137 1964 ὲ

1177 1984 1226 2004 me
1241 1994 1250 2008 ,
1274 1974 1359 2013 cujus
1377 1974 1506 2004 adventu
1524 1973 1590 2004 fore
1607 1975 1754 2005 vilitatem
1774 1974 1849 2004 boni
1867 1976 1925 2004 viri
1946 1973 2134 2008 diEtitabant,

1175 2026 1297 2060 annona
1307 2014 1567 2057 flagirabamrEgo
1578 2015 1707 2056 denique
1718 2026 1782 2046 non
1793 2015 1893 2046 solum
1905 2015 1940 2046 ab
1954 2018 2052 2056 operis
2063 2018 2132 2050 tuis,
2155 2028 2173 2062 7

1177 2058 1310 2098 impulsu
1321 2066 1374 2088 tuo
1385 2077 1393 2091 ,
1405 2058 1602 2091 nominabat,
1615 2058 1663 2089 sed
1675 2060 1776 2092 etiam,
1789 2056 1915 2098 depulsis
1930 2078 1939 2092 ,
1951 2067 1982 2088 ac
1993 2056 2134 2098 diffipatis

1177 2102 1236 2131 tuis
1251 2101 1347 2140 copiis
1358 2120 1367 2133 ,
1387 2099 1402 2130 a
1412 2099 1526 2140 populo
1537 2102 1630 2130 Rom.
1646 2100 1787 2130 universo
1800 2120 1809 2134 ‚
1828 2101 1880 2141 qui
1893 2109 1959 2129 tum
1972 2101 2004 2130 in
2015 2102 2136 2140 Capito-

1178 2143 1255 2172 lium
1265 2150 1467 2175 convenerat,
1488 2140 1559 2171 cum
1572 2142 1628 2171 illo
1644 2142 1693 2172 die
1707 2144 1808 2172 minus
1823 2142 1952 2172 valerem
1964 2162 1973 2175 ‚
1991 2143 2134 2171 nomina-

1178 2186 1234 2214 tim
1246 2186 1278 2213 in
1287 2184 1422 2214 senatum
1433 2182 1568 2213 vocabar.
1593 2186 1672 2214 Veni
1681 2183 1876 2223 exspeetatus.
1899 2184 2005 2213 multis
2015 2183 2136 2213 senten-

1178 2228 1227 2256 tiis
1234 2226 1297 2265 jam
1309 2224 1399 2255 dietis
1410 2247 1418 2259 ‚
1433 2234 1552 2266 rogatus
1562 2225 1627 2255 sum
1638 2226 1829 2256 sententiam.
1852 2224 1918 2254 dixi
1926 2226 1998 2264 reip.
2007 2223 2137 2254 saluber-

1180 2270 1289 2298 rimam
1299 2287 1307 2301 ,
1320 2268 1399 2297 mihi
1413 2265 1614 2297 neceffari'am.
1633 2267 1790 2297 Petebatur
1798 2266 1814 2296 ὲ
1824 2276 1874 2295 me
1883 2265 2029 2296 frumenti
2038 2267 2135 2306 copia,

1181 2319 1308 2340 annonae
1329 2309 1428 2339 vilitas
1437 2320 1446 2342 3
1465 2312 1480 2336 9
1492 2306 1570 2348 quafi
1588 2306 1704 2347 poffem
1721 2307 1833 2348 aliquid
1848 2309 1882 2337 in
1901 2317 1934 2338 ea
1951 2316 1982 2337 re
2000 2307 2137 2349 gerenda:

1181 2361 1245 2381 non
1263 2350 1431 2380 habebatur.
1461 2348 1611 2390 flagitabar
1630 2349 1783 2379 bonorum
1803 2348 2052 2389 expostulatione.
2076 2351 2137 2380 im-

1179 2392 1345 2432 proborum
1355 2392 1492 2421 convicia
1501 2389 1642 2420 sustinere
1654 2401 1718 2421 non
1726 2400 1870 2430 poteram.
1893 2391 2025 2432 delegavi
2035 2392 2135 2421 amico

1181 2434 1383 2473 locupletiori‚
1394 2442 1457 2462 non
1468 2442 1528 2472 quo
1536 2432 1595 2465 illi,
1605 2434 1645 2462 ita
1654 2432 1689 2462 de
1701 2443 1750 2462 me
1760 2436 1871 2462 merito
1882 2452 1890 2467 ‚
1903 2443 1980 2462 onus
1991 2433 2066 2463 illud
2078 2435 2139 2463 im-

1181 2485 1325 2515 ponerem
1336 2473 1563 2514 (succubuissem
1573 2476 1656 2504 enim
1666 2476 1767 2514 potius
1776 2475 1850 2515 ipse)
1859 2475 1907 2504 sed
1917 2484 1987 2515 quia
1996 2474 2138 2506 videbam

1184 2517 1213 2547 id
1221 2537 1232 2551 ,
1255 2516 1336 2558 quod
1347 2525 1455 2546 omnes
1468 2527 1472 2545 :
1491 2515 1571 2556 quod
1582 2525 1639 2545 nos
1649 2517 1685 2546 de
1696 2519 1750 2546 Cn.
1760 2517 1906 2556 Pompejo
1916 2517 2140 2556 polliceremur,

1183 2559 1213 2589 id
1224 2559 1312 2588 illum
1322 2557 1380 2588 fide
1391 2578 1399 2591 ,
1415 2557 1553 2591 consilio,
1568 2558 1686 2592 virtute,
1697 2557 1872 2588 auctoritate
1882 2558 2044 2597 ‚felicitate
2053 2558 2142 2588 deni-

1184 2611 1242 2642 que
1258 2600 1305 2631 sua
1313 2598 1684 2641 facillimeperchturum.
1706 2602 1807 2641 Itaque
1819 2620 1827 2634 ‚
1848 2598 1906 2630 five
1919 2601 2000 2630 hunc
2018 2600 2060 2630 dii
2078 2602 2140 2630 im-

2001 2642 2146 2674 mortales

1185 2705 1345 2742 deprehendi
1358 2706 1422 2731 item
1434 2706 1460 2732 in
1473 2704 1528 2731 Pal.
1541 2715 1623 2732 nono.
1643 2714 1701 2732 nam
1713 2705 1792 2731 ceteri
1805 2704 1860 2731 sere
1870 2714 1954 2738 ungue.

1221 2751 1248 2776 7.
1269 2747 1321 2768 Non
1334 2742 1432 2775 msam
1448 2752 1454 2766 :
1465 2743 1538 2775 faHa
1546 2741 1685 2775 lapidaria]
1698 2741 1771 2767 Idem
1783 2741 1849 2768 istud
1860 2750 1965 2776 quoque
1977 2740 2002 2766 in
2015 2739 2083 2765 Pau.
2094 2748 2143 2765 no-

1184 2779 1241 2805 stris
1255 2798 1262 2810 ‚
1274 2788 1320 2804 nec
1332 2789 1383 2806 non
1397 2777 1454 2803 Ei-f.
1466 2787 1495 2804 ac
1505 2778 1532 2803 S.
1544 2777 1616 2804 vret.
1628 2787 1688 2804 nam
1701 2778 1823 2813 vulgata:
1845 2777 1898 2803 inde
1909 2777 1979 2809 saxis
1990 2776 2061 2808 faffa
2079 2776 2144 2808 Iapi-

1185 2817 1247 2841 dmio
1259 2828 1266 2842 ,·
1283 2816 1353 2850 quod
1365 2826 1396 2842 ne
1407 2813 1513 2849 quidem
1523 2815 1550 2840 in
1561 2814 1677 2850 antiquis
1688 2813 1749 2840 edd.
1760 2822 1829 2849 quae,
1838 2813 2021 2846 indefatisfafla
2031 2812 2108 2843 lapid.

1223 2852 1249 2878 ὃ,
1272 2853 1349 2884 operis
1373 2852 1477 2877 ediderat
1488 2869 1496 2881 ,
1515 2851 1628 2883 imperitis
1650 2851 1787 2884 injeceran]
1810 2849 1880 2875 Pali.
1898 2848 2003 2883 aliquot
2020 2847 2144 2880 operariis.

1186 2897 1213 2915 at
1224 2888 1293 2915 ciiiin
1307 2898 1390 2915 nonus
1405 2888 1489 2920 peritis
1499 2906 1507 2919 ,
1527 2885 1657 2913 ediderat.
1675 2885 1745 2922 quod
1763 2885 1795 2911 ad
1805 2884 1932 2919 obryzam
1951 2882 2143 2911 examinabunt

1186 2925 1335 2951 otiosiores.
1356 2923 1518 2950 Gulielmius
1529 2923 1699 2956 conjiciebat,
1709 2922 1823 2947 obaeratis.

1222 2970 1251 2996 9.
1271 2962 1345 2994 Qafi
1356 2960 1437 2993 pofflvn
1448 2959 1572 2993 aliquidi'n
1582 2968 1609 2984 ea
1619 2958 1762 2992 regerenda‘
1774 2967 1818 2983 non
1828 2954 1984 2989 habebatur]
2006 2956 2046 2981 Ita
2056 2954 2144 2982 omnin

1188 2997 1268 3023 lectio
1280 2996 1348 3023 cusi.
1368 3004 1396 3022 at
1416 2995 1504 3031 scripti
1516 2994 1584 3021 Pali.
1603 3005 1648 3020 non
1666 2995 1801 3019 debehatur.
1822 2990 2045 3026 unde-aliquando
2059 2991 2145 3025 conji-

1188 3034 1286 3059 ciebam
1299 3044 1304 3059 ;
1329 3040 1424 3058 annona
1443 3032 1579 3057 debebatur.
1600 3030 1643 3057 sed
1652 3029 1685 3057 ab
1703 3030 1747 3055 hac
1767 3028 1896 3065 scriptura
1914 3027 2014 3054 recedit
2025 3027 2083 3053 Pal.
2094 3037 2144 3054 no-

1190 3080 1204 3096 n
1209 3080 1248 3100 us,
1260 3069 1286 3096 in
1297 3078 1350 3105 qno
1361 3068 1412 3095 {ine
1422 3069 1488 3101 quast
1496 3067 1544 3093 illo
1556 3077 1561 3093 z
1580 3068 1661 3100 pnffem
1670 3065 1764 3100 aliquod
1774 3074 1825 3090 men
1834 3073 1907 3097 regere
1916 3065 2062 3096 accusatione
2072 3065 2145 3089 habe-

1188 3108 1271 3131 batur.
1283 3108 1310 3131 S.
1321 3103 1392 3131 Vift.
1405 3104 1568 3138 iteni‚pqffe1n
1579 3102 1672 3137 aliquid
1679 3106 1703 3128 in
1714 3111 1743 3127 ea
1753 3103 1900 3134 regeneratio
1909 3110 1954 3125 non
1963 3101 2105 3126 habebatur.
2115 3098 2144 3124 in

1190 3142 1245 3168 Pal.
1257 3141 1353 3168 oetavo
1363 3147 1439 3167 extat
1450 3140 1558 3174 vulgata
1572 3158 1578 3169 ,
1589 3138 1631 3164 sed
1642 3140 1657 3164 ὰ
1669 3137 1768 3166 recenti
1778 3146 1857 3165 manu
1868 3135 2034 3165 emendatum
2047 3154 2057 3168 ‚
2074 3137 2147 3161 hare-

222 3180 249 3204 6.
269 3181 297 3205 In
310 3180 388 3204 ulcere
405 3179 514 3214 ungula]
537 3181 564 3206 S.
574 3178 689 3208 Viffloris
701 3199 710 3213 ,
729 3182 754 3207 in
763 3181 851 3215 viscere
860 3183 943 3215 inguen
954 3198 962 3213 ‚
984 3178 1055 3217 quod
1064 3181 1148 3213 inguen
1186 3180 1271 3211 batur,
1281 3177 1490 3212 adnotatumque
1500 3176 1665 3202 dubitabatur.

2067 3213 2091 3232 ι.
2106 3206 2161 3232 Rem
