2295 3400
126 91 248 200 *436
557 132 628 179 M.
705 129 1065 175 TULL11

149 218 198 247 nis
214 215 229 246 ὲ
248 225 296 246 me
313 213 497 245 defendetur.
521 214 620 252 Atque
628 213 771 240 internos
781 209 899 249 partitio
911 204 1026 236 nonest
1039 203 1102 234 for-

152 256 229 288 tuito
241 278 248 290 ,
261 258 387 289 ⁴udiccs‚
402 265 456 285 nec
466 253 577 284 temere
586 251 674 282 faeiat
689 251 736 282 sed
748 271 756 284 ,
768 252 839 280 cum
850 249 1020 279 videremus
1030 266 1038 280 ,
1049 256 1101 291 eof

151 309 218 330 rum
229 292 395 328 criminum
411 306 467 326 nos
480 303 620 335 patronos
636 293 768 324 adhiberi
780 313 787 325 ,
806 299 937 332 quorum
948 287 1034 319 testes
1045 286 1102 335 elle

152 339 303 379 polii-mus
315 359 322 371 ‚
345 347 466 378 uterque
484 334 619 366 nostrum
635 334 663 364 id
677 333 728 366 fibi
742 332 964 373 suscipiendum
975 338 1102 371 putavit,

114 388 135 418 5
156 382 192 411 de
207 391 265 420 quo
276 379 386 420 aliquid
397 379 484 411 scire,
501 387 588 418 atque
597 376 766 406 existimare
778 372 927 415 potuisti-t.
953 375 1007 406 Et,
1026 381 1103 416 quo-

154 425 237 453 niam
257 421 292 451 de
309 420 490 451 criminibus
508 420 666 458 superioris
682 418 899 453 coniurationis
910 414 1104 445 Hortensium

152 454 312 504 diligentlr
321 461 441 492 audistis
453 481 461 495 ,
473 461 508 491 de
519 462 571 490 hac
581 461 788 497 coniuratione
798 479 805 491 ‚
820 467 896 499 quae,
908 466 957 486 me
968 455 1102 501 consule,

152 504 229 535 fat-‘lea
240 503 281 534 cst
292 524 300 537 ,
320 505 378 534 hoc
387 502 522 543 primum
533 501 688 532 attendite.
712 502 808 530 Multa
818 520 826 533 ,
846 498 916 530 curn
928 496 1017 528 esscm
1032 507 1106 527 con-

155 547 218 580 sul,
238 546 273 576 de
293 546 420 576 summis
434 544 561 584 reipubl.
574 544 713 583 periculis
726 542 827 573 audivi
839 561 847 575 ‚
868 540 963 570 multa
971 536 1103 580 quaesivi.

154 588 250 618 multa
259 589 399 628 cognovi.
423 587 523 616 nullus
542 595 687 626 umquam
704 584 741 614 de
750 584 832 614 Sulla
846 584 972 612 nuntius
990 580 1025 611 ad
1046 590 1107 613 me,

155 630 276 660 nullum
289 628 437 658 indicium
450 648 458 661 ‚
470 627 561 658 nullae
571 627 674 656 littere:
684 633 902 666 pervenerunt,
916 627 924 643 ¹
936 621 1108 668 nullasuspi-

148 671 204 700 cio.
227 669 365 700 Multum
378 671 439 700 haec
448 679 509 700 vox
519 667 638 698 fortasse
650 668 769 698 deberet
783 668 876 697 valere
886 666 949 705 ejus
960 666 1107 696 hominis,

153 713 206 753 qui
224 713 329 743 consul
349 710 467 741 insidias
484 710 598 750 reipub.
610 708 734 740 consilio
751 706 966 748 investigiffet‚
987 707 1107 735 veritate

153 752 326 793 aperuisset,
347 752 555 794 magnitudine
566 753 660 782 animi
671 749 858 784 vindicasset,
878 747 948 779 cum
960 747 1019 787 ipse
1029 747 1106 776 nihil

156 794 269 825 audiss'e
287 795 324 825 de
334 797 364 826 P.
374 795 455 825 Sulla
466 815 473 827 ,
494 794 571 824 nihil
590 793 766 832 suspicatum
781 790 836 822 esse
850 791 972 821 diceret.
996 787 1045 819 sed
1055 797 1110 828 ego

157 836 298 867 nondum
309 845 378 867 utor
387 837 439 866 hac
450 846 522 866 voce
533 836 567 865 ad
581 836 659 864 hunc
670 833 892 864 defendendum
907 843 912 860 ;
933 831 967 861 ad
981 839 1110 870 purgan-

158 877 232 908 dum
250 888 301 908 me
319 876 421 919 potius
440 887 522 907 ntor:
544 886 574 906 ut
590 878 690 905 mirari
715 879 884 915 Torquatus
902 871 1012 903 desinat
1031 891 1039 904 ‚
1059 880 1110 900 me

155 922 207 961 qui
217 922 368 950 Autronio
376 918 524 949 abfuerim
536 940 543 951 ,
555 918 667 948 Sullam
679 917 852 947 defendere.
867 919 942 955 Qae
951 916 1034 943 enim
1047 916 1111 942 Au-

157 963 250 992 tronii
260 961 318 992 fuit
326 961 430 992 causa?
445 971 509 1002 quae
519 961 607 990 Stallae
621 959 662 988 est
673 961 683 988 ?
695 960 745 987 ille
754 957 1042 996 ambitusjudicium
1053 954 1111 983 tol-

151 1003 217 1033 ·lere
228 1025 236 1036 ‚
246 1013 280 1033 ac
289 1002 450 1033 disturbare
459 1000 595 1042 primum
605 999 736 1030 conflato
745 1001 842 1030 voluit
849 998 1047 1039 gladiatorum
1060 1015 1068 1029 ,
1081 1004 1113 1025 ac

157 1045 357 1086 fugitivorum
379 1044 526 1074 tumultu:
547 1042 675 1074 deinde,
693 1042 723 1072 id
739 1041 819 1083 quod
839 1039 973 1070 vidimus
990 1046 1109 1069 omnes,

111 1094 123 1122 »ξ
156 1087 356 1127 lapidatione,
376 1095 461 1125 atque
473 1083 631 1114 concursu.
654 1084 752 1117 Sulla,
771 1082 851 1112 sisibi
868 1082 935 1112 suus
944 1080 1059 1120 pudor,
1079 1088 1111 1108 ac

156 1128 284 1170 dignitas
302 1137 366 1157 non
382 1124 546 1166 prodesset,
567 1125 688 1155 nullum
705 1126 854 1155 auxilium
874 1120 1034 1163 requisivit.
1057 1120 1112 1165 Ille

155 1170 312 1200 damnatus
323 1170 362 1198 ita
370 1169 398 1198 se
408 1167 524 1209 gerebat
535 1187 544 1201 ‚
565 1177 627 1197 non
638 1165 740 1197 solum
748 1165 879 1197 consiliis
891 1185 899 1198 ,
919 1165 951 1193 ὃς
962 1164 1109 1206 sermoni:

155 1211 214 1242 bus
224 1231 232 1244 ,
253 1209 358 1240 verum
371 1212 460 1240 etiarn
471 1208 597 1248 adspefftu
607 1229 615 1242 ,
634 1216 721 1250 atque
732 1208 818 1237 vultu
829 1227 840 1241 ,
858 1216 889 1236 ut
899 1206 1043 1235 inimicus
1053 1201 1110 1232 esse

161 1250 349 1292 amplissimis
360 1251 518 1281 ordinibus
528 1271 536 1284 ,
548 1249 673 1280 infestus
685 1251 772 1280 bonis
783 1248 927 1279 omnibus
937 1267 945 1280 ,
959 1244 1052 1276 hostis
1062 1253 1112 1284 pa-

157 1296 218 1323 tria:
228 1293 385 1323 videretur.
409 1293 458 1322 hic
469 1292 498 1322 se
511 1294 551 1322 ita
564 1291 692 1322 stafilum
704 1292 756 1321 illa
765 1291 930 1321 calamitate
939 1308 948 1322 ,
969 1296 1055 1327 atque
1065 1284 1110 1316 af-

158 1334 277 1365 fliCt-um
289 1337 420 1374 putavit,
441 1343 473 1364 ut
487 1334 566 1364 nihil
575 1332 628 1363 fibi
640 1343 676 1363 ex
686 1333 809 1373 pristina
818 1331 961 1372 dignitate
971 1325 1112 1374 superesse

156 1377 364 1409 arbitraretur,
382 1374 437 1406 nisi
455 1375 538 1416 quod
556 1374 702 1405 modestia
717 1373 892 1405 retinuisset.
916 1374 980 1402 Hac
993 1368 1066 1401 verb
1077 1379 1111 1416 in

154 1420 366 1459 conjuratione
377 1438 385 1452 ,
403 1418 476 1458 quid
485 1427 545 1448 tam
556 1415 755 1457 conjunehim
769 1436 777 1450 ,
792 1415 883 1457 quam
892 1414 944 1443 ille
952 1422 1025 1443 cum
1035 1414 1114 1442 Cati-

158 1460 220 1490 lina
232 1481 242 1493 ,
263 1469 332 1489 curn
344 1460 476 1490 Lentulo
488 1462 499 1488 ?
515 1469 580 1500 quae
590 1468 667 1489 tanta
675 1459 797 1489 societas
808 1457 876 1487 ullis
887 1458 965 1485 inter
974 1454 1002 1484 se
1011 1462 1112 1483 rerum

157 1504 343 1542 optimarum
353 1521 362 1535 ,
376 1510 486 1542 quanta
496 1503 523 1531 ei
531 1511 602 1531 cum
612 1501 672 1530 illis
683 1520 692 1534 ,
706 1500 823 1530 sceleris
834 1518 843 1532 ,
858 1497 994 1527 libidinis
1004 1516 1013 1530 ,
1024 1494 1112 1541 auda-

157 1554 211 1574 ciae
220 1546 230 1573 ἒ
240 1543 322 1584 quod
333 1542 480 1584 flagitium
493 1542 639 1573 Lentulus
649 1551 714 1572 non
723 1551 793 1572 cum
802 1541 952 1571 Autronio
960 1538 1112 1584 concepit?

156 1585 238 1626 quod
252 1584 309 1625 fine
319 1585 408 1614 eodem
426 1585 470 1613 illo
482 1585 607 1614 Catilina
620 1583 734 1613 facinus
748 1580 886 1613 admisit?
906 1580 978 1611 cum
990 1583 1112 1609 interim

159 1627 240 1657 Sulla
248 1637 320 1656 cum
330 1626 443 1657 eisdem
456 1626 515 1655 illis
524 1635 587 1655 non
598 1624 693 1655 modo
703 1624 827 1654 noflaem
838 1643 847 1657 ,
859 1621 1115 1661 solitudinemque

161 1679 225 1699 non
235 1677 377 1708 quaererct
389 1688 397 1702 ‚
417 1667 465 1697 scd
477 1677 514 1698 ne
524 1667 670 1697 mediocri
683 1666 806 1706 quidem
822 1665 958 1696 sermone
969 1683 977 1697 ,
1001 1663 1033 1693 &
1043 1672 1115 1693 con-

158 1708 255 1752 grefl'u
268 1710 509 1750 conjungeretur.
532 1709 625 1738 Illum
636 1708 830 1749 Allobroges,
852 1708 1055 1737 maximarum
1069 1713 1115 1734 re—

156 1762 226 1782 rum
237 1750 378 1782 veriffimi
393 1750 508 1781 indices
519 1771 527 1784 ,
547 1751 637 1780 illum
647 1749 816 1780 multorum
829 1749 931 1779 litterae
942 1768 951 1781 ,
971 1757 1004 1777 ac
1014 1748 1115 1776 nuntii

158 1803 355 1834 coarguerunt
366 1803 371 1822 :
391 1792 504 1823 Sullam
516 1795 627 1822 interea
636 1801 729 1822 nemo
740 1790 925 1821 insimulavit
933 1810 941 1823 ,
955 1798 1048 1819 nemo
1058 1798 1115 1819 no-

161 1837 297 1866 minavit.
320 1832 476 1865 Postremo
488 1853 497 1867 ,
515 1833 612 1873 ejeEto
622 1853 630 1867 ,
649 1831 708 1863 five
719 1832 895 1872 emissojam
907 1842 944 1862 ex
954 1831 1025 1861 urbe
1036 1832 1116 1861 Cati—

160 1878 222 1908 lina
233 1898 241 1910 ,
257 1876 307 1906 ille
317 1886 397 1907 arma
406 1874 487 1906 misit
497 1895 506 1909 ,
520 1885 650 1909 cornua,
674 1878 688 1895 ²
700 1875 782 1905 tubas
793 1895 801 1908 ‚
817 1874 918 1904 falceis
928 1894 936 1906 ‚
954 1871 1032 1913 signa
1042 1892 1050 1905 ‚
1072 1873 1115 1902 le-

159 1921 264 1961 giones
276 1929 281 1947 ε
301 1919 353 1948 ille
365 1916 486 1947 relic'tus
495 1919 579 1947 intus
589 1937 598 1950 ,
617 1916 802 1957 exspe&atus
811 1916 884 1946 foris
895 1935 903 1949 ‚
919 1915 1041 1945 Lentuli
1051 1923 1116 1954 poe-

162 1971 201 1991 na
209 1958 394 2000 compressus
405 1979 414 1993 ‚
428 1960 579 1989 convertit
588 1959 616 1988 se
625 1958 786 1999 aliquando
795 1957 830 1988 ad
841 1959 984 1987 timorem
995 1976 1004 1990 ,
1023 1965 1116 1986 num-

160 2012 252 2044 quam
265 2001 303 2030 ad
310 2001 474 2041 sanitatem.
499 2001 548 2030 hic
557 2000 660 2030 contra
669 2004 709 2030 ita
721 2000 838 2040 quievit
848 2018 857 2032 ,
878 2008 911 2028 ut
929 2008 965 2028 eo
981 2006 1115 2037 tempore

163 2045 252 2075 omni
263 2042 490 2083 Neapolifuerit
503 2063 512 2076 ‚
532 2042 583 2072 ubi
604 2051 700 2082 neque
713 2043 856 2072 homines
871 2038 958 2070 fuisse
975 2048 1116 2079 putantur

163 2087 254 2126 hujus
263 2083 368 2116 affines
378 2085 554 2126 suspicionis
566 2096 574 2118 3
592 2083 718 2114 &locus
731 2083 774 2114 est
786 2083 847 2124 ipse
860 2092 926 2112 non
940 2091 1000 2112 tam
1017 2081 1052 2111 ad
1068 2083 1116 2111 in-

163 2126 367 2158 flammandos
377 2127 619 2156 calamitosorum
627 2127 759 2160 animos,
770 2125 860 2167 quam
871 2123 906 2154 ad
916 2122 1117 2154 consolandos

119 2169 141 2201 6
161 2167 414 2199 accommodatus.
438 2170 559 2208 Propter
575 2168 651 2197 hanc
667 2169 756 2208 igitur
772 2176 883 2197 tantam
900 2163 1120 2195 dissimilitudi-

167 2220 240 2241 nem
250 2211 411 2240 hominum
423 2228 432 2243 ,
452 2214 539 2250 atque
548 2208 700 2240 causarum
711 2228 719 2242 ,
738 2206 912 2238 diffimilem
927 2217 975 2237 me
990 2209 1023 2237 in
1037 2216 1119 2237 utro-

162 2262 221 2293 que
231 2251 353 2292 prxbui.
376 2250 522 2281 Veniebat
533 2252 616 2280 enim
625 2250 661 2280 ad
672 2259 721 2279 me
731 2269 740 2283 ,
756 2250 789 2279 &
799 2249 872 2288 saepe
883 2248 1021 2278 veniebat
1031 2269 1039 2282 ,
1055 2251 1118 2278 Au-

163 2296 280 2324 tronius
292 2313 300 2325 ,
313 2292 417 2322 multis
427 2302 496 2322 cum
509 2293 646 2332 lacrymis
657 2312 665 2326 ‚
677 2291 801 2331 supplex
813 2311 821 2324 ,
834 2299 866 2320 ut
876 2290 903 2320 se
913 2289 1117 2321 defenderem:

164 2336 198 2365 o&
212 2336 240 2365 se
250 2344 354 2365 meum
365 2334 582 2374 condtfitpur'um
598 2336 631 2363 in
647 2335 773 2373 pueritia
785 2352 794 2366 ,
813 2331 995 2362 familiarem
1006 2333 1037 2360 in
1047 2331 1119 2361 ado-

165 2378 303 2407 {escentia
325 2395 333 2410 ,
362 2376 507 2416 collegam
528 2378 559 2405 in
577 2374 720 2416 quoestura
739 2373 998 2405 commemorabat
1013 2370 1101 2401 fuisse
1113 2385 1118 2403 ;

163 2419 259 2448 multa
278 2428 343 2449 mea
360 2419 394 2448 in
413 2418 442 2448 se
458 2436 467 2452 ‚
490 2417 638 2447 nonnulla
657 2419 747 2447 etiam
767 2416 816 2447 sua
833 2418 865 2446 in
886 2425 935 2445 me
954 2413 1121 2455 proferebat

165 2459 273 2491 officia.
297 2460 405 2500 quibus
423 2469 478 2502 ego
495 2460 582 2490 rebus
595 2479 603 2493 ,
620 2459 736 2500 judices
757 2479 766 2493 ‚
790 2461 829 2489 ita
847 2456 985 2487 flectebar
1002 2457 1119 2501 animo,

168 2511 254 2542 atque
265 2501 418 2542 frangebar
428 2522 436 2534 ‚
458 2510 488 2530 ut
500 2505 590 2532 etiam
601 2511 639 2531 ex
656 2502 804 2531 memoria
816 2521 824 2533 ,
844 2509 915 2540 quas
925 2499 1003 2529 mihi
1014 2496 1066 2538 ipsi
1075 2500 1120 2527 ie-

165 2553 242 2573 cerat
260 2542 378 2573 insidias
390 2564 397 2575 ‚
417 2543 619 2582 deponerem:
642 2552 675 2573 ut
692 2545 756 2582 jam
774 2539 945 2572 immissum
958 2539 1017 2570 effe
1035 2540 1072 2569 ab
1083 2550 1119 2572 eo

166 2587 200 2615 C.
213 2586 389 2614 Cornelnim
402 2605 409 2617 ‚
431 2587 482 2625 qui
502 2595 552 2614 me
578 2589 591 2612 3
602 2586 635 2614 in
654 2585 772 2615 sedibus
791 2585 868 2615 meis
881 2603 889 2616 ‚
913 2584 945 2612 in
959 2580 1120 2621 conschiu

167 2635 270 2655 uxoris
283 2636 357 2657 meae
367 2647 375 2660 ,
397 2636 427 2657 ac
438 2626 602 2657 liberorum
614 2636 754 2657 meorum
764 2625 940 2658 trucidaret,
961 2624 1122 2656 oblivisce-

1145 125 1690 177 C1cnnonxs

1141 217 1195 238 rer.
1211 218 1276 250 quae
1284 207 1305 239 fi
1316 209 1352 239 de
1361 219 1414 240 uno
1423 220 1466 240 me
1475 210 1641 252 cogitasset:
1656 219 1714 253 qua
1723 209 1852 242 mollitia
1863 210 1928 243 sum
1938 211 2051 246 animi,
2061 219 2111 244 ae¹

1143 250 1282 295 lenitate,
1298 261 1465 292 numquam
1475 254 1642 284 mehercule
1653 255 1734 284 illius
1748 254 1884 294 lacrymis
1896 274 1904 288 ,
1917 264 1949 284 ac
1957 254 2097 297 precibus

1145 290 1322 323 restitislem.
1344 293 1401 324 Sed
1410 313 1418 327 ,
1427 293 1500 324 cum
1509 296 1693 335 mihipatriae
1703 315 1712 330 ,
1722 294 1794 326 cum
1806 294 1970 326 vestrorum
1980 297 2098 336 pericu-

1144 333 1243 363 lorum
1254 354 1261 368 ,
1274 333 1345 364 cum
1356 335 1444 374 hujus
1453 335 1535 365 urbis
1543 355 1552 370 ‚
1564 335 1635 367 cum
1643 337 1771 367 illorum
1781 337 1974 367 delubrorum
1986 358 1995 371 ‚
2008 346 2095 378 atque

1146 376 1341 415 templorum,
1352 375 1422 407 cum
1434 386 1594 416 puerorum
1605 378 1770 409 infantium
1780 399 1787 413 ,
1797 378 1868 409 cum
1880 388 2095 412 matronarum,

1146 426 1178 446 ac
1187 420 1232 446 vir
1255 420 1340 448 inum
1350 419 1528 449 veniebatin
1543 428 1696 450 mentem:
1718 421 1751 450 &
1760 421 1832 450 cum
1843 421 1902 451 illae
1913 419 2025 451 infestae
2036 441 2045 454 ,
2063 430 2097 451 ac

1146 456 1232 488 funes
1248 469 1270 489 κ
1280 459 1356 490 faces
1365 481 1374 494 ,
1386 461 1619 502 universumque
1629 463 1721 492 totius
1732 462 1812 492 urbis
1822 462 2010 496 incendium,
2021 462 2095 493 cum

1147 501 1204 530 tela
1215 521 1222 533 ,
1236 500 1308 531 cum
1317 501 1411 532 caedes
1422 521 1432 536 ‚
1446 500 1518 532 cum
1527 504 1642 533 civium
1651 513 1739 533 cruor
1747 523 1756 536 ‚
1771 501 1843 532 cum
1852 504 2020 543 cinupatrm
2029 513 2098 534 ver-

1148 541 1201 571 sari
1212 551 1278 573 ante
1288 543 1394 573 oculos
1406 563 1414 577 ,
1429 552 1515 583 atque
1523 546 1663 574 animum
1674 541 1821 574 memoria
1830 544 1965 574 refricare
1974 555 2097 585 ceperat:

1151 591 1214 613 tum
1227 584 1356 625 denique
1367 587 1395 615 ei
1404 583 1581 619 resistebam,
1592 595 1690 626 neque
1700 586 1798 615 solum
1810 585 1854 615 illi
1866 585 1954 617 hosti,
1967 596 1998 617 ac
2009 589 2101 626 parri-

1149 625 1286 659 cidae,scd
1296 628 1342 656 his
1351 628 1441 657 etiam
1451 629 1627 668 propinquis
1636 627 1719 657 illius
1729 627 2013 667 Marcellis‚patri‚&
2023 627 2100 663 filio,

1149 677 1279 707 quorum
1289 669 1360 698 alter
1369 668 1444 709 apud
1455 679 1504 699 me
1512 670 1631 709 parentis
1638 671 1810 710 gravitatem
1822 688 1830 702 ,
1848 670 1921 699 alter
1930 669 1968 708 fil
1970 670 1992 698 ii
2003 670 2100 700 suavi-

1150 718 1240 739 tatem
1259 710 1425 741 obtinebat:
1449 721 1547 751 neque
1557 721 1606 740 me
1624 710 1782 741 arbitrabar
1794 709 1853 741 sine
1864 711 1984 741 summo
1994 712 2102 742 scelere

1150 749 1230 790 poss'e
1243 771 1251 785 ‚
1273 751 1354 792 quod
1365 751 1550 783 maleficium
1560 754 1594 782 in
1603 753 1669 783 aliis
1687 750 1882 782 vindicassem
1893 773 1902 786 ,
1923 753 2006 783 idem
2019 755 2050 783 in
2062 754 2102 783 il-

1150 794 1250 824 lorum
1261 794 1356 827 socio,
1366 792 1439 824 cum
1454 794 1558 825 scirem
1572 814 1580 828 ,
1594 793 1763 824 defendere·
1786 794 1974 834 Atqueidem
1985 805 2039 836 ego
2049 806 2103 825 ne-

1151 844 1209 874 que
1220 838 1249 865 P.
1260 835 1373 865 Sullam
1386 836 1548 876 supplicem
1559 835 1646 869 ferre,
1657 845 1754 877 neque
1769 836 1890 865 eosdem
1901 842 1918 863 4
1931 837 2102 872 Marcellos,

1151 886 1205 915 pro
1219 877 1308 915 hujus
1325 878 1466 916 periculis
1484 878 1702 917 lachrymantes
1720 877 1865 917 adspicere
1877 897 1887 911 ‚
1907 888 2004 918 neque
2015 879 2104 918 huJ'us

1154 920 1198 947 M.
1210 916 1351 948 Messalla:
1362 938 1371 951 ,
1392 919 1528 949 hominis
1540 918 1694 950 necess'arii
1707 939 1716 952 ,
1733 929 1833 959 preces
1846 919 1987 949 sustinere
2006 923 2105 960 potui.

1154 969 1250 1000 neque
1262 961 1346 990 enim
1355 959 1397 990 est
1406 961 1489 991 causa
1497 961 1642 991 adversata
1657 970 1781 991 naturae:
1796 971 1851 990 nec
1865 963 1961 991 homo
1972 982 1980 995 ,
1993 971 2048 991 nec
2061 971 2108 992 res

1154 1001 1365 1032 misericordia:
1376 1012 1450 1032 mea:
1464 1005 1650 1043 repugnavit.
1661 1004 1806 1042 nusquam
1820 1012 1947 1036 nornen,
1958 1003 2106 1044 nusquam

1154 1041 1314 1083 vestigium
1332 1043 1426 1074 fuerat
1441 1055 1447 1072 ;
1469 1045 1591 1073 nullum
1608 1045 1725 1074 crimen
1738 1065 1747 1077 ‚
1772 1047 1785 1071 5
1804 1044 1924 1074 nullum
1942 1045 2105 1079 indicium,

1154 1083 1237 1113 nulla
1246 1084 1383 1124 suspicio.
1406 1085 1662 1124 Suscepicausam,
1674 1088 1826 1126 Torquate
1837 1105 1845 1119 ‚
1859 1087 1984 1126 suscepi,
2000 1087 2032 1116 &
2047 1086 2107 1117 feci

1154 1124 1299 1159 libenter,
1313 1134 1344 1155 ut
1355 1136 1422 1160 mc,
1436 1137 1527 1167 quem
1538 1127 1612 1156 boni
1626 1126 1811 1156 constantem
1824 1127 1956 1167 semper,
1969 1137 2000 1157 ut
2010 1129 2106 1167 spero,

1154 1165 1370 1197 existimassent
1380 1187 1388 1201 ‚
1410 1168 1542 1197 eundem
1553 1178 1591 1197 ne
1609 1168 1742 1207 improbi
1752 1169 1876 1208 quidem
1891 1169 2044 1199 crudelem
2060 1169 2107 1199 di·-

1154 1217 1265 1238 cerent.
1289 1207 1348 1238 Hic
1366 1210 1406 1238 ait
1417 1209 1508 1239 seille
1520 1228 1528 1242 ‚
1546 1209 1556 1248 j
1561 1209 1661 1239 udices
1673 1229 1682 1242 ,
1700 1219 1815 1249 regnum
1836 1220 1929 1238 meum
1946 1209 2021 1240 ferre
2041 1220 2108 1241 non

1155 1247 1249 1289 poste.
1272 1250 1363 1289 Qod
1373 1250 1507 1283 tandem,
1517 1253 1678 1291 Torquate,
1690 1254 1836 1292 regnum?
1853 1251 2109 1286 consulatt1S‚cre-

1155 1290 1280 1324 do,mei:
1292 1293 1325 1321 in
1334 1301 1395 1332 quo
1404 1302 1459 1334 ego
1467 1294 1615 1332 imperavi
1626 1293 1768 1325 nihil‚sed
1781 1293 1885 1323 contra
1895 1294 2025 1333 patribus
2033 1304 2110 1325 con-

1157 1333 1290 1373 scriptiS,
1313 1333 1345 1363 δε
1359 1333 1446 1364 bonls
1461 1334 1606 1364 omnibus
1623 1335 1717 1373 parui.
1741 1344 1802 1375 qno
1820 1337 1852 1364 in
1863 1334 2030 1375 magistratu
2045 1346 2111 1366 non

1154 1375 1328 1405 institutum
1345 1374 1472 1406 estame
1482 1396 1491 1410 ‚
1507 1375 1623 1415 judices
1633 1395 1641 1409 ,
1657 1386 1783 1416 regnum
1794 1395 1802 1409 ,
1822 1375 1837 1395 ⁶
1848 1376 1896 1406 sed
1912 1387 1974 1406 non
1986 1378 2113 1417 permis-

1157 1417 1233 1447 sum.
1255 1422 1269 1445 7
1280 1420 1327 1447 An
1337 1425 1414 1452 tum,
1431 1420 1464 1448 in
1473 1426 1555 1448 tanto
1566 1419 1694 1456 imperio
1705 1437 1714 1451 ‚
1726 1426 1804 1448 tanta
1815 1417 1958 1457 potestate
1968 1439 1976 1452 ,
1989 1429 2052 1449 non
2063 1419 2113 1454 di-

1155 1461 1198 1489 cis
1209 1457 1296 1488 fuiss'e
1305 1469 1404 1500 regem
1416 1471 1425 1494 ·,
1441 1469 1521 1490 nunc
1530 1461 1680 1499 privatum
1694 1479 1703 1493 ,
1723 1470 1842 1501 regnare
1859 1460 1954 1490 dicis?
1971 1471 2032 1501 quo
2047 1470 2113 1492 tan-

1158 1500 1229 1530 dem
1248 1502 1395 1532 nomine?
1417 1500 1508 1543 Qod
1519 1521 1527 1535 ,
1547 1503 1579 1530 in
1589 1511 1664 1541 quos
1680 1500 1852 1531 testimonia
1860 1501 1962 1532 dixisti
1975 1522 1984 1536 ,
2000 1504 2111 1544 inquit,

1157 1542 1290 1572 damnati
1302 1542 1386 1572 sunt:
1410 1553 1501 1584 quem
1512 1541 1660 1576 defendis,
1672 1543 1762 1582 sperat
1771 1543 1798 1572 se
1808 1543 1979 1574 absolutum
1991 1546 2038 1574 iri.
2053 1543 2113 1575 Hic

1156 1584 1212 1614 tibi
1223 1593 1278 1624 ego
1287 1583 1323 1614 de
1334 1583 1515 1614 testimoniis
1525 1588 1602 1614 meis
1612 1586 1669 1614 hoc
1679 1584 1844 1624 respondeo
1857 1595 1861 1614 ε
1872 1583 1891 1614 fi
1902 1584 2010 1616 falsum
2021 1585 2113 1616 dixe-

1156 1627 1215 1655 rim
1227 1646 1237 1659 ‚
1256 1635 1284 1655 te
1294 1628 1327 1655 in
1341 1635 1392 1656 eos
1408 1624 1528 1656 dixisse.
1552 1624 1594 1655 sm
1605 1636 1712 1656 verum
1724 1638 1733 1660 3
1752 1636 1817 1656 non
1834 1625 1891 1656 esse
1904 1628 1962 1657 hoc
1973 1638 2107 1669 regnare,

1158 1663 1172 1687 ⁸
1184 1666 1255 1698 curn
1266 1677 1371 1697 verum
1380 1668 1493 1708 juratus
1501 1667 1580 1696 dicas
1593 1687 1601 1701 ‚
1616 1667 1747 1707 probare.
1772 1671 1820 1697 De
1831 1669 1920 1707 hujus
1935 1669 1982 1709 spe
1994 1678 2113 1700 tantum

1158 1709 1237 1743 dico,
1249 1709 1346 1739 nullas
1355 1710 1371 1739 a
1381 1719 1430 1738 me
1442 1719 1512 1749 opes
1524 1712 1553 1739 P.
1564 1710 1676 1739 Sullam
1689 1729 1696 1742 ,
1706 1709 1821 1738 nullam
1831 1712 1998 1748 potentiam
2010 1731 2018 1745 ‚
2034 1710 2114 1740 nihil

1157 1751 1297 1792 denique,
1308 1760 1411 1790 praeter
1421 1750 1512 1780 fidem
1524 1749 1717 1785 defensionis,
1728 1750 1902 1790 exspecffffle.
1927 1754 1958 1781 N
1962 1752 1994 1781 isi
2004 1762 2035 1783 tu
2045 1772 2053 1786 ,
2064 1754 2116 1782 in-

1159 1795 1224 1835 quit
1234 1813 1243 1826 ,
1262 1793 1377 1822 causam
1396 1791 1547 1832 recepisses
1558 1813 1566 1827 ,
1587 1802 1754 1833 numquam
1773 1793 1850 1822 mihi
1861 1790 2027 1824 restitisset:
2051 1793 2114 1828 sed,

1160 1834 1273 1864 indi&a
1285 1833 1601 1875 causa,profugiffet.Si
1609 1835 1672 1874 jam
1681 1835 1739 1864 hoc
1749 1833 1803 1863 tibi
1811 1835 2118 1876 concedam‚QHor-

1159 1875 1285 1907 tenslum
1299 1896 1307 1909 ‚
1327 1885 1404 1906 tanta
1416 1879 1554 1917 gravitate
1563 1877 1726 1906 hominem
1736 1895 1744 1909 ‚
1765 1874 1786 1905 si
1796 1877 1851 1905 hos
1865 1876 1948 1907 taleis
1958 1879 2040 1908 viros
2049 1887 2116 1908 non

1159 1920 1212 1949 suo
1223 1917 1429 1957 starejudicio,
1441 1917 1489 1948 sed
1500 1928 1587 1948 meo:
1600 1916 1621 1946 s1
1634 1919 1693 1947 hoc
1704 1917 1759 1947 tibi
1770 1917 1852 1952 dem,
1863 1918 1945 1958 quod
1955 1919 2036 1950 credi
2049 1929 2116 1950 non

1158 1959 1267 2000 potest,
1280 1958 1335 1989 nisi
1345 1970 1401 2000 ego
1411 1961 1481 1989 huic
1492 1958 1691 1993 adeffem,hos
1700 1958 1854 1990 adfuturos
1867 1970 1932 1991 non
1940 1960 2038 1991 fuiss'e:
2051 1970 2118 1992 uter

1160 2001 1281 2032 tandem
1292 2012 1340 2030 rex
1348 2000 1480 2035 est,isne,
1491 2004 1539 2031 cui
1554 2003 1730 2031 innocentes
1740 2002 1882 2032 homines
1893 2012 1958 2033 non
1968 2001 2116 2037 resistunt,

1160 2054 1199 2075 an
1208 2045 1233 2073 is
1242 2064 1250 2077 ‚
1270 2045 1323 2084 qui
1333 2044 1520 2074 calamitosos
1531 2053 1595 2073 non
1606 2042 1733 2074 deserit?
1755 2046 1795 2073 At
1805 2042 1853 2074 hic
1867 2046 1956 2075 etiam
1967 2064 1976 2078 ,
1993 2044 2023 2075 id
2033 2043 2117 2086 quod

1163 2085 1218 2116 tibi
1236 2083 1351 2115 necess'e
1362 2085 1492 2116 minime
1503 2084 1562 2115 fuit
1571 2105 1581 2119 ,
1602 2084 1713 2116 facetus
1730 2083 1786 2115 effe
1797 2085 1920 2116 voluisti
1932 2105 1941 2120 ,
1960 2096 2030 2116 cum
2040 2089 2117 2117 Tar-

1160 2128 1315 2169 quinium,
1326 2126 1359 2157 &
1370 2129 1515 2160 Numam,
1527 2127 1560 2157 &
1570 2137 1629 2161 me,
1641 2127 1758 2156 tertium
1764 2127 1940 2168 peregrinum
1948 2138 2045 2169 regem,
2058 2126 2118 2158 effe

1161 2169 1277 2200 dixisti.
1301 2171 1393 2199 Mitto
1406 2169 1468 2208 jam
1479 2169 1516 2199 de
1524 2179 1589 2210 rege
1597 2179 1726 2210 quaerere
1737 2179 1742 2198 :
1764 2169 1839 2199 illud
1849 2179 1949 2209 quaero
1958 2190 1967 2203 ,
1987 2171 2118 2210 peregri-

1162 2221 1239 2241 num
1252 2221 1305 2241 cur
1319 2220 1369 2241 me
1378 2210 1436 2240 esse
1451 2210 1572 2241 dixeris.
1595 2220 1678 2244 nam,
1694 2209 1715 2239 sl
1727 2213 1767 2240 ita
1777 2210 1855 2244 sum,
1866 2220 1931 2241 non
1944 2219 2005 2240 tam
2013 2210 2055 2240 est
2065 2210 2118 2241 ad-

1163 2252 1348 2286 mirandum,
1359 2262 1459 2294 regem
1469 2251 1527 2282 efl'e
1536 2262 1599 2284 me,
1612 2253 1692 2292 quia,
1702 2260 1735 2281 ut
1745 2260 1777 2282 tu
1787 2254 1844 2284 vis,
1856 2253 1945 2282 etiam
1955 2253 2117 2293 peregrini,

1161 2303 1242 2335 reges
1256 2296 1366 2324 Romae
1380 2297 1501 2324 fuerunt
1512 2313 1522 2326 ‚
1542 2292 1634 2333 quam
1644 2293 1801 2322 consulem
1816 2295 1925 2323 Romae
1938 2292 2024 2323 fuisse
2033 2304 2119 2333 pere-—

1161 2338 1294 2376 grinum.
1318 2337 1386 2364 Hoc
1395 2334 1464 2364 dico
1475 2353 1483 2368 ,
1504 2336 1604 2375 inquit
1615 2353 1624 2367 ,
1642 2343 1670 2364 te
1680 2332 1738 2364 ess'e
1747 2343 1786 2364 ex
1797 2336 1977 2375 municipio.
2000 2338 2116 2370 Fateor,

1163 2376 1283 2406 &addo
1293 2378 1382 2406 etiam
1394 2396 1403 2409 ,
1425 2385 1463 2405 ex
1483 2386 1518 2406 eo
1530 2377 1699 2416 municipio
1711 2395 1719 2410 ‚
1738 2375 1817 2406 unde
1833 2378 1944 2406 iterum
1960 2378 2021 2417 jam
2040 2377 2118 2407 salus

1163 2419 1233 2448 huic
1244 2418 1309 2447 urbi
1319 2438 1328 2451 ,
1350 2419 1538 2459 imperioque
1550 2416 1636 2447 miffa
1643 2417 1694 2448 est.
1716 2417 1773 2448 Sed
1785 2418 1856 2448 scire
1873 2429 1910 2450 ex
1921 2428 1947 2448 te
1956 2418 2116 2459 pervelim,

1162 2460 1372 2501 quamobrem,
1383 2461 1435 2503 qui
1447 2469 1484 2490 ex
1494 2461 1670 2500 municipiis
1681 2461 1803 2491 veniant
1811 2480 1819 2494 ,
1831 2462 1979 2501 peregrini
1991 2460 2046 2491 tibi
2058 2458 2117 2490 ess'e

1163 2501 1328 2532 videantur.
1352 2511 1445 2531 nemo
1458 2503 1541 2532 enirn
1553 2501 1627 2531 istuc
1636 2504 1679 2532 M.
1693 2502 1739 2532 illi
1750 2504 1857 2532 Catoni
1870 2503 1950 2536 seni,
1968 2502 2039 2532 cum
2050 2503 2118 2542 plu-

1163 2545 1258 2573 rimos
1269 2543 1390 2573 haberet
1403 2545 1546 2573 inimicos
1556 2563 1565 2577 ‚
1580 2553 1674 2573 nemo
1685 2546 1722 2573 T.
1736 2545 1938 2578 Coruncanio,
1953 2554 2046 2574 nemo
2056 2547 2118 2575 Cu-

1162 2588 1222 2618 rio,
1234 2595 1328 2615 nemo
1338 2586 1408 2615 huic
1418 2583 1470 2624 ipsi
1481 2584 1585 2615 nostro
1598 2588 1629 2615 C.
1643 2587 1740 2615 Mario
1752 2605 1760 2619 ,
1773 2583 1844 2615 cum
1857 2587 1884 2615 ei
1894 2587 1984 2615 multi
1997 2586 2118 2617 invide-

1161 2636 1238 2661 rent,
1248 2627 1360 2668 objecit
1372 2637 1527 2678 umquam.
1551 2626 1703 2669 Equidem
1718 2629 1912 2659 vehementer
1921 2628 2007 2658 laetor
2017 2648 2026 2662 ‚
2047 2638 2118 2660 eum

1484 2672 1491 2684 ⁸
1518 2694 1520 2697 ,
2060 2669 2120 2703 effe

209 2768 217 2783 ι
226 2779 231 2785 .
252 2760 451 2793 Nullafizfibicio]
474 2761 560 2787 Henr.
572 2761 696 2797 Stephani
709 2759 775 2787 liber

167 2793 210 2819 {ed
223 2796 340 2821 voculam
351 2805 406 2821 cam
420 2796 486 2821 l'all.
499 2806 549 2823 non
561 2797 713 2832 agnoscunt.

161 2831 165 2835 '
203 2839 230 2855 2.
250 2833 314 2856 Tuba
326 2851 333 2861 ,
348 2832 431 2863 saluis
444 2851 452 2863 ,
464 2833 531 2864 firma
543 2852 551 2864 ,
569 2833 689 2867 legiones]
712 2833 769 2859 Pal.
789 2841 873 2859 nonus
883 2832 971 2866 fasces.
991 2830 1122 2868 probabili

167 2865 351 2893 emendatione
364 2886 371 2897 ,
392 2866 530 2894 ledsorlan
550 2869 637 2895 minus
657 2878 727 2894 vera.
749 2878 805 2895 uam
827 2871 987 2894 Falcariorum
1000 2868 1122 2894 meminit

167 2902 252 2928 noster
266 2911 274 2927 1
283 2922 288 2927 .
299 2903 411 2929 catilin.
430 2912 485 2938 cap.
499 2913 539 2930 iv.
550 2914 591 2940 pr.
610 2904 652 2930 sed
663 2904 727 2940 quid
739 2905 755 2931 fi
769 2906 853 2938 saletis
864 2902 1121 2939 comprehendantur

168 2938 274 2964 nominc
285 2947 416 2964 armorum
430 2958 437 2969 ‚
457 2950 465 2963 t
477 2940 526 2965 nod
539 2941 673 2975 praecessit.

205 2982 232 3008 3.
254 2975 382 3006 Insedibm
392 2950 472 3007 mensal
492 2976 587 3002 Lamb.
599 2978 694 3003 adibus.
714 2975 757 3002 sed
770 2976 862 3003 invitis
881 2974 1062 3012 manuscriptis
1073 2985 1122 3002 no-

168 3009 226 3036 stris
236 3009 344 3045 aliisque
356 3009 527 3036 editionibus.

158 3064 162 3067 -
203 3052 230 3077 4.
251 3047 386 3075 Marcellos,
395 3053 437 3078 pro
446 3048 516 3079 hujus
522 3049 633 3079 periculis
644 3051 798 3081 lacrymantes
810 3048 937 3081 adspicere,
947 3047 1045 3081 nequa]
1068 3048 1121 3074 La-

788 2779 796 2791 ,
815 2762 879 2786 nulla
887 2760 984 2795 denique
994 2759 1121 2794 fiespitim]

1141 2766 1146 2883 l

1205 2769 1230 2793 5.
1251 2761 1485 2794 Qetlumjudice‘um,
1500 2762 1565 2786 nulla
1575 2760 1702 2794 ficspicio.]
1723 2761 1789 2787 Duae
1807 2769 1884 2786 voces
1903 2758 1962 2785 sunt
1980 2759 1995 2784 ὰ
2013 2758 2131 2790 ἀιιοδιιε,

1166 2796 1256 2823 iisdem
1269 2796 1364 2827 libris,
1386 2797 1498 2832 repetita
1508 2795 1607 2822 scilicet
1618 2806 1650 2822 ex
1662 2797 1752 2832 capitis
1765 2797 1850 2832 quinti
1860 2795 1999 2831 principie.

1201 2833 1229 2858 6.
1249 2833 1510 2866 Selinonpermtffitm]
1532 2832 1659 2858 Meliores
1679 2832 1746 2858 l'all.
1762 2841 1813 2858 non
1834 2831 1928 2857 habent
1947 2830 2117 2865 negativam:

1165 2869 1231 2895 adeo
1241 2875 1271 2894 ut
1283 2867 1430 2895 verosimile
1449 2867 1481 2894 lit
1500 2867 1690 2894 restituendum
1709 2867 1781 2903 quod
1798 2867 1834 2894 est
1852 2867 1879 2894 in
1895 2865 1953 2892 Pal.
1972 2875 2043 2893 nono
2055 2884 2064 2898 ‚
2076 2866 2121 2900 sed

1167 2906 1299 2938 rcpristitm.

1201 2949 1228 2974 7.
1247 2944 1300 2967 (Λα
1310 2948 1360 2965 tum
1373 2960 1381 2972 ‚
1391 2943 1417 2966 in
1427 2946 1493 2966 tanto
1503 2959 1511 2972 ‚
1521 2939 1588 2974 ἀνα]
1609 2940 1650 2965 Ita
1659 2948 1752 2966 omnes
1763 2937 1821 2965 mss.
1831 2937 1911 2965 nostri
1924 2956 1932 2968 ‚
1953 2937 2120 2974 requiritquss

1166 2975 1292 3002 sermonis
1311 2975 1480 3007 consecutio,
1500 2985 1585 3011 neque
1604 2975 1683 3002 aliter
1700 2981 1768 3001 vett.
1788 2973 1849 3001 edd.
1868 2974 2008 3001 neoterica:
2026 2974 2097 3001 enim
2109 2992 2120 3007 ,

1166 3013 1237 3044 Qcm
1248 3019 1297 3036 nrm
1305 3015 1343 3043 in,
1352 3013 1404 3043 dyc.

1203 3047 1230 3073 8.
1249 3050 1308 3072 Cum
1316 3049 1506 3081 verumjurams
1516 3047 1712 3081 dicasprohare]
1736 3046 1779 3073 Est
1794 3047 1808 3072 a
1820 3046 1876 3072 Pal.
1887 3055 1959 3072 nono
1971 3065 1979 3078 ‚
1990 3046 2018 3071 &
2029 3045 2120 3071 irain-

165 3081 417 3117 cunamexplcvicx
429 3082 586 3108 membranis
601 3083 710 3109 Erl'urd.
730 3090 804 3110 tauto
815 3083 963 3119 promptius
974 3082 1044 3118 quod
1055 3083 1121 3109 toti·
1144 3090 1146 3122 j
1166 3082 1304 3118 telligebat
1326 3084 1462 3118 vulgatum
1482 3083 1548 3110 illud
1559 3086 1658 3117 juratos
1676 3081 1836 3109 Gulielmius
1848 3101 1856 3113 ‚
1878 3080 2000 3118 scriptum
2020 3081 2120 3107 stilicen

165 3117 248 3143 derna
269 3117 348 3143 ficibus
359 3117 490 3144 exstarent
502 3119 527 3144 iu
539 3118 1024 3156 Palat.nono.meminit&liuj·.1⁵lori
1035 3119 1122 3152 noster
1142 3123 1144 3146 Ι
1168 3119 1270 3145 ratione
1282 3118 1409 3146 scribendi
1420 3119 1538 3157 antiqua.
1557 3120 1648 3156 inepte
1659 3119 1742 3156 igitur
1751 3118 1897 3147 Lambinus
1910 3137 1917 3152 ,
1929 3118 1979 3146 clim
1987 3126 2072 3144 verum
2080 3115 2120 3143 di.

166 3154 245 3182 (julie
261 3153 326 3181 mius
336 3153 367 3182 ad
380 3153 573 3196 Truqtilcntum
583 3154 735 3186 Plautium
746 3164 800 3191 cap.
814 3163 840 3191 5·

1168 3156 1314 3192 cardinatis
1321 3158 1432 3190 probare.
2018 3184 2034 3188 ‚v

1991 3198 2003 3217 1
2011 3207 2017 3216 .
2033 3190 2058 3216 A
2064 3190 2120 3220 {sor--v
