2360 3400
553 132 806 182 Eius-r.
864 130 962 180 'An
1013 136 1172 182 A·r·1·'

214 219 305 263 'quitm
325 214 397 262 ego}
413 212 464 249 aut
481 220 523 247 tu.
541 214 684 256 equidem.
694 224 759 246 non
770 212 872 245 defino
882 222 983 246 tamen
997 225 1049 256 per
1057 215 1166 246 litteras

214 274 316 306 rogare
329 281 338 296 ,
358 260 493 293 suadere,
513 257 643 288 accusare
655 267 766 297 regem.
800 257 960 296 Dejotarus
977 259 1069 288 etiam
1088 257 1165 286 mihi

213 306 360 337 narravit,
385 302 412 332 se
433 300 468 331 ad
487 309 558 330 eum
578 299 690 340 legatos
709 297 818 328 mifiss'e
839 298 876 329 de
887 309 917 329 re
928 300 1010 329 Bruti
1025 309 1030 329 ε
1049 308 1101 329 eos
1111 297 1164 328 fibi

210 346 386 387 responsum
397 340 527 374 retuliffe
542 361 551 375 ‚
575 341 663 370 illum
674 351 736 371 non
748 340 854 371 habere
869 352 873 370 :
888 340 920 372 δε
930 340 1100 371 mehercule
1111 350 1167 381 ego

211 387 363 426 itajudico
377 405 386 418 ,
408 385 485 414 nihil
496 384 552 414 illo
565 393 657 423 regno
667 383 821 423 spoliatius
832 403 841 417 ‚
856 383 934 412 niliil
944 392 1010 423 rege
1019 383 1164 421 egentius.

211 431 310 470 itaque
319 437 368 458 aut
378 427 467 456 tutela
476 427 576 466 cogito
587 435 636 455 me
647 424 780 455 abdicare
791 444 800 458 ‚
811 433 861 454 aut
871 444 881 458 ,
892 433 924 455 ut
934 434 988 464 pro
1001 423 1166 453 Glabrione

211 471 342 502 Scaevola
353 490 362 502 ‚
383 468 485 498 foenus
504 469 536 498 ὅ(
550 467 743 507 impendium
758 467 899 497 recusare.
918 475 974 507 ego
984 475 1084 496 tamen
1094 475 1166 505 quas

210 522 263 553 per
272 522 299 541 te
309 514 400 541 Bruto
411 511 604 550 promiseram
616 507 803 549 praefecturas
812 510 857 538 M.
869 509 997 547 Scaptio,
1009 509 1044 537 L.
1056 509 1165 540 Gavio,

210 556 265 595 qui
284 555 318 584 in
337 563 429 594 regno
450 562 513 582 rem
526 551 830 591 Brutiprocurabant,
848 550 954 580 detuli.
973 550 1120 579 necenirn
1133 550 1167 579 in.

210 597 367 636 provincia
386 604 452 624 mea
473 593 711 634 negotiabantur.
731 601 763 622 tu
780 601 882 622 autem
900 590 1090 624 meministi,
1110 600 1165 621 nos

212 636 252 668 sic
260 647 344 679 agere
354 656 362 670 ‚
375 645 407 667 ut
415 645 489 677 quot
499 636 599 669 vellet,
613 633 802 675 praefeEturas
812 634 875 664 sum
881 642 952 667 eret,
965 637 974 652 ¹
986 632 1060 663 dum
1070 642 1109 662 ne
1119 643 1167 662 ne-

208 680 359 720 gotiatori.
381 682 395 698 ²
408 680 508 719 itaque
518 677 589 708 duas
600 680 626 707 ei
638 680 650 704 3
660 685 798 716 praeterea
807 675 957 706 dederam.
981 674 1028 705 sed
1042 676 1063 705 ii
1075 693 1084 708 ,
1097 676 1166 715 qui-

211 723 267 752 bus
282 723 403 761 petierat
417 739 426 753 ,
448 720 484 750 de
494 721 650 759 provincia
658 715 847 748 decesserant.
871 719 963 747 Nunc
972 717 1119 757 cognosce
1128 715 1165 747 de

209 764 399 794 Salaminiis:
418 763 500 802 quod
524 760 613 794 video
633 759 686 790 tibi
696 761 787 788 etiam
798 768 915 788 novum
926 756 1061 789 accidisse
1071 778 1080 791 ‚
1102 767 1164 789 tan-

210 814 302 845 quam
322 805 410 834 mihi.
429 811 597 843 numquam
618 802 702 831 enirn
719 810 759 830 ex
774 799 829 829 illo
841 800 960 833 audivi,
981 799 1064 829 illam
1074 809 1164 839 pecu-

209 849 294 877 niam
305 844 362 876 esse
373 846 467 876 suam.
486 846 560 884 quin
570 844 660 872 etiam
671 839 912 881 libellumipsius
921 841 1017 871 habeo
1031 861 1040 874 ,
1059 843 1090 871 in
1103 851 1163 881 quo

209 887 252 919 est
264 909 272 922 ‚
295 896 469 918 SALAMINI
479 896 490 915 1
514 892 700 915 PiacumAM
710 892 839 912 DEBENT
852 892 889 911 M.
901 891 1062 916 scamno,
1083 892 1124 912 ετ
1135 893 1161 912 p,

211 939 390 962 MATlNIO,
407 932 675 957 FAMtLtARmus
695 934 789 954 ME1s.
808 933 859 954 eos
870 925 948 954 mihi
958 924 1164 954 commendat:

209 971 348 1002 adscribit
358 971 446 1000 etiam
459 989 470 1002 ,
493 968 525 998 &
535 965 615 1008 quasi
625 967 720 997 calcar
729 966 870 996 admovet
881 985 889 999 ‚
912 970 930 993 4
941 964 1126 996 interceffifl'e
1136 967 1163 996 se

207 1023 262 1054 pro
275 1015 311 1042 iis
320 1020 457 1052 magnam
469 1011 639 1050 pecuniam.
658 1007 846 1039 confeceram
860 1028 869 1041 ‚
891 1017 925 1038 ut
933 1008 1083 1038 solverent
1091 1018 1164 1039 cen—

207 1053 319 1085 tefimis
327 1053 466 1083 sexennii
478 1050 577 1082 duetis
586 1061 656 1081 cum
667 1051 860 1080 renovatione
871 1048 1057 1090 singulorum
1067 1060 1164 1081 anno-

207 1106 286 1127 rum.
308 1105 335 1125 at
344 1095 479 1134 Scaptius
489 1102 642 1134 quaternas
651 1091 826 1132 postulabat.
849 1093 944 1122 metui
958 1112 966 1126 ‚
979 1090 999 1121 fi
1009 1093 1162 1132 impetras-

206 1138 250 1168 set
260 1157 268 1171 2
292 1147 331 1166 ne
340 1145 371 1167 tu
380 1137 440 1176 ipse
452 1145 501 1165 me
511 1145 606 1164 amare
615 1133 773 1164 desineres.
796 1143 866 1163 nam
877 1133 913 1163 ab
925 1133 1024 1164 edicio
1036 1144 1105 1164 meo
1117 1145 1164 1165 re-

206 1177 372 1212 ceffiffem;
395 1178 428 1208 ὃς
438 1179 591 1208 civitatem
606 1196 615 1209 ‚
627 1178 659 1206 in
675 1176 809 1208 Catonis,
824 1175 856 1205 &
871 1177 902 1204 in
914 1173 1002 1215 ipsius
1011 1177 1093 1206 Bruti
1105 1175 1163 1207 fide

207 1220 487 1260 locatam,meisque
496 1217 653 1249 beneficiis
662 1216 947 1250 ornatam,funditus
959 1215 1161 1257 perdidissem.

207 1265 309 1304 Atque
330 1263 388 1292 hoc
398 1270 532 1301 tempore
545 1260 608 1300 ipso
618 1260 849 1300 impingitmihi
862 1258 1017 1299 epistolam
1029 1262 1163 1299 Scaptius

207 1306 368 1338 Bruti,rem
381 1304 464 1334 illam
477 1305 529 1333 suo
539 1302 674 1342 periculo
683 1300 742 1331 effe
754 1300 851 1341 :quod
861 1311 916 1331 nec
926 1302 1005 1331 mihi
1015 1312 1160 1343 umquam

208 1349 315 1376 Brutus
325 1346 457 1378 dixerat,
468 1344 587 1374 nectibi
599 1345 716 1376 tetiam,
727 1351 760 1372 ut
768 1342 973 1382 praefecturam
985 1346 1102 1384 Scaptio
1112 1343 1162 1374 de-

207 1387 329 1418 ferrem.
352 1387 383 1418 id
394 1386 466 1416 vero
477 1395 527 1426 per
538 1394 565 1415 te
579 1388 593 1412 5
605 1393 870 1425 exceperamusflie
879 1384 1161 1426 negotiaror1.·quod

208 1428 229 1459 si
239 1430 390 1470 cuiquam,
401 1429 472 1457 huic
481 1436 582 1457 tamen
592 1435 665 1456 non.
684 1425 780 1456 fuerat
790 1428 872 1456 enim
883 1425 1041 1466 praefeo'tus
1051 1429 1162 1467 Appio;

207 1471 242 1502 &
258 1470 381 1512 quidem
392 1469 531 1499 habuerat
539 1477 650 1498 turmas
658 1470 796 1508 equitum
809 1487 817 1502 2
843 1468 952 1508 quibus
965 1469 1116 1499 inclusum
1129 1472 1161 1499 in

200 1515 297 1543 'Curia
314 1515 452 1543 Senatum
473 1511 622 1540 Salamine
641 1508 794 1539 obsederat
817 1529 826 1543 ‚
853 1518 885 1539 ut
908 1508 988 1540 fame
1008 1513 1163 1541 Senatores

204 1556 338 1596 quinque
356 1561 553 1583 morerentur.
572 1554 671 1592 itaque
689 1561 762 1592 ego,
782 1561 844 1592 quo
862 1551 911 1581 die
932 1553 1015 1593 tetigi
1035 1554 1162 1592 provin-

204 1598 282 1628 ciam
295 1616 303 1630 ,
324 1596 394 1626 cum
407 1595 485 1625 mihi
495 1596 596 1634 Cyprii
606 1595 694 1633 legati
704 1593 855 1633 Ephesum
866 1593 989 1623 obviam
1001 1593 1161 1629 venissent,

203 1638 315 1669 litteras
329 1635 407 1670 misi,
419 1646 451 1666 ut
461 1639 575 1677 equites
584 1645 621 1666 ex
632 1635 729 1665 insula
737 1635 835 1665 statim
845 1634 1033 1666 decederent.
1058 1638 1115 1666 His
1125 1637 1162 1667 de

203 1678 295 1712 causis
310 1679 400 1710 credo
420 1680 572 1718 Scaptium
589 1679 724 1718 iniquius
744 1677 781 1707 de
806 1687 855 1707 me
865 1677 979 1718 aliquid
989 1677 1024 1708 ad
1036 1680 1160 1709 Brutum

204 1719 355 1761 scripsisse.
379 1721 428 1751 sed
450 1729 550 1751 tamen
563 1720 620 1750 hoc
629 1720 697 1749 sum
706 1721 827 1749 animo:
842 1718 863 1748 sl
872 1722 978 1750 Brutus
987 1720 1102 1759 putabit
1112 1731 1162 1751 me

202 1773 359 1806 quaternas
369 1760 540 1792 centesimas
550 1759 713 1802 oportuifi'e
722 1761 879 1791 decernere
892 1781 900 1794 ‚
915 1763 1010 1802 quiin
1022 1770 1083 1793 tota
1091 1772 1161 1803 pro—

204 1806 304 1836 vincia
307 1803 436 1845 singulas
445 1803 634 1834 observarem
649 1822 658 1836 ‚
671 1805 767 1843 itaque
778 1801 937 1832 edixissem
950 1823 959 1836 ,
972 1803 1060 1843 idque
1070 1807 1161 1834 etiarn

203 1845 397 1878 acerbissimis
407 1844 636 1876 foeneratoribus
646 1844 818 1884 probaretur
833 1856 841 1878 ·,
862 1842 882 1873 fi
891 1843 1097 1884 praefeRuram
1110 1855 1164 1875 ne-

204 1889 345 1930 gotiatori
362 1887 538 1929 denegatam
551 1895 692 1928 queretur
701 1906 709 1920 ,
734 1885 815 1927 quod
826 1896 880 1927 ego
890 1889 1048 1927 Torquato
1059 1886 1163 1917 nostro

206 1929 266 1960 ⁶in
286 1938 339 1960 tuo
357 1931 456 1960 Lenio
468 1949 476 1963 ‚
498 1929 644 1969 Pompejo
654 1926 705 1968 ipsi
717 1929 749 1957 in
759 1931 828 1958 Sex.
848 1929 941 1958 Statio
951 1929 1069 1968 negavi,
1082 1928 1114 1958 &
1127 1930 1162 1959 iis

203 1971 328 2014 probavi
338 1983 348 2006 5
364 1970 385 2001 si
396 1973 510 2012 equites
518 1969 664 2000 deductos
676 1968 803 2000 moleste
812 1968 887 2000 seret
898 1990 907 2003 ,
925 1972 1068 2010 accipiam
1078 1973 1162 2011 equi-

205 2015 275 2046 dem
286 2013 438 2047 dolorem,
449 2014 525 2042 mihi
536 2013 626 2043 illum
638 2012 719 2042 irasci
733 2032 742 2045 ,
751 2011 802 2042 sed
817 2013 916 2042 multo
926 2013 1085 2051 majorem,
1097 2022 1162 2042 non

206 2055 264 2088 effe
276 2065 347 2085 eum
359 2056 450 2086 talem
465 2075 474 2089 ‚
491 2054 610 2095 qualem
619 2052 773 2094 putassem.
798 2054 877 2084 Illud
887 2055 1011 2094 quidem
1022 2053 1162 2084 fatebitur

204 2098 339 2138 Scaptius
351 2117 359 2131 ,
371 2107 421 2127 me
433 2098 482 2136 jus
494 2097 613 2129 dicente
625 2116 633 2131 ‚
645 2094 831 2126 sibioznnem
843 2098 1002 2136 pecuniam
1013 2106 1051 2126 ex
1061 2094 1162 2126 edi&o

203 2150 276 2172 meo
287 2137 444 2169 auferendi
456 2137 632 2178 potestatem
646 2136 742 2167 fuisse·
766 2137 854 2168 Addo
864 2140 954 2168 etiam
965 2138 1042 2168 illud
1053 2158 1062 2171 ,
1077 2138 1159 2179 quod

202 2190 328 2214 vereor,
350 2181 406 2211 tibi
429 2179 481 2220 ipfi
498 2189 529 2210 ut
541 2180 669 2220 probem
682 2190 687 2208 :
698 2179 856 2209 confistere
866 2180 952 2210 usura
960 2179 1160 2220 debuit,quae

201 2233 261 2256 erat
270 2224 301 2254 in
310 2221 411 2254 edrone
421 2232 503 2252 meo.
522 2222 672 2262 deponere
684 2221 843 2251 volebant:
868 2223 1025 2261 impetravi
1035 2222 1070 2252 ab
1081 2223 1159 2252 Sala—

201 2267 307 2298 miniis
326 2285 336 2300 ‚
358 2273 389 2296 ut
404 2263 533 2294 filerent.
551 2265 673 2295 veniam
691 2263 738 2293 illi
756 2263 880 2305 quidem
898 2264 980 2293 mihi
1000 2263 1159 2299 dederunt3

239 2425 264 2444 ι.
282 2421 343 2444 Dum
351 2427 380 2444 ne
388 2417 549 2451 negotiatori]
569 2418 680 2444 Veteres
699 2415 778 2443 codd.
796 2414 921 2452 sequutus
932 2416 970 2444 ita
981 2415 1097 2453 reposuit
1107 2417 1155 2444 Vi-

198 2451 315 2485 &orius‚
325 2461 401 2480 antea
410 2453 547 2488 legebatur
557 2453 611 2479 dum
620 2463 648 2478 ne
657 2456 842 2486 negotiarentur.

236 2498 264 2515 2.
281 2493 363 2524 ltaque
373 2490 434 2515 dacae
440 2490 487 2524 eL]
505 2492 590 2523 traque
598 2488 668 2516 deest
680 2489 706 2516 in
718 2489 790 2524 vulg.

237 2533 251 2561 3
259 2545 265 2551 .
283 2528 400 2551 Preterca
408 2525 542 2560 dederam]
564 2524 699 2552 ViClmrius
705 2523 1002 2563 eiiieiidai‘it‚praeterea,
1013 2534 1072 2552 curn
1083 2524 1157 2560 lege-

199 2569 274 2588 κων
281 2563 444 2594 prasi-Suras.

236 2605 262 2631 4.
286 2592 482 2631 Int'ercqffiffefi]
498 2596 580 2632 Vulg.
589 2597 730 2631 interceffiffi
740 2596 797 2629 eise.

236 2641 264 2667 5.
285 2637 471 2665 lia-ceperamus,
482 2641 510 2657 ne
519 2634 680 2666 negotians]
702 2636 737 2658 Ne
746 2632 815 2658 deest
826 2632 851 2658 in
867 2633 938 2668 vulg.

234 2669 263 2695 6.
281 2672 310 2694 In
319 2676 357 2695 ruo
367 2668 464 2703 Lenia]
486 2667 602 2695 Visstorii
613 2667 666 2694 haec
677 2667 712 2694 est
723 2667 859 2711 castigatio
871 2687 878 2701 ,
890 2669 964 2704 prius
975 2668 1124 2705 legebatur,
1134 2672 1162 2695 in

197 2705 224 2732 T.
237 2707 339 2731 Lemnio.

231 2749 261 2774 7.
279 2740 406 2774 Sicsanb]
427 2740 619 2775 Vulgfirsank.

232 2776 261 2802 8.
281 2781 335 2804 Meo
344 2777 514 2809 decretoftlura
523 2786 547 2801 re
556 2775 673 2809 Scaptia]
695 2775 750 2801 Hic
759 2775 833 2801 locus
851 2774 888 2801 ita
898 2774 998 2810 legitur
1017 2776 1043 2802 'm
1055 2776 1158 2802 Decur-
1178 2794 1180 2798 ν
1206 2797 1212 2804 .

198 2817 271 2839 tato:
293 2815 366 2846 igitur
375 2822 420 2838 meo
429 2813 515 2838 decreto
527 2813 606 2846 salusa
617 2821 640 2837 re
649 2814 741 2844 Scaptia
751 2831 759 2842 ‚
776 2813 857 2843 statim
868 2821 939 2845 quam
957 2811 1070 2837 decretum
1085 2813 1123 2843 fic
1132 2819 1158 2837 ru
1178 2835 1179 2839 ,

189 2848 309 2879 judicabis
320 2860 327 2874 .-
347 2848 432 2884 sicquc
442 2847 627 2875 excudendum
648 2848 751 2873 curavit
766 2846 866 2873 Borius.
890 2846 998 2873 liabent
1008 2847 1110 2881 antiqui
1123 2847 1157 2873 li-

198 2881 249 2912 bri.
259 2893 371 2918 quorum
383 2884 507 2911 Manutio
516 2884 591 2920 copia
604 2883 656 2910 fuit
668 2893 673 2909 ς
692 2884 771 2918 Jbluta
781 2892 818 2909 res
831 2884 1023 2915 Scn51i0,st.1rim
1032 2892 1103 2917 quam
1116 2884 1156 2909 αἰ-

194 2925 283 2944 eretum
285 2921 329 2953 fir,
338 2921 486 2954 injudicabis
497 2931 504 2946 .-
526 2929 593 2947 unus
604 2919 680 2946 babet
692 2939 700 2951 ‚
706 2920 783 2954 fizluta
795 2928 832 2945 res
842 2920 1024 2950 Cartimffmi'm
1035 2928 1106 2953 quam
1117 2920 1156 2944 de-

193 2957 316 2988 ‹retumfit
325 2957 483 2990 tuJudc'cabie.
504 2956 586 2989 uude,
597 2964 626 2983 ut
637 2964 743 2983 tueatur
754 2955 891 2991 antiquam
904 2954 1058 2990 seripturam
1073 2954 1104 2980 lic
1115 2954 1155 2981 le-

192 2989 309 3024 gendum
319 2991 418 3019 censuit
428 3002 435 3018 t
456 2995 528 3026 igitur
537 3002 571 3018 me
579 2992 786 3026 decrerofil‘oatur
794 2994 896 3023 Scaptio,
901 2992 985 3024 statim
995 3000 1066 3025 quam
1076 2991 1155 3016 decre-

191 3032 241 3051 tum
253 3027 286 3060 β
303 3033 330 3051 ru
341 3028 476 3061 juAIcabis:
496 3028 537 3054 vel
551 3028 630 3055 etiam
645 3047 652 3060 ‚
673 3038 718 3054 meo
729 3029 817 3054 decreto
829 3028 943 3061 sol-vatur
952 3031 1043 3052 startia
1060 3028 1153 3056 (latim.-

189 3070 262 3096 quam
270 3062 418 3096 direfiumfit
428 3064 587 3097 injudicabis.
608 3064 753 3091 Lambinus
765 3064 861 3100 partim
876 3063 999 3090 ultimam
1015 3071 1078 3088 nanc
1090 3061 1152 3088 stri-

188 3104 305 3132 pturam,
317 3098 413 3134 partim
426 3100 524 3126 veteris
534 3099 669 3136 scripturae
680 3101 787 3136 vestigia
799 3119 807 3132 ,
821 3100 918 3136 partim
935 3098 1114 3125 Parisienliuin
1127 3099 1154 3124 Sc

187 3133 404 3168 Lugdunensium
417 3134 583 3169 quorundam
594 3137 779 3172 exemplorum
790 3135 934 3163 editionem
948 3135 1052 3161 secutus
1065 3154 1072 3165 ‚
1084 3135 1150 3161 oliui

187 3169 308 3196 ediderat
319 3189 327 3203 ‚
338 3172 411 3204 igitur
420 3176 465 3197 men
475 3170 617 3206 decretofilv
622 3178 681 3200 atur
688 3182 718 3201 aes
726 3175 820 3207 Scaptio
823 3174 909 3207 stau'm
921 3191 930 3206 ,
947 3172 973 3199 id
981 3181 1053 3207 quam
1062 3173 1148 3198 rec‘mm
1171 3197 1172 3204 ἵ

1197 148 1428 192 tcum,
1494 134 1796 185 L12.V1.‘
2069 135 2160 202 823

1210 215 1259 246 sed
1277 216 1350 258 quid
1369 219 1406 248 iis
1426 216 1495 251 fiet,
1515 215 1535 248 fi
1553 219 1614 249 huc
1631 217 1751 249 Paullus
1769 216 1906 249 venerit?
1923 216 1972 249 sed
1989 223 2089 249 totum
2103 220 2172 250 hoc«

1210 260 1301 288 Bruto
1311 258 1380 289 dedi
1396 280 1404 291 .
1423 261 1474 300 qui
1486 259 1523 291 de
1537 270 1586 290 me
1595 259 1630 290 ad
1642 269 1670 290 te
1681 258 1905 291 humanissimas
1919 260 2030 291 litteras
2039 260 2160 301 scripsit:

1207 299 1242 329 ad
1253 309 1303 330 me
1312 310 1410 331 autem
1428 321 1436 334 ,
1454 303 1545 332 etiam
1555 301 1627 332 cum
1639 309 1720 341 rogat
1728 301 1842 343 aliquid
1856 322 1864 335 ,
1875 304 2104 336 contumaciter,
2116 312 2162 334 ar-

1208 358 1343 390 roganter
1354 369 1362 381 ‚
1384 343 1602 383 oe’wtwvn'woe
1615 351 1691 381 folet
1701 351 1835 382 scribere.
1864 360 1894 382 tu
1904 361 2003 382 autern
2017 352 2110 382 velim
2124 352 2160 383 ad

1208 400 1277 419 eum
1302 391 1409 421 scribas
1420 391 1514 421 deliis
1526 392 1611 422 rebus
1625 404 1634 427 ς
1655 402 1687 423 ut
1702 393 1789 423 sciam
1801 413 1810 426 ‚
1829 403 1890 434 quo
1902 393 1996 424 modo
2011 394 2073 424 haec
2083 395 2161 425 acci-

1207 433 1276 470 piat.
1300 432 1390 462 facies
1408 435 1491 462 enim
1514 444 1564 463 me
1583 437 1751 464 certiorem.
1774 444 1861 475 atque
1884 436 1942 466 hoc
1960 435 2161 475 superioribus

1206 474 1314 503 litteris
1334 474 1367 503 ad
1380 483 1407 504 te
1416 474 1576 514 diligenter
1584 476 1804 515 perscripseram
1817 496 1826 510 ,
1850 477 1897 507 sed
1908 477 1995 516 plane
2008 486 2035 507 te
2045 478 2162 508 intelli-

1206 524 1272 554 gere
1291 516 1398 548 volui,
1421 517 1496 545 mihi
1511 527 1575 546 non
1586 517 1727 547 excidisse
1737 518 1813 548 illud
1825 538 1833 552 ‚
1854 518 1935 558 quod
1945 528 1977 549 tu
1987 519 2022 549 ad
2033 529 2083 549 me
2091 521 2162 560 qui-

1209 555 1332 587 busdam
1348 557 1453 586 litteris
1473 556 1643 597 scripfiss'e33
1664 558 1683 588 sl
1702 560 1869 590 nihilaliud
1880 560 1916 590 de
1930 561 1982 590 hac
1992 563 2159 600 provincia,

1206 597 1261 628 nisi
1272 598 1354 628 illius
1370 598 1608 629 benivolentiam
1622 620 1631 633 ‚
1654 600 1850 639 deportassent
1862 621 1870 635 ‚
1883 603 1959 632 mihi
1972 602 2002 632 id
2015 603 2079 633 stitis
2089 601 2160 633 esse.

1205 639 1264 668 7sit
1281 639 1372 674 sane3
1392 641 1538 680 quoniam
1561 642 1601 670 ita
1623 651 1653 671 tu
1671 652 1734 672 vrs:
1754 643 1802 673 sed
1815 653 1916 674 tamen
1930 654 2000 674 cum
2012 654 2049 674 eo
2059 644 2160 678 credo,

1206 680 1280 723 quiid
1290 681 1349 721 fine
1365 675 1475 720 pecckto
1498 692 1555 711 meo
1569 681 1637 719 fiat.
1661 685 1754 723 Igitur
1774 680 1788 703 S
1812 694 1881 716 meo
1895 685 2014 716 decreto
2027 686 2120 716 soluta
2129 696 2160 715 re

1202 725 1318 763 Scaptio
1329 743 1338 756 ,
1349 723 1447 753 statim
1458 723 1548 763 quam
1561 724 1716 753 decretum
1730 723 1766 755 sic
1778 727 1959 766 tujudicabis
1974 747 1982 761 ,
2007 738 2046 758 ne
2056 727 2092 758 ad
2104 730 2159 758 Ca-

1203 774 1309 796 tonem
1329 764 1453 805 quidem
1463 765 1644 804 provocabo.
1664 765 1712 795 sed
1722 768 1786 796 noli
1799 777 1848 797 me
1857 777 1957 808 putare
1969 768 2160 810 ὲγκςλόϋσ-

1204 820 1301 848 κατι-ι
1318 814 1371 843 illa
1389 822 1437 844 tua
1459 812 1614 854 abjecisse,
1637 823 1703 855 qua:
1728 816 1806 845 mihi
1821 818 1853 846 in
1863 818 2025 848 visceribus
2035 820 2157 849 liaerent.

1204 855 1280 886 flens
1299 856 1377 885 mihi
1397 865 1494 885 meam
1513 855 1624 886 famam
1648 856 1880 888 commendasti.
1898 869 1962 899 quae
1974 859 2098 899 epistola
2108 870 2158 891 tua

1203 897 1264 931 est,
1283 899 1316 927 in
1335 907 1392 938 qua
1414 899 1606 949 mentipneni
1620 897 1799 930 nonfacias?
1816 901 1915 940 itaque
1927 902 2081 936 irascatur,
2103 902 2156 944 qui

1202 947 1286 977 volet
1300 948 1418 986 :patiar.
1434 938 1468 972 π’
1483 934 1521 983 yffi
1542 940 1581 973 <56
1593 941 1672 983 μετ’
1685 939 1753 982 ἒμέ
1762 949 1921 988 praesertim
1933 949 2003 980 cum
2015 951 2064 981 sex
2075 952 2163 982 libris

1203 998 1343 1030 tanquam
1354 987 1488 1030 pradibus
1498 992 1514 1016 9
1526 998 1575 1018 me
1586 989 1682 1029 ipsum
1695 988 1910 1021 obstrinxerim
1924 1002 1929 1020 :
1948 1001 2023 1032 quos
2035 993 2086 1022 tibi
2098 1002 2159 1024 tam

1201 1038 1287 1068 valde
1302 1038 1420 1078 probari
1432 1038 1546 1079 gaudeo
1559 1050 1564 1067 z
1582 1039 1598 1069 ὲ
1611 1039 1721 1080 quibus
1730 1049 1827 1069 unum
1841 1033 1980 1074 ἱςῡέκϋων
1992 1044 2115 1081 requiris
2124 1042 2160 1072 de

1205 1083 1232 1099 ¹⁰
1250 1084 1308 1111 Cn.
1329 1081 1432 1111 Flavio
1453 1083 1497 1110 M.
1518 1083 1548 1111 F.
1568 1081 1620 1111 ille
1638 1080 1710 1111 vero
1720 1090 1787 1111 ante
1800 1084 1997 1112 Decemviros
2011 1093 2073 1112 non
2085 1082 2158 1113 fuit:

1202 1123 1313 1163 quippe
1334 1124 1388 1163 qui
1414 1122 1524 1153 AEdilis
1536 1123 1646 1153 curulis
1655 1122 1762 1153 fuerit:
1781 1126 1834 1164 qui
1851 1123 2035 1164 magistratus
2052 1126 2159 1155 multis

1202 1167 1290 1194 annis
1308 1163 1375 1204 post
1396 1163 1587 1194 decemviros
1603 1164 1758 1195 institutus
1769 1165 1820 1196 est.
1837 1166 1910 1206 quid
1931 1176 2000 1207 ergo
2009 1166 2157 1206 profecit,

1201 1205 1284 1246 quod
1301 1206 1430 1246 protulit
1447 1205 1560 1237 fastos?
1579 1208 1754 1238 occultatam
1765 1216 1868 1247 putant
1881 1208 2011 1248 quodam
2023 1217 2160 1248 tempore

1201 1248 1288 1279 istam
1300 1248 1442 1282 tabulam,
1453 1257 1484 1278 ut
1497 1248 1560 1278 dies
1574 1248 1680 1289 agendi
1689 1249 1999 1289 peterenturapaucis.
2020 1259 2076 1280 nec
2087 1249 2159 1279 vero

1200 1292 1287 1330 pauci
1302 1290 1369 1320 sunt
1379 1289 1527 1324 auctores,
1542 1293 1596 1320 Cn.
1608 1291 1745 1321 Flavium
1758 1291 1882 1321 scribam
1893 1291 1983 1322 fastos
1990 1290 2159 1331 protulisse,

1200 1331 1390 1373 aetionesque
1408 1331 1625 1372 composuisse:
1649 1343 1686 1363 ne
1710 1343 1758 1362 me
1770 1334 1845 1367 hoc,
1869 1333 1917 1363 vel
1932 1336 2032 1373 potius
2043 1332 2158 1363 Africa-

1202 1384 1288 1407 num,
1301 1373 1340 1413 (is
1351 1375 1434 1404 enim
1444 1374 1589 1415 loquitur)
1599 1383 1811 1405 commentum
1823 1384 1918 1415 putes.
1943 1379 1968 1394 ¹¹
1985 1377 2058 1410 Οὐκ
2070 1372 2136 1409 ’ἕλοι
2145 1394 2160 1401 -

1203 1418 1232 1450 Θε
1249 1418 1282 1449 σὲ
1305 1422 1381 1454 illud
1400 1423 1437 1453 de
1449 1423 1532 1464 gestu
1543 1423 1718 1459 histrioni53
1739 1423 1897 1455 utsceleste
1906 1425 2079 1464 suspicaris,
2104 1433 2160 1464 ego

1201 1464 1336 1505 οἰφελεῧς
1361 1471 1468 1512 scripsi.
1492 1476 1540 1503 De
1560 1484 1610 1503 rne
1628 1474 1791 1516 imperatore
1800 1474 1903 1505 scribis
1914 1483 1942 1504 te
1953 1483 1990 1504 ex
2002 1474 2161 1504 Philotimi

1203 1513 1310 1542 litteris
1327 1512 1476 1555 cognosse.
1496 1514 1545 1544 sed
1563 1515 1652 1546 credo
1678 1525 1723 1549 te,
1742 1517 1804 1555 jam
1822 1517 1855 1545 in
1875 1517 1968 1555 Epiro
1987 1514 2058 1545 cum
2077 1513 2159 1548 effes,

1202 1554 1287 1584 binas
1308 1565 1389 1585 meas
1398 1555 1433 1585 de
1444 1556 1589 1586 omnibus
1600 1557 1686 1587 rebus
1699 1555 1839 1598 accepisse
1850 1577 1858 1591 ‚
1879 1567 1951 1587 unas
1961 1556 1977 1587 a
1988 1555 2163 1586 Pindenisso

1201 1599 1332 1636 capto‚¹²
1344 1598 1447 1627 alteras
1457 1598 1756 1639 Laodiceamtrasque
1768 1601 1825 1629 tuis
1834 1600 1933 1638 pueris
1943 1598 2033 1628 datas.
2051 1598 2162 1638 quibus

1201 1637 1333 1668 derebus
1344 1658 1352 1672 ‚
1372 1647 1492 1678 propter
1502 1640 1601 1669 casum
1613 1641 1774 1681 navigandi
1789 1661 1796 1674 ‚
1821 1650 1872 1681 per
1883 1640 1974 1671 binos
1988 1640 2161 1669 tabellarios

1201 1678 1269 1709 mifi
1279 1682 1413 1710 Romam
1425 1682 1536 1712 litteras
1545 1681 1677 1721 publice.
1699 1685 1745 1712 De
1755 1683 1857 1712 Tullia
1868 1692 1933 1712 mea
1943 1682 1998 1712 tibi
2008 1679 2163 1715 ass'entior3

1200 1721 1358 1763 scripsique
1368 1722 1404 1752 ad
1414 1732 1478 1753 eam
1498 1744 1506 1757 ‚
1515 1723 1547 1753 &
1556 1723 1591 1753 ad
1602 1726 1790 1757 Terentiam,
1806 1725 1881 1753 mihi
1894 1724 2016 1764 placere.
2034 1732 2066 1752 tu
2076 1725 2162 1753 enim

1201 1763 1236 1793 ad
1254 1774 1304 1793 me
1319 1764 1381 1804 jam
1399 1774 1467 1795 ante
1478 1765 1626 1805 scripseras
1642 1785 1650 1799 ‚
1677 1775 1721 1795 Ac
1733 1775 1871 1796 vELLt-„M
1882 1775 1924 1794 TE
1941 1774 1979 1794 IN
1992 1774 2093 1795 'tuum
2105 1774 2163 1794 vr:-

1203 1814 1321 1835 TEREM
1359 1815 1500 1836 GREGEM
1526 1816 1736 1837 RETULisses.
1775 1806 1907 1837 correEta
1940 1804 2012 1837 vero
2039 1805 2169 1845 epistola

1204 1848 1392 1877 Memmiana
1402 1866 1410 1880 ‚
1434 1848 1513 1877 nihil
1539 1851 1653 1889 negotii
1672 1848 1739 1878 fuit.
1764 1850 1863 1878 multo
1874 1850 1956 1877 enim
1967 1847 2047 1877 malo
2057 1848 2137 1878 hunc
2147 1848 2164 1878 ὲ

1202 1888 1351 1922 Pontidia,
1364 1889 1455 1929 quam
1468 1890 1558 1919 illum
1569 1890 1584 1919 a
1596 1890 1727 1920 Servilia.
1741 1900 1830 1930 quare
1839 1890 1981 1930 adjunges
1992 1893 2001 1908 ¹
2010 1892 2022 1916 3
2034 1887 2163 1919 Aufium

1203 1928 1340 1959 nostrum
1355 1949 1363 1963 ,
1383 1931 1544 1960 hominem
1564 1931 1681 1971 semper
1697 1941 1847 1962 amantem
1867 1941 1937 1965 me3
1959 1940 2039 1960 nunc
2060 1931 2162 1965 credo,

1202 1981 1239 2001 eo
1259 1973 1354 2012 magis
1366 1992 1374 2005 ,
1392 1971 1475 2013 quod
1497 1972 1584 2002 debet
1597 1976 1684 2002 etiam
1697 1972 1891 2013 fratrisAppii
1901 1983 2024 2002 amorem
2036 1983 2101 2014 erga
2112 1982 2164 2004 me

1202 2023 1272 2043 cum
1281 2015 1394 2054 reliqua
1405 2014 1564 2044 hereditate
1572 2013 1712 2049 crevisi'e3
1731 2018 1782 2055 qui
1794 2015 1970 2049 declaravit,
1989 2016 2092 2055 quanti
2111 2024 2162 2045 me

1201 2054 1325 2085 faceret:
1344 2054 1416 2086 cum
1430 2056 1503 2096 saepe
1515 2077 1524 2090 ‚
1541 2065 1606 2086 tum
1627 2060 1656 2083 ¹4
1666 2058 1698 2086 in
1710 2057 1810 2090 Bursa,
1827 2059 1854 2084 ¹5
1867 2067 1904 2087 ne
1915 2066 1945 2086 tu
1958 2067 2006 2086 me
2015 2057 2164 2087 sollicitu-

1201 2096 1274 2127 dine
1296 2097 1568 2138 magna‘liberaris.
1593 2100 1695 2128 Furnii
1714 2101 1853 2139 exceptio
1873 2100 1951 2128 mihi
1966 2107 2032 2128 non
2051 2098 2162 2138 placet.

1203 2137 1233 2159 ¹⁶
1242 2149 1298 2169 nec
1308 2142 1390 2169 enim
1412 2149 1467 2181 ego
1485 2140 1583 2170 ullum
1595 2140 1674 2170 aliud
1687 2149 1804 2180 tempus
1814 2143 1909 2170 timeo
1921 2161 1930 2174 ‚
1949 2138 2004 2170 nisi
2014 2139 2096 2180 quod
2109 2139 2164 2169 ille

1203 2180 1303 2210 solum
1326 2183 1447 2221 excipit.
1468 2181 1517 2212 sed
1528 2182 1684 2212 scriberem
1696 2182 1730 2212 ad
1741 2191 1768 2212 te
1779 2183 1816 2212 de
1826 2184 1884 2213 hoc
1893 2183 1976 2222 plura
1986 2202 1995 2216 ,
2019 2181 2038 2211 si
2049 2184 2162 2212 Romae

1200 2221 1284 2253 esses.
1318 2226 1346 2251 ¹7
1358 2224 1390 2252 in
1405 2224 1585 2262 Pompeium
1610 2233 1637 2253 te
1655 2224 1735 2264 spem
1748 2234 1874 2254 omnem
1895 2225 1951 2254 otii
1971 2233 2082 2263 ponere
2094 2232 2160 2253 non

1200 2267 1316 2295 miror:
1343 2266 1383 2295 ita
1403 2274 1449 2295 res
1468 2264 1529 2300 est3
1551 2266 1836 2307 removendumque
1845 2266 2048 2297 censeoillum
2059 2273 2161 2294 nissi-

2021 2315 2160 2337 mumm-

1180 2417 1223 2451 ·fit
1232 2416 1391 2450 rujudicabis.
1406 2414 1448 2442 scd
1459 2414 1545 2450 postea
1556 2414 1616 2441 cod.
1627 2414 1746 2442 'roi-naes.
1761 2414 1866 2446 nastris,
1877 2415 1909 2441 sic
1920 2415 2005 2440 locum
2019 2413 2159 2439 restituen-

1179 2444 1182 2485 ξ
1196 2453 1259 2479 duni
1271 2451 1371 2479 censuit
1382 2462 1388 2478 :
1410 2455 1483 2485 igitur
1491 2462 1537 2477 meo
1545 2452 1632 2477 decrero
1642 2453 1715 2481 Muta
1727 2460 1751 2476 re
1760 2455 1851 2484 Scaptio
1863 2470 1870 2482 ,
1883 2453 1967 2483 statim
1978 2469 1986 2481 ,
2005 2459 2075 2483 quam
2084 2450 2110 2474 m*
2118 2450 2159 2473 dc-

1180 2487 1182 2528 'ff
1198 2496 1286 2514 cretum
1297 2490 1383 2514 reHum
1395 2490 1428 2521 fit
1437 2494 1463 2512 m
1466 2488 1585 2522 judicabis
1596 2498 1602 2512 .-
1622 2487 1731 2513 Ursinus
1746 2506 1754 2517 ,
1773 2491 1846 2519 igitur
1854 2497 1900 2513 mco
1917 2488 2003 2511 decrets
2014 2486 2119 2519 sbi-rimi«
2129 2494 2159 2511 ,εἰ

1180 2529 1182 2547 Ι
1197 2527 1398 2558 Scaptio-statim:
1418 2533 1490 2557 quam
1499 2524 1526 2548 Μ
1534 2523 1824 2557 resi-imisitmjudzral-is.

1234 2570 1264 2596 9⁴
1285 2565 1327 2588 Ide
1339 2562 1411 2592 ipficm
1421 2560 1607 2594 obstr-imam]
1630 2559 1709 2593 Vulg.
1721 2568 1754 2583 me
1763 2559 1807 2591 ipse
1816 2560 1986 2590 olstrinxerim.

1240 2606 1281 2623 ιο.
1302 2599 1346 2622 Cn.
1358 2598 1442 2621 Flamio
1451 2598 1495 2621 Cn.
1509 2596 1553 2630 R]
1575 2596 1616 2621 Sic
1627 2594 1781 2621 emendavit
1793 2594 1941 2625 Manutius,
1953 2602 2013 2620 cum
2023 2592 2158 2629 legeretur

1199 2636 1244 2659 Cn.
1255 2635 1340 2658 Flavio
1349 2635 1425 2657 Anm'i
1435 2634 1463 2657 F.

1181 2662 1182 2704 l
1239 2682 1280 2700 ιι.
1303 2671 1363 2701 Οὐκ
1378 2668 1470 2700 ἔλαθέ
1481 2668 1543 2708 σε]
1568 2669 1705 2706 Perspicuc
1719 2689 1727 2701 ‚
1746 2677 1776 2696 ut
1785 2668 1937 2696 emendavit
1950 2668 2095 2704 Malaspina
2107 2687 2115 2698 ⁴.
2126 2666 2158 2696 ἐκ

1179 2711 1290 2750 ἷῖλαὲέ
1311 2724 1342 2743 a}
1355 2735 1365 2750 ‚
1385 2726 1465 2753 atque
1485 2716 1520 2743 est
1542 2717 1567 2742 in
1587 2717 1734 2741 Decurtato
1747 2733 1754 2745 ‚
1782 2713 1924 2750 legendum
1944 2713 2032 2741 asserit
2054 2714 2155 2741 Bosius.

1178 2751 1343 2786 {Lambinus
1364 2766 1427 2784 vero
1448 2765 1603 2793 quamquam
1624 2756 1688 2781 olim
1710 2755 1881 2792 B'Ialnspinam
1907 2755 2012 2783 secutus
2031 2754 2159 2786 ediderit,

1197 2795 1334 2827 δκέλαὲέ
1344 2806 1390 2832 σῖ,
1407 2806 1494 2826 tamen
1507 2806 1540 2824 ex
1552 2796 1608 2823 mss.
1621 2796 1694 2823 libris
1706 2806 1774 2824 nuuc
1786 2795 1927 2832 legendum
1937 2796 2029 2824 statuit
2040 2795 2078 2825 ἐκ
2091 2795 2160 2824 ἦλα·

1178 2842 1179 2845 ’
1197 2843 1244 2873 θές
1259 2864 1267 2878 ,
1286 2853 1342 2880 quoe
1353 2845 1388 2871 est
1407 2840 1616 2878 vulgataietftio.

1178 2878 1179 2902 l
1236 2893 1278 2911 ιι.
1297 2887 1407 2913 alteras
1419 2883 1559 2916 Laodicea]
1580 2883 1703 2907 Alteram
1716 2881 1833 2907 Laodicea
1850 2891 1857 2906 :
1879 2881 1953 2917 vulg.

1233 2929 1275 2956 13.
1296 2923 1393 2954 Aristum
1403 2919 1528 2952 nostr-mm]
1552 2918 1631 2953 Vulg.
1642 2919 1746 2951 §Affinm
1756 2919 1866 2949 nostrum.

1234 2964 1275 2989 ¹4·
1296 2956 1412 2989 Bursa]
1437 2954 1538 2988 Major-e
1558 2954 1642 2989 prima
1659 2954 1751 2981 littera
1768 2955 1848 2988 Buifiz
1861 2973 1869 2986 ‚
1890 2953 1990 2989 scripsit.
2007 2952 2156 2986 Vistodus,

1192 2998 1270 3018 antea
1278 2993 1352 3025 butjlh
1363 3000 1442 3026 parvo
1452 2992 1478 3021 h,
1491 2990 1636 3026 legebatur.

1233 3036 1275 3059 ις.
1299 3031 1335 3053 Nc
1346 3035 1371 3052 tn
1384 3027 1443 3060 me.]
1466 3027 1545 3062 Vulg.
1558 3036 1591 3052 715
1599 3034 1625 3050 ree
1635 3035 1679 3052 me.

1232 3064 1274 3089 15.
1301 3067 1357 3098 Ἶρι·
1368 3073 1428 3088 emm
1438 3063 1501 3096 εχει]
1523 3065 1593 3089 Enim
1602 3062 1672 3089 deest
1682 3062 1708 3089 in
1722 3062 1796 3098 vulg.

1233 3107 1273 3132 ¹7.
1294 3101 1321 3124 ln
1332 3101 1463 3133 'Pompejum
1473 3101 1574 3132 respon,
1586 3098 1652 3132 ὡς]
1674 3098 1768 3125 Edidit
1779 3097 1883 3129 Bosius,
1893 3097 2053 3124 Tornaesmui
2067 3098 2094 3123 8<
2106 3098 2159 3122 Dc·

1194 3142 1266 3160 citt.
1277 3135 1431 3170 scripturam
1445 3153 1453 3165 ,
1467 3142 1495 3161 ut
1505 3136 1531 3160 δε
1544 3134 1666 3161 codicum
1680 3135 1788 3170 Malasp.
1800 3134 1879 3170 paulo
1891 3134 1945 3170 post
1956 3144 1989 3161 ex
2001 3133 2094 3161 codem
2107 3134 2160 3158 Dc-

1195 3177 1265 3199 eurt.
1280 3171 1348 3204 illud,
1360 3171 1558 3206 dissi'mulanum5
1582 3171 1654 3207 vulg.
1668 3173 1733 3198 illam
1742 3171 1932 3205 dtffimulamcm.
2149 3201 2164 3226 ἲ

2102 3209 2124 3227 Ἰ..
2138 3204 2154 3226 ἰν
