2297 3389
621 118 885 165 ORAa‘io
930 134 994 165 1N
1042 117 1516 184 QfCAEcrtruM.

95 197 206 241 quibus
223 193 408 230 alieniffimis
427 194 607 226 horninibus
618 215 627 229 ,
646 196 687 227 ita
697 205 811 235 paratus
821 198 907 227 venis
917 216 925 229 ‚
946 205 979 227 ut
1000 197 1055 228 tibi

93 241 201 282 hospes
210 241 318 281 aliquis
328 237 362 268 s1t
372 236 521 278 recipiend
527 247 569 268 us.
589 238 708 280 Qibus
718 248 774 279 ego
785 248 849 268 non
859 239 925 269 sum
937 247 1054 269 tantum

92 283 244 313 honorem
255 281 407 312 habiturus
417 300 425 313 ,
440 289 471 310 ut
481 279 516 309 ad
528 289 560 310 ea
572 299 580 313 ,
592 289 657 321 quae
667 279 810 314 dixerint,
822 288 903 310 certo
914 280 994 313 loco,
1007 290 1057 311 aur

90 321 262 364 fingulatim
275 322 438 362 unicuique
447 321 656 362 respondeam.
680 321 719 352 sic
737 321 884 355 breviter,
908 324 1054 362 quoniam

67 376 70 379 ·
90 374 155 395 non
164 363 304 395 consulto
316 384 324 397 ,
336 363 385 394 sed
394 363 462 394 casu
473 365 506 393 in
518 372 624 393 eorum
635 365 829 394 mencionem
841 363 935 394 incidi
947 384 955 396 ,
975 362 1053 404 quasi

5 403 8 407 ’
28 404 72 442 16
87 408 257 448 praeteriens
268 426 277 440 ,
298 404 474 436 satisfaciam
484 403 638 436 universis.
670 408 844 436 TANTANE
853 405 942 435 vobis
952 407 1055 445 inopia

87 448 195 479 videor
211 446 269 478 effe
282 449 452 478 amicorum
463 468 471 481 ,
492 456 526 478 ut
536 449 614 478 mi'ni
625 457 690 478 non
700 457 737 478 ex
746 447 795 477 his
806 468 814 482 ‚
833 457 910 488 quos
929 457 1052 477 mecum

85 490 264 521 adduxerim
275 510 284 524 ,
304 489 353 520 sed
363 489 399 519 de
409 490 523 530 populo
535 489 715 530 subscriptor
726 489 870 520 addatur?
891 489 979 519 vobis
1000 499 1053 519 au-

86 536 148 563 tem
158 541 237 563 tanta
246 533 349 572 inopia
363 541 484 562 reorum
496 531 538 562 est
550 552 558 566 ,
579 541 612 562 ut
623 533 701 562 mihi
710 533 826 562 causam
836 534 991 572 praeripeie
1001 541 1053 561 co-

70 599 75 601 >
85 576 206 605 nemini
223 573 326 615 potius
334 594 343 608 ,
362 584 453 614 quam
463 575 580 615 aliquos
591 573 606 605 a
616 575 761 604 columna
775 575 892 604 Moenia
901 572 991 604 vestri
1002 583 1052 603 01·-

85 616 165 647 dinis
174 626 241 646 reos
251 618 400 656 reperiatis
412 618 422 644 ?
444 615 583 652 Ctillodem
594 638 602 649 ‚
616 618 715 657 inquit
725 636 733 650 ‚
746 616 853 646 Tullio
863 626 913 645 me
924 617 1051 655 apponi-

86 666 126 689 te.
180 658 252 689 uid?
275 659 351 688 mihi
361 668 451 699 quam
463 659 569 688 multis
578 657 753 688 custodibus
763 668 838 698 opus
848 660 924 690 erit,
938 656 958 686 fi
969 667 997 687 te
1009 658 1052 687 se-

86 700 149 731 mel
166 711 182 730 a
222 711 303 731 meas
320 700 417 740 capsas
435 700 606 731 admisero?
627 702 680 741 qui
701 710 768 730 non
788 700 888 730 solum
900 719 908 733 ,
930 709 969 729 ne
978 698 1051 740 quid

85 744 225 773 enunties
236 764 244 776 ‚
258 742 306 773 sed
317 745 406 773 etiam
417 752 455 772 ne
466 742 537 783 quid
548 741 661 772 auferas
670 761 678 775 ‚
692 741 904 772 custodiendus
916 740 962 771 fis.
994 741 1050 773 Sed

46 814 54 819 ,μ
83 783 120 814 de
130 783 187 815 isto
195 784 319 815 custode
336 792 400 814 toto
416 783 453 814 sic
462 784 550 814 vobis
567 783 738 815 brevisfime
754 783 960 824 respondebo:
984 793 1050 813 non

83 824 141 856 effe
158 827 215 857 hos
230 827 302 857 tales
320 828 402 857 viros
410 824 626 856 commissuros
636 846 645 860 ‚
666 835 699 856 ut
709 826 743 855 ad
754 827 871 856 causam
882 834 995 856 tantam
1007 845 1015 859 ‚
1034 824 1050 855 a

83 878 135 898 me
145 869 306 909 susceptam
317 888 326 902 ,
339 869 416 898 mihi
427 868 569 898 creditam
583 889 591 901 ,
611 869 768 910 quisquam
780 868 960 908 subscriptor
969 887 977 901 ‚
999 877 1048 897 me

83 912 183 941 invito
195 931 203 944 ‚
224 911 368 950 adspirare
380 908 476 949 poffit.
507 912 632 940 Etenim
637 910 708 949 fides
718 920 785 940 mea
795 909 951 940 custodem
962 919 1047 949 repu-

82 952 162 986 diat,
172 952 324 992 diligentia
335 952 549 992 speculatorem
561 952 745 983 reformidat.
770 951 884 982 Verum
897 973 905 986 ‚
919 960 951 981 ut
961 952 996 981 ad
1007 960 1045 984 te,

84 995 202 1027 Caecili,
212 994 437 1034 rede-amquam
449 994 545 1024 multa
554 1003 582 1024 te
593 993 744 1028 deficiant,
752 994 852 1024 vides:
865 994 955 1035 quam
966 994 1047 1023 rnul-

82 1044 110 1066 ta
119 1034 175 1066 fint
185 1038 218 1065 in
229 1044 257 1065 te
267 1056 276 1069 ,
296 1046 362 1077 quae
372 1045 438 1065 reus
447 1047 563 1066 nocens
573 1038 606 1066 in
617 1037 782 1067 accusatore
792 1036 846 1066 suo
857 1038 956 1076 cupiat
969 1034 1026 1065 esse
1037 1056 1045 1069 ‚

79 1076 286 1119 profefflbjam
297 1078 452 1119 intelligis.
475 1078 557 1149 (ξι-ῥά
568 1078 602 1109 ad
614 1080 676 1109 haec
685 1078 746 1108 dici
755 1078 852 1118 potest
865 1081 875 1107 ?
886 1088 950 1108 non
962 1079 1046 1107 enim

80 1129 182 1161 quaero
192 1140 201 1153 ‚
224 1119 297 1160 quid
310 1128 341 1149 tu
352 1120 486 1150 difiturus
508 1131 542 1150 is.
564 1121 655 1151 video
672 1122 750 1150 mihi
761 1131 824 1150 non
837 1130 864 1150 te
875 1139 884 1154 ‚
905 1119 954 1150 sed
965 1120 1046 1150 hunc

80 1161 193 1191 librum
204 1160 261 1191 efl'e
272 1163 592 1204 responsurum,quem
603 1164 723 1192 monitor
734 1170 800 1191 rum
810 1163 859 1193 hic
870 1171 951 1192 tenet
963 1172 968 1190 :
979 1163 1043 1202 qui,

79 1202 102 1233 fi
113 1211 140 1234 te
149 1203 231 1233 redte
241 1214 367 1234 monere
377 1205 460 1235 volet
472 1226 480 1238 ,
495 1205 627 1235 suadebit
637 1205 703 1238 tibi,
716 1214 748 1234 ut
758 1206 830 1234 hinc
841 1204 981 1237 discedas,
992 1214 1046 1233 ne-

79 1255 137 1287 que
149 1247 227 1275 mihi
239 1246 366 1276 verbum
383 1247 482 1277 ullum
493 1246 678 1287 respondeas.
703 1247 785 1288 Qid
795 1249 878 1276 enim
890 1246 989 1276 dices?
1007 1256 1045 1276 an

79 1288 110 1318 id
121 1308 130 1321 ‚
150 1287 233 1328 quod
246 1287 365 1318 distitas
374 1309 382 1322 ,
398 1289 540 1327 injuriam
551 1289 606 1319 tibi
617 1287 716 1318 fecisse
728 1291 873 1318 Verrem?
895 1288 1043 1318 Arbitror.

78 1339 177 1370 neque
195 1332 279 1360 enim
297 1328 367 1360 ess'et
377 1329 539 1361 verisimile
550 1351 558 1364 ,
578 1329 650 1360 cum
662 1330 808 1360 omnibus
818 1331 927 1361 Siculis
937 1329 1044 1361 faceret

78 1373 205 1411 injurias
215 1392 223 1405 ,
236 1380 264 1402 te
273 1372 319 1402 illi
330 1382 427 1402 unum
438 1374 578 1402 sirmium
588 1393 596 1407 ‚
609 1374 658 1402 cui
668 1372 853 1406 consuleret,
864 1370 963 1401 fuifl'e.
986 1371 1042 1402 Sed

78 1415 167 1444 ceteri
176 1413 269 1444 Siculi
288 1414 420 1444 ultorem
437 1415 556 1445 suarum
575 1416 756 1454 injuriarum
774 1416 974 1444 invenerunt:
999 1423 1044 1447 tu,

79 1455 153 1486 dum
164 1464 227 1485 tuas
236 1456 360 1496 injurias
370 1467 422 1496 per
431 1465 471 1491 te,
486 1457 517 1487 id
527 1456 610 1498 quod
620 1467 683 1486 non
694 1466 790 1497 potes,
801 1456 939 1497 persequi
950 1466 1042 1486 cona-

77 1499 128 1532 ris,
141 1497 171 1528 id
182 1500 253 1539 agis,
265 1506 297 1528 ut
305 1507 474 1529 ceterorum
486 1509 607 1540 quoque
617 1499 659 1539 inj
666 1502 736 1529 uriae
748 1497 804 1529 sint
814 1500 983 1538 impunitae,
999 1506 1042 1528 at-

77 1549 135 1581 que
143 1541 263 1570 inultae:
280 1540 317 1581 ,δε
327 1541 385 1571 hoc
396 1549 423 1571 te
433 1544 563 1581 praeterit
573 1562 581 1575 ,
604 1551 669 1571 non
679 1541 709 1571 id
721 1541 821 1571 solum
832 1540 953 1580 spe6tari
964 1540 1041 1570 sole-

77 1588 107 1612 re
118 1601 127 1616 ,
148 1581 199 1623 qui
213 1580 325 1615 debeat,
350 1583 399 1613 sed
411 1586 502 1614 etiam
513 1582 589 1614 illud
599 1604 608 1617 ,
629 1584 680 1624 qui
692 1582 775 1625 poffir
793 1583 903 1623 ulcisci.
926 1583 960 1612 in
978 1592 1040 1623 quo

77 1631 236 1665 utrumque
246 1622 281 1654 fit
290 1644 298 1657 ,
313 1634 383 1654 eum
397 1625 579 1665 superiorem
592 1625 647 1655 effe
658 1646 666 1659 ‚
682 1627 714 1655 in
724 1635 785 1667 quo
793 1626 921 1656 alterum
934 1645 943 1658 ,
961 1626 995 1654 in
1005 1635 1041 1655 eo

75 1675 141 1695 non
150 1685 159 1699 ,
180 1665 252 1706 quid
270 1668 296 1696 is
314 1667 389 1697 velit
398 1687 406 1701 ‚
427 1668 476 1698 sed
496 1667 567 1709 quid
586 1667 681 1698 facere
699 1665 787 1708 poffit
797 1687 804 1701 ,
828 1668 922 1708 quaeri
933 1667 1039 1697 solere.

76 1706 166 1749 de
185 1706 207 1737 fi
224 1709 251 1738 ei
270 1707 458 1748 potiffimum
469 1711 571 1740 censes
579 1711 716 1750 permitti
727 1719 866 1750 oportere
884 1709 1040 1739 accusandi

73 1748 313 1790 potestatem,cui
324 1753 492 1782 maximam
504 1755 647 1783 C.Ve1·res
658 1753 803 1792 injuriam
814 1751 926 1782 fecerit:
937 1760 1039 1781 utrum

75 1791 195 1822 tandem
205 1793 306 1823 censes
316 1794 371 1823 hos
378 1793 495 1833 judices
504 1793 622 1837 gravius
632 1793 709 1824 ferre
719 1803 857 1834 oportere
866 1814 875 1827 ‚
896 1803 923 1823 te
937 1793 973 1823 ab
984 1793 1040 1823 illo

74 1831 134 1864 effe
145 1834 249 1865 laesurn
260 1854 269 1868 ,
289 1845 326 1865 an
336 1838 524 1875 provinciam
535 1837 668 1867 Siciliam
679 1835 736 1866 esse
746 1845 884 1867 vexatam
897 1855 906 1869 ,
927 1845 960 1866 ac
972 1845 1039 1876 per—

72 1874 168 1906 ditam
180 1879 190 1905 ?
210 1878 326 1916 Opinor
335 1897 343 1911 ,
355 1878 496 1909 concedis
508 1899 516 1913 ,
529 1880 627 1909 multo
637 1880 695 1909 hoc
706 1879 739 1909 &
748 1877 807 1908 efi'e
817 1881 948 1920 gravius,
960 1878 994 1908 δε
1003 1877 1039 1908 ab

73 1917 220 1948 omnibus
224 1919 298 1956 ferri
302 1918 426 1959 gravia:
435 1929 582 1959 oportere.
605 1920 744 1951 Concede
755 1922 845 1961 igitur
856 1941 865 1953 ‚
876 1929 908 1950 ut
917 1920 973 1950 tibi
985 1930 1038 1950 an—

72 1967 234 1999 teponatui·
242 1961 275 1989 in
285 1961 447 1991 accusando
457 1964 622 2004 provincia.
646 1973 717 1992 narn
730 1963 886 2002 provincia
904 1962 1035 1995 accusat,

72 1999 147 2031 cum
159 2003 184 2031 is
195 2003 255 2042 agit
262 2002 379 2032 causam
391 2023 400 2036 ‚
412 2013 504 2043 quem
515 2002 568 2033 fibi
578 2004 629 2033 illa
639 2003 830 2034 defensorem
840 2004 981 2043 suijuris,
992 2003 1038 2032 ul-

73 2050 171 2073 torem
181 2044 224 2083 inj
230 2045 358 2074 uriarum
371 2064 378 2078 ‚
391 2045 524 2075 atfi'torem
534 2046 626 2076 causae
636 2048 728 2076 totius
738 2045 896 2085 adoptavit.
922 2047 963 2075 At
971 2055 1037 2075 eam

73 2085 129 2115 tibi
141 2087 172 2115 C.
184 2088 289 2115 Verres
298 2084 524 2126 fecitinjuriam
537 2108 544 2122 ‚
565 2098 632 2129 quae
651 2097 819 2118 ceterorum
838 2096 958 2128 quoque
973 2089 1038 2117 ani-

39 2163 41 2166 Α
73 2136 142 2157 mos
150 2125 246 2167 poffet
255 2127 344 2157 alieno
359 2128 526 2159 incommodo
544 2140 722 2159 commovere.
747 2129 892 2159 Minime.
916 2139 989 2159 nam
1006 2128 1038 2160 id

73 2178 194 2210 quoque
211 2169 247 2200 ad
265 2179 329 2199 rem
339 2173 488 2210 pertinere
497 2171 642 2206 arbitror,
661 2172 757 2213 qualis
776 2172 886 2211 injuria
905 2171 1034 2201 dicatur:

73 2221 140 2252 quae
157 2212 241 2242 causa
259 2213 491 2244 inimicitiarum
510 2212 686 2254 proferatur.
721 2214 901 2255 Cognoscite
918 2223 957 2243 ex
975 2223 1036 2243 me.

73 2262 145 2284 nam
161 2252 216 2283 iste
234 2263 299 2284 earn
318 2254 456 2294 profesto
468 2276 476 2289 ,
499 2255 555 2286 nisi
564 2254 652 2296 plane
668 2256 747 2286 nihil
757 2256 849 2296 sapit,
869 2265 1037 2297 numquam

71 2294 211 2336 proferet.
233 2298 348 2337 Agonis
359 2296 401 2327 est
410 2297 546 2338 quaedam
558 2318 567 2332 ,
579 2298 765 2339 Lilybaetana
774 2318 783 2332 ,
796 2299 901 2328 liberta
910 2300 1037 2328 Veneris

39 2334 48 2338 ⁷
72 2339 226 2378 Erycinae:
243 2348 308 2379 quae
321 2339 433 2369 mulier
441 2349 509 2370 ante
524 2342 606 2370 hunc
623 2339 802 2381 quaestorem
814 2360 823 2374 ,
844 2340 964 2380 copiosa
974 2340 1037 2380 pla-

73 2379 132 2414 ne,
154 2380 187 2411 &
202 2380 336 2420 locuples
353 2380 423 2412 fuit.
455 2382 504 2412 Ab
521 2383 575 2413 hac
592 2382 752 2423 praefeEtus
762 2384 891 2413 Antonii
910 2383 1034 2423 quidam

72 2421 304 2462 symphoniacos
314 2423 414 2453 servos
423 2423 587 2455 abducebat
596 2435 648 2465 per
657 2426 798 2465 injuriam
811 2445 820 2458 ,
842 2424 951 2465 quibus
962 2425 989 2454 se
1001 2426 1034 2455 in

71 2462 158 2494 clafl'e
168 2465 211 2495 uti
222 2464 299 2495 velle
310 2465 438 2496 dicebat.
461 2469 545 2498 Tum
554 2467 622 2502 ilia,
635 2476 668 2497 ut
677 2477 746 2497 mos
756 2469 789 2497 in
801 2467 902 2497 Sicilia
911 2465 954 2497 est
963 2477 1032 2497 om-

70 2506 159 2536 nium
177 2509 383 2537 Venerem-um
395 2528 403 2542 ,
425 2508 458 2539 δε
475 2519 600 2544 eorum,
619 2512 671 2550 qui
683 2509 699 2540 a
712 2512 830 2539 Venere
850 2508 1034 2540 seliberave-

69 2556 139 2579 runt
148 2568 157 2583 ‚
169 2557 201 2579 ut
209 2548 352 2589 praefec'to
360 2550 407 2580 1111
417 2551 578 2592 religionem
586 2553 689 2581 Veneria
697 2572 706 2586 ,
725 2561 876 2593 nomenque
886 2549 1014 2591 objiceret
1023 2571 1032 2586 ‚

69 2588 147 2620 dixit
156 2591 188 2621 &
199 2592 227 2622 se
238 2611 247 2624 ,
260 2591 292 2621 &
303 2594 410 2623 omnia
420 2593 469 2623 sua
480 2614 488 2627 ,
501 2596 627 2624 Veneris
638 2593 708 2624 effe.
729 2598 739 2613 ¹
753 2594 815 2624 Ubi
825 2596 883 2624 hoc
892 2592 1032 2634 quaestori

68 2632 209 2667 Caecilio,
228 2635 295 2663 viro
312 2636 450 2674 optimo,
473 2635 833 2676 &hominiaequiffimo‚
853 2638 1029 2666 nuntiatum

69 2672 129 2704 est:
147 2677 247 2706 vocari
256 2675 290 2706 ad
301 2676 329 2706 se
341 2676 514 2717 Agonidem
525 2678 625 2713 iubet:
641 2678 794 2718 judicium
806 2677 854 2708 dat
864 2677 964 2708 statim
975 2698 983 2712 ‚
995 2681 1028 2708 S1
1050 2689 1052 2703 ε

67 2723 240 2752 Demeam,
262 2727 326 2747 earn
340 2738 348 2752 ,
369 2719 417 2752 se,
443 2719 535 2750 &sua
545 2722 671 2750 Veneris
682 2718 740 2750 ess'e
750 2718 868 2750 dixisse.
894 2719 1034 2760 judicant
1050 2741 1051 2754 i
1076 2731 1094 2762 q

66 2765 282 2798 recuperatores
291 2759 321 2789 id
332 2780 340 2794 ,
361 2760 443 2800 quod
461 2760 576 2791 neceffe
593 2770 665 2792 erat.
688 2772 788 2803 neque
801 2764 885 2791 enim
897 2771 957 2792 erat
966 2764 1030 2792 cui-

67 2808 156 2839 quam
166 2800 294 2831 dubium
306 2822 314 2835 ‚
335 2812 409 2843 quin
420 2803 470 2834 illa
480 2802 608 2834 dixisset.
641 2803 697 2834 Iste
709 2806 741 2834 in
751 2802 963 2845 posseffionem
974 2803 1030 2834 bo-

64 2849 173 2872 norum
185 2843 321 2873 mulieris
332 2845 427 2874 mittit
439 2846 549 2885 :ipsam
560 2848 671 2876 Veneri
682 2848 714 2876 in
726 2846 900 2876 servitutem
912 2845 958 2886 adj
963 2846 1030 2876 udi-

62 2890 122 2914 cat:
140 2883 249 2916 deinde
260 2885 338 2917 bona
348 2886 452 2918 vendit
464 2898 469 2916 :
479 2890 640 2928 pecuniam
651 2887 769 2930 redigit.
795 2891 840 2918 Ita
849 2908 858 2922 ,
873 2888 947 2918 dum
956 2898 1030 2928 pau-

1976 134 2068 188 223

1103 207 1136 228 ca
1146 199 1294 239 mancipia
1305 220 1313 233 ,
1330 201 1456 230 Veneris
1467 200 1597 231 nomine
1608 220 1617 235 ‚
1630 202 1745 243 Agonis
1757 222 1764 237 ,
1778 211 1811 234 ac
1820 203 1967 244 religione
1978 224 1986 238 ‚
2000 207 2072 236 reti-

1103 249 1171 269 nere
1181 241 1246 270 vult
1257 261 1265 274 ,
1274 241 1411 278 fortunas
1421 243 1517 270 omneis
1528 263 1536 275 ,
1558 241 1772 285 libertatemque
1777 245 1862 284 fitam
1874 244 1950 282 istius
1963 247 2071 285 injuria

1099 281 1231 324 perdidit.
1262 283 1434 322 Lilybaeum
1445 287 1552 314 Verres
1571 294 1655 316 venit
1673 286 1790 326 postea:
1813 298 1877 317 rem
1894 290 2063 329 cognoscit:

1101 322 1214 352 metum
1226 325 1377 363 improbat
1389 336 1393 354 :
1405 327 1485 367 cogit
1495 326 1674 367 quaestorem
1685 329 1783 363 suum,
1794 332 1964 369 pecuniam,
1974 341 2065 371 quam

1100 373 1138 393 ex
1148 366 1296 409 Agonidis
1307 366 1397 396 bonis
1411 367 1566 407 redegisset
1576 389 1583 402 ‚
1604 380 1668 400 eam
1682 371 1805 402 mulieri
1824 382 1951 402 omnem
1969 383 2067 402 annu-

1101 415 1232 439 merare,
1253 409 1285 436 ὃς
1303 408 1436 438 reddere.
1472 412 1523 440 Est
1541 411 1655 445 adhuc,
1676 412 1706 442 id
1717 413 1800 454 quod
1810 423 1866 443 vos
1877 416 1998 444 omneis
2016 414 2067 444 ad-
2102 417 2105 419 ’

1101 448 1202 477 mirari
1215 448 1304 478 video
1315 468 1323 482 ‚
1340 460 1404 479 non
1416 453 1521 481 Verres
1534 473 1541 485 ,
1563 453 1611 483 sed
1623 456 1800 494 Quutius.
1831 455 1912 497 Qid
1924 458 2007 486 enim
2021 456 2065 487 fa-

1098 498 1162 518 cere
1182 491 1281 528 poruit
1298 491 1461 531 elegantius
1472 493 1510 521 ad
1518 496 1661 524 hommum
1671 495 1905 532 existimationem
1917 502 1929 527 ,²
1950 501 2067 540 aequius

1098 530 1134 560 ad
1145 530 1303 560 levandam
1316 533 1452 562 mulieris
1463 536 1683 567 calamitatem?
1702 540 1913 570 vehementius
1930 540 1965 570 ad
1982 551 2063 581 quae-

1098 572 1185 602 storis
1208 573 1369 618 libidinem
1391 576 1588 607 coercendam
1602 582 1612 607 ?
1633 580 1761 610 Summe
1781 582 1844 611 haec
1862 585 1968 612 omnia
1985 583 2065 613 mihi

1096 614 1303 645 videnturesie
1314 614 1467 646 laudanda.
1499 622 1513 636 2
1523 618 1579 649 Sed
1591 623 1711 659 repente
1723 623 1739 652 e
1752 623 1877 664 vestigio
1889 644 1896 657 ,
1909 634 1947 654 ex
1957 625 2029 654 hom
2037 636 2067 650 -·

1097 666 1136 686 ne
1147 676 1155 690 ,
1175 665 1316 697 tanquam
1327 658 1430 698 aliquo
1447 661 1542 689 Cercaeo
1557 670 1653 702 posaeo
1663 684 1670 697 ‚
1688 663 1784 694 sagrus
1794 665 1835 695 est
1846 669 1963 695 Verres.
1987 666 2066 698 redit

1097 698 1132 728 ad
1144 698 1172 728 se
1183 718 1192 732 ,
1211 709 1298 739 atque
1308 699 1343 729 ad
1354 709 1455 730 mores
1465 701 1546 731 suos.
1571 713 1641 733 nam
1652 715 1689 734 ex
1700 706 1750 736 illa
1760 710 1887 746 pecunia
1898 711 1908 735 3
1920 719 2061 750 magnam

1095 749 1209 780 partem
1220 741 1255 770 ad
1266 741 1293 771 se
1311 743 1416 772 vertit:
1437 743 1558 773 mulieri
1568 745 1697 776 reddidit
1706 751 1885 787 quantulum
1897 751 1996 780 visum
2007 750 2060 781 est.

1097 780 1155 812 Hic
1165 791 1196 812 tu
1207 803 1216 816 ‚
1230 781 1249 812 fi
1260 783 1364 813 laesum
1376 793 1402 814 te
1413 782 1428 814 a
1441 787 1531 814 Verre
1543 785 1600 816 effe
1611 787 1704 817 dices:
1716 792 1809 828 patiar
1818 811 1826 824 ‚
1841 792 1873 821 ὃς
1885 792 2058 823 concedam.
2085 799 2122 830 18

1095 823 1115 853 si
1132 825 1276 864 injuriam
1296 825 1353 855 tibi
1368 825 1479 856 faEtam
1499 826 1629 867 quereris
1648 840 1654 858 :
1682 829 1841 862 defendam
1852 853 1861 867 ‚
1883 833 1915 863 δε
1934 844 1971 864 ne
1994 835 2060 865 abo.

1095 866 1215 896 Deinde
1225 867 1262 896 de
1270 868 1382 904 injuria
1393 888 1401 901 ,
1422 878 1488 908 quae
1509 869 1562 899 tibi
1580 869 1656 901 saeba
1672 870 1706 902 fit
1717 893 1725 905 ‚
1746 877 1904 904 neminem
1917 845 2056 907 nosfrfim

1087 909 1252 948 graviorem
1263 910 1404 938 vindicem
1415 909 1461 947 ⁶ffi‘
1471 920 1604 950 oportet,
1625 912 1715 953 quam
1736 922 1763 944 te
1782 916 1878 955 ipsum
1891 937 1899 950 ‚
1918 920 1967 947 cui
1984 918 2061 949 faeta

1092 950 1211 980 dicitur.
1235 953 1265 981 Si
1277 960 1308 981 tu
1320 962 1390 981 cum
1403 953 1457 981 1110
1468 952 1569 992 postea
1580 956 1611 984 in
1621 957 1744 996 gratiam
1756 957 1873 988 redisti:
1897 957 2011 989 sidorni
2024 961 2062 989 il-

1093 993 1150 1022 lius
1159 994 1318 1037 aliquoties
1327 992 1426 1024 suisti:
1448 993 1468 1024 fi
1487 995 1538 1025 ille
1557 998 1633 1036 apud
1645 1006 1672 1027 te
1683 997 1782 1037 postea
1799 1002 1934 1030 cenavit:
1956 1001 2059 1032 utrum

1091 1043 1119 1064 te
1136 1035 1332 1074 perfidiosum
1343 1056 1351 1069 ,
1371 1046 1408 1066 an
1426 1039 1681 1076 praevaricatorem
1699 1040 1868 1072 existimari
1880 1046 1976 1073 mavis
1988 1046 1998 1072 ?
2015 1046 2061 1073 vi-

1090 1076 1148 1107 deo
1159 1075 1216 1107 ess'e
1227 1075 1342 1107 necess'e
1352 1078 1541 1109 alterutrum.
1574 1081 1630 1111 Sed
1648 1091 1702 1123 ego
1714 1091 1813 1112 tecum
1826 1085 1857 1113 in
1876 1094 1914 1114 eo
1931 1095 1992 1115 non
2004 1095 2060 1124 pu·

1089 1119 1187 1160 gnabo
1198 1139 1205 1153 ,
1217 1129 1279 1159 quo
1289 1119 1394 1149 minsis
1407 1141 1415 1153 ,
1435 1120 1538 1151 utrum
1549 1123 1623 1152 velis
1634 1143 1641 1156 ‚
1654 1125 1753 1166 eligas.
1777 1125 1858 1165 Qid
1869 1147 1877 1158 ,
1899 1124 1918 1154 fi
1930 1136 1967 1157 ne
1978 1128 2060 1163 iniu-

1089 1164 1139 1190 riae
1150 1161 1275 1202 quidem
1286 1181 1294 1195 ‚
1309 1172 1374 1202 quae
1389 1163 1443 1192 tibi
1455 1162 1555 1193 abillo
1564 1163 1641 1195 saeta
1651 1164 1685 1195 sit
1695 1186 1703 1199 ‚
1715 1167 1799 1197 causa
1809 1170 1965 1198 remanet?
1983 1165 2058 1209 quid

1089 1203 1192 1236 habes,
1204 1204 1286 1244 quod
1298 1202 1385 1243 poffis
1395 1204 1504 1237 dicere,
1517 1207 1717 1246 quamobrem
1728 1219 1792 1238 non
1803 1209 1899 1240 modo
1912 1211 1998 1244 mihi,
2007 1211 2059 1241 sed

1088 1247 1229 1286 cuiquam
1241 1255 1419 1286 anteponare
1431 1250 1441 1275 ?
1453 1246 1508 1276 nifi
1518 1248 1595 1278 forte
1605 1249 1691 1282 illud,
1703 1251 1784 1291 quod
1794 1250 1949 1282 diffluum
1960 1261 1987 1283 te
1998 1251 2059 1283 esse

1088 1288 1178 1317 audio
1189 1308 1196 1321 ,
1209 1287 1365 1329 quaestorem
1375 1288 1552 1327 illiusfuiffe.
1574 1293 1647 1332 Qae
1658 1293 1751 1326 causa,
1762 1295 1858 1338 gravis
1867 1292 1950 1327 ess'et,
1962 1292 1981 1323 fi
1992 1305 2056 1325 cer-

1087 1338 1161 1359 tares
1171 1339 1376 1363 mecum,uter
1384 1330 1524 1361 nostrum
1535 1332 1580 1361 illi
1592 1335 1718 1364 amicior
1728 1333 1786 1364 esse
1797 1335 1925 1365 deberet.
1936 1339 1972 1366 In
1979 1347 2058 1366 con·

1087 1374 1224 1401 tentione
1234 1372 1490 1412 suscipiendarum
1503 1376 1734 1406 inimicitiarum
1747 1396 1754 1410 ,
1773 1376 1938 1407 ridiculum
1949 1378 1992 1408 est
2001 1389 2059 1418 pu-

1085 1422 1143 1443 tare
1155 1434 1164 1446 ‚
1187 1414 1305 1444 causam
1324 1413 1549 1445 necessitudinis
1569 1417 1604 1447 ad
1625 1416 1819 1448 inferendum
1828 1420 1999 1461 periculum
2010 1422 2060 1458 ju-

1087 1454 1163 1485 stam
1175 1456 1271 1486 videri
1281 1465 1427 1496 oportere.
1455 1460 1589 1493 Etenim,
1602 1457 1621 1488 s1
1631 1460 1776 1499 plurimas
1787 1460 1802 1491 a
1813 1470 1865 1491 tuo
1875 1471 1998 1501 praetore
2007 1458 2059 1493 in-

1081 1499 1176 1538 jurias
1194 1496 1351 1538 accepifl'es
1371 1509 1376 1527 :
1402 1507 1502 1529 tamen
1522 1511 1568 1531 eas
1578 1501 1690 1540 ferendo
1707 1522 1715 1536 ‚
1745 1504 1893 1542 majorem
1913 1504 2034 1534 laudem
2044 1524 2056 1539 ‚

1085 1540 1178 1581 quam
1194 1540 1347 1580 ulciscendo
1358 1561 1365 1574 ‚
1378 1550 1533 1572 mererere.
1559 1542 1630 1573 cum
1641 1542 1714 1573 vero
1725 1545 1846 1574 nullum
1861 1546 1944 1576 illius
1954 1548 1986 1576 in
1996 1549 2059 1578 vita

1085 1581 1195 1612 restius
1212 1582 1328 1613 factum
1348 1581 1397 1617 sit,
1416 1583 1507 1624 quam
1525 1584 1555 1614 id
1564 1605 1572 1619 ‚
1592 1585 1675 1626 quod
1694 1595 1725 1616 tu
1745 1587 1887 1626 injuriam
1905 1589 2033 1629 appellas
2048 1599 2054 1619 :

1084 1626 1116 1654 111
1127 1624 1256 1655 statuent
1264 1645 1273 1659 ,
1295 1626 1372 1655 hanc
1387 1626 1504 1656 causam
1517 1646 1525 1659 ,
1546 1637 1636 1668 quarn
1655 1638 1692 1657 ne
1712 1630 1745 1658 in
1762 1629 1822 1658 alio
1840 1630 1965 1670 quidem
1985 1640 2056 1670 pro-

1084 1667 1187 1697 barent
1198 1687 1207 1701 ,
1229 1669 1262 1697 in
1281 1676 1309 1697 te
1323 1666 1433 1707 justam
1451 1668 1486 1698 ad
1505 1667 1754 1700 necessitudinem
1777 1671 1950 1702 violandam
1969 1672 2055 1703 vide·

1083 1711 1130 1739 ri?
1152 1711 1205 1750 qui
1219 1707 1240 1738 s1
1252 1709 1404 1739 summam
1415 1711 1561 1747 injuriam
1573 1711 1609 1741 ab
1619 1712 1674 1742 illo
1685 1712 1821 1752 accepisti
1834 1734 1842 1747 ,
1865 1722 1966 1745 tamen
1975 1725 2052 1755 quo-

1083 1753 1166 1782 niam
1176 1750 1305 1793 quaestor
1314 1752 1379 1792 ejus
1390 1751 1473 1783 fuisti
1485 1773 1492 1786 ‚
1506 1763 1569 1783 non
1580 1763 1665 1793 potes
1676 1764 1747 1784 eum
1760 1754 1819 1784 sine
1831 1756 1891 1786 ulla
1901 1758 2053 1797 vitupera-

1083 1797 1166 1824 tione
1181 1794 1322 1831 accusare.
1346 1792 1367 1823 fi
1382 1793 1455 1824 vero
1466 1796 1550 1826 nulla
1561 1796 1615 1826 tibi
1626 1795 1702 1826 fasta
1712 1796 1754 1826 est
1764 1797 1807 1833 ini
1812 1799 1875 1828 uria
1886 1819 1895 1832 ‚
1918 1798 1978 1829 sine
1991 1799 2052 1829 sce·

1080 1837 1141 1866 lere
1152 1846 1225 1866 eum
1235 1836 1367 1867 accusare
1376 1847 1440 1866 non
1451 1847 1545 1877 potes.
1559 1840 1657 1879 Qare
1666 1837 1738 1868 cum
1749 1840 1898 1870 incertum
1910 1839 1988 1871 sitde
1998 1843 2049 1871 in·-

1078 1879 1156 1919 juria
1167 1898 1175 1912 ,
1185 1888 1370 1919 quemquam
1380 1878 1438 1909 esse
1449 1881 1560 1909 horum
1570 1889 1657 1920 putas
1668 1900 1676 1913 ‚
1688 1882 1740 1920 qui
1752 1890 1817 1911 non
1826 1882 1914 1912 malit
1925 1904 1933 1916 ,
1946 1891 1975 1912 te
1986 1881 2049 1913 fine

1081 1922 1316 1960 vituperatione,
1329 1920 1419 1961 quam
1431 1931 1501 1950 cum
1512 1922 1636 1955 scelere,
1653 1922 1802 1952 discedere
1814 1924 1823 1949 ?
1834 1926 1874 1954 At
1883 1924 1964 1958 vide,
1974 1925 2049 1965 quid

1080 1960 1197 1992 differat
1205 1964 1284 1992 inter
1293 1972 1393 1992 meam
1405 1964 1601 2002 opinionem,
1619 1973 1652 1993 ac
1663 1973 1757 1993 tuam-
1778 1967 1828 1994 Tu
1839 1984 1847 1998 ‚
1858 1964 1930 1995 cum
1941 1969 2048 1996 omni-

1082 2004 1137 2034 bus
1156 2004 1244 2034 rebus
1254 2002 1383 2033 inferior
1393 2003 1429 2033 sis
1447 2025 1455 2037 ,
1480 2005 1533 2034 hac
1543 2015 1602 2035 una
1612 2007 1645 2035 in
1664 2015 1694 2035 re
1711 2007 1789 2035 mihi
1807 2006 1946 2038 anteferri
1962 2016 2050 2048 putas

1082 2054 1218 2086 oportere
1230 2066 1238 2079 ,
1249 2044 1331 2087 quod
1340 2045 1558 2087 quaestorillius
1568 2046 1670 2077 fueris.
1681 2058 1737 2090 ego
1748 2068 1756 2082 ,
1769 2046 1789 2077 si
1799 2048 1932 2088 superior
1941 2052 2050 2080 ceteris

1082 2087 1170 2118 rebus
1179 2086 1252 2118 effes
1263 2109 1272 2121 ,
1292 2088 1368 2118 hanc
1380 2098 1472 2119 unam
1484 2089 1524 2118 ob
1534 2090 1648 2119 causam
1660 2098 1688 2119 te
1698 2090 1895 2121 accusatorem
1908 2101 1957 2131 rep
1963 2092 2048 2122 udia-

1083 2132 1108 2159 ri
1127 2139 1262 2170 putarem
1282 2139 1429 2170 oportere.
1449 2133 1497 2161 Sic
1506 2133 1590 2161 enirn
1601 2131 1616 2161 a
1627 2132 1792 2169 majoribus
1811 2132 1920 2163 nostris
1930 2136 2047 2174 accepi·

1084 2182 1153 2202 mus
1164 2193 1172 2205 ,
1180 2179 1320 2213 praetorem
1330 2171 1509 2213 quaestorifiao
1515 2175 1637 2214 parentis
1646 2173 1701 2203 loco
1711 2173 1760 2212 effi
1771 2182 1909 2216 oportere:
1929 2176 2047 2206 nullam

1084 2224 1182 2254 neque
1194 2213 1352 2254 justiorem
1364 2234 1372 2248 ‚
1398 2225 1495 2256 neque
1510 2218 1680 2256 graviorem
1696 2216 1812 2246 causam
1821 2215 2047 2248 necessitudinis

1082 2255 1164 2296 poss'e
1173 2258 1311 2296 reperiri,
1331 2256 1422 2297 quam
1433 2258 1504 2297 conj
1509 2257 1689 2287 unfitionem
1700 2258 1786 2288 sortis
1795 2279 1804 2292 ,
1820 2269 1910 2300 quam
1921 2262 2047 2299 provin-

1081 2301 1135 2329 ciae
1149 2319 1157 2332 ,
1182 2298 1272 2339 quam
1291 2297 1384 2329 officii
1396 2319 1404 2332 ‚
1428 2299 1519 2340 quam
1539 2300 1690 2340 publicam
1708 2303 1843 2330 muneris
1863 2302 2045 2332 societatem.

1082 2340 1292 2382 Qamobrem
1312 2339 1332 2370 fi
1349 2341 1415 2380 jure
1425 2352 1497 2371 eum
1510 2340 1598 2382 pollis
1616 2343 1748 2372 accusare
1759 2362 1767 2376 ,
1792 2352 1911 2378 tamen,
1936 2343 2007 2374 cum
2022 2346 2046 2374 is

1080 2384 1136 2413 tibi
1145 2385 1275 2423 parentis
1285 2393 1414 2413 numero
1423 2382 1525 2414 fuifi'et
1535 2404 1544 2418 ,
1564 2384 1594 2414 id
1604 2383 1649 2425 pi&
1657 2385 1752 2424 facere
1762 2395 1823 2415 non
1834 2384 1942 2424 poffes.
1965 2384 2040 2416 cum

1079 2424 1152 2456 vero
1162 2435 1261 2466 neque
1277 2426 1419 2465 injuriam
1433 2428 1577 2466 acceperis
1588 2447 1596 2460 ,
1622 2428 1655 2456 &
1674 2429 1792 2466 praetori
1804 2436 1855 2456 tuo
1873 2428 2045 2467 periculum

1077 2477 1173 2498 crees:
1187 2466 1303 2497 fatearis
1314 2466 1430 2498 necefl'e
1441 2467 1494 2500 est,
1506 2477 1534 2498 te
1543 2469 1589 2498 illi
1603 2471 1643 2507 inj
1649 2468 1762 2502 ustum,
1777 2470 1967 2510 impiumque
1979 2470 2042 2500 bel-

1079 2510 1145 2540 lum
1156 2508 1266 2539 inferre
1274 2512 1386 2540 conari.
1404 2512 1526 2539 Etenim
1538 2509 1592 2540 ista
1601 2510 1745 2551 quaestura
1753 2511 1788 2540 ad
1800 2521 1866 2541 eam
1877 2521 1942 2541 rem
1953 2512 2043 2547 valet,

1076 2561 1108 2583 ut
1118 2552 1333 2582 elaborandum
1349 2551 1403 2582 tibi
1415 2553 1448 2582 in
1466 2554 1581 2582 ratione
1591 2552 1742 2582 reddenda
1751 2551 1784 2583 sit
1796 2573 1804 2586 ‚
1827 2553 2040 2593 quamobrem,

1078 2596 1130 2635 qui
1140 2593 1268 2635 quaestor
1277 2595 1341 2633 ejus
1350 2593 1453 2628 fucris,
1466 2594 1581 2624 accuses
1592 2605 1597 2623 :
1608 2604 1683 2628 non,
1696 2603 1729 2624 ut
1740 2594 1780 2624 ob
1790 2605 1856 2625 eam
1868 2596 1963 2636 ipsam
1972 2606 2043 2627 cau-

1077 2638 1139 2666 sam
1157 2636 1370 2676 postulandum
1383 2634 1433 2669 sit,
1458 2645 1491 2666 ut
1508 2635 1762 2676 tibipotiffimum
1773 2638 1920 2668 accusatio
1940 2638 2038 2668 detur.

1078 2681 1186 2719 Neque
1203 2677 1265 2708 fere
1283 2687 1427 2718 umquam
1438 2680 1523 2708 venit
1531 2680 1563 2708 in
1575 2681 1807 2709 contentionem
1818 2680 1854 2709 de
1865 2680 2041 2715 accusando,

1098 2722 1129 2750 ui
1140 2719 1268 2761 quaestor
1276 2719 1377 2750 fuiss'et
1385 2740 1393 2753 ,
1405 2721 1475 2761 quin
1486 2720 1686 2762 repudiaretur.
1710 2723 1812 2762 Itaque
1823 2731 1921 2762 neque
1932 2723 2043 2752 L.Phi-

1075 2763 1140 2792 loni
1151 2765 1183 2791 in
1195 2762 1392 2792 CServilium
1404 2764 1541 2802 nominis
1551 2761 1706 2792 deferendi
1715 2762 1842 2803 potestas
1853 2763 1895 2794 est
1905 2764 2041 2798 dataffle-

1049 2808 1050 2811 ’
1073 2814 1132 2845 que
1142 2806 1186 2833 M.
1198 2805 1322 2833 Aurelio
1333 2807 1441 2834 Scauro
1452 2806 1483 2833 in
1493 2805 1670 2834 LFlaccum
1682 2824 1690 2838 ,
1712 2815 1809 2845 neque
1826 2808 1881 2835 Cn.
1893 2808 2042 2846 Pompeio

1072 2850 1089 2874 4
1100 2849 1133 2876 in
1144 2846 1353 2876 T Albucium
1367 2857 1371 2875 ε
1391 2856 1521 2887 quorum
1535 2856 1628 2876 nemo
1637 2856 1758 2886 propter
1768 2847 1981 2888 indignitatem
1993 2859 2041 2880 re-

1048 2897 1049 2900 *
1073 2888 1211 2930 pudiatus
1223 2887 1265 2918 est
1278 2899 1282 2917 z
1301 2887 1351 2918 sed
1361 2899 1399 2918 ne
1411 2886 1496 2918 iibido
1507 2887 1641 2918 violando
1652 2888 1846 2929 neceffitudims
1857 2910 1866 2923 ‚
1878 2889 2039 2921 3116101113-

1949 2933 2038 2973 teja-

61 2983 2030 3003 ffi———h—*ffl-——q—Q*

99 3032 124 3050 ¹·
144 3027 463 3064 Ubihocqziaest01·iCaecil10.]
484 3031 620 3059 Antonius
632 3032 795 3067 Augustinus
807 3038 912 3063 tentat,
933 3033 974 3058 ubi
983 3034 1022 3058 hoc
1068 3041 1125 3058 runi
1147 3033 1182 3059 est
1203 3035 1228 3060 in
1249 3033 1343 3061 nostris
1364 3032 1422 3059 mss.
1442 3031 1538 3060 tribus.
1572 3033 1719 3061 Lambinus
1739 3033 1832 3060 mallet
1850 3035 1964 3065 meri-it,
1984 3040 2035 3067 ego

59 3061 90 3093 C.
99 3061 194 3087 Caecilio.
214 3063 319 3090 consule
330 3074 404 3092 notas
416 3066 515 3093 Uriini.

98 3103 126 3121 ²·
144 3097 189 3121 sed
196 3106 284 3130 repente
293 3100 303 3124 ὲ
312 3103 428 3136 vestium]
449 3103 610 3131 Gulielmius
621 3103 688 3130 illud
701 3110 790 3137 repente
800 3103 911 3130 habebat
921 3113 969 3139 pro
979 3104 1022 3130 in-

59 3135 269 3166 ⁴terpretamento
279 3134 419 3171 sequentis.
441 3139 558 3173 agnoscit
570 3141 753 3175 tamenJulius
768 3140 936 3166 Rufinianus.

95 3174 111 3203 3
119 3187 125 3193 ·
143 3172 357 3205 Magnam-pamm
367 3174 427 3208 adsi}
436 3176 538 3212 verrin]
550 3177 704 3206 Neotericae
713 3176 775 3204 edd.
785 3180 885 3204 avertit.
897 3175 942 3203 sed
951 3176 1020 3205 alte·
1066 3175 1151 3203 editio
1161 3177 1280 3214 amiqua.

1067 3078 1107 3093 ‘ver
1115 3077 1156 3094 J'll.

1102 3112 1129 3137 4.
1151 3108 1179 3129 In
1189 3106 1365 3139 TAM—mium]
1378 3105 1490 3132 Ursinus
1503 3106 1589 3133 noster
1599 3106 1666 3141 legit
1678 3115 1710 3132 ex
1723 3105 1798 3131 libris
1808 3105 1834 3130 8<
1847 3103 1976 3140 lapidibus
1989 3112 2035 3142 re-

1068 3140 1142 3166 tristis
1157 3162 1162 3170 ,
1182 3143 1207 3165 T.
1219 3143 1371 3169 fibrinum.
1391 3141 1566 3180 ampleEkerer
1576 3145 1603 3170 ὃ(
1615 3142 1668 3180 ipsi:
1679 3162 1689 3176 ‚
1708 3142 1754 3171 uisi
1768 3148 1860 3169 contra
1877 3142 1929 3168 iret
1948 3147 2035 3165 omnis

1954 3213 2038 3240 hm·
