2339 3379
101 2901 153 2936 16·
162 2894 248 2924 nullo
261 2905 380 2936 rogante
391 2916 400 2930 ‚
422 2906 477 2927 vos
496 2895 588 2927 vestra
607 2896 710 2936 sponte
722 2895 844 2926 fecistis.

515 147 781 192 ORATro-
812 158 878 189 ru
915 145 969 191 L.
1001 144 1444 190 CALPURNJUM
1481 139 1783 187 ffisomm.

2043 151 2135 199 541

170 228 425 269 murmuratione,
438 225 487 257 sed
497 224 620 259 voce,&
634 223 881 263 clamem-abjecti
894 223 1078 257 hominis,&
1088 224 1132 254 se·
1154 217 1195 258 fi
1213 219 1321 253 audes,
1342 219 1506 251 absentiam
1527 230 1609 252 tuam
1621 241 1630 255 ,
1649 230 1720 251 cum
1733 228 1813 250 mea.
1833 215 2133 257 Obtinuistiprovin-

177 275 288 306 mivivi
296 267 697 308 furoremfpetulantiamque
705 266 843 307 fregistis.
859 269 909 296 Tu
918 264 1035 296 luEhrrn
1048 266 1131 295 sena-

177 322 272 350 tus,tu
281 312 457 345 desiderium
467 307 610 349 equestris
618 308 743 342 ordinis,
757 317 788 338 tu
798 308 964 349 squalorem
975 307 1065 337 Italia:
1076 326 1084 340 ,
1098 315 1130 336 tu
1151 335 1153 342 ,

175 360 265 389 curiae
275 354 504 386 taciturnitatem
513 358 693 383 annuam,tu
704 348 853 380 silentium
865 358 1040 389 perpetuum
1049 347 1132 387 judi·
1150 369 1152 380 Α

177 401 306 430 ciorum,
318 405 350 425 ac
358 393 418 424 fori
429 413 438 427 ,
449 401 480 423 tu
490 400 585 422 cetera
594 391 645 422 illa
654 394 685 422 in
699 391 852 422 maledi-Sti
862 392 932 421 loco
941 399 1036 430 pones
1047 409 1054 422 ,
1065 398 1130 429 quae
1150 412 1151 415 ,

178 448 265 470 meus
273 434 411 468 discess‘us
420 434 622 474 reip.vu1nera
630 432 817 474 inflixitffQi
833 432 853 462 fi
863 429 1130 462 calamitosissimus

175 479 290 512 iuisset:
301 487 403 508 tamen
413 474 616 506 misericordia
626 475 764 516 dignior,
774 475 866 516 quam
875 473 1078 504 contumelia:
1097 472 1130 501 &

177 531 248 553 cum
263 520 357 561 gloria
368 520 468 559 potius
481 515 538 547 effe
547 517 615 556 conj
621 516 834 557 unctus,quam
844 526 913 546 cum
925 515 1036 555 probro
1045 522 1130 553 puta-

172 571 255 594 tetur
266 573 272 591 2
282 570 368 602 atque
378 559 532 593 ille,dolor
542 568 627 588 meus
637 557 925 592 duntaxat‚vestrum
936 556 1059 597 quidem
1071 555 1131 585 sce-

174 604 269 637 ius‚-ac
280 603 406 633 dedecus
417 601 582 631 haberetur.
593 604 604 620 ¹
612 599 684 630 cum
694 599 768 630 vero
780 598 913 638 (forfitan
925 597 1075 639 hoe‚quod
1084 596 1131 626 di-

172 645 279 680 ssurus
288 645 351 675 sum
367 664 375 678 ,
400 643 537 673 mirabile
547 642 649 672 auditu
659 640 715 672 esse
725 641 877 674 videatur,
896 640 944 670 sed
954 649 1032 669 cei-te
1042 638 1072 668 id
1085 637 1131 667 di-

176 686 337 728 :am,quod
347 686 454 725 sentio)
464 683 536 715 cum
547 686 635 714 tantis
645 684 660 714 Ξι
671 680 997 716 vobis,P.C.beneficiis
1007 678 1129 725 affer-Cius

175 728 333 763 §rimantis
343 727 587 757 honoribus-non
597 724 783 755 modoillam
794 722 989 752 calamitatem
999 719 1056 751 efle
1065 730 1130 750 non

176 771 253 802 duco
265 781 270 799 ·.
281 768 364 803 sed‚s1
373 769 445 809 quid
456 769 533 798 mihi
542 766 639 807 potest
649 766 665 796 a
674 763 841 805 repubmss'e
851 762 1033 803 sejuniffturn,
1045 761 1126 803 quod

173 814 228 843 vix
237 811 484 852 potestzpiivatim
495 809 530 839 ad
542 818 646 838 meum
655 816 772 836 nomen
780 805 1127 846 augendum,optandam

174 855 253 885 duco
264 855 341 883 mihi
350 850 438 882 fuissit
447 851 529 880 illam
539 869 549 883 ‚
560 847 817 888 expetendamque
828 846 983 876 fortunam
1018 849 1126 887 Atque,

173 905 300 927 uttunm
322 892 502 924 laetiffimum
511 891 593 921 diem
606 899 674 920 curn
693 887 856 919 tristiffimo
874 898 946 918 meo
959 887 1125 922 conferam,
1146 917 1148 922 ,

173 938 277 969 utrum
288 935 408 967 tandem
420 934 502 963 bono
511 934 577 962 viro
588 951 597 965 ‚
617 931 649 961 &
659 932 784 970 sapienti
794 930 956 971 optabilius
965 940 1049 970 putas
1058 950 1067 964 ,
1088 929 1127 960 fic

173 982 255 1010 exire
265 979 279 1008 a
289 978 380 1018 patria
391 997 400 1009 ‚
413 983 444 1005 ut
453 984 559 1004 omnes
570 974 613 1004 sui
622 975 702 1003 cives
713 973 835 1003 salutem
846 992 855 1006 ,
867 972 1123 1006 incolumitatem,
1145 1003 1147 1007 ,

172 1021 302 1052 reditum
311 1026 488 1058 precentur,
508 1015 590 1057 quod
602 1016 680 1045 mihi
689 1014 814 1046 accidit:
832 1024 869 1044 an
882 1034 890 1048 ,
901 1014 983 1055 quod
994 1013 1048 1044 tibi
1057 1024 1126 1054 pro·
1145 1019 1147 1038 ῑ
1166 1016 1248 1037 tanto
1259 1009 1391 1038 exercitu
1401 1028 1409 1042 ,
1425 1008 1636 1040 Macedoniarn
1646 1011 1808 1050 praesertim
1821 1031 1829 1045 2
1843 1021 1909 1051 quae
1919 1013 2008 1040 tantis
2019 1009 2125 1040 barba-

214 1064 218 1069 ,
308 1062 312 1066 ⁴
409 1060 413 1064 .
636 1074 639 1075 ⁷
933 1055 953 1074 ,χ
1001 1066 1006 1071 ,
1074 1066 1087 1075 0
1113 1073 1128 1078 -

171 1062 315 1094 ficiscenti
327 1068 449 1092 evenit,
462 1067 494 1088 ut
507 1067 615 1087 omnes
631 1057 958 1090 exsecrarentur,rnaie
972 1065 1111 1096 piccarm
1144 1080 1146 1107 ,³
1164 1092 1312 1122 tatoribus
1331 1091 1427 1122 iidem
1446 1091 1521 1122 fines
1536 1096 1701 1133 provaiae
1717 1093 1834 1125 fuerim
1846 1114 1855 1128 '
1878 1096 1931 1135 qni
1943 1092 2121 1134 gladiorum,

171 1113 220 1135 tur
237 1123 245 1137 ‚
276 1111 368 1132 unam
387 1101 443 1130 tibi
461 1100 546 1130 illarn
566 1101 667 1132 viam,
688 1099 720 1129 δε
735 1106 898 1140 perperit-,³771
917 1096 974 1128 effe
992 1099 1126 1128 veilent?

172 1146 254 1175 Mihi
265 1143 383 1174 medius
395 1141 482 1172 fidius
493 1144 524 1171 in
535 1150 614 1171 tanto
625 1142 767 1171 omnium
779 1141 956 1171 mortalium
966 1139 1038 1170 odio
1048 1160 1057 1174 ‚
1074 1140 1126 1180 ju—
1143 1152 1144 1158 ¹

172 1187 218 1218 sto
226 1186 386 1227 praesert'im
397 1204 406 1218 ,
427 1185 459 1214 &
469 1183 572 1213 debito
583 1202 591 1216 ,
611 1185 725 1223 quaevis
740 1181 809 1223 fuga
825 1181 926 1222 potitis
937 1202 946 1214 ,
964 1181 1054 1222 quarn
1066 1182 1126 1212 ulla

111 1239 126 1264 ι
132 1240 153 1270 5
169 1230 324 1270 provincia
332 1225 402 1256 esset
411 1227 547 1266 optatior.
556 1224 612 1255 Sed
621 1234 708 1265 perge
717 1234 891 1264 porsonam
903 1223 924 1252 si
934 1223 1009 1254 illud
1020 1234 1123 1253 meum

168 1267 526 1302 turbulentiffimumtem
531 1277 584 1306 pus
594 1265 793 1306 profec'tionis
801 1286 810 1300 ‚
820 1275 872 1296 tuo
881 1263 1124 1306 tranquilliffiino

169 1311 285 1353 praestat
294 1331 303 1344 ,
320 1309 393 1351 quid
403 1308 553 1340 conferam
566 1310 678 1348 reliqua
688 1328 697 1341 ‚
712 1318 777 1348 quae
787 1309 820 1337 in
831 1316 858 1337 tc
868 1307 1022 1337 dedecoris
1031 1307 1119 1347 plena

165 1355 291 1392 fuerunt
301 1372 311 1386 ‚
330 1356 364 1382 in
376 1361 425 1380 me
435 1351 587 1392 dignitatis
599 1353 610 1379 ?
631 1352 683 1378 Me
694 1349 909 1390 KalendisJan.
920 1350 971 1389 qui
981 1348 1045 1378 dies
1054 1348 1122 1389 post
1141 1374 1143 1394 ς

167 1397 288 1427 obitum
300 1393 516 1433 ‚occasumque
527 1391 665 1421 nostrum
677 1390 791 1430 reipub.
801 1393 918 1430 primus
928 1391 1030 1420 illuxit
1040 1410 1048 1423 ,
1062 1390 1122 1421 fre·
1140 1413 1142 1422 2
1219 1425 1225 1432 x

1140 1433 1141 1436 ’
1164 1436 1267 1456 utrum
1278 1436 1309 1456 tu
1321 1447 1330 1461 ,
1349 1428 1532 1459 conscientia
1549 1428 1701 1469 oppressus
1718 1429 1862 1460 scelerum
1881 1438 2002 1459 tuorum
2013 1447 2021 1462 ‚
2045 1428 2123 1457 nihil

167 1435 375 1480 quentiffimus
386 1435 511 1467 senatus,
522 1432 664 1463 concursu
674 1434 779 1466 Italiae,
790 1432 935 1463 referente
946 1431 1119 1466 clarissimo,

166 1488 253 1520 atque
269 1475 431 1507 fortiffimo
448 1477 531 1509 viro,
553 1477 584 1505 P.
594 1475 727 1504 Lentulo
739 1495 747 1509 ‚
767 1475 996 1505 ²c0nsentiente
1009 1475 1121 1514 populo
1140 1495 1141 1501 ,

164 1523 299 1551 Roman.
309 1527 395 1559 atque
405 1528 463 1546 una
473 1527 538 1546 voce
545 1517 705 1547 revocavit.
729 1526 779 1546 me
789 1516 871 1547 idem
884 1517 999 1547 senatus
1011 1519 1123 1546 eXteris

165 1561 339 1593 nationibus
349 1580 358 1593 ,
379 1569 429 1589 me
438 1559 539 1600 legatis
550 1579 558 1591 ‚
578 1557 854 1599 magistratibusque
867 1557 976 1588 nostris
988 1558 1121 1588 :unitori—

166 1613 224 1635 tate
235 1604 283 1633 sua
293 1622 302 1636 ,
322 1601 524 1632 consularibus
535 1601 641 1631 litteris
652 1620 661 1634 ,
682 1604 693 1627 3
704 1611 767 1630 non
779 1621 791 1634 ‚
806 1610 838 1630 ut
849 1608 879 1630 tu
889 1599 1013 1630 Insuber
1023 1600 1120 1630 dicere

165 1645 258 1676 ausus
270 1654 300 1674 es
310 1664 319 1678 ,
338 1644 476 1674 orbatum
485 1644 576 1683 patria
586 1663 597 1676 ,
615 1642 664 1673 sed
677 1652 708 1672 ut
717 1642 833 1672 senatus
843 1642 898 1672 illo
909 1643 972 1682 ipso
985 1651 1121 1682 tempore
1139 1661 1141 1668 .

164 1686 325 1728 appellavit
339 1704 347 1719 ,
367 1687 466 1717 civem
485 1685 726 1715 conservatorem
745 1684 867 1724 reipub.
879 1684 1118 1715 commendavit.

164 1730 202 1760 ad
216 1738 316 1758 meam
331 1729 420 1757 unius
433 1727 557 1758 salutern
567 1726 683 1757 senatus
693 1727 841 1756 auxilium
851 1728 994 1756 omnium
1005 1727 1119 1756 civium

164 1769 272 1802 cunita
282 1780 320 1800 ex
330 1770 414 1799 Italia
424 1789 433 1802 ,
450 1770 503 1809 qui
513 1768 660 1808 rempubl.
670 1769 780 1800 salvam
793 1767 850 1798 effe
859 1768 973 1798 vellent
983 1788 993 1802 ,
1012 1769 1121 1798 consu-

165 1812 204 1842 lis
218 1822 292 1842 voce
302 1831 311 1846 ‚
332 1811 364 1841 ὃς
374 1811 480 1841 litteris
490 1809 716 1850 implorandum
727 1811 850 1850 putavit¹
875 1812 936 1841 mei
945 1811 1049 1850 capitis
1063 1811 1121 1840 ser-

163 1853 257 1885 vandi
264 1853 348 1883 causa
356 1855 489 1883 Romam
506 1862 569 1882 uno
585 1861 719 1892 ternpore
731 1872 740 1886 ,
758 1852 923 1893 quafifigno
936 1851 1019 1885 dato,
1037 1852 1122 1882 Italia

166 1904 229 1926 tota
245 1895 398 1925 convenit.
421 1893 457 1924 de
476 1904 542 1924 mea
559 1895 650 1924 salute
662 1913 671 1928 ‚
692 1897 722 1924 P.
733 1894 875 1927 Lentuli,
893 1892 1119 1933 praestantisfimi

165 1939 246 1970 viri,
261 1946 346 1977 atque
359 1936 626 1975 optimiconsulis,
642 1936 848 1975 Cn.Pompeii
859 1956 869 1969 ,
888 1933 1039 1966 clariffimi
1050 1955 1058 1968 ‚
1078 1944 1121 1965 at-

165 1989 224 2020 que
234 1976 422 2008 invictiffimi
432 1979 508 2007 civis
519 1997 529 2010 ,
544 1986 772 2017 ceterorumque
780 1979 953 2017 principum
964 1996 973 2010 ,
987 1977 1121 2007 celeber-

164 2023 253 2052 rima:
262 2040 271 2053 ,
292 2019 324 2049 δε
336 2017 503 2060 gratiffimae
514 2020 679 2049 conciones
692 2018 821 2049 fuerunt.
844 2019 881 2049 de
892 2028 942 2048 me
955 2019 1070 2048 senatus
1081 2020 1120 2049 ita

165 2062 296 2093 decrevit
304 2081 312 2095 ,
320 2065 379 2091 Cn.
389 2061 536 2100 Pompejo
546 2059 667 2090 au&ore
676 2080 683 2094 ,
697 2060 729 2090 δε
739 2061 801 2100 ejus
810 2061 963 2091 sententiae
973 2062 1119 2100 principe,

167 2113 238 2137 υτ,
264 2114 277 2133 s
290 2113 301 2132 1
326 2112 378 2140 Q}
390 2113 400 2132 1
413 2112 426 2132 s
449 2101 620 2142 impedifl‘et
634 2102 764 2133 reditum
784 2111 887 2133 meum
902 2123 911 2136 ,
935 2104 969 2132 in
987 2102 1121 2132 hostium
1140 2117 1142 2136 ς

149 2155 293 2175 ‚numero
302 2154 467 2185 putaretur:
483 2145 578 2185 iisque
592 2144 691 2174 verbis
705 2154 737 2174 ea
750 2144 787 2174 de
802 2155 850 2175 me
864 2146 979 2175 senatus
992 2143 1122 2174 airikon—

163 2195 206 2219 tas
219 2186 359 2217 declarata
372 2184 414 2216 est
425 2206 433 2219 ,
454 2194 486 2216 ut
496 2187 616 2215 nemini
628 2185 662 2216 sit
674 2187 844 2226 triumphus
856 2184 1120 2219 honorificentius,

162 2227 254 2270 quarn
275 2229 353 2259 mihi
373 2228 468 2261 salus,
489 2226 696 2268 ,restitutioque
713 2229 880 2268 perscripta.
903 2229 940 2258 de
956 2239 1026 2262 me,
1046 2227 1119 2258 curn

162 2279 272 2301 omnes
281 2269 463 2310 magistratus
473 2268 717 2310 promulgassent,
729 2279 832 2309 praeter
841 2280 936 2300 unum
947 2279 1116 2310 praetorem,

163 2308 182 2342 a}
192 2321 254 2352 quo
264 2321 328 2341 non
338 2309 596 2350 suitpostmandum
607 2331 614 2344 ,
633 2310 753 2341 fratrem
766 2313 885 2342 inimici
898 2315 958 2342 mei
970 2332 978 2345 ,
999 2320 1121 2352 praeter-

162 2363 222 2395 que
234 2353 310 2383 duos
323 2353 359 2383 de
374 2352 473 2392 lapide
483 2362 582 2382 emtos
592 2352 728 2382 tribunos
737 2353 836 2393 plebis
846 2373 854 2387 ‚
875 2354 972 2395 legem
985 2355 1120 2383 comitiis

163 2397 332 2426 centuriatis
350 2395 419 2425 tulit
434 2397 465 2425 P.
476 2394 625 2424 Lentulus
640 2395 745 2424 consul
766 2394 803 2424 de
819 2395 941 2436 collegae
955 2394 1121 2435 QMetelli

163 2436 325 2468 sententia:
345 2446 435 2477 quem
449 2446 569 2467 mecum
580 2436 684 2467 eadem
695 2436 858 2477 respublica
868 2457 877 2471 ‚
896 2447 963 2478 quae
978 2447 1011 2467 in
1024 2436 1121 2467 tribu-

162 2487 234 2508 natu
245 2478 308 2517 ejus
317 2478 501 2518 disjunxerat
510 2498 518 2512 ‚
532 2480 564 2508 in
574 2479 728 2508 consulatu
739 2498 747 2512 ,
763 2480 873 2509 virtute
882 2481 1012 2519 optimi,
1027 2489 1059 2509 ac
1068 2481 1117 2518 ju-

163 2518 280 2550 stiffimi
297 2521 373 2553 viri,
392 2521 611 2561 sapientiaque,
629 2521 802 2559 conjunxit.
827 2523 902 2562 Qae
913 2522 963 2550 lex
973 2520 1118 2561 quemad·

161 2561 293 2591 modum
303 2570 416 2602 accepta
425 2561 477 2596 sit,
495 2562 567 2603 quid
586 2572 636 2591 me
655 2570 761 2592 attinet
778 2561 874 2592 dicere
888 2565 898 2592 ?
917 2572 954 2592 ex
965 2562 1054 2593 vobis
1066 2572 1120 2592 au-

161 2602 216 2633 dio
226 2623 235 2637 ,
256 2605 376 2633 nemini
386 2604 447 2633 civi
461 2604 553 2634 ullam
563 2623 572 2638 ‚
592 2613 653 2644 quo
668 2605 770 2633 minus
783 2602 892 2634 adesset
903 2623 911 2638 ‚
932 2604 997 2634 satis
1008 2603 1118 2644 justam

160 2645 387 2676 excusationem
400 2644 459 2675 effe
473 2646 567 2676 visam
579 2655 584 2674 :
604 2645 699 2675 nullis
709 2647 845 2675 comitiis
858 2655 1004 2686 umquam
1014 2646 1120 2675 multi-

159 2686 299 2717 tudinem
315 2688 478 2717 hominurn
497 2696 608 2718 tantam
622 2707 630 2720 ,
644 2697 747 2727 neque
768 2686 1003 2727 splendidiorem
1022 2685 1119 2716 fuisse:

161 2728 221 2759 hoc
230 2729 308 2758 certe
321 2729 411 2759 video
422 2749 431 2762 ,
442 2729 530 2770 quod
541 2728 673 2759 indicant
684 2729 790 2758 tabulae
801 2729 928 2768 publicae
939 2750 948 2762 ,
966 2738 1023 2759 vos
1035 2739 1119 2770 roga-

160 2777 239 2800 tores
249 2790 259 2804 ,
277 2774 295 2797 4
304 2780 358 2800 vos
371 2770 576 2801 distributores
587 2790 595 2804 ‚
616 2780 671 2800 vos
683 2769 820 2801 custodes
832 2769 920 2801 fuiss'e
937 2771 1116 2800 tabularum:

161 2810 214 2845 &,
233 2812 314 2853 quod
331 2815 364 2842 in
378 2813 545 2843 honoribus
566 2811 733 2843 vestrorum
745 2813 962 2854 propinquorum
974 2822 1037 2842 non
1047 2812 1120 2842 faci—

159 2855 198 2882 tis
210 2855 258 2884 vel
269 2856 361 2884 aetatis
372 2855 566 2885 excusatione
578 2875 587 2888 ‚
610 2855 658 2884 vel
673 2856 799 2884 honoris
809 2874 817 2888 ,
840 2855 870 2884 id
886 2856 918 2884 in
932 2854 1022 2884 salute
1037 2863 1114 2887 mea,

891 2895 1002 2926 Confer
1021 2905 1114 2928 nunc,

1151 281 1155 286 -
1172 263 1250 291 ciam
1261 261 1447 292 consularem
1461 261 1572 292 finibus
1582 264 1619 292 iis
1630 272 1733 303 ,quos
1743 261 1788 292 lex
1798 261 1960 302 cupiditatis
1968 269 2025 290 tuae
2036 278 2044 291 ‚
2061 268 2132 289 non»

1172 313 1248 343 quos
1259 303 1308 333 lex
1317 305 1418 344 generi
1430 306 1473 333 tui
1483 306 1642 345 pepigerat.
1664 313 1736 334 narn
1751 304 1814 346 lege
1826 303 1945 334 Caesaris
1957 297 2127 342 justiffima,

1171 354 1258 384 atque
1271 354 1385 384 optima
1399 365 1407 378 ‚
1425 347 1530 385 populi
1544 346 1649 380 liberi,
1667 345 1754 387 plani}
1765 365 1774 380 ,
1795 346 1827 376 δε
1839 345 1910 375 vere
1926 352 2008 374 erant
2024 341 2129 372 liberi?

1170 385 1233 425 lege
1244 395 1344 415 autem
1356 397 1387 416 czi
1398 406 1406 419 ,
1424 397 1514 426 quam
1526 398 1618 418 nertio
1627 389 1723 428 legem
1736 408 1744 421 ,
1760 396 1864 428 praeter
1874 396 1901 416 tc
1912 406 1920 420 ,
1936 384 2126 423 &collegam

1150 443 1151 447 =
1171 434 1276 459 tuum,
1298 430 1429 466 putavit,
1449 430 1821 469 omniserattibiAchaja,
1843 425 2012 460 Thessalia,
2031 426 2128 455 Athe-

1149 475 1150 480 *
1171 476 1216 496 nae
1230 485 1238 500 ,
1259 467 1366 498 euntia
1381 470 1627 500 Giaeciaaddie'ta.
1658 471 1786 502 habebas
1805 471 1972 501 exercitum
1991 477 2124 501 tantum,

1149 519 1150 528 ¹
1169 517 1315 548 quantum
1329 510 1383 538 tibi
1394 520 1456 540 non
1466 511 1600 546 sentitus,
1615 513 1802 552 aurpopulus
1811 514 1903 542 Rom.
1916 510 2034 541 dederat
2045 530 2054 543 ›
2071 508 2127 539 sc&

1169 559 1316 590 quantum
1340 559 1389 580 tua
1413 552 1510 581 libido
1531 554 1751 593 conscripserat.
1784 555 1920 584 aerarium
1939 551 2124 582 exhauseras.

1170 594 1250 632 Qas
1261 600 1305 620 res
1315 589 1421 631 gessisti
1432 595 1464 622 in
1474 596 1602 633 imperio
1613 613 1622 628 ,
1637 597 1786 628 exercitu,
1801 596 1955 635 provincia
1963 593 2131 624 consulari?

1170 642 1241 673 quas
1251 642 1296 661 res
1306 631 1430 674 gesserit,
1442 644 1541 674 quaero
1551 638 1560 663 ?
1570 645 1622 675 qui
1633 646 1664 666 ut
1673 640 1756 667 venit
1766 636 1862 667 statim
1876 636 2027 675 (nondum
2037 644 2126 665 com-

1170 683 1312 703 memoro
1322 676 1455 713 rapinas,
1474 675 1615 706 nondum
1631 678 1747 708 exactis
1761 680 1900 718 pecunias
1911 698 1919 712 ,
1938 688 2002 708 non
2018 685 2126 716 captas,

1152 720 1235 745 'non
1246 717 1402 755 imperatas
1414 737 1422 749 ‚
1443 726 1507 746 non
1523 727 1611 747 neces
1628 719 1779 749 sociorum
1791 740 1800 754 ,
1819 730 1882 750 non
1895 720 2006 750 caedcrn
2022 718 2126 757 hospi-

1172 766 1238 787 tum
1250 776 1258 790 ‚
1270 766 1336 786 non
1346 756 1501 797 perfidiam
1514 779 1523 791 ,
1538 769 1602 789 non
1611 760 1835 792 immanitatem
1846 782 1855 795 ,
1869 772 1932 791 non
1939 761 2039 801 scelera
2049 769 2124 800 prac-

1170 798 1257 828 dico:
1279 808 1374 833 mox,
1394 797 1595 835 sividebitur,
1616 810 1728 831 utcum
1743 801 1826 836 fure,
1847 813 1959 833 utcum
1970 802 2121 843 sacrilego,

1170 849 1203 870 ut
1215 850 1285 870 cum
1301 838 1402 871 sicario
1413 861 1421 875 ,
1441 841 1616 882 disputabo:
1634 853 1716 874 nunc
1733 854 1832 874 meam
1853 845 2006 883 spoliatam
2023 843 2124 873 fortu—

1167 891 1238 912 nam
1256 881 1412 913 conferam
1431 893 1502 913 cum
1522 882 1648 914 florente
1664 884 1785 916 fortuna
1804 887 2015 925 imperatoris.)
2047 886 2125 926 Qis

1166 933 1312 964 umquam
1322 926 1511 964 provinciam
1523 935 1592 956 cum
1603 929 1736 957 exercitu
1746 927 1880 957 obtinuit
1893 948 1901 960 ,
1919 929 1969 968 qui
1980 927 2075 957 nullas
2085 925 2123 956 ad

1168 965 1303 996 senatum
1321 968 1431 996 litteras
1449 967 1566 997 miserit
1584 971 1595 998 ?
1617 977 1730 999 tantam
1750 968 1823 1000 vero
1841 971 2030 1009 provinciam
2049 977 2121 998 cum

1165 1058 1269 1079 rorum
1289 1050 1430 1091 gentibus
1447 1053 1620 1092 attingitur,
1639 1062 1671 1082 ut
1684 1054 1799 1093 semper
1810 1052 2125 1091 Macedonicisimpe—

1163 1141 1250 1174 atque
1258 1134 1393 1174 pilorum
1406 1145 1412 1163 :
1429 1144 1466 1165 ex
1474 1144 1531 1175 qua
1539 1135 1654 1177 aliquot
1663 1138 1801 1176 praetorio
1811 1137 1942 1176 imperio
1952 1156 1960 1169 ,
1971 1135 2122 1166 consulari

1164 1175 1289 1216 quidem
1300 1185 1394 1205 nemo
1404 1176 1495 1206 rediit
1505 1197 1514 1210 ‚
1529 1179 1581 1218 qui
1590 1179 1756 1208 incolumis
1765 1177 1865 1211 fuerit,
1876 1179 1928 1219 qui
1939 1187 2002 1208 non
2015 1179 2125 1208 trium-

1165 1217 1270 1256 pharit.
1294 1217 1338 1248 est
1353 1218 1412 1248 hoc
1427 1228 1544 1249 novum
1557 1230 1563 1248 2
1583 1220 1768 1250 multoillud
1780 1221 1884 1262 magis.
1907 1219 2068 1259 appellatus
2078 1219 2122 1250 est

1164 1260 1213 1288 hic
1223 1259 1372 1289 vulturius
1381 1260 1462 1289 illius
1473 1262 1638 1300 provinciae
1650 1260 1681 1300 (si
1692 1262 1750 1292 diis
1760 1263 1863 1301 placet)
1875 1262 2035 1301 imperator.
2071 1262 2121 1292 N'e

1165 1310 1231 1330 tum
1245 1301 1371 1341 quidem
1383 1322 1392 1335 ,
1411 1303 1511 1332 Paulle
1525 1302 1626 1333 noster
1636 1323 1645 1337 ,
1668 1304 1778 1334 tabulas
1789 1306 1923 1334 Romam
1936 1313 2007 1333 cum
2024 1304 2121 1333 laurea

1165 1344 1284 1373 mittere
1298 1343 1446 1374 audebas?
1470 1342 1559 1379 Misi,
1580 1347 1690 1387 inquit.
1712 1347 1789 1386 Qis
1809 1355 1953 1386 uniquam
1973 1346 2124 1376 recitavit?

1163 1386 1250 1425 quis,
1270 1387 1517 1420 minitarentur,
1537 1386 1718 1427 postulavit?
1737 1388 1815 1417 nihil
1835 1397 1919 1417 enim
1939 1396 2006 1417 mea
2023 1386 2123 1420 refert,

1163 1478 1308 1509 umquam
1318 1469 1405 1510 ausus
1418 1468 1453 1499 sis
1467 1470 1590 1501 scribere
1603 1472 1638 1501 ad
1653 1482 1722 1502 eum
1734 1470 1875 1502 ordinem
1886 1491 1895 1504 ,
1915 1480 2007 1511 quern
2019 1469 2125 1509 despe-

1163 1520 1247 1541 xeras
1259 1531 1267 1545 ,
1286 1520 1377 1551 quem
1398 1510 1546 1542 afflixeras
1555 1533 1564 1546 ,
1585 1524 1676 1554 quem
1687 1513 1853 1543 deleveras:
1875 1522 1912 1542 an
1922 1513 2013 1542 amici
2024 1513 2068 1541 tui
2080 1521 2124 1541 ta-

1163 1553 1247 1582 bulas
1257 1552 1424 1582 abdiderint
1435 1573 1443 1587 ,
1459 1553 1516 1583 iide
1522 1564 1611 1595 mque
1616 1555 1726 1596 fileimo
1737 1555 1789 1584 suo
1801 1556 1998 1585 temeritatem
2011 1573 2019 1587 ,
2035 1563 2123 1593 atque

1162 1594 1313 1624 audaciam
1330 1604 1410 1624 tuam
1426 1595 1668 1626 condemnarint.
1693 1600 1790 1637 Atque
1808 1595 1887 1625 haud
1902 1596 1963 1626 scio
1975 1616 1983 1629 ,
2005 1605 2041 1625 an
2057 1605 2123 1625 ma-

1165 1636 1221 1666 lim
1233 1655 1242 1670 ‚
1266 1644 1293 1666 te
1304 1636 1400 1666 videri
1410 1637 1498 1666 nullo
1508 1638 1623 1677 pudore
1632 1636 1718 1668 fuiss'e
1729 1640 1760 1668 in
1772 1639 1878 1667 litteris
1888 1639 2044 1668 mittendis
2054 1657 2063 1670 ‚
2085 1646 2129 1667 art

1163 1679 1276 1708 amicos
1288 1688 1354 1708 tuos
1364 1678 1431 1718 plus
1443 1678 1575 1710 habuiffe
1586 1680 1618 1710 ὃς
1627 1680 1751 1720 pudoris
1763 1700 1771 1713 ‚
1785 1680 1817 1709 8<
1826 1678 1962 1712 consilii,
1972 1679 2061 1719 quarn
2073 1687 2123 1709 aut

1163 1729 1191 1750 te
1202 1720 1296 1750 videri
1306 1720 1519 1760 pudentiorem
1531 1720 1619 1752 suiss'e
1627 1742 1635 1755 ‚
1646 1721 1736 1762 quam
1746 1722 1823 1752 soles
1832 1741 1840 1754 ,
1851 1731 1901 1752 aut
1911 1730 1995 1751 tuum
2006 1720 2122 1750 fastum

1163 1772 1227 1792 non
1245 1761 1303 1792 effe
1320 1762 1556 1794 condemnatum
1572 1764 1691 1804 judicio
1709 1765 1885 1794 amicorum.
1910 1761 2000 1801 Quod
2019 1762 2038 1792 fi
2058 1773 2124 1793 non

1163 1806 1221 1834 tuis
1239 1803 1362 1834 nefariis
1378 1806 1412 1834 in
1428 1806 1509 1835 hunc
1527 1806 1667 1837 ordinem
1686 1806 1883 1836 contumeliis
1897 1807 1929 1834 in
1943 1813 2124 1845 perpetuum

1162 1846 1217 1876 tibi
1231 1848 1344 1876 curiam
1359 1846 1564 1886 praeclusiss'es:
1585 1848 1657 1889 quid
1670 1847 1790 1878 tandem
1801 1857 1861 1877 erat
1871 1845 1971 1876 affitum
1983 1867 1993 1879 ,
2014 1856 2125 1888 autge-

1165 1887 1245 1918 stum
1256 1890 1288 1917 in
1297 1888 1349 1918 illa
1357 1890 1511 1928 provincia
1524 1909 1531 1923 ,
1543 1890 1579 1920 de
1589 1900 1650 1930 quo
1660 1890 1695 1919 ad
1707 1890 1841 1919 senatum
1851 1888 2124 1928 cumgrarularione

1160 1930 1259 1970 aliqua
1270 1929 1356 1959 scribi
1365 1929 1415 1959 abs
1428 1939 1455 1959 te
1465 1941 1483 1959 o
1508 1941 1614 1961 orteret
1624 1935 1633 1960 ?
1645 1932 1764 1961 vexatio
1774 1930 1961 1960 Macedoniae
1969 1933 1980 1958 ?
1989 1940 2026 1960 an
2035 1932 2125 1970 oppi-

1164 1971 1274 2001 dorum
1285 1973 1378 2011 turpis
1388 1973 1448 2001 ami
1473 1982 1502 2001 io
1514 1975 1524 2001 ?
1543 1983 1580 2002 an
1601 1973 1752 2003 sociorum
1766 1972 1916 2012 direptio?
1932 1981 1971 2001 an
1979 1981 2122 2012 agrorum

1162 2012 1374 2052 depopulatio?
1395 2022 1432 2043 an
1446 2016 1579 2044 munitio
1590 2013 1810 2044 Thessalonicae
1823 2016 1834 2043 ?
1851 2024 1889 2043 an
1899 2012 2027 2043 ohsessio
2037 2012 2124 2042 rnili—

1166 2057 1234 2085 taris
1248 2056 1324 2084 viae?
1341 2064 1378 2084 an
1388 2057 1538 2085 exercitus
1549 2055 1643 2086 nostri
1653 2057 1807 2089 interitus,
1822 2054 1902 2086 ferro
1917 2075 1926 2089 ,
1945 2054 2027 2085 farne
2039 2075 2048 2088 ,
2066 2054 2123 2084 fri-

1166 2106 1235 2138 gore
1246 2116 1254 2130 ,
1265 2095 1453 2136 pestilentia?
1465 2100 1516 2127 Tu
1527 2097 1609 2132 veto,
1620 2099 1672 2139 qui
1682 2098 1718 2128 ad
1727 2098 1861 2128 senatum
1873 2097 1950 2127 nihil
1963 2096 2122 2136 scripseris:

1163 2149 1196 2169 ut
1204 2140 1238 2169 in
1249 2138 1321 2168 urbe
1331 2140 1459 2180 nequior
1470 2141 1611 2170 inventus
1621 2150 1652 2169 es
1662 2160 1670 2173 ‚
1682 2139 1773 2180 quam
1785 2140 1932 2170 Gabinius
1941 2159 1950 2173 ‚
1962 2137 1998 2169 sic
2010 2141 2042 2168 in
2051 2147 2123 2179 pro-

1162 2183 1262 2212 vincia
1270 2181 1372 2220 paullo
1384 2190 1486 2210 tamen
1497 2202 1506 2215 ‚
1525 2182 1614 2222 quarn
1627 2182 1677 2211 ille
1691 2201 1700 2215 ,
1718 2179 1882 2212 demiss'ior.
1906 2190 1978 2210 nam
1988 2180 2041 2210 ille
2050 2190 2121 2222 gur—

1162 2234 1213 2265 ges
1224 2244 1233 2257 ,
1252 2232 1339 2263 atque
1350 2223 1441 2252 heluo
1452 2243 1460 2256 ,
1481 2231 1566 2252 natm
1582 2223 1724 2253 abdomini
1741 2224 1793 2253 suo
1802 2243 1812 2257 ,
1832 2233 1898 2253 non
1910 2222 1991 2253 laudi
2003 2241 2011 2256 ‚
2032 2232 2122 2263 atque

1162 2266 1265 2307 gloriae
1276 2285 1286 2297 ,
1300 2263 1371 2295 curn
1383 2266 1498 2305 equites
1509 2267 1602 2295 Rom.
1613 2268 1645 2295 in
1655 2267 1810 2306 provincia
1820 2285 1829 2299 ,
1850 2264 1921 2296 cum
1931 2264 2118 2305 publicanos,

1163 2307 1324 2337 nobiscum
1338 2307 1371 2336 &
1381 2307 1535 2336 voluntate
1547 2327 1555 2341 ‚
1577 2307 1609 2337 δε
1623 2307 1766 2349 dignitate
1777 2305 1958 2347 conjunCtos
1969 2327 1978 2340 ,
1998 2308 2121 2336 omneis

2142 1273 2197 1307 17'

1162 2349 1293 2380 fortunis
1303 2369 1312 2381 ‚
1320 2348 1438 2378 multos
1447 2347 1525 2379 fama
1532 2369 1540 2383 ‚
1554 2351 1673 2390 vitaque
1682 2347 1820 2389 privasset
1828 2369 1835 2382 ,
1846 2358 1917 2379 curn
1926 2346 2028 2389 egiss‘et
2036 2347 2120 2377 aliud
2134 2347 2139 2358 ²

1162 2391 1242 2421 nihil
1252 2393 1287 2421 in
1295 2390 1351 2420 illo
1362 2393 1495 2420 exercitu
1508 2412 1516 2424 ,
1538 2390 1592 2421 nisi
1607 2401 1638 2421 ut
1655 2392 1753 2421 urbeis
1768 2390 1994 2431 depopularetur
2005 2409 2013 2422 ,
2033 2398 2118 2429 agros

1162 2433 1287 2464 vastaret
1299 2453 1308 2467 ,
1324 2433 1493 2462 exhauriret
1508 2433 1618 2463 domos
1631 2445 1636 2462 :
1657 2434 1742 2463 ausus
1753 2432 1795 2463 est
1804 2432 1887 2473 (quid
1898 2441 1981 2461 enim
1993 2431 2042 2460 ille
2053 2440 2120 2461 non

1163 2475 1325 2515 auderet?)
1344 2475 1361 2504 a
1378 2474 1477 2504 senatu
1497 2475 1744 2515 supplicationem
1761 2484 1813 2514 per
1832 2475 1940 2503 litteras
1958 2472 2118 2512 postulare.

1163 2520 1188 2548 O
1198 2517 1438 2547 diiimmortales
1451 2518 1454 2545 !
1468 2526 1539 2546 tunc
1550 2519 1639 2547 etiam
1650 2537 1658 2550 ‚
1669 2526 1754 2556 atque
1765 2514 1839 2546 adeo
1850 2524 1914 2548 vos,
1925 2516 2053 2555 gemina:
2063 2523 2118 2544 vo-

1161 2561 1276 2601 ragines
1287 2579 1295 2592 ,
1316 2559 1488 2598 scopulique
1498 2560 1569 2598 reip.
1583 2569 1636 2588 vos
1651 2568 1750 2587 meam
1764 2557 1918 2586 fortunam
1933 2556 2118 2596 deprimitis?

1160 2601 1287 2632 vestram
1301 2601 1469 2630 exrollitis?
1485 2599 1557 2630 cum
1576 2600 1612 2630 de
1628 2610 1679 2629 me
1695 2609 1728 2629 ea
1741 2598 1991 2629 senatusconsulta
1999 2597 2119 2628 absente

1161 2643 1238 2674 fagia
1248 2642 1321 2676 sint,
1342 2652 1383 2672 eae
1393 2643 1557 2671 conciones
1567 2641 1695 2674 habit-ae,
1716 2642 1742 2670 is
1758 2650 1860 2670 motus
1875 2638 1965 2670 fuerit
1983 2641 2120 2669 munici-

1160 2688 1280 2726 piorum
1294 2704 1303 2717 ,
1323 2684 1356 2713 &
1371 2684 1560 2713 coloniarum
1577 2685 1719 2712 omnium
1732 2701 1740 2715 ,
1761 2692 1794 2711 ea
1809 2681 1925 2712 decreta
1939 2681 2119 2721 publicano-

1162 2737 1230 2758 rum
1242 2747 1250 2759 ,
1270 2736 1302 2756 ea
1312 2725 1509 2766 collegiorum
1523 2745 1531 2759 ,
1548 2735 1583 2755 ea
1593 2725 1723 2765 denique
1733 2733 1875 2764 generum
1887 2743 1895 2757 ,
1913 2723 2118 2764 ordinumque

1160 2770 1303 2799 omniurn
1316 2787 1326 2801 ,
1345 2777 1410 2808 quae
1425 2777 1480 2809 ego
1493 2777 1556 2796 non
1570 2765 1665 2796 modo
1678 2774 1770 2806 optare
1783 2775 1950 2806 numquam
1964 2765 2117 2799 auderem,

1161 2810 1210 2841 sed
1232 2811 1358 2851 cogitare
1377 2818 1442 2839 non
1457 2805 1595 2848 poss'em?
1611 2818 1666 2839 vos
1676 2817 1778 2838 autem
1790 2807 1983 2847 sempiternas
1994 2804 2118 2836 foe-liff-

1162 2861 1219 2882 rriae
1231 2850 1426 2891 turpitudinis
1438 2860 1524 2881 notas
1534 2851 1706 2880 subieritis?
1727 2853 1777 2880 An
1787 2859 1842 2891 ego
1855 2870 1862 2883 ‚
1884 2848 1904 2879 si
1915 2859 1941 2879 te
1952 2869 1960 2883 ,
1981 2848 2014 2879 δε
2025 2849 2118 2879 Gabi.—

1161 2897 1251 2925 nium
1268 2894 1348 2924 cruci
1365 2891 1488 2922 suffixos
1507 2892 1640 2922 viderem
1653 2912 1663 2926 ‚
1681 2893 1795 2927 majore
1811 2890 1941 2922 afficerer
1961 2891 2063 2921 laetitia
2079 2899 2117 2920 ex

164 2937 288 2975 Epicure
297 2937 396 2968 noster
407 2958 416 2972 ,
435 2948 474 2968 ex
482 2939 550 2969 hara
560 2937 706 2978 produete
717 2958 726 2971 ‚
745 2948 810 2968 non
819 2948 858 2969 ex
867 2937 967 2969 schola
977 2958 985 2971 ,
1001 2936 1115 2971 confer,
1133 2962 1136 2976 λ
1159 2933 1390 2976 corporisvestri
1400 2935 1594 2968 laceratione,
1604 2932 1818 2976 quam-afficior
1827 2943 1865 2963 ex
1873 2932 2018 2980 infamia?
2030 2942 2116 2962 uuis-

2039 2984 2115 3004 L'o‘M

197 3049 220 3066 1.
239 3041 360 3066 cumverb
372 3044 578 3078 (fhrfitan‚&c.]
606 3045 659 3070 Sic.

158 3075 216 3102 Pal.
228 3074 276 3101 sec.
287 3084 366 3112 atque
380 3079 434 3105 onst.

194 3120 222 3136 2.
242 3113 396 3145 Confinrieme
410 3116 490 3147 populo
507 3115 587 3149 Remu]
610 3115 701 3142 Nosti-i
725 3114 814 3150 scripti
833 3114 931 3140 liabent
954 3112 1021 3140 illud
1040 3114 1122 3145 Ῑογκιό

672 3043 736 3070 Paul
747 3043 882 3069 Manutius
896 3061 904 3074 ‚
927 3040 1121 3077 respondetque
1144 3049 1147 3102 D

1161 3087 1177 3112 P

1201 3045 1289 3076 3.·1(9n
1299 3048 1326 3065 :it
1337 3034 1362 3065 rs}
1371 3039 1671 3073 Infitber,&t.]ll1auavit
1682 3042 1696 3065 :i
1707 3038 1860 3073 conjeetura
1870 3037 2062 3068 Tiiriicbi‚cuiii
2076 3045 2118 3062 re-

1180 3077 1268 3103 criss'et
1280 3077 1305 3102 in
1320 3075 1482 3110 ianJ'nsuper5
1492 3075 1563 3112 quod
1574 3075 1639 3101 editi
1651 3075 1720 3101 male
1732 3082 1864 3101 mutarunt
1876 3075 1901 3100 in
1913 3084 1963 3099 mox
1976 3074 2024 3100 lire
2033 3080 2117 3106 nupt-r.

1196 3120 1224 3145 4.
1247 3115 1287 3138 lv'os
1297 3112 1484 3146 distributores]
1507 3111 1585 3137 tx‘ihil
1599 3113 1702 3138 variant
1710 3111 1762 3137 mei
1781 3110 1860 3137 libri:
1883 3111 1971 3145 itaque
1983 3118 2032 3135 non
2044 3117 2120 3133 acce-

159 3148 222 3173 nm„
234 3146 304 3181 quod
313 3148 459 3180 Lambinus
478 3150 557 3186 ejecit
575 3153 763 3179 cumfaerno.
782 3149 1119 3180 Gulielmiusmumbatiu
1161 3149 1186 3184 pi
1207 3148 1343 3188 proditum
1364 3147 1491 3174 Tui-nebo
1510 3147 1558 3174 lib.
1571 3157 1635 3174 xxi.
1663 3156 1720 3184 cap.
1733 3156 1778 3184 1)·-
1800 3147 1931 3175 diribitorcs
1944 3164 1952 3178 ‚
1979 3143 2050 3181 quod
2069 3143 2120 3173 {¹2:ss¹

150 3183 308 3218 mulment-

1162 3194 1284 3213 omnium
1294 3183 1378 3213 libros
1391 3191 1513 3222 occupat.

1559 3220 1586 3250 Y
1596 3229 1611 3256 r
1623 3229 1638 3256 r
1646 3252 1650 3255 .
1659 3229 1673 3256 3

2139 2522 2196 2556 18¹5

2033 3224 2043 3241 1
2050 3234 2055 3240 .
2070 3216 2150 3240 Nm&-
