2295 3400
171 138 273 190 290
618 118 689 166 M.
770 115 1130 165 TULL11

166 203 198 235 -fi
217 203 312 235 facere
329 209 394 233 non
407 199 548 242 possunt,
567 197 712 228 recusent.
734 194 756 226 si
765 193 889 236 poss'unt
899 214 906 228 ‚
926 193 1032 235 populi
1041 195 1136 224 Rom.

177 249 279 288 potius
290 247 346 275 hoc
357 243 390 274 sit
399 242 541 283 veitigal,
557 240 647 282 quam
656 238 744 281 prada
753 246 882 280 parom.
907 236 1029 266 Deinde
1042 236 1139 265 curin

178 299 243 319 uno
252 297 357 329 genere
368 286 432 316 solo
442 284 589 314 frumenti
598 281 651 312 ista
661 280 819 312 aestimatio
829 278 1042 310 constituitur?
1057 279 1088 308 Si
1098 275 1140 306 est

179 341 262 371 atqua
274 330 305 360 ἒς
315 327 453 358 ferenda:
473 330 482 345 ¹
496 324 707 364 debetpopulo
717 325 861 353 Romano
873 321 976 351 Sicilia
989 320 1141 351 decumas.

180 373 232 403 det
241 392 250 405 ‚
263 381 316 411 pro
328 369 449 411 singulis
460 368 548 398 tritici
561 366 675 396 modiis
686 374 786 395 ternos
798 364 951 394 denarios:
974 361 1027 392 sibi
1041 362 1146 392 habeat

180 414 382 445 frumentum.
412 413 487 440 Data
495 409 550 439 tibi
561 410 686 448 pecunia
695 406 754 440 est,
778 409 884 435 Verres
897 416 902 434 ;
921 414 996 438 una,
1015 414 1072 445 qua
1081 402 1145 433 fru-

182 464 325 486 mentum
345 453 399 483 tibi
418 461 532 482 emeres
550 452 583 480 in
603 450 718 480 caellam
731 459 736 478 τ
754 449 841 479 altera
851 468 859 481 ,
880 457 937 488 qua
953 446 1146 476 frumentum

181 507 297 527 emeres
307 496 323 525 it
332 494 503 525 civitatibus
514 514 522 527 ‚
541 492 623 533 quod
634 494 768 522 Romam
780 498 924 519 mitteres·
955 488 1030 519 Tibi
1048 488 1146 517 datam

179 540 341 580 pecuniam
353 537 439 567 domi
449 537 559 566 retines
571 545 576 563 z
593 535 625 564 S:
636 543 771 574 pia-:terea
780 533 939 572 pecuniam
951 539 1144 571 permagnam

181 591 236 611 tuo
248 582 377 610 nomine
387 577 491 609 aufers.
515 576 560 607 fac
570 576 653 606 idem
665 578 696 605 in
707 586 744 605 eo
754 574 909 604 frumento
922 593 930 606 ‚
949 573 1032 614 quod
1047 572 1081 602 ad
1093 581 1148 611 po-

181 623 289 664 pulum
303 624 481 652 Romanum
498 621 636 659 pertinet.
661 627 746 658 exige
767 616 870 646 eadem
889 614 1086 645 aestimatione
1097 623 1148 653 pe-

184 666 307 696 cuniam
318 664 333 694 ἐι
341 662 512 693 civitatibus
523 681 531 694 ,
551 661 584 693 όν
598 660 666 699 refer
676 680 684 694 ‚
708 669 797 699 quam
810 656 945 698 accepisti.
978 666 1044 686 tum
1056 656 1147 685 refer-

187 709 246 737 tius
265 708 321 735 erit
340 706 476 735 aerarium
494 703 599 743 populi
610 704 743 733 Romani
755 700 845 742 quam
864 709 1007 740 umquam
1019 697 1086 741 fii-it.
1111 699 1151 726 At

187 758 272 778 enim
293 747 377 777 istam
396 756 459 776 rem
480 748 512 776 in
529 745 652 786 publico
671 743 826 774 frumento
837 742 938 771 Sicilia
957 750 1022 770 non
1040 742 1130 768 ferret
1142 748 1147 766 :

185 792 262 820 hanc
273 800 336 819 rem
350 792 383 819 in
393 798 464 818 meo
475 787 630 818 frumento
642 786 718 816 tulit.
751 783 880 815 Proinde
891 781 970 823 quasi
979 790 1028 811 aut
1037 782 1150 821 aequior

188 831 222 862 fit
232 831 285 862 ista
293 830 452 861 aestimatio
463 831 495 859 in
506 838 559 859 tuo
570 849 577 862 ,
598 828 687 869 quam
700 830 731 856 111
742 825 846 866 populi
856 827 949 855 Rom.
962 822 1129 853 commodo
1143 832 1148 850 t

185 883 236 904 aut
247 884 278 904 ea
289 884 334 903 res
346 894 354 906 ‚
375 882 464 914 quam
477 882 531 912 ego
542 871 610 900 dico
622 890 629 903 ,
644 870 676 899 &
688 879 720 898 ea
729 888 736 901 ‚
754 868 845 908 quam
856 876 886 896 tu
896 865 992 895 fecisti
1002 885 1010 898 ‚
1032 867 1111 894 inter
1122 864 1149 893 se

187 926 295 957 genere
306 916 425 954 injuriae
435 935 442 947 ‚
456 923 519 943 non
529 911 736 953 magnitudine
746 911 881 949 pecunia:
895 907 1020 938 differat.
1033 904 1149 936 Verum

178 957 273 988 ⁴istam
285 958 377 998 ipsam
388 957 502 987 caellam
514 954 588 984 ferre
599 954 685 983 nullo
698 951 791 981 modo
802 948 927 990 pofl'unt.
948 958 980 979 ut
991 950 1096 979 omnia
1105 957 1150 976 re-

186 1002 365 1033 mittantur,
382 1007 414 1029 ut
424 997 569 1028 omnibus
582 996 700 1034 injuriis
710 1014 717 1027 ‚
738 993 770 1023 δε
780 991 997 1023 calamitatibus
1009 1011 1016 1024 ,
1038 1000 1108 1031 quas
1119 998 1148 1019 te

185 1051 311 1083 praetore
323 1042 455 1071 tulerunt
465 1059 473 1073 ,
490 1041 522 1068 111
532 1037 687 1078 posterum
697 1036 879 1068 liberentur,
897 1033 984 1063 istam
994 1033 1021 1063 se
1032 1034 1133 1062 caellam
1141 1051 1149 1065 ‚

185 1093 272 1125 atque
282 1083 366 1113 istam
378 1081 610 1112 aestimationem
624 1086 731 1119 negant
741 1077 767 1107 se
780 1077 844 1106 ullo
855 1075 949 1106 modo
966 1074 1041 1105 ferre
1058 1072 1148 1114 peffe-

125 1124 168 1159 83
190 1127 288 1156 Multa
304 1124 466 1164 Sophocles
484 1122 696 1167 Agrigentinus
715 1123 791 1159 apud
811 1121 865 1148 Cn.
877 1117 1059 1157 Pompejum
1079 1119 1149 1146 Cos.

187 1177 300 1208 nuper,
322 1168 419 1196 homo
437 1163 660 1195 disertissimus,
683 1162 814 1192 &omni
831 1159 987 1192 doEkrina‚
1011 1159 1043 1188 δε
1055 1160 1153 1189 virtu-

187 1220 216 1240 te
238 1207 455 1240 oi·natiffimu5‚
472 1216 526 1246 pro
540 1214 599 1236 tota
617 1204 717 1235 Sicilia
736 1202 771 1233 de
789 1211 939 1232 aratorum
949 1201 1078 1231 miseriis
1087 1210 1151 1242 gra—

187 1254 280 1284 viter,
300 1261 332 1280 ac
342 1252 464 1289 copiose
476 1246 584 1278 dixisse
596 1268 607 1280 ,
624 1257 655 1276 ac
667 1243 831 1285 deplorasse
841 1244 959 1274 dieitur.
984 1253 1022 1272 ex
1040 1244 1150 1283 quibus

186 1294 245 1323 hoc
257 1313 265 1326 ‚
278 1294 314 1322 iis
327 1313 335 1325 ‚
349 1294 400 1333 qui
411 1290 530 1321 aderant
540 1311 549 1323 ‚
569 1290 578 1328 (
591 1299 660 1318 nam
673 1298 783 1329 magno
794 1295 947 1316 conventu
958 1284 1022 1315 aeia
1032 1295 1077 1314 res
1087 1283 1151 1324 est)

186 1333 429 1376 indignissimum
440 1332 610 1363 videbatur:
629 1340 687 1372 qua
697 1332 728 1359 in
741 1339 769 1359 re
781 1329 895 1358 senatus
906 1326 1022 1367 optime
1033 1347 1042 1361 ‚
1055 1337 1087 1357 ac
1100 1326 1154 1356 be·

187 1375 362 1419 nigniffime
373 1373 617 1405 cumaratoribus
629 1370 739 1414 egisset,
752 1370 1065 1411 large‚liberaliterque
1073 1367 1152 1398 aesti—

188 1417 310 1451 masset,
333 1420 367 1448 in
378 1428 410 1447 ea
423 1427 453 1447 re
462 1416 584 1457 praedari
594 1423 751 1455 praetorem
763 1433 773 1447 ,
793 1413 882 1441 bonis
897 1413 991 1441 everti
1008 1420 1150 1440 aratores:

189 1461 223 1492 &
235 1461 266 1491 id
277 1470 339 1490 non
351 1458 446 1489 modi)
457 1459 521 1489 fieri
531 1478 538 1492 ‚
551 1458 600 1488 sed
612 1459 651 1487 ita
661 1454 725 1485 fieri
735 1475 743 1489 ,
755 1454 838 1496 quasi
845 1454 929 1484 liceat
938 1473 947 1487 ,
961 1451 1151 1484 concefl'um-

186 1513 246 1545 que
256 1501 298 1532 sit.
323 1501 405 1543 Qid
415 1501 449 1531 ad
460 1502 523 1531 haec
533 1497 730 1530 Hortensius?
746 1496 856 1527 falsum
869 1494 925 1526 effe
936 1497 1071 1526 crimen?
1084 1497 1153 1524 Hoc

188 1554 357 1585 numquam
375 1543 464 1573 dicet.
497 1545 572 1572 Non
583 1550 723 1582 magnam
733 1540 786 1569 hac
794 1540 910 1568 ratione
926 1538 1086 1578 pecuniam
1105 1546 1153 1566 ca-

187 1590 289 1628 ptam-³
314 1588 362 1616 Ne
373 1585 403 1615 id
413 1584 538 1625 quidem
549 1584 633 1614 dicit.
667 1584 742 1612 Non
754 1582 896 1621 injuriam
906 1579 1015 1610 factam
1025 1578 1132 1609 Siculis
1143 1598 1152 1612 ‚

186 1637 274 1670 atque
292 1628 456 1658 aratoribus
469 1630 478 1656 ?
501 1624 562 1666 Qi
577 1626 687 1665 poterit
703 1623 821 1653 dicere?
844 1622 926 1663 Qiid
943 1623 1032 1662 igitur
1053 1620 1153 1650 dicet?

188 1670 288 1708 fectffi·
296 1670 373 1698 alios.
399 1668 472 1710 quid
484 1668 526 1698 est
536 1669 593 1697 hoc
604 1668 614 1693 ?
632 1665 745 1696 Utrum
755 1666 878 1695 crimini
889 1662 1021 1694 defensio
1033 1684 1044 1697 ,
1052 1672 1090 1693 an
1100 1672 1152 1692 co-

188 1716 312 1743 mitatus
323 1709 428 1741 exsilio
439 1712 600 1752 quaeritur?
611 1711 662 1739 Tu
672 1710 704 1737 in
716 1709 768 1737 hac
777 1706 878 1747 repub.
891 1705 929 1736 an
940 1707 973 1735 in
984 1706 1038 1735 hac
1048 1705 1151 1734 homi-

189 1765 267 1785 num
288 1753 417 1784 libidine
427 1772 435 1787 ,
459 1753 491 1782 &
510 1752 520 1791 (
532 1760 565 1782 ut
573 1750 669 1781 adhuc
680 1750 785 1784 habuit
801 1749 829 1779 se
847 1747 1130 1787 statusjudiciorum
1142 1747 1152 1787 )

188 1798 280 1828 etiam
292 1796 411 1825 licentia
420 1813 428 1828 ‚
439 1804 504 1824 non
519 1804 556 1824 ex
566 1794 632 1833 jure
643 1813 652 1826 ‚
665 1802 730 1822 non
740 1801 779 1821 ex
789 1792 926 1831 aequitate
936 1809 943 1823 ‚
955 1799 1019 1819 non
1030 1798 1068 1819 ex
1078 1789 1150 1829 lege,

189 1848 256 1870 non
267 1848 305 1867 ex
317 1847 353 1867 eo
361 1856 368 1870 ,
382 1836 466 1877 quod
476 1836 642 1876 oportuerit
654 1855 662 1867 ‚
674 1843 737 1864 non
749 1843 787 1862 ex
797 1843 832 1862 eo
844 1853 852 1866 ‚
866 1831 948 1872 quod
957 1833 1073 1862 licuerit
1083 1842 1091 1864 3
1103 1830 1151 1860 sed

189 1891 230 1911 ex
243 1890 279 1910 eo
289 1900 297 1913 ‚
308 1879 389 1920 quod
399 1878 505 1919 aliquis
516 1877 619 1908 fecerit
629 1896 638 1910 ‚
657 1875 687 1905 id
697 1895 705 1909 ,
718 1875 800 1916 quod
813 1873 1039 1914 reprehenditur
1049 1893 1057 1907 ,
1070 1872 1150 1902 reeh}

188 1921 306 1953 fastum
316 1919 373 1951 effe
384 1919 546 1950 defendes?
570 1921 716 1948 Fecerunt
732 1918 781 1947 alii
801 1917 857 1947 alia
866 1926 958 1956 quam
969 1916 1081 1945 multa:
1101 1924 1153 1945 cur

190 1968 223 1994 'in
244 1965 300 1994 hoc
318 1972 381 1992 uno
397 1963 528 1992 crimine
546 1960 604 1990 isto
621 1970 728 2001 genere
746 1956 929 1989 defenfionis
947 1959 1036 1987 uteris
1046 1957 1056 1982 ἓ
1078 1959 1154 1987 Sunt

190 2006 327 2047 quaedam
339 2006 471 2035 omnino
482 2006 515 2033 in
527 2012 553 2033 te
563 2001 729 2042 singularia,
738 2010 804 2041 quae
815 2002 848 2030 in
858 1999 981 2029 nullum
991 2000 1086 2029 alium
1096 2000 1152 2028 ho-

191 2050 311 2079 minem
328 2046 407 2080 dici,
428 2055 526 2086 neque
535 2045 700 2075 convenire
709 2041 835 2083 pollint:
853 2041 990 2083 quaedam
1009 2041 1064 2071 tibi
1079 2051 1151 2070 cum

191 2090 299 2120 multis
309 2090 497 2119 communia.
528 2090 607 2128 Ergo
618 2107 626 2119 ,
647 2087 788 2115 omittam
802 2092 869 2114 tuos
879 2084 1032 2124 peculatus
1042 2103 1050 2117 ‚
1069 2091 1103 2113 ut
1113 2083 1153 2112 ob

185 2133 237 2173 jus
248 2131 416 2161 dicundum
427 2130 566 2170 pecunias
576 2136 706 2167 acceptas
717 2147 725 2160 ‚
746 2134 778 2156 ut
786 2126 937 2166 ejusmodi
953 2135 1047 2155 cetera
1056 2145 1064 2158 ‚
1082 2135 1147 2166 quae

189 2172 312 2204 {orfitan
321 2173 372 2202 alii
386 2181 506 2213 quoque
516 2172 605 2201 etiam
615 2169 759 2199 fecerint:
777 2167 853 2197 illud
864 2188 872 2201 ‚
892 2169 924 2197 in
934 2176 1034 2208 quote
1042 2167 1153 2209 gravis-

190 2214 266 2245 fime
276 2214 407 2244 accusavi
417 2234 426 2248 ,
439 2213 521 2254 quod
535 2210 761 2251 abjudicandam
771 2220 828 2239 rem
835 2210 984 2250 pet-aniam
992 2207 1132 2249 accepisti-s
1143 2229 1151 2242 ,

190 2256 298 2288 eadem
309 2255 362 2286 ista
372 2257 486 2285 ratione
497 2253 650 2287 defendes,
661 2251 761 2283 fecifl'e
776 2252 872 2282 alios?
897 2254 939 2281 Ut
948 2261 1003 2291 ego
1013 2250 1150 2280 affentiar

191 2300 323 2329 orationi
334 2318 342 2332 ,
363 2295 571 2327 defensionem
590 2304 692 2326 tamen
702 2304 767 2324 non
778 2293 920 2333 probabo.
941 2292 1044 2322 Potius
1054 2294 1150 2326 enim,

189 2350 220 2371 te
232 2340 374 2371 damnato
383 2360 392 2373 ,
405 2341 510 2369 ceteris
519 2336 662 2378 angustior
675 2337 757 2366 locus
770 2334 972 2375 improbitatis
987 2333 1153 2364 defenden-

193 2383 238 2413 dae
248 2383 451 2423 relinquetur,
464 2380 553 2421 quam
565 2399 573 2413 ‚
586 2388 613 2409 te
623 2378 759 2409 absoluto
768 2397 776 2411 ,
787 2378 857 2410 alii,
870 2375 951 2418 quod
961 2374 1151 2406 audacissime

129 2429 146 2461 2
152 2437 174 2471 9
193 2425 346 2457 fecerunt,
369 2422 449 2454 redie*
467 2420 569 2452 teciss‘e
582 2420 804 2451 existimentur.
836 2421 955 2460 Lugent
963 2428 1071 2448 omnes
1084 2428 1154 2458 pro-

193 2468 302 2497 vinciae
312 2477 317 2494 z
329 2473 497 2506 queruntur
506 2473 615 2493 omnes
625 2463 712 2493 liberi
721 2461 826 2502 populi
838 2472 842 2490 z
854 2470 943 2502 regna
951 2459 1082 2501 denique
1090 2462 1153 2500 jam

193 2510 299 2539 omnia
312 2507 347 2538 de
358 2506 465 2537 nostris
475 2504 699 2546 cupiditatibus,
713 2504 877 2543 &injuriis
886 2501 1075 2542 expostulant
1087 2512 1092 2530 z
1108 2503 1154 2531 10-

193 2561 244 2581 cus
257 2553 333 2580 intra
342 2552 498 2579 Oceanum
506 2550 570 2588 jam
582 2547 684 2577 nullus
695 2545 738 2576 est
749 2565 757 2580 ,
770 2555 867 2587 neque
877 2553 936 2575 tarn
948 2545 1133 2585 longinquus
1145 2564 1153 2577 ‚

193 2602 292 2633 neque
302 2601 362 2621 tam
372 2590 544 2621 reconditus
556 2610 564 2623 ‚
576 2588 637 2630 quo
648 2599 713 2619 non
722 2608 730 2622 ‚
741 2598 793 2628 per
803 2588 865 2618 haec
876 2595 1025 2626 tempora,
1038 2585 1154 2615 nostro-

194 2644 265 2665 rum
286 2634 449 2663 hominum
459 2652 467 2666 2
491 2630 576 2661 libido
586 2652 594 2665 ‚
617 2631 811 2672 iniquitasque
823 2629 989 2670 pervaserit.
1013 2627 1155 2658 sustinere

191 2678 257 2716 jam
270 2676 399 2716 populus
413 2677 572 2705 Romanus
582 2682 725 2703 omnium
739 2674 900 2702 nationum
911 2680 976 2701 non
985 2672 1051 2700 vim
1060 2690 1068 2704 ‚
1092 2680 1155 2699 non

195 2727 277 2748 arma
287 2737 295 2751 ,
316 2726 381 2746 non
396 2717 511 2746 bellum
523 2735 530 2750 ‚
553 2715 601 2746 sed
612 2713 729 2745 mistum
741 2735 750 2748 ,
770 2715 912 2754 lacrymas
922 2715 931 2746 ,‘
950 2713 1155 2753 querimonias

196 2770 260 2790 non
271 2758 375 2799 potest.
398 2761 435 2788 In
448 2757 598 2798 ejusmodi
609 2766 640 2786 re
649 2777 657 2790 ‚
678 2766 710 2787 ac
720 2757 856 2786 moribus
868 2754 875 2784 i
889 2754 909 2785 fi
922 2757 946 2784 is
956 2774 963 2787 ‚
975 2757 1027 2795 qui
1038 2756 1093 2784 erit
1103 2753 1154 2783 ad—

197 2801 304 2832 dudtus
316 2799 520 2840 injudicium‚
531 2798 602 2829 curn
618 2802 631 2818 ²
643 2797 811 2828 manifestis
823 2800 853 2828 in
865 2796 984 2839 flagitiis
995 2796 1154 2830 tenebitur,

196 2843 267 2872 alios
280 2840 472 2879 eademfeciffi
484 2841 579 2871 dicet:
597 2841 643 2870 illi
654 2840 794 2880 exempla
805 2849 869 2870 non
880 2840 1019 2869 deerunt:
1038 2838 1152 2877 reipub,

1206 115 1735 171 Cicssnonrs

1185 196 1321 237 periculo
1338 196 1553 227 liberabuntur.
1594 195 1715 227 Placent
1732 193 1820 225 vobis
1841 192 2005 224 hominum
2017 193 2146 228 ⁴mores?

1186 240 1282 280 placet
1292 241 1332 269 ita
1341 241 1402 280 geri
1414 238 1608 280 magistratus,
1618 247 1651 268 ut
1661 246 1804 279 geruntur
1814 239 1824 266 ?
1835 236 1929 277 placet
1939 236 2033 266 socios
2043 235 2080 267 sic
2090 247 2148 270 tra-

1189 280 1260 311 &ari
1269 302 1278 314 ‚
1299 280 1382 323 quod
1402 280 1488 311 restat
1496 300 1504 314 ‚
1527 289 1560 310 ut
1569 291 1619 321 per
1633 281 1696 310 haec
1714 289 1850 319 tempora
1868 277 2003 311 tra6lmtos
2017 278 2148 311 videtis?

1190 326 1248 354 Cui·
1258 324 1320 353 haec
1331 323 1347 353 a
1357 333 1408 353 me
1418 332 1506 362 opera
1515 323 1726 353 consumitur?
1747 320 1820 362 quid
1837 320 1961 352 sedetis?
1979 330 2032 350 cur
2041 330 2106 351 non
2115 324 2151 353 in

1189 365 1290 396 media
1299 367 1433 395 oratione
1445 374 1512 394 mea
1528 365 1728 404 consurgitis,
1750 372 1836 404 atque
1855 362 2027 393 disceditis?
2050 363 2152 394 Vultis

1188 416 1289 437 autem
1308 407 1434 437 istorum
1451 406 1584 436 audacias
1595 426 1603 439 ,
1621 416 1653 435 ac
1672 404 1815 435 libidines
1826 405 1923 445 aliqua
1936 414 1973 434 ex
1983 413 2062 444 parte
2073 406 2150 436 rese-

1190 459 1253 479 care
1265 452 1275 478 ?
1298 448 1432 478 Desinite
1442 448 1576 478 dubitare
1588 469 1595 480 ,
1609 456 1710 477 utrum
1721 445 1754 476 sit
1764 456 1907 477 UTILIUS
1919 466 1926 479 ‚
1941 455 2060 486 propoer
2069 447 2151 477 mul-

1191 500 1237 521 tos
1250 491 1406 531 improbos
1417 492 1470 519 uni
1480 499 1606 529 parcere,
1622 499 1660 519 an
1671 491 1760 519 unius
1771 488 1901 528 improbi
1913 488 2057 528 supplicio
2069 489 2151 519 mul—

1193 542 1292 563 torum
1304 532 1529 572 improbitatem
1539 532 1665 561 coercere.
1684 528 1814 561 Tametsi
1825 540 1890 571 quae
1902 529 1954 560 ista
1964 530 2032 560 sunt
2044 540 2153 561 exem-

1192 576 1240 615 pla
1252 574 1443 604 multorum?
1467 584 1537 603 nam
1548 575 1660 605 cumin
1670 573 1755 602 causa
1764 581 1842 602 tanta
1852 592 1860 605 ‚
1882 571 1953 602 cum
1973 574 2005 602 in
2023 574 2151 603 crimine

1193 619 1332 646 maximo
1349 616 1410 646 dici
1436 615 1452 645 a
1469 614 1625 645 defensore
1649 624 1781 654 coeptum
1810 613 1852 644 est
1870 635 1878 647 ,
1905 613 2074 644 factitatum
2091 613 2150 644 esse
2194 639 2198 643 .

1194 658 1307 699 aliquid
1321 669 1326 687 :
1346 657 1518 697 exspel‘hnt
1528 658 1549 686 ii
1561 678 1569 691 ,
1589 658 1641 698 qui
1651 658 1792 689 audiunt,
1814 656 1937 696 exempla
1947 667 1980 684 ex
1993 664 2080 685 verere
2093 667 2151 686 me-

1194 710 1301 734 morta,
1316 700 1348 729 ὃς
1359 704 1570 729 monumentis
1581 720 1588 732 ,
1601 710 1632 729 ac
1642 699 1748 728 litteris
1757 718 1765 732 ‚
1777 699 1864 738 plena
1874 699 2026 738 dignitatis
2038 718 2046 732 ,
2064 698 2153 738 plena

1193 743 1387 782 antiquitatis.
1420 743 1491 771 Haec
1501 740 1670 780 plurimum
1688 740 1784 770 solent
1801 740 1833 770 &c
1849 739 2030 771 au&01*itatis
2047 740 2152 771 habere
2169 750 2221 784 9⁹>
2260 774 2262 783 ι

1193 783 1230 814 ad
1245 783 1434 823 probandum
1446 804 1454 816 ‚
1478 784 1510 813 &
1520 783 1712 819 jucunditatis
1724 782 1758 812 ad
1769 782 1964 812 audiendum.
1994 781 2156 813 Africanos

1194 827 1272 856 mihi
1282 845 1290 858 ‚
1305 825 1336 855 &
1347 828 1486 858 Catones,
1500 825 1532 854 ὃς
1543 825 1653 854 Laelios
1663 825 1939 854 commemorabis?
1951 825 1982 854 &
1993 834 2044 853 eos
2052 823 2154 854 fecisse

1194 867 1276 897 idem
1295 867 1394 897 dices?
1414 869 1553 906 quamvis
1567 877 1613 896 res
1624 867 1701 896 mihi
1713 877 1776 896 non
1787 867 1913 906 placeat:
1933 874 2034 896 tamen
2051 876 2156 897 contra

1195 910 1358 939 hominum
1369 907 1571 937 androrirarem
1581 918 1711 950 pugnare
1721 918 1784 938 non
1795 917 1908 948 potero.
1943 913 1990 938 An
2001 929 2009 942 ‚
2020 906 2092 938 cum
2104 918 2155 938 eos

1195 961 1258 981 non
1276 953 1387 991 poteris
1399 963 1408 985 3
1427 950 1557 991 proferes
1572 952 1625 980 hos
1637 953 1780 980 recenteis
1792 971 1799 982 ,
1820 951 2010 990 QCatulum
2020 959 2133 990 patrem
2144 970 2158 984 ‚.

1196 996 1230 1024 C.
1243 995 1374 1023 Marium
1389 1013 1397 1026 ,
1421 993 1634 1033 QScsevolam
1646 1013 1653 1026 ‚
1678 995 1722 1022 M.
1734 996 1875 1023 Scaurum
1887 1012 1895 1026 ‚
1920 993 2130 1033 QMctellum
2142 996 2160 1022 ἓ·

1194 1037 1248 1076 qui
1258 1045 1366 1065 omnes
1375 1037 1544 1075 provincias
1555 1035 1721 1064 habuerunt
1731 1055 1738 1068 ‚
1754 1035 1785 1064 ὃς
1796 1033 1983 1064 frumentum
1997 1035 2086 1064 caellae
2099 1044 2156 1064 no-

1197 1079 1282 1107 mine
1291 1079 1523 1117 imperaverunt.
1555 1086 1663 1118 magna
1681 1076 1722 1106 est
1744 1078 1907 1106 hominum
1926 1075 2102 1110 auctoritas,
2123 1076 2158 1107 δί

1195 1128 1274 1150 tanta
1285 1139 1292 1153 ‚
1315 1128 1348 1148 ut
1359 1121 1449 1149 etiarn
1464 1117 1558 1147 daal-z
1568 1119 1747 1157 firspicionem
1761 1127 1849 1158 tegere
1858 1117 1956 1158 poisit.
1981 1120 2055 1147 Non
2066 1118 2156 1148 habes

1196 1171 1233 1191 ne
1247 1171 1284 1191 ex
1294 1162 1339 1190 his
1350 1160 1473 1200 quidem
1485 1161 1672 1193 hominibus,
1682 1162 1734 1200 qui
1745 1170 1838 1199 nuper
1847 1159 1984 1193 fuerunt,
1993 1159 2092 1189 ullum
2103 1170 2156 1190 au-

1196 1202 1312 1233 &torem
1329 1202 1413 1232 istius
1434 1201 1655 1232 aestimationis.
1679 1202 1749 1243 Qo
1769 1212 1819 1231 me
1836 1204 1949 1242 igitur,
1971 1210 2020 1231 aut
2039 1201 2073 1231 ad
2092 1211 2160 1242 quae

1195 1245 1334 1285 exempla
1344 1245 1484 1274 revocas?
1496 1244 1814 1277 Abillishominibus,
1828 1246 1958 1284 quitum
1973 1243 2076 1273 versati
2089 1245 2158 1274 sunt
2190 1252 2192 1254 ’

1195 1289 1228 1317 in
1239 1287 1344 1327 repub.
1356 1285 1427 1316 crim
1439 1287 1472 1316 &
1482 1287 1591 1326 optimi
1603 1296 1703 1315 mores
1715 1295 1797 1316 erant
1807 1306 1814 1319 ‚
1835 1287 1867 1315 &
1878 1287 2041 1315 hominum
2054 1284 2158 1315 existi-

1197 1331 1291 1359 matio
1300 1330 1395 1370 gravis
1404 1328 1585 1361 habebatur,
1607 1327 1760 1367 &judicia
1774 1329 1872 1360 severa
1886 1326 1996 1357 fiebant
2006 1347 2014 1360 ‚
2034 1327 2069 1357 ad
2082 1329 2157 1357 lianc

1196 1372 1362 1400 hominum
1375 1371 1528 1400 licentiam
1540 1390 1548 1403 ,
1564 1369 1767 1399 &libidinem
1780 1380 1828 1399 me
1839 1369 1981 1399 abducis?
1994 1369 2026 1399 &
2035 1371 2068 1398 in
2081 1379 2158 1410 quos

1196 1412 1311 1454 aliquid
1321 1412 1439 1453 exempli
1448 1412 1567 1454 populus
1582 1415 1724 1441 Romanm
1732 1410 1825 1447 statui
1835 1418 1922 1452 purat
1935 1419 2072 1451 oportere
2089 1431 2097 1444 ,
2121 1411 2166 1441 ab*

1194 1457 1232 1485 iis
1243 1464 1276 1484 tu
1287 1452 1469 1484 defensionis
1481 1454 1619 1494 exempla
1628 1455 1756 1495 quaeris?
1779 1456 1854 1483 Non
1867 1453 1952 1494 fugio
1963 1463 2001 1482 ne
2020 1454 2074 1482 hos
2090 1453 2159 1493 qui-

1195 1496 1266 1527 dem
1278 1506 1377 1526 mores
1389 1516 1397 1530 ‚
1409 1496 1581 1526 dummodo
1593 1506 1630 1525 ex
1639 1498 1686 1525 his
1696 1506 1728 1525 ea
1738 1516 1746 1529 ,
1765 1506 1830 1536 quae
1837 1493 1938 1537 probat
1946 1495 2074 1535 populus
2089 1497 2157 1525 Ro-
2176 1519 2186 1534 ,-

1197 1549 1304 1569 manus
1314 1538 1455 1578 exempla
1466 1558 1474 1571 ‚
1490 1548 1553 1568 non
1565 1547 1597 1567 ea
1606 1558 1614 1571 ,
1626 1548 1692 1578 quae
1704 1537 1865 1566 condemnat
1874 1558 1882 1571 ‚
1895 1537 2059 1578 sequamur.
2083 1539 2163 1567 Nonss

1195 1581 1436 1620 circumspiciam
1449 1601 1457 1614 ‚
1482 1584 1495 1607 3
1507 1590 1571 1609 non
1580 1590 1711 1620 quaeram
1721 1579 1796 1609 foris
1806 1600 1814 1612 ‚
1826 1578 1898 1609 cum
1908 1579 2014 1609 habeas
2020 1578 2137 1619 judices
2147 1598 2164 1613 ν

1195 1625 1343 1663 principes
1352 1624 1479 1652 civitatis
1489 1642 1496 1655 ‚
1511 1625 1541 1652 P.
1550 1622 1724 1655 Servilium,
1736 1621 1928 1662 QCatulum
1941 1631 1946 1650 2
1957 1622 2009 1661 qui
2019 1629 2098 1651 tanta
2106 1630 2159 1650 au-

1199 1664 1334 1695 &oritate
1344 1665 1411 1694 sunt
1419 1685 1428 1697 ‚
1444 1665 1533 1694 tantis
1542 1663 1629 1693 rebus
1639 1662 1727 1705 gestis
1737 1683 1744 1697 ‚
1759 1673 1790 1693 ut
1800 1665 1833 1693 in
1843 1663 1898 1692 illo
1907 1665 2112 1703 antiquorum,
2125 1662 2161 1693 δε

1198 1705 1426 1737 clariffimorum
1436 1707 1620 1739 hominum,
1643 1706 1679 1735 de
1694 1705 1803 1746 quibus
1820 1714 1905 1734 antea
1922 1704 2006 1737 dixi,
2027 1713 2159 1734 numero

1198 1757 1389 1789 reponantur.
1413 1748 1561 1788 Exempla
1571 1749 1734 1788 quaerimus
1744 1768 1752 1780 ‚
1776 1747 1808 1776 δε
1817 1757 1850 1776 ea
1860 1756 1925 1776 non
1933 1748 2064 1786 antiqua.
2089 1755 2160 1775 mo-

1197 1790 1238 1820 do
1249 1799 1371 1832 uterque
1382 1791 1492 1820 horum
1505 1811 1515 1823 ,
1528 1791 1695 1819 exercitum
1709 1789 1821 1819 habuit.
1847 1790 1954 1829 Qaere
1967 1808 1975 1821 ,
1997 1786 2136 1818 Hortensi
2147 1806 2156 1821 ‚

1198 1834 1342 1874 quoniam
1355 1841 1382 1862 te
1392 1834 1522 1862 recentia
1531 1832 1670 1871 exempla
1679 1830 1828 1860 delet‘iant
1837 1850 1845 1863 ‚
1861 1830 1933 1871 quid
1943 1829 2077 1860 fecerint.
2099 1832 2159 1860 Ita-

1199 1885 1237 1905 ne
1249 1873 1341 1905 verb?
1356 1874 1524 1914 QCatulus
1533 1873 1689 1903 frumento
1699 1872 1741 1902 est
1753 1873 1832 1906 usus,
1843 1873 2004 1912 pecuniam
2014 1881 2079 1902 non
2087 1872 2157 1902 co'e'-

1197 1919 1249 1958 git.
1272 1919 1302 1947 P.
1313 1918 1456 1946 Servilius
1466 1917 1712 1956 quinquennium
1724 1916 1867 1945 exercitui
1876 1913 1947 1944 cum
1958 1912 2107 1954 praeeffer,
2124 1914 2158 1944 &

1197 1958 1251 1988 ista
1268 1960 1382 1988 ratione
1402 1959 1654 1987 innumerabilem
1671 1959 1832 1997 pecuniam
1847 1955 1942 1986 facere
1958 1954 2070 1995 postet,
2093 1966 2159 1986 non

1198 2000 1296 2031 statuit
1307 1998 1363 2041 fibi
1375 2000 1536 2041 quidquam
1551 1999 1632 2028 licere
1643 2020 1652 2032 ,
1671 1999 1754 2039 quod
1766 2008 1830 2028 non
1842 2006 1954 2038 patrem
1965 1998 2051 2028 suum
2063 2017 2072 2031 ‚
2092 2007 2158 2028 non
2192 2000 2216 2036 ᾖ,

1196 2053 1286 2074 avum
1303 2044 1517 2082 QMetellum
1535 2041 1630 2071 facere
1648 2039 1778 2071 vidiss'et-
1811 2043 1843 2070 C.
1855 2043 1961 2070 Verres
1979 2042 2163 2079 reperietur,.

1197 2086 1249 2126 qui
1261 2105 1268 2117 ‚
1291 2084 1366 2128 quad
1377 2084 1524 2125 expediar,
1551 2083 1668 2112 idlicerc
1676 2083 1772 2112 dicat?
1794 2082 1876 2122 quod
1890 2091 1983 2111 nemo
1994 2101 2002 2114 ‚
2023 2079 2079 2110 nisi
2094 2084 2158 2111 irn-

1197 2127 1318 2167 probus‚
1330 2128 1434 2155 fecerit
1443 2145 1451 2159 ‚
1468 2125 1498 2155 id
1508 2125 1636 2155 aliorum
1648 2124 1791 2164 exemplo
1802 2124 1830 2153 se
1839 2121 1939 2153 feciss‘e
1949 2122 2162 2154 defendat-²128„
2177 2135 2195 2168 9
2205 2133 2223 2160 t

1197 2172 1229 2198 in
1239 2169 1340 2199 Sicilia
1350 2166 1517 2197 factitatum
1530 2166 1583 2196 est.
1615 2168 1690 2207 Qae
1699 2165 1742 2195 est
1752 2164 1805 2195 ista
1814 2165 1951 2195 conditio
1961 2165 2090 2195 Siciliae?
2107 2174 2162 2195 cur

1196 2220 1260 2251 quae
1271 2210 1453 2252 optimojnre‚
1463 2217 1583 2248 propter
1591 2206 1782 2240 vetustatem,
1794 2205 2167 2248 fidelitatem‚propinqui-⁷

1197 2262 1287 2282 tatem
1298 2249 1356 2281 effe
1369 2250 1457 2280 debet
1468 2269 1475 2283 ,
1493 2251 1563 2279 huic
1572 2251 1717 2289 praecipua
1728 2250 1776 2278 lex
1787 2249 1906 2288 injuriae
1919 2248 2081 2278 definitur?
2101 2248 2158 2279 Sed

1197 2295 1229 2324 in
1239 2293 1294 2323 ista
1306 2293 1366 2333 ipsa
1375 2292 1475 2322 Sicilia
1485 2311 1492 2325 ‚
1516 2301 1579 2321 non
1589 2301 1716 2332 quaeram
1729 2291 1906 2330 exemplum
1916 2290 1990 2320 foris
2002 2301 2007 2319 t
2026 2291 2084 2321 hoc
2092 2292 2158 2331 ipso

1198 2345 1235 2365 ex
1246 2334 1372 2365 consilio
1381 2343 1446 2363 utar
1456 2334 1612 2373 exemplis
1638 2336 1671 2363 C.
1687 2333 1842 2367 Marcelle,
1857 2341 1884 2362 te
1897 2333 2025 2372 appello.
2048 2333 2158 2363 Siciliae

1197 2378 1359 2418 provinciae
1370 2396 1377 2409 ‚
1394 2386 1464 2407 cum
1476 2374 1546 2405 ess'es
1556 2385 1610 2415 pro
1622 2376 1744 2405 consule
1753 2395 1762 2408 ,
1779 2374 1923 2414 praefuisti
1935 2385 1940 2404 :
1962 2384 2036 2404 num
2048 2385 2113 2416 quae
2123 2376 2157 2405 in

1197 2428 1250 2449 tuo
1263 2421 1394 2458 imperio
1404 2420 1537 2457 pecuniae
1552 2438 1560 2450 ,
1577 2417 1667 2447 caeilae
1678 2427 1805 2446 nomine
1815 2437 1823 2450 ‚
1835 2415 1944 2447 cantae
1954 2417 2041 2449 sunt?
2061 2426 2161 2458 neque

1199 2471 1254 2502 ego
1267 2462 1324 2490 lioc
1337 2462 1368 2489 in
1381 2469 1428 2490 tua
1441 2459 1525 2489 laude
1535 2465 1626 2499 pono.
1651 2460 1707 2489 alia
1716 2459 1784 2488 sunt
1796 2468 1844 2489 tua
1852 2457 1928 2488 fausta
1938 2478 1946 2492 ,
1965 2467 2050 2499 atque
2061 2457 2159 2489 confi-

1200 2504 1237 2533 lia
1249 2523 1256 2536 ,
1277 2503 1395 2533 summa
1412 2502 1497 2531 laude
1508 2501 1613 2542 digna:
1631 2501 1740 2542 quibus
1751 2501 1835 2531 illam
1845 2510 1876 2530 tu
1886 2501 2073 2540 provinciam
2083 2499 2160 2539 affli—

1201 2544 1280 2574 &am
1293 2545 1324 2574 &
1336 2543 1481 2584 perditam
1493 2542 1624 2577 erexisti,
1636 2553 1721 2584 atque
1732 2542 1874 2572 recreasti.
1898 2552 1967 2572 nam
1979 2544 2037 2572 hoc
2045 2542 2083 2572 de
2091 2537 2160 2573 cazl-

1200 2587 1226 2617 la
1235 2607 1242 2620 ‚
1256 2597 1294 2616 ne
1304 2586 1437 2626 Lepidus
1447 2585 1570 2626 quidem
1581 2585 1687 2615 fecerat
1699 2605 1711 2618 ,
1720 2585 1811 2614 cuitu
1824 2582 1989 2615 succeffisti.
2007 2586 2081 2626 Qae
2091 2586 2160 2615 sunt

1200 2629 1255 2659 tibi
1266 2630 1355 2668 igitur
1365 2628 1504 2667 exempla
1516 2630 1547 2656 in
1557 2628 1657 2658 Sicilia
1666 2627 1754 2657 caellae
1765 2646 1773 2660 ,
1792 2625 1812 2656 si
1823 2628 1879 2656 hoc
1890 2627 2006 2656 crimen
2017 2636 2080 2656 non
2091 2636 2160 2657 mo-

1200 2671 1240 2700 do
1251 2670 1386 2700 Marcelli
1396 2669 1475 2700 sesto
1485 2689 1493 2703 ‚
1516 2669 1563 2699 sed
1581 2679 1617 2699 ne
1628 2668 1737 2709 Lepidi
1748 2668 1873 2709 quidem
1882 2677 1968 2708 potes
1977 2667 2136 2698 defendere
2147 2670 2159 2697 ἓ

1200 2716 1248 2742 An
1259 2723 1308 2742 me
1318 2712 1352 2742 ad
1363 2714 1397 2741 M
1402 2713 1540 2742 -Aritoiiii
1553 2710 1782 2741 fustimationem
1793 2709 2160 2743 frumenti‚exa&ionem.-

1200 2765 1256 2794 que
1267 2755 1400 2794 pecunia:
1420 2763 1608 2784 revocaturus
1627 2756 1677 2782 es?
1699 2755 1742 2782 Ita
1752 2772 1760 2786 ,
1780 2753 1880 2793 inquit
1889 2772 1897 2786 ‚
1918 2752 1954 2782 ad
1964 2753 2008 2782 M.
2022 2752 2160 2782 Antonii.

1201 2798 1259 2826 hoc
1269 2798 1352 2826 enim
1365 2797 1442 2825 mihi
1460 2793 1632 2837 fignificaffe
1642 2815 1650 2828 ,
1673 2794 1705 2824 &
1716 2793 1852 2824 annuiss'e
1868 2794 1948 2824 visus
1957 2792 2008 2823 est.
2032 2796 2080 2824 Ex
2092 2803 2160 2823 om-
2202 2798 2213 2829 ’Ἴ

1202 2839 1329 2868 nibusne
1339 2839 1430 2878 igitur
1447 2838 1553 2878 populi
1566 2838 1700 2867 Romani
1716 2835 1917 2876 4praetoribus
1928 2856 1937 2869 ‚
1957 2845 2011 2875 pro
2030 2835 2165 2866 consuli·
2252 2833 2253 2836 ’

195 2885 272 2916 filus
282 2884 376 2914 deerit
385 2903 393 2917 ,
416 2882 436 2913 si
454 2883 669 2923 improborum
685 2882 833 2923 exemplis
851 2881 985 2922 improbi
998 2880 1116 2921 judicio
1126 2890 1157 2911 ac
1201 2880 1256 2911 bus
1267 2901 1275 2914 ,
1288 2880 1530 2920 imperatoribus,
1542 2882 1585 2909 M.
1598 2880 1772 2910 Antonium
1782 2876 1935 2918 delegisti,
1948 2878 1980 2908 ὃς
1990 2878 2053 2918 ejus
2065 2885 2167 2908 unum·
2214 2903 2217 2908 7

2048 2921 2164 2960 impro-

238 3029 248 3048 1
256 3042 270 3081 .l
281 3022 352 3082 nget
358 3025 437 3055 populo
446 3022 525 3056 Rom]
546 3021 617 3049 Illud
627 3024 691 3049 dehet
699 3021 821 3050 additum
832 3031 865 3050 ex
876 3021 1032 3050 Fabriciano
1044 3041 1052 3054 ‚
1074 3021 1155 3047 ceteri

199 3065 252 3084 non
274 3067 295 3082 ia
314 3065 371 3084 ent.

231 3095 433 3133 -a..t.911an1fistic
450 3096 476 3135 ¹⁸⁷!
487 3095 591 3128 flagitiis
609 3095 752 3129 tenemium]
773 3094 935 3121 Gulielmius
955 3093 1056 3121 accedit
1066 3094 1103 3120 eis
1115 3093 1160 3130 qui

196 3128 323 3194 fflzcxiiunt
344 3130 553 3168 praepositionem
571 3135 607 3159 m.
627 3131 712 3160 reste.
734 3131 778 3160 sed
788 3138 878 3160 tamen
887 3131 955 3161 nihil
968 3137 1040 3160 vetat
1050 3139 1106 3162 eam
1117 3139 1161 3159 rc-

1232 3028 1249 3056 =3
1257 3041 1262 3045 .
1282 3024 1342 3055 9(οη
1352 3030 1454 3053 queram
1459 3021 1520 3053 siris
1531 3039 1538 3050 ‚
1551 3019 1601 3045 ce¹em
1610 3019 1794 3058 habeas-judices
1802 3018 1922 3050 principes
1934 3036 1942 3048 ,
1952 3017 2019 3051 ὸο]
2040 3014 2165 3043 Lambin.

1194 3057 1265 3090 flia-is.
1285 3058 1462 3090 kizhcojudices.
1483 3055 1567 3082 nescio
1577 3065 1609 3082 aii
1624 3059 1637 3082 e
1649 3053 1761 3090 scripto:
1777 3053 1886 3079 interim
1897 3053 1999 3090 reperio
2008 3053 2035 3079 in
2047 3052 2104 3079 Pal.
2114 3051 2171 3078 sec-t

1203 3094 1309 3154 &retr¹⁴
1321 3091 1438 3154 egdb'flm
1446 3102 1547 3127 quaeram
1558 3092 1630 3126 saris.
1651 3092 1739 3117 habear
1749 3091 1844 3125 judices
1862 3096 1935 3116 tecum
1948 3092 2069 3123 principes
2075 3100 2085 3123 ‚·
2104 3095 2169 3115 nam-

1222 3138 1286 3155 i'lm.
1309 3138 1332 3154 la
1351 3138 1363 3154 (ί
1384 3138 1417 3154 15.

1203 3139 1219 3166 P
1238 3166 1464 3201 4.P1·aetoribus‚pro
1474 3163 1683 3202 constilibtu‚&c.]
1702 3161 1747 3194 Est
1757 3163 1772 3192 :i
1782 3161 2020 3195 Nanniano‚ceteri
2030 3159 2165 3196 confidibur.

2091 3204 2114 3224 Χ,
2123 3193 2178 3222 Sel'

2207 2249 2248 2291 3]
