2316 3395
216 141 280 191 30
603 124 687 171 An
732 110 1187 170 Remmium,

214 207 372 250 quomodo
379 206 526 248 accepturi
536 204 594 236 sitis
605 225 613 239 ,
632 214 687 234 vos
699 212 747 234 me
757 199 901 242 privastis-
923 196 1006 239 Qid
1017 197 1079 244 ita'?
1098 196 1169 243 quia

215 260 248 282 ut
258 250 345 280 vobis
355 249 446 280 efl'em
456 249 607 290 probatus,
622 257 692 276 eum
703 266 711 279 ,
723 246 773 286 qui
785 252 839 273 vos
851 238 1049 281 oppugnabat,
1060 246 1169 284 inimi-

215 303 287 322 cum
299 313 308 326 ‚
328 292 418 334 quam
437 293 569 321 amicum
581 289 685 319 habere
696 286 800 316 malui.
833 287 911 325 Ergo
922 283 984 312 haec
994 287 1151 310 exornatio
1162 297 1171 312 ,

215 336 266 364 cui
277 335 405 364 licentiae
416 343 530 363 nomen
541 331 583 361 est
594 351 601 363 ,
615 329 696 359 sicuti
707 325 990 358 demonstravimus,
1003 321 1117 362 duplici
1126 330 1171 352 ra-

216 377 299 406 tione
311 375 495 406 tractabitur:
510 373 673 403 acrimonia
684 391 691 403 ‚
703 379 767 410 quae
780 366 800 397 si
810 364 946 397 nimium
954 364 1046 395 fuerit
1054 363 1151 403 aspera
1161 382 1170 396 ‚

215 418 402 459 mitigabitur
412 416 496 446 laude
510 426 514 444 τ
536 415 567 444 &
577 411 793 442 assimulatione
803 429 811 443 ,
824 409 861 439 de
870 417 928 450 qua
936 406 1082 448 posterius
1091 405 1173 435 dixi-

217 469 285 488 mus
299 480 308 492 ,
328 469 393 500 quae
412 468 474 488 non
487 456 600 495 indiget
610 453 807 495 mitigationis
817 471 825 485 ,
848 458 1000 491 propterea
1009 447 1090 489 quod
1101 448 1172 476 imi-

215 510 291 530 tatur
300 501 451 530 licentiam
465 520 472 532 ,
494 499 526 528 ὃς
538 498 554 527 s
553 495 586 527 un
598 497 700 536 sponte
710 494 745 524 ad
761 496 899 524 animum
918 491 1061 521 auditoris
1082 489 1109 519 se
1127 498 1175 518 ac·-

156 555 168 575 :
179 547 196 578 8
217 542 402 572 commodat.
427 541 607 570 Deminutio
617 537 660 567 est
670 558 677 570 ,
689 535 760 567 cum
771 534 883 576 aliquid
894 532 951 563 effe
962 532 1050 562 nobis
1062 551 1071 565 ‚
1082 532 1174 560 autin

159 583 165 586 ’
218 586 254 614 iis
268 605 274 617 ‚
291 594 366 625 quos
376 581 569 612 defendimus
583 600 590 612 ,
611 588 660 610 aut
671 588 772 609 natura
782 598 790 611 ‚
811 586 861 606 aut
869 575 988 605 fortuna
999 594 1006 608 ‚
1027 581 1076 603 aut
1084 571 1175 602 indu·
1198 602 1201 615 1

215 625 284 656 stria
295 626 430 655 dicemus
442 625 594 664 egregium
607 632 612 650 τ
631 620 712 662 quod
723 641 731 654 ,
744 629 839 660 nequa
849 616 1028 659 significetur
1036 623 1173 654 arrogans

215 667 374 697 ostentatio
386 686 393 699 ,
406 665 604 697 demin-mitur,
617 663 650 693 &
660 666 825 692 attenuatur
834 661 969 689 oratione
980 678 988 691 ‚
1000 659 1058 687 hoc
1069 655 1174 686 modo:

215 711 297 738 Nam
307 710 355 737 hoc
365 718 418 748 pro
429 707 572 746 meojure
585 726 593 739 ‚
602 704 718 745 judices
728 725 736 737 ‚
750 703 818 733 dico
830 723 837 736 ‚
850 711 898 731 me
910 701 1008 730 labore
1019 719 1027 732 ‚
1042 699 1075 728 Sc
1084 697 1174 728 indu-

214 750 284 780 stria
294 748 412 782 curasse,
425 758 458 779 ut
469 748 658 787 disciplinam
671 746 833 776 militarem
845 753 908 773 non
919 745 951 771 in
962 740 1120 781 postremis
1132 748 1175 769 te-

214 802 330 822 nerem.
354 789 413 821 Hic
422 789 510 832 siquis
522 788 640 820 dixiffet
652 808 660 822 ,
679 795 713 816 ur
724 784 826 828 optim&
835 793 951 814 tenerem
962 804 969 817 ‚
983 780 1096 813 tametsi
1105 780 1174 811 vere

215 832 336 864 dixisset
347 853 354 866 ‚
375 842 477 864 tamen
495 841 633 873 arrogans
643 831 723 860 visus
732 827 813 858 esset.
838 837 919 857 nunc
930 826 961 856 δε
971 824 1006 855 ad
1024 822 1173 854 invidiam

213 875 369 906 vitandam
381 895 389 909 ‚
411 875 444 905 &
454 874 490 905 ad
508 874 626 905 laudem
649 869 879 911 comparandam
899 868 966 898 satis
984 865 1102 896 dfium
1122 864 1173 894 est.

213 920 292 948 Item
305 937 314 952 ‚
333 914 444 946 vtriim
463 917 553 958 igitur
570 916 696 945 avaritiae
713 912 796 942 causa
813 921 850 941 an
864 908 997 951 egestatis
1007 905 1120 937 accessit
1138 905 1173 935 ad

215 958 402 990 maleficium
415 961 426 987 ?
446 959 583 988 Avaritiae
595 960 604 985 ?
615 966 643 986 at
654 952 827 996 largissimus
837 951 896 982 fuit
905 953 938 981 iu
948 952 1061 980 amicos
1071 969 1079 982 ‚
1093 947 1175 989 quod

214 999 333 1043 signum
345 1000 525 1030 liberalitatis
536 998 578 1029 est
590 1019 596 1031 ‚
612 1008 676 1039 quae
687 997 831 1027 contraria
840 995 967 1024 avaritiae
978 991 1030 1021 est.
1056 989 1173 1031 Egesta-

214 1045 253 1073 tis
265 1046 276 1072 ?
294 1051 321 1073 at
333 1043 403 1072 huic
411 1041 534 1083 quidem
545 1050 625 1081 pater
637 1061 644 1073 ,
667 1038 675 1077 (
687 1038 760 1068 nolo
770 1038 905 1067 nimium
915 1034 1033 1073 dicere)
1053 1042 1117 1062 non
1131 1040 1173 1061 te-

214 1083 392 1115 nuiffimurn
404 1085 620 1124 patrimonium
632 1081 762 1121 reliquit.
784 1076 842 1108 Hic
852 1086 970 1118 quoque
979 1077 1108 1105 vitatum
1119 1072 1172 1107 est,

214 1137 254 1157 ne
265 1136 401 1166 magnum
409 1134 458 1155 aut
468 1125 629 1154 maximnm
638 1123 793 1153 diceretur.
817 1121 875 1149 hoc
895 1120 984 1158 igitur
1000 1119 1034 1146 in
1043 1115 1150 1145 nostris
1164 1134 1172 1148 ‚

212 1177 263 1199 aut
275 1178 390 1202 eorum,
399 1177 474 1208 quos
485 1165 693 1197 defendemus2
705 1163 828 1204 egregiis
838 1158 1011 1191 commodis
1021 1156 1175 1198 proferen-

214 1211 262 1240 dis
281 1210 519 1240 observabimus.
545 1217 614 1237 nam
625 1204 774 1246 ejusmodi
788 1214 832 1233 res
845 1203 877 1232 ὅτ,
888 1200 1037 1232 invidiam
1057 1207 1175 1229 contia-

214 1253 292 1282 hunt
301 1254 334 1281 in
343 1253 412 1284 vita,
427 1251 459 1280 δε
470 1250 575 1280 odium
588 1251 620 1278 in
631 1249 764 1278 oratione
779 1266 787 1278 ,
800 1243 821 1274 si
831 1241 1047 1274 inconsiderate
1057 1239 1174 1270 tracites.

215 1296 312 1335 Qare
323 1313 331 1326 ‚
355 1297 365 1313 ¹
378 1291 637 1333 quemadmodum
647 1291 760 1319 ratione
771 1285 896 1317 vivendi
907 1284 1021 1325 fugitur
1038 1281 1153 1312 invidia
1161 1301 1170 1315 ‚

154 1342 197 1375 39
216 1334 297 1365 sicin
306 1334 435 1365 dicendo
446 1354 453 1367 ‚
475 1332 600 1363 confilio
618 1334 727 1362 vitatur
744 1329 861 1360 odium.
887 1326 1059 1365 Descriptio
1070 1325 1175 1353 norni-

215 1386 321 1410 natur,
333 1387 398 1418 qua:
409 1385 509 1406 rerum
520 1374 768 1415 consequentium
780 1371 916 1401 continet
924 1368 1108 1408 perspicuam
1119 1385 1127 1399 ‚
1141 1365 1174 1394 δε

214 1418 382 1450 dilucidam
392 1428 461 1448 cum
472 1418 610 1458 gravitate
621 1413 837 1455 expositionem
850 1432 857 1445 ‚
879 1411 938 1440 hoc
948 1408 1043 1444 modo
1055 1419 1061 1437 :
1081 1406 1174 1447 Qod

212 1459 236 1490 sl
249 1460 343 1491 istum
354 1480 363 1494 ,
381 1459 497 1500 judices
510 1479 518 1493 ‚
538 1457 643 1488 vestris
665 1457 818 1487 sententiis
837 1453 1031 1483 liberaveritis
1042 1470 1051 1484 ,
1073 1449 1173 1479 statim

214 1500 288 1533 ficut
298 1502 314 1532 ὲ
326 1512 412 1532 cavea
421 1502 469 1531 leo
483 1499 585 1531 missus
604 1521 612 1534 ,
633 1508 682 1529 aut
691 1499 788 1539 aliqua
797 1496 954 1526 taeterrima
963 1492 1063 1523 bellua
1080 1492 1176 1522 soluta

214 1554 254 1574 ex
264 1546 374 1574 catenis
385 1565 393 1578 ,
406 1543 562 1576 volitabit,
576 1542 608 1572 ὃς
618 1540 770 1582 vagabitur
778 1541 811 1568 in
820 1537 898 1570 foro,
913 1539 926 1555 ²
938 1545 1046 1566 acuens
1057 1533 1173 1580 denteis

214 1587 330 1616 multos
339 1588 372 1616 in
382 1585 523 1626 cujusque
532 1584 665 1614 fortunas
676 1602 684 1616 ‚
706 1584 739 1611 in
749 1581 870 1611 omneis
887 1579 1001 1609 amicos
1019 1586 1104 1617 atque
1115 1577 1175 1605 ini-

214 1630 313 1658 micos
324 1648 332 1661 ‚
346 1636 434 1657 notos
444 1636 529 1667 atque
539 1628 659 1667 ignotos
670 1624 821 1654 incursans
833 1633 842 1656 3
858 1621 987 1651 aliorum
996 1618 1111 1651 famam
1122 1616 1175 1647 de-

212 1670 354 1710 peculans
368 1690 376 1702 ‚
387 1670 517 1699 aliorum
529 1677 612 1708 caput
622 1674 796 1708 oppugnans
807 1684 815 1698 ‚
830 1663 958 1693 aliorum
970 1661 1099 1692 domurn
1111 1679 1119 1693 ‚
1131 1667 1175 1689 at-

212 1722 272 1752 que
290 1721 417 1741 ornnem
433 1710 582 1740 familiam
592 1709 788 1750 perfringens,
810 1714 903 1745 remp.
914 1702 1052 1734 funditus
1064 1700 1174 1732 labefa-

214 1754 306 1783 &tans-
331 1756 428 1794 Qare
438 1773 446 1786 ,
467 1763 476 1791 J
482 1751 583 1782 udices
595 1772 602 1785 ‚
625 1752 723 1786 efficite
744 1758 815 1779 eum
833 1747 869 1777 de
891 1747 1007 1776 civitate
1019 1765 1027 1778 ‚
1051 1743 1174 1773 liberate

214 1797 335 1826 omneis
353 1794 519 1824 formidine
531 1805 540 1827 3
558 1793 645 1823 vobis
665 1792 794 1832 denique
805 1787 871 1829 ipsis
881 1787 1037 1818 consulite.
1062 1794 1133 1815 nam
1152 1782 1173 1813 fi

212 1836 306 1868 istum
318 1838 505 1877 impunitum
516 1835 686 1865 dimiseritis
697 1854 705 1867 ‚
725 1835 757 1862 in
765 1832 883 1862 vosmet
895 1830 970 1870 ipsos
981 1849 989 1862 ,
1013 1828 1092 1858 mihi
1110 1835 1175 1856 cre-

214 1879 274 1909 dite
288 1900 295 1912 ,
308 1878 400 1909 feram
411 1877 652 1908 &truculentam
663 1874 787 1905 bestiam
799 1893 807 1907 ‚
825 1872 938 1913 judices
949 1891 957 1904 ‚
970 1869 1169 1900 immiseritis.

213 1924 294 1951 Item
305 1941 313 1955 ,
326 1919 477 1960 Namfide
486 1921 534 1948 hoc
545 1939 552 1952 ,
565 1918 678 1957 judices
689 1938 697 1952 ,
709 1925 827 1959 gravem
838 1914 1014 1945 sententiam
1024 1912 1152 1942 tuleritis
1164 1929 1173 1942 ‚

213 1973 279 1993 uno
295 1963 412 2003 judicio
430 1960 517 1991 simul
536 1961 649 1990 multos
665 1958 883 2000 jugulaveritis.
915 1955 1033 1997 grandis
1043 1962 1114 1984 natu
1123 1961 1174 1992 pa-

213 2014 283 2034 rens
294 2025 302 2038 ,
323 2005 406 2044 cujus
418 2004 478 2044 spes
489 2001 647 2033 sene6tutis
657 2003 763 2043 omnis·
772 2002 804 2029 in
815 1999 901 2038 hujus
912 1996 1110 2027 adolescentia
1117 2003 1175 2034 po-

215 2045 266 2076 sita
276 2046 318 2077 est
327 2066 336 2080 ,
348 2056 435 2086 quare
446 2045 520 2074 velit
529 2046 561 2074 in
570 2046 630 2075 vita
641 2053 772 2076 manere,
785 2050 849 2071 non
859 2039 996 2069 habebit.
1012 2037 1067 2067 filii
1079 2037 1172 2077 parvi,

214 2090 320 2129 privati
329 2089 419 2128 patris
427 2087 553 2119 auxilio,
566 2085 708 2119 ludibrio,
724 2085 756 2114 Sc.
766 2081 918 2123 despe&ui
927 2081 1055 2121 paternis
1067 2079 1174 2108 inimi-

215 2131 259 2160 cis
268 2137 357 2159 erunt
365 2126 491 2168 oppositi
503 2138 508 2156 :
526 2135 588 2156 tota
597 2127 706 2156 domus
717 2126 806 2165 hujus
817 2123 940 2162 indigna
948 2121 1089 2151 concidet
1097 2120 1174 2148 cala-

216 2173 334 2201 mitate:
349 2180 375 2200 at
385 2171 505 2199 inimici
515 2168 614 2198 statim
624 2166 849 2207 sanguinolenta
856 2165 964 2203 palma,
975 2158 1176 2205 crudeliffima

214 2212 342 2243 vi&0ria
350 2213 439 2252 potiti
451 2231 458 2244 ,
471 2209 656 2240 insultabunt
664 2211 696 2238 in
706 2209 817 2238 horum
828 2204 970 2237 miserias,
985 2207 997 2230 3
1011 2203 1043 2232 &
1056 2200 1174 2240 superbi

216 2264 247 2285 re
258 2253 345 2284 simul
355 2274 364 2287 ‚
377 2253 409 2283 &
419 2253 516 2282 verbis
528 2251 714 2281 invehentur.
741 2252 830 2282 Item,
843 2249 928 2276 ΝΛΜ
939 2253 1105 2274 usnimi-:M
1116 2251 1175 2271 no-

218 2294 313 2326 strum
332 2295 409 2337 fugit
420 2315 427 2327 ,
448 2295 579 2334 Qrites
590 2313 598 2326 ‚
619 2301 699 2332 capta
709 2291 781 2322 urbe
791 2310 799 2324 ,
820 2299 885 2330 quae
897 2287 1022 2317 miseria:
1031 2284 1174 2324 consequi

214 2337 347 2368 soleant:
367 2346 446 2367 arma
456 2337 508 2376 qui
518 2333 619 2365 contra
629 2335 751 2363 tulerint
763 2353 771 2365 ‚
794 2331 892 2361 statim
903 2325 1100 2359 crudelissime
1113 2334 1174 2355 tru-

216 2379 354 2410 cidantur
367 2388 372 2407 ε
391 2380 486 2409 caeteri
497 2397 506 2411 ‚
526 2378 577 2417 qui
598 2374 718 2415 poss‘unt
736 2379 752 2401 4
761 2383 812 2414 per
822 2380 937 2403 aetatern
948 2371 980 2400 δε
990 2370 1079 2414 vireis
1089 2366 1173 2397 labo-

214 2431 282 2452 rem
291 2420 366 2450 ferre
378 2440 386 2454 ,
405 2420 599 2459 rapiunturin
609 2417 779 2447 servitutem
794 2426 799 2444 :
821 2415 947 2455 quinon
957 2410 1075 2452 poflunt
1085 2429 1094 2443 ,
1113 2410 1173 2439 vita

215 2462 385 2504 Privantur:
403 2471 465 2490 uno
476 2460 604 2500 denique
614 2479 621 2492 ‚
634 2468 720 2500 atque
730 2457 839 2488 codem
851 2464 984 2494 tempore
995 2452 1104 2482 domus
1115 2451 1172 2480 ho-

215 2504 277 2535 stili
289 2503 421 2545 flagrabit
431 2502 574 2532 incendio·
585 2521 593 2536 ‚
607 2501 639 2530 &
649 2510 724 2542 quos
735 2508 836 2529 natura
847 2518 854 2531 ‚
866 2505 914 2526 aut
922 2495 1060 2526 voluntas
1071 2492 1172 2523 neces-

214 2545 344 2576 situdine
357 2565 366 2579 ,
376 2553 425 2574 aut
433 2544 638 2574 benivolentia
648 2542 826 2581 conjunxit,
847 2537 1062 2569 distrahuntur:
1084 2534 1171 2580 liberi

216 2589 324 2628 partim
339 2591 351 2614 5
360 2586 376 2616 ἐ
386 2587 507 2627 gremiis
517 2593 672 2624 parentum
684 2584 876 2622 diripiuntur,
888 2581 995 2620 partim
1008 2580 1040 2607 in
1052 2575 1114 2605 [που
1122 2585 1171 2615 Ju-

214 2630 372 2671 gulantur,
393 2626 408 2648 ⁶
418 2629 524 2667 partim
534 2636 598 2655 ante
610 2625 698 2665 pedes
707 2623 943 2663 constuprantur:
966 2628 1060 2649 nemo
1071 2638 1079 2651 ‚
1089 2617 1173 2657 judi-

214 2681 263 2703 ces
273 2691 282 2706 ‚
303 2669 346 2701 est
356 2689 365 2704 ,
387 2671 438 2711 qui
447 2666 606 2709 possus-itis
618 2677 681 2697 rem
692 2667 834 2707 consequi
851 2663 950 2695 verbis
961 2681 969 2697 ‚
991 2670 1048 2693 nec
1065 2658 1172 2690 referre

256 2808 265 2825 ι
275 2819 280 2824 ,
300 2795 492 2829 Qcmadmodum
502 2796 591 2818 ratio-nc
599 2789 920 2823 vivendisjigixm·invidia]
941 2786 1012 2814 Istud
1024 2786 1102 2812 malui
1114 2794 1172 2811 cnm
1198 2789 1201 2823 J

217 2835 275 2862 1³21.
295 2842 336 2869 pr.
354 2841 382 2857 a:
394 2830 440 2856 sec.
453 2839 530 2865 quam
542 2827 611 2864 quod
623 2835 678 2853 erat
690 2828 714 2853 in
725 2826 818 2852 ceteris
831 2844 839 2857 ,
858 2829 884 2850 in
894 2828 982 2850 ratione
991 2823 1090 2849 ior-cendi
1102 2841 1110 2853 ‚
1129 2828 1175 2848 aut

217 2872 342 2897 rationein
351 2867 458 2893 emendo:
479 2865 585 2900 vulgata
597 2884 605 2894 ‚
626 2872 713 2889 rarione
723 2866 748 2888 in
758 2862 868 2887 emendo.

253 2916 281 2933 2.
300 2908 394 2931 Amans
411 2903 490 2927 dentes
509 2901 615 2933 multos]
636 2897 816 2925 t;e1121>1.T0s.
837 2895 957 2923 Lilienfis
972 2894 1074 2926 ,Bi-nil.
1085 2895 1173 2919 habens

217 2944 296 2969 dentes
316 2942 397 2965 multos
409 2959 416 2969 ‚
454 2936 505 2964 uod
516 2935 599 2962 sorsin
612 2935 704 2961 melius
718 2944 724 2964 3
746 2942 828 2969 neque
839 2933 915 2959 :iliter
926 2932 961 2958 est
972 2933 999 2957 in
1011 2931 1066 2956 Pal.
1079 2938 1173 2965 quarto

216 2986 263 3005 aut
281 2977 366 3003 ἴσχω.
387 2948 468 3010 possqet
487 2980 574 2999 tamen
586 2971 695 2998 retineri
707 2969 843 3006 vulgatum
856 2988 864 3002 ‚
882 2966 1028 2995 dnmmodo
1038 2968 1120 2992 multos
1132 2975 1174 2992 re-

220 3014 382 3041 formaretur
392 3012 418 3036 in
429 3011 526 3036 inultos.

257 3059 282 3085 3.
303 3049 432 3081 Etfirperbi
442 3045 576 3079 rcfimul&
585 3043 688 3077 mersis]
709 3043 749 3068 Ita
761 3041 820 3067 libri
832 3040 912 3068 nostri
923 3039 1057 3066 meliores.
1070 3037 1175 3074 vulgata
1197 3048 1198 3054 ¹

220 3086 272 3113 {ine
283 3084 374 3121 copula
386 3103 393 3114 ‚
407 3083 519 3115 Jiepcrbia
529 3090 552 3104 re·
565 3100 572 3111 ,
590 3080 640 3109 &tn
876 3112 880 3117 Ι

253 3130 282 3154 4.
301 3125 349 3146 'Per
365 3126 453 3145 malem
470 3117 499 3147 &¹
515 3119 580 3141 *vires
598 3117 697 3140 laborem
710 3114 800 3149 firm]
820 3111 905 3141 Bruti.
926 3112 951 3139 Sc
966 3111 1024 3139 Pal.
1036 3117 1174 3147 quart.pc³'
1194 3132 1196 3139 ,

217 3156 495 3195 atatem,('2erilaboa-en1.
517 3161 562 3180 rix
573 3149 668 3179 adii-lise
674 3150 733 3177 rim.

1236 113 1441 162 Lmen
1486 106 1820 174 Q‘A‘Rrvs.

1220 196 1356 227 oratione
1364 193 1608 237 magnitudinem
1618 192 1802 223 calamitatis.
1842 191 1911 222 Hoc
1929 198 2036 233 genere
2054 196 2183 221 exorna-

1220 239 1312 269 tionis
1324 257 1333 272 ,
1345 238 1394 268 vel
1404 237 1571 278 indignatio
1582 254 1591 268 ,
1603 234 1652 264 vel
1662 232 1866 264 misericordia
1873 232 1970 273 potest
1979 233 2181 271 commoveri,

1220 278 1292 311 cum
1313 289 1357 310 res
1375 279 1588 319 consequentes
1609 274 1831 315 comprehensae
1860 275 2005 305 universae
2031 275 2183 315 perspicua
2246 311 2250 314 Δ

1219 322 1348 353 breviter
1356 322 1566 362 exprimuntur
1574 319 1720 348 oratione.
1740 315 1857 347 Divisio
1867 316 1920 351 est,
1931 327 1995 358 quae
2006 327 2068 347 rem
2080 316 2179 347 semo·
2202 320 2252 356 40

1219 374 1293 394 vens
1305 363 1320 394 a
1331 374 1372 398 re,
1386 371 1539 403 utramque
1548 360 1686 392 absolvit,
1697 360 1810 388 ratione
1821 358 1951 399 subjecta
1961 378 1970 393 ‚
1993 359 2051 389 hoc
2068 357 2180 388 modo:
2249 356 2253 360 ’

1222 408 1277 435 Cur
1287 416 1333 446 ego
1343 416 1425 436 nunc
1435 404 1489 434 tibi
1500 404 1661 444 quicquam
1673 400 1836 440 objiciam?
1846 398 1867 430 fi
1875 400 1985 440 probus
1996 410 2105 434 cs‚non
2114 409 2181 430 me-

1220 447 1305 478 ruisti
1319 458 1324 476 z
1344 446 1387 477 fin
1397 446 1554 486 improbus
1566 464 1574 478 ,
1586 453 1651 474 non
1661 443 1874 473 commoveris.
1898 445 1975 473 Item
1987 462 1996 476 ,
2017 442 2102 481 §Qy'd
2109 452 2193 471 nunc

1222 500 1278 531 ego
1288 489 1324 520 de
1335 491 1410 519 meis
1420 488 1547 528 propriis
1559 486 1672 516 meritis
1684 483 1865 534 praedicern?
1879 482 1901 513 fi
1912 484 2095 514 meministis
2106 504 2114 518 ‚
2127 483 2182 513 ob-

1222 531 1347 561 tundam
1360 541 1366 559 :
1387 529 1430 560 sin
1447 529 1536 560 obliti
1554 527 1622 558 estis
1633 547 1641 560 ‚
1663 536 1735 556 cum
1746 536 1775 556 re
1787 526 1866 555 nihil
1876 527 1986 566 egerim
2000 545 2009 559 ,
2028 526 2100 566 quid
2120 524 2163 555 est
2172 544 2182 558 ,

1222 573 1303 614 quod
1313 572 1412 603 verbis
1422 569 1564 612 proficere
1573 568 1702 609 poffim?
1717 571 1795 598 Item
1806 588 1814 602 ‚
1827 570 1916 597 DUAE
1929 577 1987 597 aas
2001 577 2086 597 suu-r
2096 587 2104 600 ‚
2117 576 2184 608 quae

1223 614 1344 655 poffiint
1353 615 1495 644 homines
1513 612 1549 642 ad
1561 620 1643 651 turpe
1662 609 1881 650 compendium
1900 618 2095 639 commovere
2105 628 2114 643 ‚
2134 611 2189 643 in-¹

1223 659 1291 697 opia
1300 677 1309 690 ,
1320 665 1406 697 atque
1415 656 1543 686 avaritia.
1567 663 1596 684 te
1604 662 1726 683 avarum
1736 654 1769 682 in
1778 650 1905 681 fraterna
1915 649 2060 681 divisione
2070 660 2185 692 cogno-

1224 702 1324 729 vimus
1337 709 1341 728 :
1365 701 1489 738 inopem
1508 704 1593 737 atque
1604 703 1743 736 egentem
1754 703 1836 723 nunc
1844 692 1985 723 videmus
1996 712 2005 726 ,
2026 690 2077 733 qui
2097 702 2184 732 potes

1224 743 1313 781 igitur
1323 739 1477 770 ostendere
1488 739 1604 768 causam
1616 734 1757 767 maleficii
1767 745 1833 765 non
1840 732 1928 764 fuiffe
1940 737 1950 764 ?
1961 737 2041 764 Inter
2050 735 2126 765 hanc
2137 734 2184 764 di-

1223 781 1372 813 visionem
1385 802 1392 815 ,
1406 781 1532 811 &illam
1543 800 1550 814 ‚
1564 789 1630 820 quae
1639 778 1675 808 de
1684 777 1814 818 partibus
1826 778 1969 808 orationis
1980 777 2063 806 tertia
2074 775 2116 807 est
2125 796 2133 810 ‚
2146 776 2184 806 de

1224 834 1281 865 qua
1300 826 1333 853 in
1352 824 1429 853 libro
1439 824 1538 863 primo
1550 821 1686 852 diximus
1698 818 1864 850 secundum
1884 819 2083 849 narrationem
2095 838 2103 852 ,
2124 819 2183 848 hoc

1224 865 1347 896 interest
1358 876 1363 894 ·.
1375 865 1430 895 Illa
1439 864 1549 895 dividit
1558 873 1610 904 per
1618 862 1890 895 enumerationem,
1902 870 1950 891 aut
1960 870 2012 900 pei·
2020 858 2186 900 expositio-

1225 918 1296 938 nem
1307 927 1316 942 ,
1336 907 1445 948 quibus
1456 906 1492 936 de
1503 905 1590 936 rebus
1601 907 1634 935 in
1644 913 1705 935 tota
1715 904 1847 934 oratione
1857 902 2015 943 disputatio
2024 901 2123 932 futura
2132 900 2184 932 fit:

1224 950 1287 979 haec
1297 950 1323 979 se
1335 950 1433 979 statim
1444 948 1571 988 explicat
1583 967 1591 981 ‚
1605 947 1638 977 &
1647 946 1730 977 brevi
1740 945 1855 975 duabus
1864 964 1873 979 ‚
1893 954 1941 974 aut
1950 943 2086 985 pluribus
2094 945 2185 984 parti-

1225 991 1280 1021 bus
1292 991 1452 1031 subjiciens
1463 991 1592 1020 rationes
1605 1009 1613 1022 ,
1634 996 1760 1018 exornat
1773 988 1951 1018 orationem.
1975 987 2184 1026 Frequentatio

1223 1032 1276 1067 est,
1288 1032 1360 1063 curn
1370 1042 1414 1063 res
1426 1034 1459 1062 in
1469 1040 1528 1062 tota
1537 1031 1620 1061 causa
1631 1030 1766 1070 dispersae
1775 1034 1790 1058 7
1799 1038 1948 1070 coguntur
1956 1029 1990 1058 in
1999 1038 2107 1061 unum,
2119 1037 2182 1068 quo

1223 1077 1352 1117 gravior,
1362 1083 1410 1105 aut
1419 1075 1523 1108 acrior,
1535 1082 1584 1103 aut
1593 1070 1783 1102 criminosior
1793 1073 1886 1101 oratio
1898 1069 1931 1101 sit
1940 1091 1948 1104 ‚
1961 1071 2018 1101 hoc
2029 1069 2115 1110 pacto
2127 1080 2133 1098 ι
2143 1071 2184 1098 Λ

1223 1127 1278 1158 quo
1289 1116 1401 1146 tandem
1410 1114 1490 1146 abest
1500 1114 1553 1145 iste
1563 1116 1639 1144 vitio
1650 1117 1661 1144 ?
1671 1113 1742 1154 quid
1752 1112 1805 1147 est,
1813 1114 1824 1153 j
1828 1113 1993 1146 udices,cur
2002 1112 2101 1142 velitis
2111 1121 2184 1142 eum

1224 1159 1347 1188 liberare
1358 1161 1368 1187 ?
1383 1161 1447 1188 Suae
1456 1156 1607 1197 pudicitiae
1617 1157 1752 1196 proditor
1761 1154 1804 1185 est
1815 1175 1823 1187 ‚
1836 1153 1989 1185 insidiator
1998 1155 2103 1184 alienae
2114 1164 2120 1182 :
2132 1163 2184 1183 cu-

1222 1200 1309 1240 pidus
1322 1220 1329 1233 ‚
1342 1202 1543 1238 intemperans
1554 1218 1563 1232 ‚
1574 1198 1710 1237 petulans
1720 1218 1728 1230 ‚
1742 1197 1883 1237 superbus
1896 1206 1901 1225 2
1913 1197 2025 1236 impius
2035 1198 2068 1225 in
2077 1205 2184 1235 paren-

1223 1244 1277 1272 teis
1288 1262 1296 1275 ‚
1309 1243 1439 1282 ingratus
1450 1242 1482 1269 in
1493 1242 1617 1273 amicos,
1629 1238 1755 1268 infestus
1765 1241 1798 1268 in
1809 1247 1961 1278 cognatm,
1973 1240 2006 1268 in
2016 1238 2183 1277 superiores

1222 1292 1388 1314 contumax
1397 1302 1405 1316 ‚
1419 1284 1452 1312 in
1461 1291 1560 1322 aequos
1572 1282 1604 1311 &
1613 1282 1708 1321 pareis
1716 1279 1896 1313 fastidiosus,
1908 1281 1942 1309 in
1952 1278 2108 1309 inferiores
2117 1288 2185 1309 cru-

1222 1325 1308 1358 deris,
1321 1324 1451 1365 denique
1462 1325 1495 1353 in
1505 1324 1625 1353 omneis
1633 1322 1841 1352 intolerabilis.
1861 1321 2003 1360 Ejusdem
2014 1322 2131 1363 generis
2141 1319 2186 1352 est

1221 1367 1273 1397 illa
1282 1366 1492 1407 frequentatio,
1502 1375 1568 1406 quae
1577 1363 1745 1405 plurimum
1756 1362 2005 1403 conjecturalibus
2016 1361 2106 1393 caufis
2117 1364 2186 1403 opi-

1223 1409 1332 1439 tulatur
1342 1428 1350 1442 ,
1363 1407 1433 1438 cum
1446 1407 1628 1447 suspiciones
1639 1427 1648 1441 ‚
1661 1416 1727 1447 quae
1736 1407 1890 1446 separatim
1903 1403 2000 1439 di&ae‚
2012 1407 2137 1435 minutae
2150 1405 2185 1437 ὃς

1222 1449 1353 1480 infirmae
1362 1458 1455 1484 erant,
1466 1459 1563 1479 unum
1574 1450 1606 1478 in
1616 1449 1719 1478 locum
1729 1447 1837 1479 coastat
1847 1457 1910 1477 rem
1921 1447 2062 1477 videntur
2070 1447 2184 1487 perspi-

1223 1503 1310 1523 cuam
1320 1492 1416 1523 facere
1428 1512 1436 1526 ‚
1456 1501 1520 1521 non
1532 1490 1720 1530 suspiciosam
1730 1510 1739 1524 ‚
1761 1491 1820 1520 hoc
1828 1488 1931 1529 pasto:
1952 1489 2050 1517 Nolite
2069 1488 2183 1529 zgirur,

1224 1535 1331 1568 nolite,
1341 1535 1350 1574 j
1355 1534 1468 1567 udices,
1481 1543 1524 1567 ea,
1535 1543 1600 1574 quae
1610 1533 1686 1566 dixi,
1700 1532 1851 1573 separatim
1862 1529 1989 1571 spe&are
2001 1541 2006 1559 :
2019 1530 2067 1560 sed
2079 1532 2185 1561 omnia

1223 1577 1356 1618 colligite
1368 1596 1376 1610 ‚
1389 1577 1421 1606 δε
1431 1574 1564 1605 conferte
1574 1577 1607 1604 in
1617 1584 1724 1604 unum.
1748 1576 1778 1604 Si
1789 1573 1822 1603 δε
1832 1573 2034 1604 commodum
2044 1572 2080 1603 ad
2089 1571 2183 1603 istum

1224 1629 1262 1649 ex
1272 1619 1356 1649 illius
1366 1626 1463 1648 morte
1473 1616 1659 1650 veniebat2&
1667 1618 1727 1646 vita
1736 1616 1872 1646 hominis
1882 1614 1924 1645 est
1932 1613 2108 1654 tmpiffima‚
2117 1616 2184 1645 ani-

1224 1670 1292 1691 mus
1309 1658 1493 1691 avariffimus
1504 1679 1511 1692 ‚
1531 1658 1651 1688 fortuna
1660 1657 1818 1688 familiaris
1829 1659 1871 1687 rei
1882 1654 2109 1688 attenuatiffima
2118 1676 2126 1690 ,
2149 1656 2184 1687 δε

1222 1712 1268 1733 res
1279 1702 1333 1732 ista
1344 1702 1427 1732 bono
1437 1702 1555 1731 nemini
1574 1709 1677 1740 praetcr
1695 1699 1787 1729 istum
1797 1698 1855 1728 fuit
1866 1708 1871 1727 :
1891 1708 1990 1739 neque
2007 1698 2083 1728 alius
2102 1698 2185 1739 quis-

1222 1754 1313 1785 quam
1323 1742 1407 1784 aeque
1419 1742 1584 1772 commode
1596 1762 1604 1776 ,
1617 1752 1714 1782 neque
1724 1740 1779 1771 iste
1788 1742 1854 1770 aliis
1864 1739 2127 1770 commodioribus
2138 1749 2184 1770 ra-

1222 1786 1356 1816 tionibus
1375 1784 1470 1814 facere
1488 1786 1587 1824 potuit
1598 1794 1603 1812 ι
1624 1793 1721 1824 neque
1731 1784 1914 1822 praeteritum
1924 1784 2084 1822 quicquam
2094 1780 2138 1812 est
2146 1781 2184 1812 ab

1222 1827 1280 1858 isto
1291 1848 1299 1861 ,
1310 1826 1392 1868 quod
1404 1836 1478 1866 opus
1488 1825 1579 1855 fuerit
1588 1825 1623 1855 ad
1633 1823 1818 1855 maleficium
1830 1834 1836 1853 2
1856 1833 1952 1864 neque
1962 1823 2088 1857 fastum,
2120 1822 2184 1854 uod

1223 1880 1298 1910 opus
1308 1879 1372 1899 non
1381 1864 1471 1898 fuerit
1483 1878 1488 1897 :
1511 1868 1544 1898 &
1554 1866 1625 1897 cum
1637 1867 1720 1897 locus
1731 1866 1858 1896 idoneus
1869 1865 2005 1896 maxime
2024 1876 2089 1906 qua:
2103 1874 2160 1895 itus
2172 1884 2182 1900 ‚

1222 1921 1289 1942 tum
1301 1909 1413 1941 occasio
1423 1909 1611 1952 aggrediendi
1622 1908 1797 1941 commoda,
1805 1917 1922 1947 tempus
1931 1907 2062 1938 adeundi
2073 1917 2184 1947 oppor-

1223 1951 1424 1986 tuniffimum‚
1436 1953 1561 1992 spatium
1573 1949 1756 1981 conficiendi
1767 1948 1973 1990 longiffimum
1984 1950 2117 1980 sumtum
2128 1948 2182 1983 est,

1223 2005 1288 2025 non
1297 1993 1357 2025 fine
1368 1996 1501 2024 maxima
1511 1992 1682 2023 occultandi
1693 1993 1726 2021 &
1734 1991 1909 2032 perficiendi
1920 1990 2062 2021 maleficii
2072 1991 2120 2031 spe
2132 2001 2138 2020 t
2150 1991 2185 2022 δε

1221 2046 1359 2077 praeterea
1369 2035 1437 2066 ante
1447 2045 1537 2076 quam
1547 2035 1662 2064 occisus
1671 2035 1768 2063 homo
1778 2035 1802 2063 is
1813 2032 1856 2063 est
1866 2053 1874 2067 ‚
1895 2032 1950 2062 iste
1958 2034 2038 2062 visus
2048 2032 2091 2062 est
2101 2035 2134 2062 in
2145 2042 2183 2063 eo

1222 2080 1293 2109 loco
1305 2097 1314 2113 ,
1334 2080 1367 2108 in
1376 2088 1436 2118 quo
1447 2076 1490 2107 est
1499 2074 1607 2106 occisio
1616 2074 1692 2105 faeta
1703 2095 1712 2108 ‚
1734 2075 1814 2104 solus
1827 2085 1832 2103 ε
1853 2074 1954 2113 paullo
1963 2072 2031 2114 post
2049 2069 2063 2092 3
2074 2075 2107 2103 in
2117 2074 2184 2113 ipso

1223 2119 1373 2150 maleficio
1384 2139 1392 2152 ,
1403 2128 1465 2148 vox
1476 2118 1559 2147 illius
1570 2137 1577 2149 ‚
1589 2119 1640 2157 qui
1651 2115 1843 2145 occidebatur
1853 2134 1862 2149 ‚
1883 2114 1983 2145 audita
1992 2114 2035 2145 est
2047 2126 2053 2144 ;
2073 2114 2184 2145 deinde

1222 2160 1290 2201 post
1308 2158 1489 2190 occisionem
1500 2178 1508 2192 ‚
1529 2157 1622 2188 istum
1634 2158 1728 2187 multa
1738 2156 1828 2186 nolite
1838 2156 1968 2187 domum
1978 2155 2095 2187 rediiffe
2106 2166 2182 2187 con-

1223 2202 1294 2235 stat3
1315 2200 1430 2241 postera
1439 2200 1488 2230 die
1497 2199 1660 2229 titubanter
1670 2198 1917 2229 &inconstanter
1935 2198 1971 2229 de
1986 2197 2133 2229 occisione
2145 2198 2184 2228 il-

1222 2244 1280 2273 lius
1290 2244 1427 2272 locutum
1440 2252 1446 2270 ;
1465 2242 1528 2271 haec
1537 2242 1647 2281 partim
1659 2239 1842 2270 testimoniis
1853 2261 1861 2274 ‚
1882 2242 1990 2280 partim
2009 2239 2183 2282 quaestioni·

1223 2285 1277 2315 bus
1288 2304 1296 2319 ,
1318 2285 1351 2314 δε
1361 2284 1544 2324 argumentis
1555 2284 1660 2313 omnia
1677 2283 1930 2322 comprobantur,
1955 2283 1987 2313 Sc
1996 2292 2118 2313 rumore
2127 2292 2183 2322 po—

1220 2327 1303 2366 puli,
1324 2336 1415 2367 quem
1426 2335 1464 2355 ex
1474 2326 1657 2366 argumentis
1667 2333 1770 2355 natum
1783 2345 1790 2357 ‚
1811 2323 1924 2354 necess'e
1936 2324 1978 2354 est
1988 2323 2045 2355 efl'e
2054 2334 2161 2355 verum
2175 2334 2182 2354 :

1220 2367 1352 2398 vestrum
1363 2367 1414 2401 est,
1424 2366 1539 2406 judices
1551 2387 1559 2400 ‚
1572 2367 1619 2396 his
1629 2368 1661 2396 in
1672 2376 1769 2396 unum
1781 2366 1885 2396 locum
1896 2367 2020 2401 collatis,
2043 2371 2059 2394 9
2071 2374 2181 2397 certam

1220 2410 1336 2440 sumere
1348 2410 1514 2443 scientiam,
1527 2419 1592 2439 non
1602 2409 1801 2448 suspicionem
1814 2407 1965 2438 maleficii.
1988 2411 2070 2439 Nam
2081 2418 2180 2439 unum

1220 2450 1333 2492 aliquid
1346 2471 1355 2484 ‚
1368 2459 1416 2480 aut
1426 2451 1550 2480 alterurn
1563 2450 1659 2491 potest
1669 2452 1701 2480 in
1711 2450 1802 2480 istum
1813 2450 1879 2480 casu
1888 2449 2025 2480 cecidiffe
2036 2450 2179 2490 suspicio-

1218 2493 1257 2523 se·
1283 2501 1316 2523 ut
1333 2494 1438 2522 omnia
1448 2494 1526 2522 inter
1545 2493 1574 2522 se
1594 2492 1609 2522 ὲι
1619 2494 1719 2532 primo
1738 2491 1773 2522 ad
1792 2491 1978 2532 postremum
1998 2494 2181 2522 conveniant

1219 2532 1366 2564 maleficia
1377 2554 1385 2567 ,
1407 2532 1520 2564 necess'e
1531 2533 1574 2564 est
1584 2535 1650 2564 casu
1669 2544 1734 2564 non
1753 2532 1834 2573 poss'e
1854 2533 1929 2563 fieri.
1953 2535 2125 2564 Vehemens
2137 2532 2180 2564 est

1220 2577 1283 2606 haec
1301 2577 1457 2605 exornatio
1468 2595 1475 2609 ‚
1499 2575 1574 2605 &in
1586 2575 1654 2615 conj
1660 2575 1780 2606 eEtnrali
1792 2575 2004 2606 constitutione
2019 2576 2110 2606 causae
2120 2575 2180 2605 fer-

1221 2617 1287 2647 mE'
1301 2617 1417 2657 semper
1444 2615 1599 2647 necessiiria
1617 2637 1626 2651 ‚
1658 2617 1691 2647 &
1711 2619 1744 2646 in
1771 2618 1874 2647 ceteris
1902 2617 2060 2658 generibus
2081 2617 2179 2647 causa-

1222 2669 1300 2692 rum,
1314 2659 1346 2690 δε
1358 2661 1390 2689 in
1400 2660 1487 2690 omni
1497 2660 1631 2690 oratione
1640 2658 1809 2690 adhibenda
1818 2668 2052 2700 nonnunquam.
2074 2662 2178 2698 Expo-
2201 2658 2249 2690 42

2110 2701 2179 2731 litio

1258 2794 1283 2817 5.
1303 2788 1325 2811 E
1330 2795 1354 2819 37
1360 2787 1423 2811 curiis
1427 2793 1554 2818 parentum
1564 2785 1737 2819 diffiniuntur]
1758 2784 1854 2811 Insulse
1864 2784 1922 2811 heic
1932 2783 2076 2811 Lambinus
2089 2803 2097 2816 ,
2113 2784 2179 2809 dm·-

1214 2824 1326 2853 pinnfur.

1254 2857 1282 2882 6.
1301 2860 1397 2883 Partim
1415 2865 1469 2883 ame
1484 2858 1552 2889 pedes
1570 2858 1775 2891 constuprantur]
1797 2856 1881 2883 Iidem
1901 2855 2024 2883 videntur
2044 2854 2112 2881 velle
2123 2861 2179 2881 ante

1217 2893 1273 2919 αττ-ἐς
1283 2893 1352 2928 quod
1363 2893 1425 2919 ess‘et
1434 2897 1460 2924 1'71
1466 2896 1565 2926 publico.
1585 2893 1627 2919 scd
1639 2893 1832 2929 praeferendum
1844 2892 1992 2927 vulgatum.

1254 2936 1280 2968 ἶ.
1302 2932 1417 2962 Coguntur
1426 2933 1451 2954 in
1460 2931 1559 2963 umam]
1583 2929 1690 2955 Praetuli
1703 2928 1770 2956 istud
1783 2949 1790 2961 ,
1809 2930 1947 2955 inventum
1958 2928 1985 2954 in
1997 2926 2055 2953 Pal.
2067 2932 2175 2962 quarto,

1218 2972 1313 3000 quinto
1327 2984 1334 2996 ‚
1347 2966 1389 2990 ssr.
1401 2965 1534 3000 publicato
1546 2984 1554 2996 ‚
1566 2965 1682 2991 nnumin
1694 2965 1792 2991 locum.

1255 3000 1281 3026 8,
1301 3004 1329 3026 In
1338 3002 1383 3033 lpfh
1391 3001 1525 3034 niax'eficio]
1546 3000 1656 3026 Ner-effe
1668 3001 1743 3027 habui
1755 2999 1822 3027 istud
1831 2999 1973 3026 admittere
1985 3017 1994 3030 ,
2012 2997 2047 3023 ob
2065 2996 2175 3024 consen-

1218 3036 1271 3062 sum
1283 3037 1403 3063 omnium
1414 3036 1481 3063 l’all.
1493 3038 1519 3062 ὃ(
1532 3038 1577 3062 Br.
1588 3046 1648 3063 nam
1660 3037 1760 3072 alioqui
1770 3046 1821 3063 nou
1832 3034 1940 3062 absurde
1950 3033 2063 3070 impteti]
2078 3053 2085 3066 ,
2095 3037 2120 3059 in
2129 3033 2176 3067 ipffi

1217 3074 1260 3097 loco
1270 3075 1387 3105 maleficii.

1252 3116 1280 3142 9.
1301 3112 1395 3133 Certum
1407 3108 1652 3141 fiaemercfi-iemiam.]
1673 3108 1715 3134 Sic
1723 3107 1812 3144 paffim
1823 3116 1913 3136 omnes
1925 3105 1986 3134 cdd.
1996 3112 2023 3133 at
2033 3104 2103 3132 enim
2115 3102 2173 3130 ints.

1194 3142 1196 3175 Ϊ
1218 3144 1298 3172 nostri
1309 3144 1444 3181 persistunt
1455 3144 1480 3171 in
1486 3144 1735 3179 Jitnzeresbmtntazm.

2096 3174 2176 3204 105⁴ss
