2316 3395
227 149 317 182 102
651 128 1164 181 Μ.’“Γυι,ῑ.ῐι1

221 213 316 244 aculei
327 211 581 243 contumeliarum
594 208 711 241 inerant
720 230 728 243 ‚
751 209 866 239 causam
878 205 961 236 illam
971 223 981 237 ‚
1004 202 1179 250 disputatio-

224 264 356 296 nemque
366 253 433 285 lusit
445 266 449 283 :
462 253 500 284 sic
511 257 542 284 in
555 256 644 283 Bruto
656 273 663 286 ‚
677 261 769 293 quem
781 249 892 280 oderat,
906 247 939 277 &
948 255 1039 293 quern
1050 244 1178 293 dignum

226 297 411 326 contumelia
426 297 575 336 judicabat
592 315 600 328 ,
623 303 747 333 utroque
765 299 871 331 genere
891 296 1045 336 pugnaVit.
1078 288 1177 325 Quam

225 338 323 368 multa
331 338 366 368 de
378 339 490 368 balneis
502 359 509 371 ,
525 347 595 378 quas
607 345 700 375 nuper
709 334 759 363 ille
769 331 943 362 vendiderat
953 350 961 363 ,
981 328 1179 378 quam-multa

224 379 262 410 de
271 379 377 409 amxffo
387 382 570 419 patrimonio
582 377 681 407 dixit?
696 385 783 415 atque
795 374 845 403 illa
855 374 956 402 brevia
966 391 974 405 ‚
987 381 1060 401 curn
1070 370 1122 400 ille
1132 369 1179 416 dr-

225 430 320 455 ceret,
338 422 367 460 s?
379 422 436 462 fine
455 432 504 450 rau
519 432 536 447 ιι
550 419 668 458 siaedarc:
686 418 811 447 Minime
820 416 944 447 mirum,
965 414 1083 454 inquit,
1103 411 1181 441 modo

225 463 298 491 enim
309 462 388 498 existi
397 464 429 492 de
439 462 544 491 balnea.
570 458 807 490 Innumerabilia
817 456 1026 497 hujuscemodi
1037 453 1158 484 fuerunt
1170 473 1178 486 ,

225 505 275 534 sed
295 515 358 536 non
380 507 481 534 minus
500 503 550 532 illa
568 501 697 538 iucunda
713 509 861 540 perpetua.
886 496 966 528 Cum
976 498 1061 527 enim
1071 497 1180 525 Brutus

223 545 300 575 duos
319 545 444 576 leelores
463 543 630 576 excitasset,
653 544 778 573 &alteri
797 541 833 571 de
852 541 972 571 colonia
991 534 1181 569 Narbonensi

225 586 312 618 Cmffi
323 590 491 617 orationem
504 585 659 627 legendam
669 581 794 615 dediss'et
804 603 811 616 ‚
823 583 905 613 alteri
916 581 952 612 de
963 581 1026 622 lege
1037 579 1160 624 Servilia
1170 597 1179 611 ‚

227 629 261 659 &
270 628 341 659 cum
352 631 498 659 contraria
509 631 587 658 inter
599 627 656 657 sese
665 627 701 656 de
712 625 816 665 repub.
827 626 919 664 capita
928 620 1110 654 contulisset‚
1123 629 1181 649 no-

227 671 284 701 ster
302 673 350 700 hic
368 669 540 701 facetissime
561 671 630 700 treis
639 670 727 709 patris
737 669 817 697 Bruti
829 666 864 696 de
881 667 947 706 jure
959 664 1042 694 civili
1061 662 1181 691 libellos

225 713 319 742 tribus
338 712 480 754 legendos
490 712 582 742 dedit.
617 710 751 741 Exlibro
761 712 861 749 primo
872 728 879 741 ‚
904 710 1013 749 Fon-rr.
1032 713 1160 734 Evam-i·
1173 722 1180 736 a

226 764 270 783 111·
292 764 329 783 m
352 763 565 784 rR1v13RNAT1
588 762 742 783 Essemus.
784 753 870 780 Brute
888 769 896 782 ,
917 747 1087 777 testificatur
1103 752 1184 785 pater

227 796 321 826 scribi
333 798 535 826 Privernatem
545 794 677 825 fundum
690 790 847 833 reliquiffe.
872 789 992 820 Deinde
1002 798 1041 818 ex
1051 787 1128 816 libro
1140 786 1185 816 se-

226 837 346 872 cundo,
369 841 407 868 IN
425 847 559 868 At-BANO
579 846 718 866 isaaritis
740 844 820 866 Eoo,
842 843 882 862 ετ
903 839 1041 861 umacus
1061 837 1183 858 rimus.

224 879 341 921 Sapiens
349 879 490 911 videlicet
500 881 596 909 homo
605 888 675 908 cum
686 878 791 917 primis
809 873 916 905 nostrae
934 873 1078 902 civitatis:
1098 878 1186 900 norat

229 922 311 952 hunc
320 924 467 964 gurgitem
480 933 485 951 ;
506 920 676 953 metuebat,
690 929 727 949 ne
738 939 746 952 ,
759 916 830 948 cum
842 919 865 946 is
876 915 953 945 nihil
965 913 1093 946 haberet,
1105 912 1185 942 nihil

225 961 283 993 effe
295 967 322 993 ei
334 963 474 994 relietum
484 972 640 1004 putaretur.
673 963 757 991 Tum
777 969 813 988 ex
824 957 901 989 libro
913 958 1000 986 tertio
1013 976 1020 988 ‚
1035 958 1067 985 in
1076 964 1138 995 quo
1149 952 1185 983 fi-

227 1015 300 1035 nem
312 1006 459 1037 scribendi
471 1005 541 1035 fecit
550 1008 604 1043 (tor
614 1005 697 1033 enim
710 1023 718 1036 ‚
739 1010 771 1032 ut
780 1000 881 1031 audivi
892 998 1055 1030 Scaevolam
1063 997 1160 1026 dicere
1173 1015 1181 1028 ‚

225 1047 365 1078 suntveri
377 1049 457 1077 Bruti
468 1048 548 1088 libri)
559 1050 595 1076 IN
612 1053 755 1075 TIEURTI
777 1051 884 1072 FORTE
901 1049 1087 1071 AssEDIMUs
1108 1047 1181 1085 110οῗ

226 1098 268 1120 Er
288 1100 428 1120 MARcus
447 1099 571 1119 rimus.
598 1085 658 1116 Ubi
674 1086 742 1116 sunt
752 1086 773 1114 ii
784 1083 891 1117 fundi,
911 1085 997 1113 Brute
1010 1102 1017 1114 ,
1041 1079 1183 1128 quostibi

224 1140 306 1171 pater
323 1132 455 1171 publicis
475 1130 702 1161 commentariis
721 1125 907 1167 consignatos
928 1125 1069 1166 reliquit?
1092 1121 1183 1163 Qod

227 1171 284 1204 nisi
303 1174 446 1213 puberem
466 1181 513 1206 te,
534 1173 651 1212 inquit,
670 1171 734 1210 jam
752 1169 889 1201 haberet,
909 1175 1048 1207 quartum
1069 1164 1181 1210 librum

229 1214 462 1255 composuisset,
484 1215 516 1244 &
528 1214 555 1243 se
574 1215 664 1243 etiarn
686 1215 695 1231 ¹
711 1213 743 1241 in
755 1211 869 1241 balneis
888 1210 986 1238 lotum
1004 1216 1074 1237 cum
1096 1204 1161 1234 filio
1173 1225 1180 1238 ‚

226 1258 368 1296 scriptum
378 1254 548 1297 reliquiis-:t-
573 1257 648 1296 Qis
659 1253 701 1284 est
712 1254 799 1294 igitur
810 1272 818 1286 ,
839 1253 890 1292 qui
901 1260 965 1295 non
974 1248 1094 1279 fateatur
1105 1267 1113 1280 ,
1125 1248 1182 1276 hoc

226 1299 327 1338 lepore
338 1319 346 1332 ‚
369 1307 453 1339 atque
473 1299 520 1327 his
538 1296 652 1327 facetiis
664 1305 726 1326 non
742 1297 845 1324 minus
863 1296 1023 1338 retutaturn
1041 1288 1098 1320 effe
1108 1291 1182 1318 Bru-

225 1350 291 1370 tum
303 1361 311 1374 ,
332 1340 423 1382 quam
434 1339 494 1369 illis
506 1337 655 1380 tragoediis
667 1358 674 1371 ‚
693 1347 764 1378 quas
778 1338 837 1378 egit
852 1335 934 1365 idem
945 1354 954 1367 ‚
974 1342 1046 1363 cum
1063 1332 1130 1362 casu
1150 1341 1181 1360 in

225 1382 331 1412 eadem
350 1382 432 1412 causa
451 1385 544 1412 ²cum
563 1384 668 1410 runere
688 1378 839 1409 efferretur
857 1386 930 1407 anus
942 1376 1053 1417 Junia?
1072 1372 1128 1403 Pro
1139 1372 1181 1402 dii
1204 1385 1205 1392 1

225 1424 413 1454 immortales
424 1445 431 1456 ‚
444 1433 508 1464 quae
518 1422 576 1452 fuit
585 1423 636 1452 1113
645 1442 654 1456 ,
666 1430 773 1462 quanta
782 1424 827 1450 vis
838 1421 849 1447 ?
860 1418 950 1459 quarn
962 1415 1159 1462 inexspezftata
1171 1417 1181 1442 ?

226 1466 317 1507 quam
328 1467 503 1506 repentina?
523 1463 595 1494 cum
607 1484 614 1498 ,
626 1462 771 1503 conjeEhs
787 1461 881 1492 0611115
894 1481 902 1493 ,
923 1458 1005 1500 gestu
1018 1467 1110 1487 omni
1122 1466 1182 1486 irn-

226 1510 359 1538 minenti
370 1528 378 1542 ‚
399 1508 517 1538 summa
526 1508 663 1549 gravitate
673 1525 682 1539 ,
695 1505 727 1535 &
738 1504 883 1534 celeritate
893 1501 1055 1531 verborum
1067 1519 1079 1546 ,Δ
1096 1500 1182 1528 BRU-

225 1559 285 1584 τῑ,
308 1559 394 1588 Qu)
413 1551 525 1579 sanas?
541 1548 614 1589 quid
626 1547 711 1577 illam
720 1555 812 1576 anum
822 1546 896 1585 patri
907 1544 1044 1573 nuntiare
1053 1550 1098 1570 vis
1108 1549 1159 1587 tuo
1173 1542 1183 1567 ?

225 1591 298 1633 quid
318 1592 379 1621 illis
397 1591 542 1621 omnibus
556 1611 564 1624 ,
584 1599 715 1630 quorum
734 1589 878 1628 imagines
896 1585 965 1615 duci
983 1583 1088 1614 vides?
1108 1581 1181 1628 quid

227 1633 393 1673 majoribus
405 1634 483 1662 tuis?
502 1631 584 1674 Qid
596 1633 631 1661 L.
643 1633 734 1661 Bruto
745 1650 752 1662 ,
767 1631 818 1670 qui
829 1629 909 1657 hunc
918 1626 1067 1667 populum
1080 1624 1181 1671 dorni-

228 1685 299 1706 natu
319 1677 401 1717 regio
423 1674 579 1704 liberavit?
598 1672 671 1714 quid
682 1681 710 1702 te
723 1671 837 1701 facere?
857 1671 906 1699 cui
918 1671 978 1701 rei,
1000 1666 1160 1707 cuigloriae
1173 1685 1181 1698 ,

227 1719 277 1748 cui
296 1718 400 1746 virtuti
419 1715 556 1746 studere?
575 1715 802 1746 Patrimonione
811 1710 969 1752 augendo?
988 1719 1014 1739 at
1026 1708 1055 1738 id
1066 1717 1130 1737 non
1140 1706 1183 1736 est

226 1758 391 1789 nobilitans.
423 1757 472 1788 sed
491 1756 538 1787 fac
556 1755 613 1786 effe
633 1776 641 1790 ‚
660 1756 737 1785 nihil
755 1752 902 1794 superest3
924 1751 1065 1781 libidines
1084 1758 1183 1779 totum

228 1799 446 1841 dissipaverunt.
470 1800 576 1838 anjuri
586 1799 691 1828 civili?
709 1796 751 1827 est
761 1804 925 1836 paternum.
951 1793 999 1823 sed
1018 1792 1160 1837 dicet‚wte
1173 1811 1181 1824 ,

227 1842 301 1874 cum
311 1842 400 1872 aedeis
411 1840 553 1871 venderes
566 1861 574 1873 ,
595 1850 632 1869 ne
651 1842 683 1868 in
694 1841 766 1868 rutis
777 1837 900 1879 quidem
912 1856 920 1869 ‚
942 1835 974 1864 δε
984 1832 1061 1864 caesis
1076 1833 1182 1873 fimum

227 1885 283 1915 tibi
294 1893 451 1924 paternum
463 1881 610 1922 recepiss'e.
634 1891 671 1911 an
680 1883 722 1910 rei
734 1881 856 1909 militari
868 1881 878 1908 ?
897 1879 948 1918 qui
959 1878 1124 1916 numquam
1134 1885 1182 1904 ca-

228 1924 284 1956 stra
293 1925 412 1955 videris.
436 1935 473 1954 an
483 1925 664 1964 eloquentiae
676 1925 686 1951 ?
700 1932 765 1963 quae
776 1921 859 1951 nulla
867 1919 909 1949 est
920 1922 952 1948 in
963 1928 990 1948 te
1003 1929 1007 1946 τ
1030 1920 1063 1947 ὃς
1074 1937 1081 1950 ,
1093 1916 1182 1957 quid-

226 1967 299 2008 quid
312 1966 354 1997 est
363 1968 446 1996 vocis
455 1976 486 1996 ac
497 1966 623 2006 linguae,
644 1974 737 1994 omne
757 1965 789 1993 in
807 1962 898 1992 istum
918 1958 1119 2000 turpiffimum
1138 1968 1186 1988 ca-

226 2010 354 2040 lumniae
372 2007 519 2050 quaestum
536 2005 702 2037 contulisti.
743 2008 793 2035 Tu
814 2005 914 2034 lucem
932 2003 1058 2042 aspicere
1074 2000 1185 2045 audes:²

227 2060 260 2082 tu
270 2053 324 2081 hos
335 2052 465 2080 intueri?
485 2059 517 2080 tu
527 2051 560 2079 in
569 2047 658 2082 foro,
679 2056 711 2077 tu
730 2049 763 2077 in
780 2046 852 2076 urbe
864 2066 872 2079 ‚
893 2054 925 2075 tu
944 2055 976 2074 in
995 2045 1110 2073 civium
1127 2041 1186 2072 esse

228 2092 392 2132 conspeetu
402 2095 412 2121 ?
431 2101 462 2122 111
474 2092 558 2121 illam
569 2098 718 2120 mortuam
731 2109 738 2122 ,
760 2097 791 2118 tu
803 2089 947 2128 imagines
960 2087 1033 2126 ipsas
1044 2095 1110 2115 non
1119 2094 1186 2124 per-

229 2135 395 2165 horrescis?
413 2133 522 2175 quibus
542 2142 605 2162 non
625 2129 720 2161 modo
733 2130 886 2160 imitandis
898 2150 906 2162 ,
927 2128 975 2158 sed
986 2138 1024 2157 ne
1033 2127 1186 2157 collocan-

163 2178 210 2217 56
231 2176 276 2207 dis
293 2176 417 2217 quidem
428 2176 482 2205 tibi
493 2175 591 2204 ullum
603 2175 705 2204 locum
715 2170 873 2212 reliquisti.
904 2169 960 2199 Sed
979 2170 1041 2199 haec
1060 2169 1165 2209 tragica
1177 2187 1185 2200 ‚

229 2227 316 2259 atque
339 2217 459 2247 divina:
479 2216 571 2246 faceta
589 2225 690 2245 autem
703 2214 873 2246 &urbana³
894 2210 1127 2256 innumerabilia
1148 2218 1186 2237 ex

231 2270 289 2290 una
302 2262 450 2289 concione
471 2257 666 2288 meministis.
698 2266 754 2286 nec
772 2257 856 2286 enim
875 2254 983 2283 concio
1004 2261 1100 2291 major
1116 2260 1187 2297 um-

231 2312 322 2342 quain
332 2300 390 2330 fuit
402 2321 409 2333 ,
422 2311 476 2330 nec
485 2300 561 2340 apud
573 2299 719 2339 populum
731 2299 848 2338 gravior
865 2297 959 2325 oratio
970 2314 978 2328 ‚
996 2293 1087 2334 quam
1098 2294 1187 2339 hujus

233 2353 336 2374 contra
352 2342 498 2384 collegam
510 2345 542 2371 in
552 2342 672 2372 censura
684 2349 799 2379 nuper,
818 2347 913 2378 neque
924 2335 1024 2376 lepore
1035 2355 1043 2368 ,
1064 2336 1096 2365 86
1105 2333 1188 2381 festi-

230 2388 319 2415 vitate
329 2384 490 2414 conditior.
513 2386 610 2424 Qare
621 2383 675 2412 tibi
688 2402 695 2415 ,
710 2382 824 2411 Antoni
836 2400 844 2414 ‚
859 2387 1018 2418 utrumque
1028 2375 1168 2406 assentior
1178 2395 1187 2409 ‚

232 2428 265 2456 &
278 2424 411 2457 multum
423 2425 548 2465 facetias
564 2427 597 2454 in
617 2423 746 2454 dicendo
766 2419 899 2463 prodesse
916 2420 990 2459 saepe
1001 2439 1009 2453 ‚
1031 2419 1119 2449 &eas
1129 2426 1188 2464 arte

233 2469 321 2498 nullo
332 2468 426 2498 modo
436 2465 517 2508 pofl‘e
527 2466 601 2497 tradi
613 2477 618 2495 :
639 2466 671 2496 δε
683 2465 758 2495 illud
768 2463 892 2505 quidem
901 2461 1034 2492 admiror
1043 2480 1051 2494 ,
1062 2469 1090 2490 te
1099 2459 1189 2489 nobis

233 2512 267 2540 in
278 2519 314 2539 eo
325 2520 430 2550 genere
441 2507 574 2539 tribuisse
584 2516 701 2538 tantum
712 2528 720 2542 ‚
734 2507 766 2537 &
775 2516 837 2536 non
849 2506 937 2543 hujus
948 2505 988 2533 rei
998 2512 1117 2543 quoque
1127 2501 1190 2541 pal-

236 2561 330 2584 mam,
343 2560 375 2580 ut
385 2560 557 2583 ceterarum,
572 2548 671 2580 Crass‘o
682 2547 828 2579 detulisse.
851 2549 936 2577 Tum
948 2546 1113 2590 Antonius,
1126 2546 1190 2584 Ego

236 2592 307 2623 vero
320 2595 359 2622 ita
368 2591 513 2626 fecissem,
524 2594 634 2633 inquit,
647 2590 701 2621 nisi
712 2590 866 2621 interdum
878 2590 910 2618 in
920 2588 988 2620 hoc,
999 2584 1098 2616 Crasso
1108 2585 1192 2625 paul-

237 2636 302 2665 lum
315 2634 492 2663 inviderem.
516 2644 585 2663 nam
595 2632 652 2663 ess'e
661 2634 799 2674 quamvis
808 2630 936 2661 facetum
948 2649 956 2663 ‚
968 2638 1052 2669 atque
1064 2628 1168 2658 salsum
1180 2646 1189 2659 ,
1212 2641 1213 2647 =

234 2686 298 2706 non
310 2677 402 2705 nimis
413 2674 455 2704 est
465 2685 514 2715 per
524 2675 653 2715 seipsum
666 2673 865 2704 invidendum
878 2683 882 2701 :
895 2671 954 2705 sed,
966 2669 1037 2701 esim
1047 2670 1191 2699 omnium
1212 2688 1213 2697 i

237 2717 271 2747 sis
282 2715 503 2747 venustissimus
514 2737 521 2749 ‚
537 2717 569 2746 &
579 2715 787 2746 urbamffimus
800 2735 808 2748 ,
822 2716 963 2744 omnium
974 2710 1189 2753 gravissimum,
1211 2735 1213 2741 ,

237 2761 270 2790 &
282 2757 497 2789 severissimum
509 2759 541 2788 &
550 2757 608 2788 ess'e
618 2778 626 2792 ,
649 2759 680 2788 &
691 2758 785 2787 vider1
798 2777 806 2790 ‚
826 2755 907 2797 quod
920 2754 966 2785 isti
977 2755 1058 2784 coriti

1082 2762 1188 2785 itum,

236 2802 266 2831 id
279 2802 355 2831 mihi
367 2803 421 2830 vix
439 2799 598 2830 fei-endum
614 2799 779 2830 videbatur.
814 2797 873 2828 Hic
891 2796 962 2827 cum
981 2764 1114 2826 ari-issigset
1130 2794 1191 2834 ipse
1212 2813 1213 2824 i

236 2842 359 2872 Crassus.
383 2845 523 2872 Attamen
539 2862 546 2874 ,
567 2843 666 2883 inquit
676 2843 828 2871 Antonius
840 2861 847 2873 ,
861 2838 934 2869 cum
943 2847 1036 2868 artem
1048 2835 1105 2867 effe
1114 2835 1191 2866 face-

235 2887 341 2915 tiarum
355 2904 363 2917 ‚
373 2885 446 2925 Juli,
458 2893 576 2925 negares
587 2894 593 2913 2
604 2882 739 2923 aperuisti
749 2882 893 2924 quiddam
902 2901 910 2915 ‚
924 2879 1005 2921 quod
1015 2880 1191 2920 praecipien—

1228 124 1757 174 Ciczaonts

1224 202 1299 234 dum
1308 202 1465 248 videretur.
1490 203 1601 234 Haberi
1610 205 1695 235 enim
1705 202 1808 235 dixisti
1823 202 2184 248 rationemsoportere‘bo·

1226 246 1335 275 minum
1345 265 1353 279 ‚
1365 256 1402 275 rei
1413 265 1421 279 ,
1434 246 1558 287 temporis
1568 265 1576 279 ‚
1589 245 1795 287 nequidjocus
1806 246 1842 277 de
1851 250 1990 288 gravitate
2001 249 2181 290 decerperet,

1224 287 1305 328 quod
1323 287 1447 328 quidem
1459 290 1491 318 in
1500 289 1606 328 primis
1624 286 1749 318 aeraffo
1766 289 1914 319 observari
1931 291 2016 321 solet.
2048 290 2105 321 Sed
2123 291 2184 320 hoc

1225 338 1407 370 praeceptum
1423 330 1712 370 praetermittendum
1728 330 1771 360 est
1780 330 1952 362 facetiarum
1965 353 1973 366 ‚
1994 331 2065 362 ci‘im
2076 333 2121 361 his
2132 333 2183 361 ni-
2226 340 2230 343 ·

1226 372 1270 401 hil
1281 381 1356 411 opus
1368 369 1409 401 sit.
1435 381 1488 401 nos
1501 380 1601 401 autem
1613 372 1771 413 quomodo
1783 381 1919 406 utamur,
1940 373 2010 404 cum
2031 383 2108 414 opus
2128 371 2182 406 sit,

1226 416 1388 454 quaerimus
1400 423 1407 442 z
1427 415 1501 442 utin
1510 412 1710 443 adversarium
1721 434 1730 447 ‚
1750 414 1783 444 &
1793 416 1928 445 maxime
1948 414 1968 446 fi
1986 417 2050 455 ejus
2062 414 2188 445 stultitia

1228 457 1338 494 poterit
1351 456 1469 495 agitari,
1482 456 1514 484 in
1524 453 1629 484 testem
1640 454 1764 484 stultum
1777 476 1785 488 ,
1797 456 1942 495 cupidum
1955 478 1963 490 ,
1975 457 2073 487 levem
2085 477 2094 489 ‚
2108 455 2128 485 fi
2138 454 2183 486 fa-

1225 497 1282 526 cile
1300 497 1440 525 homines
1460 495 1591 525 audituri
1610 496 1801 526 videbuntur.
1829 499 1966 529 Omnino
1985 498 2187 538 probabiliora

1228 538 1298 568 sunt
1309 558 1317 571 ‚
1328 547 1394 578 quae
1403 536 1518 577 laceffiti
1527 537 1657 567 dicimus
1668 538 1780 578 ,quam
1791 549 1855 579 quae
1866 541 1987 579 priores.
2011 549 2083 569 nam
2091 540 2124 569 &
2134 540 2184 569 in-,i

1227 581 1309 620 genii
1327 579 1459 609 celeritas
1471 580 1567 618 major
1577 578 1619 608 est
1630 599 1638 612 ,
1659 589 1725 619 quae
1734 589 1849 620 apparet
1859 583 1892 610 in
1900 581 2109 621 respondendo
2120 601 2129 614 ,
2149 580 2185 611 δε

1227 623 1422 650 humanitatis
1433 619 1475 650 est
1485 620 1646 660 responsio.
1671 621 1819 651 Videmur
1828 624 1911 652 enirn
1928 625 2059 664 quieturi
2075 620 2162 652 fuiffe
2172 636 2184 655 0

1229 661 1283 692 nisi
1298 661 1427 692 effemus
1446 661 1564 693 lacessiti
1574 683 1581 695 ‚
1602 671 1634 692 ut
1644 665 1677 692 iri
1687 662 1809 703 istaipsa
1817 666 1967 694 concione
1976 665 2054 694 nihil
2064 663 2125 694 fere
2136 663 2185 694 di-

1230 704 1314 734 sium
1324 704 1366 736 est
1375 705 1410 734 ab
1420 706 1478 734 1106
1489 725 1497 738 ,
1515 705 1595 745 quod
1606 704 1730 745 quidem
1739 704 1862 735 facetius
1882 705 1999 736 dietum
2015 706 2184 740 videretur,

1229 746 1310 787 quod
1322 756 1385 776 non
1396 755 1572 786 provocatus
1583 746 1777 786 responderit.
1801 750 1870 778 Erat
1885 757 1985 778 autem
2002 756 2080 778 tanta
2088 749 2187 789 gravi-

1229 790 1313 818 tasin
1323 790 1465 818 Domitio
1476 809 1484 821 ‚
1509 797 1586 818 tanta
1595 787 1753 818 au&oritas
1764 808 1772 821 ‚
1792 798 1842 822 ut,
1864 790 1945 830 quod
1957 788 2027 820 ess'et
2037 790 2073 820 ab
2084 799 2120 819 eo
2129 789 2187 819 ob-

1226 831 1237 870 j
1242 828 1344 859 66111111
1354 850 1362 863 ‚
1376 829 1475 869 lepore
1486 832 1579 872 magis
1589 830 1769 860 elevandum
1778 850 1786 863 ‚
1799 832 1890 872 quam
1901 833 2096 862 contentione
2105 829 2188 861 fian·

1229 871 1362 912 gendum
1374 871 1533 902 videretur.
1557 874 1639 902 Turn
1650 872 1797 912 Sulpicius
1807 893 1814 906 ‚
1827 873 1899 914 quid
1910 875 1998 915 igitur
2009 876 2018 902 ?
2028 874 2128 913 inquit
2135 881 2186 912 pa-

1230 916 1341 943 116111111-
1349 935 1357 947 ,
1371 914 1515 944 Caesarem
1524 934 1532 947 ‚
1547 916 1599 954 qui
1608 923 1790 955 quamquam
1801 914 1899 946 Crass‘o
1909 916 2025 945 facetias
2036 915 2185 948 concedit,

1231 964 1331 985 tamen
1343 956 1441 985 multo
1452 957 1485 985 in
1497 965 1533 986 eo
1544 955 1643 986 studio
1654 958 1747 996 magis
1759 957 1819 996 ipse
1837 957 1986 990 elaborat,
2008 967 2072 987 non
2089 956 2188 997 expli-

1229 1007 1292 1027 care
1304 1007 1404 1028 totum
1415 998 1502 1027 nobis
1513 1007 1606 1037 genus
1617 998 1800 1038 hocjocandi
1809 1019 1816 1031 ,
1834 999 1919 1039 quale
1930 998 1963 1029 sit
1973 1019 1980 1033 ‚
1994 999 2027 1029 &
2037 998 2116 1029 unde
2127 998 2186 1029 du-

1229 1048 1329 1074 catur3
1349 1040 1511 1079 praesertim
1522 1038 1594 1070 cum
1605 1048 1715 1070 tantam
1726 1042 1791 1070 vim
1803 1060 1810 1074 ‚
1831 1042 1863 1070 &
1874 1041 2035 1071 utilitatem
2046 1041 2112 1071 salis
2123 1060 2131 1074 ‚
2153 1040 2188 1071 δε

1231 1081 1404 1112 urbanitatis
1415 1080 1472 1111 efl'e
1483 1080 1647 1111 fateamur?
1666 1081 1747 1121 Qid
1758 1081 1778 1111 fi
1790 1102 1797 1115 ‚
1811 1083 2014 1125 inquitJulius
2027 1102 2034 1115 ‚
2048 1080 2188 1112 assentior

1228 1125 1365 1153 Antonio
1385 1123 1497 1153 dicenti
1509 1123 1624 1154 nullam
1643 1123 1701 1153 effe
1722 1132 1814 1153 artem
1826 1125 1892 1154 salis
1904 1128 1914 1152 Ρ
1934 1123 1993 1154 Hic
2003 1122 2074 1153 cum
2085 1123 2186 1163 Sulpi-

1227 1167 1291 1194 cius
1308 1163 1480 1195 reticuisset.
1513 1164 1599 1204 Qasi
1609 1164 1682 1194 vero
1693 1185 1701 1199 ‚
1722 1167 1822 1205 inquit
1832 1165 1944 1195 Crass'us
1956 1186 1963 1199 ‚
1985 1167 2094 1195 horum
2105 1165 2187 1205 ipso-r

1230 1217 1308 1240 rum,
1319 1207 1356 1236 de
1366 1207 1474 1246 quibus
1485 1208 1638 1235 Antonius
1650 1210 1661 1233 3
1673 1206 1788 1236 tamdiu
1798 1207 1940 1247 loquitur,
1953 1217 1996 1237 ars
2008 1207 2069 1237 ulla
2078 1205 2120 1236 fit.
2137 1205 2186 1236 ob-

1222 1249 1347 1288 servatio
1357 1247 1494 1288 quaedam
1505 1246 1556 1281 est,
1569 1257 1602 1277 ut
1612 1248 1672 1287 ipse
1683 1248 1770 1281 dixit,
1782 1258 1886 1278 earum
1895 1259 2006 1282 rerum,
2019 1258 2084 1289 quae
2094 1250 2126 1278 in
2137 1248 2186 1278 di-

1229 1290 1326 1320 cendo
1345 1290 1459 1320 valent:
1481 1300 1546 1330 quae
1557 1288 1577 1319 si
1588 1290 1774 1330 eloquenteis
1791 1289 1886 1320 facere
1901 1289 2007 1330 possit,
2027 1292 2095 1331 quis
2113 1288 2188 1320 ess'et

1229 1342 1292 1362 non
1303 1332 1471 1372 eloquens?
1491 1334 1566 1372 QS
1580 1334 1664 1361 enirn
1685 1333 1747 1361 haec
1763 1332 1813 1361 vel
1829 1342 1894 1362 non
1910 1332 1998 1362 facile
2011 1353 2019 1367 ‚
2038 1332 2087 1362 vel
2105 1332 2185 1362 certe

1228 1374 1328 1414 aliquo
1340 1374 1433 1404 modo
1445 1372 1539 1413 posset
1547 1373 1676 1403 ediscere
1688 1377 1699 1402 ?
1716 1373 1772 1403 Sed
1783 1384 1838 1415 ego
1848 1376 1881 1404 in
1891 1375 1938 1404 his
1947 1375 2099 1414 praeceptis
2109 1374 2188 1404 hanc

1230 1417 1294 1444 vim
1307 1436 1316 1448 ,
1338 1416 1370 1445 &
1380 1416 1456 1445 hanc
1467 1416 1627 1446 utilitatem
1639 1413 1696 1445 efl'e
1706 1415 1850 1449 arbitror,
1868 1426 1932 1446 non
1943 1424 1976 1446 ut
1988 1416 2022 1446 ad
2036 1417 2187 1456 reperien-

1229 1457 1303 1486 dum
1316 1478 1324 1490 ,
1336 1456 1409 1498 quid
1420 1457 1515 1487 dicam
1521 1467 1553 1486 us
1564 1478 1571 1491 ‚
1583 1466 1641 1487 arte
1651 1457 1797 1487 ducamur
1805 1477 1813 1491 ‚
1827 1458 1874 1488 sed
1884 1467 1916 1488 ut
1924 1468 1957 1488 ea
1966 1478 1974 1491 ‚
1985 1468 2051 1499 quae
2062 1466 2162 1487 natura
2173 1476 2184 1491 .

1228 1509 1293 1540 quae
1304 1498 1404 1529 studio
1415 1520 1423 1532 ‚
1435 1509 1499 1540 quae
1511 1501 1726 1529 exercitatione
1737 1500 1968 1540 consequimur,
1979 1509 2029 1530 aut
2037 1498 2117 1530 resta
2125 1497 2185 1528 esse

1229 1539 1418 1571 confidamus
1430 1562 1437 1575 ‚
1451 1551 1500 1571 aut
1509 1541 1825 1582 pravaintelligamus,
1846 1540 1917 1571 curn
1931 1562 1939 1575 ,
1957 1541 2020 1582 quo
2030 1540 2185 1572 referenda

1230 1581 1287 1613 sint
1297 1603 1305 1616 ‚
1317 1583 1522 1613 didicerimus.
1553 1586 1651 1624 Qare
1660 1603 1668 1616 ‚
1681 1583 1790 1616 Cazsar²
1803 1593 1858 1625 ego
1870 1593 1990 1624 quoque
2002 1583 2018 1613 a
2028 1592 2055 1613 te
2065 1583 2124 1613 hoc
2132 1581 2188 1623 pe-'

1230 1634 1261 1655 to
1272 1645 1281 1657 ‚
1293 1633 1343 1658 ut,
1356 1623 1376 1654 fi
1388 1624 1442 1654 tibi
1453 1625 1572 1655 videtur
1582 1645 1589 1659 ‚
1602 1625 1732 1665 disputes
1742 1624 1779 1654 de
1789 1626 1848 1656 hoc
1859 1624 2053 1666 totojocandi
2063 1634 2184 1666 genere,

1230 1666 1302 1707 quid
1312 1667 1417 1696 sentias
1428 1686 1436 1700 ‚
1448 1677 1545 1708 nequa
1553 1666 1630 1697 forte
1642 1666 1764 1696 dicendi
1774 1677 1838 1707 pars
1848 1687 1856 1700 ‚
1878 1669 2025 1708 quoniam
2036 1669 2076 1696 ita
2085 1666 2187 1697 volui-

1231 1709 1281 1738 stis
1291 1728 1299 1741 ‚
1319 1710 1351 1738 in
1362 1709 1419 1738 hoc
1430 1709 1481 1738 tali
1490 1718 1568 1739 coetu
1580 1729 1588 1742 ,
1608 1717 1695 1749 atque
1704 1711 1736 1738 in
1747 1717 1807 1739 tam
1817 1718 1952 1739 accurato
1961 1709 2101 1739 sermone
2110 1717 2188 1749 prae-

1230 1752 1315 1780 terita
1328 1748 1385 1780 effe
1397 1750 1541 1780 videatur.
1566 1754 1629 1791 Ego
1638 1750 1722 1784 vero,
1734 1752 1833 1791 inquit
1841 1751 1902 1785 ille,
1914 1752 2060 1791 quoniam
2069 1753 2087 1776 4
2094 1749 2191 1780 colle-¹

1233 1791 1312 1822 &am
1323 1791 1339 1821 a
1349 1794 1478 1822 conviva
1489 1813 1497 1825 ‚
1513 1791 1607 1822 Crasse
1618 1813 1626 1826 ,
1639 1794 1732 1834 exigis
1743 1813 1751 1826 ,
1763 1802 1826 1822 non
1835 1794 2038 1826 committam,
2051 1800 2093 1825 ut,
2105 1790 2125 1821 fi
2136 1791 2190 1821 de-

1232 1833 1361 1875 fugerim
1373 1854 1381 1868 ,
1404 1833 1458 1864 tibi
1467 1835 1583 1864 causam
1594 1835 1723 1875 aliquam
1735 1834 1804 1864 dem
1815 1833 1978 1873 recusandi.
2001 1843 2187 1874 quamquam

1233 1876 1315 1906 soleo
1327 1876 1398 1916 saepe
1409 1878 1508 1906 mirari
1520 1886 1624 1906 eorum
1635 1876 1838 1918 impudentiam
1849 1896 1857 1910 ‚
1878 1877 1930 1917 qui
1949 1884 2040 1917 agunt
2053 1877 2085 1905 in
2103 1876 2190 1905 scena

1232 1917 1348 1959 gestum
1359 1938 1367 1952 ‚
1390 1921 1403 1945 5
1413 1917 1559 1957 spestante
1577 1919 1699 1948 Roscio.
1723 1920 1790 1958 quis
1808 1920 1893 1948 enim
1913 1917 1971 1947 sese
1991 1926 2190 1947 commovere

1233 1958 1329 2000 potest
1340 1980 1347 1993 ‚
1360 1961 1444 1996 cuius
1454 1960 1506 1989 ille
1515 1962 1588 1990 vitia
1599 1969 1662 1989 non
1672 1959 1791 1990 videat?
1813 1962 1860 1990 Sic
1870 1969 1926 2000 ego
1936 1969 2017 1989 nunc
2027 1957 2125 1989 Crass'o
2135 1967 2189 1988 au-

1233 2002 1333 2031 diente
1351 2000 1486 2041 primum
1498 2002 1602 2043 loquar
1611 2001 1648 2031 de
1657 2001 1772 2032 facetiis
1784 2022 1792 2035 ,
1801 2002 1845 2042 ,86
1856 2001 2027 2040 docebosus
2038 2000 2082 2039 (ut
2090 2000 2189 2040 ajunt)

1231 2052 1380 2074 oratorem
1399 2053 1469 2073 eum
1483 2063 1491 2077 ,
1509 2054 1601 2084 quem
1611 2042 1683 2073 curn
1694 2045 1814 2073 Catulus
1824 2053 1918 2083 nuper
1926 2041 2050 2072 audisset
2060 2062 2069 2075 ‚
2081 2042 2189 2080 faenum

1230 2085 1302 2114 alios
1310 2084 1404 2125 ajebat
1412 2084 1461 2122 effi:
1470 2093 1597 2126 oportere.
1630 2088 1713 2115 Tum
1725 2086 1776 2114 ille
1787 2105 1796 2118 ,
1814 2084 1971 2126 jocabatur
1980 2103 1988 2116 ,
2001 2085 2101 2123 inquit
2111 2103 2120 2116 ‚
2132 2085 2189 2112 Ca-

1231 2127 1328 2160 tulus,
1349 2127 1513 2166 praesertim
1531 2125 1603 2156 cum
1622 2128 1662 2156 ita
1679 2126 1755 2155 dicat
1765 2126 1825 2166 ipse
1838 2146 1846 2158 ,
1866 2135 1898 2155 ut
1911 2123 2055 2158 ambrosia
2064 2123 2190 2156 alendus

1231 2168 1288 2198 esse
1298 2167 1439 2198 videatur.
1463 2168 1569 2198 verum
1580 2177 1607 2197 te
1618 2187 1627 2200 ‚
1647 2168 1739 2197 Caesai·
1750 2187 1758 2200 ,
1778 2167 1933 2197 audiamus
1945 2187 1953 2200 ‚
1973 2176 2005 2197 ut
2015 2166 2049 2196 ad
2060 2166 2189 2196 Antonii

1230 2211 1343 2250 reliqua
1352 2208 1515 2239 redeamus.
1540 2212 1577 2240 Et
1588 2211 1749 2242 Antonius,
1767 2218 1909 2248 perpauca
1918 2208 2040 2249 quidem
2053 2208 2130 2237 mihi
2142 2217 2189 2237 re-

1232 2251 1308 2281 stant
1318 2271 1326 2284 ‚
1338 2252 1437 2291 inquit
1449 2261 1454 2279 :
1475 2251 1524 2281 sed
1535 2259 1636 2281 tamen
1647 2248 1842 2290 defess‘usjam
1857 2250 1955 2280 labore
1967 2271 1973 2284 ‚
1987 2259 2072 2291 atque
2083 2252 2190 2279 itinere

1233 2293 1440 2332 disputationis
1450 2311 1458 2325 ‚
1477 2293 1657 2333 requiescam
1668 2294 1701 2322 in
1711 2293 1830 2322 Caesaris
1841 2292 1989 2325 sermone,
2001 2290 2080 2333 quasi
2091 2293 2123 2321 in
2133 2291 2189 2321 ali-

1231 2344 1292 2375 quo
1300 2343 1526 2382 peropportuno
1538 2334 1721 2364 deversorio.
1752 2336 1862 2374 Atqui,
1874 2335 1972 2374 inquit
1988 2334 2086 2375 Julius
2098 2353 2105 2367 ,
2125 2342 2190 2362 non

1233 2386 1327 2406 nimis
1340 2376 1459 2406 liberale
1471 2376 1637 2416 hospitium
1648 2386 1752 2405 meum
1763 2375 1852 2405 dices.
1876 2386 1947 2405 nam
1959 2384 1986 2405 te
1996 2377 2029 2404 in
2038 2377 2120 2405 viam
2133 2395 2141 2408 ,
2154 2373 2191 2404 si-

1234 2418 1299 2448 mul
1309 2427 1342 2447 ac
1350 2418 1569 2458 perpaullulum
1579 2417 1700 2459 gustaris
1714 2436 1722 2451 ,
1742 2417 1899 2447 extrudam
1911 2438 1919 2451 ‚
1931 2417 1963 2447 &
1975 2418 2104 2457 ejiciam.
2129 2419 2172 2446 Ac
2182 2435 2191 2449 ‚

1234 2470 1273 2489 ne
1291 2459 1403 2489 diutius
1423 2469 1477 2489 vos
1495 2459 1652 2494 demorer,
1672 2459 1708 2489 de
1719 2461 1807 2489 omni
1818 2459 1875 2489 isto
1885 2469 1993 2499 genere
2004 2479 2011 2492 ‚
2031 2457 2104 2499 quid
2124 2458 2192 2488 sen-

1235 2504 1308 2532 tiam
1319 2521 1328 2534 ,
1349 2501 1532 2541 perbreviter
1541 2511 1700 2541 exponam.
1724 2503 1772 2531 De
1791 2501 1850 2541 risu
1869 2502 2002 2541 quinque
2022 2501 2089 2530 sunt
2099 2520 2107 2534 ,
2127 2509 2194 2540 quae

1236 2552 1419 2614 quaerantur:
1438 2553 1535 2572 unum
1546 2563 1553 2576 ‚
1574 2543 1646 2584 quid
1657 2542 1706 2573 sit:
1726 2543 1851 2573 alterum
1864 2562 1872 2575 ‚
1886 2542 1965 2572 unde
1977 2541 2026 2572 sit:
2047 2544 2168 2572 tertium
2180 2561 2190 2574 ‚

1250 2594 1310 2615 itne
1329 2586 1452 2614 oratoris
1472 2586 1550 2614 velle
1569 2585 1661 2614 risum
1682 2595 1805 2614 movere
1826 2595 1831 2613 :
1851 2593 1987 2625 quartum
1999 2604 2007 2618 ,
2028 2592 2174 2625 quatenus
2186 2593 2193 2611 t

1237 2628 1377 2668 quintum
1390 2646 1398 2659 ,
1411 2636 1477 2667 quae
1487 2625 1542 2657 sint
1551 2636 1657 2667 genera
1669 2627 1796 2657 ridiculi.
1829 2629 1926 2667 Atque
1945 2625 2020 2655 illud
2039 2627 2173 2665 primum
2184 2643 2194 2658 ‚

1238 2668 1310 2709 quid
1323 2667 1354 2697 sit
1366 2669 1425 2707 ipse
1442 2669 1514 2698 risus
1526 2688 1534 2701 ‚
1546 2679 1606 2709 quo
1615 2667 1702 2708 133ἃο
1712 2670 1879 2698 concitetur
1888 2687 1896 2701 ‚
1910 2666 2006 2697 ubisit
2016 2687 2025 2700 ‚
2036 2665 2195 2708 quomodo

1237 2709 1353 2740 exsistat
1363 2731 1371 2742 ,
1383 2719 1467 2750 atque
1479 2713 1517 2740 ita
1529 2711 1650 2750 repente
1662 2719 1813 2750 erumpat,
1834 2719 1866 2739 ut
1876 2719 1946 2739 eum
1957 2711 2110 2749 cupientes
2122 2728 2131 2740 ,
2153 2715 2196 2735 te-

1236 2762 1297 2782 nere
1306 2761 1488 2792 nequeamus
1497 2773 1505 2786 ‚
1525 2752 1556 2782 &
1568 2752 1724 2792 quomodo
1734 2751 1822 2781 simul
1833 2753 1918 2780 latera
1927 2771 1934 2785 ‚
1948 2761 1981 2780 os
1993 2771 2001 2785 ‚
2014 2759 2113 2783 venas,
2125 2749 2196 2778 vul-

1238 2804 1302 2824 tum
1313 2814 1321 2827 ‚
1333 2794 1438 2823 oculos
1449 2803 1589 2834 occupet,
1610 2793 1718 2823 viderit
1728 2795 1933 2824 Democritus.
1957 2792 2148 2833 nequeenim
2159 2789 2196 2820 ad

1212 2833 1214 2846 ³
1238 2838 1319 2866 hunc
1330 2835 1501 2865 sermonem
1514 2837 1571 2865 hoc
1579 2837 1707 2875 pertinet
1719 2846 1724 2863 ;
1737 2835 1769 2864 &
1780 2854 1787 2868 ,
1800 2833 1819 2863 si
1829 2836 1993 2874 pertineret
2003 2854 2011 2867 ‚
2024 2833 2134 2863 nescire
2145 2841 2196 2862 me

1237 2887 1338 2908 tamen
1347 2876 1377 2906 id
1389 2886 1451 2907 non
1461 2877 1584 2917 puderet
1593 2897 1600 2911 ‚
1614 2876 1694 2918 quod
1706 2887 1743 2906 ne
1754 2874 1806 2916 ipsi
1817 2875 1943 2916 quidem
1955 2876 2001 2905 illi
2011 2876 2128 2907 scirent,
2140 2873 2194 2943 qlui

2105 2925 2144 2955 po
2170 2925 2197 2943 i·

275 2990 297 3007 1.
317 2984 344 3006 In
355 2981 448 3005 Rasum
469 2981 539 3004 lorum
558 2989 607 3005 cum
619 2980 698 3013 fi⁷¹²=J

233 3051 300 3080 illud
313 3062 328 3078 a
340 3061 416 3078 manu
427 3050 546 3081 secunda,
559 3051 668 3086 quintus
678 3060 706 3077 ac
718 3051 804 3076 sextus
818 3060 824 3079 3
839 3053 852 3076 3
865 3051 949 3086 prima
959 3050 1066 3076 tertius.

269 3097 297 3114 2.
317 3090 464 3121 Cumfimtre
475 3087 596 3118 effluam·
606 3087 695 3120 anun]
707 3086 884 3123 Qatuoriiri
897 3086 935 3111 illi
948 3093 976 3112 ut
988 3086 1024 3112 ita
1033 3084 1131 3115 dicam,
1143 3084 1193 3111 Pa-

231 3122 402 3160 latino-Galli
417 3143 424 3156 ,
437 3133 486 3150 non
498 3123 641 3160 agnos-*unt
650 3123 790 3156 ctmisimere
800 3141 808 3154 ,
826 3122 853 3148 8<
864 3131 923 3149 mco
934 3122 1022 3150 animo
1033 3120 1093 3149 {atis
1105 3120 1192 3148 subin-

235 3160 404 3196 wlliguiitur.

720 2980 802 3005 Malui
817 2978 882 3005 illud
894 2987 972 3014 quam
985 2984 1118 3013 receptum
1130 2979 1194 3003 locu·
1211 2991 1212 2995 =

234 3024 283 3042 rum
296 3036 304 3047 ,
315 3016 384 3052 quod
398 3016 452 3041 1¹:11.
464 3024 503 3051 pr.
514 3016 540 3041 ὃ(
555 3015 605 3041 sec.
626 3015 771 3040 retinerent
783 3018 854 3039 locum
867 3034 874 3045 ,
889 3013 1066 3049 haberentque
1076 3014 1192 3049 primum
1211 3030 1212 3033 =

1292 2996 1298 3001 .
1318 2974 1415 3000 Tamdiu
1434 2974 1561 3007 loquitur]
1583 2972 1666 2998 iidem
1678 2974 1733 3006 jam
1744 2973 1800 2997 dm:
1819 2970 1889 3006 quod
1907 2971 2005 2997 retinet
2015 2970 2175 2997 Gulielmius
2188 2984 2197 2998 2

1234 3010 1337 3037 dicium
1350 3009 1523 3042 utjamdudum
1535 3028 1543 3040 ‚
1553 3010 1605 3040 &aa

1211 3125 1215 3190 ἱ
1238 3081 1443 3180 νῖιςὶἷιῐὲῃςεέςᾶκῇὲ
1461 3116 1562 3152 Roscio]
1591 3116 1654 3144 Duo
1673 3115 1741 3143 Pan.
1760 3115 1787 3142 δε
1809 3114 1921 3142 totidem
1943 3113 2100 3146 Gallicani,
2124 3113 2202 3146 inspe-

1242 3158 1257 3180 f
1266 3162 1330 3181 ante.
1401 3155 1409 3161 '

2106 3183 2207 3212 nmio

2201 889 2248 924 57

2208 2333 2251 2374 58

1270 3055 1298 3079 4.
1318 3047 1437 3072 Collei‘lam
1456 3043 1471 3070 ἃ
1493 3048 1594 3070 con-ma
1614 3044 1711 3078 exigis]
1731 3045 1771 3070 De
1782 3052 1810 3070 ea
1821 3052 1848 3069 re
1859 3041 1998 3069 Turnebus
2010 3041 2056 3068 lib.
2069 3050 2119 3068 111.
2139 3037 2209 3068 Ad-‘
