2295 3400
146 128 247 178 282.
566 128 633 177 M.
707 129 1073 178 TuLnii

139 209 296 242 consulere
309 211 320 239 ἲ
331 208 408 240 nih'il
419 207 549 249 denique
559 210 647 249 capiti
658 229 666 243 ,
683 219 715 240 ac
724 208 854 241 fortunis
864 212 923 241 tuis
932 209 1105 252 providere?

141 251 214 283 cum
224 254 269 282 tui
279 253 394 281 nominis
404 259 487 280 terror
497 253 530 280 in
540 251 662 281 auribus
672 271 681 285 ‚
700 253 870 293 animisque
879 263 1030 283 aratorum
1040 263 1108 284 ver-

142 295 270 325 saretur:
291 292 363 324 cnm
381 293 541 323 decumani
551 293 712 323 aratoribus
722 294 757 324 ad
775 295 930 335 pal-:tiones
945 294 1105 328 faciendas,

143 345 209 367 non
228 336 309 366 suam
320 337 384 364 vim
396 355 404 368 ‚
425 334 474 364 sed
494 343 579 364 tuum
595 335 708 368 scelus,
727 346 760 366 ac
776 347 892 368 nomen
903 346 1106 378 opponerent:

142 377 259 418 ecquod
271 377 422 417 judicium
441 378 551 406 Romae
571 385 632 407 tam
645 375 822 409 dissolutum
834 399 842 412 ,
867 387 927 409 tam
943 379 1108 420 perditum,

145 429 207 450 tam
222 419 414 448 nummarium
432 417 496 448 fore
507 417 632 458 putasti,
652 429 713 460 quo
731 430 769 450 ex
785 421 902 461 judicio
919 431 946 451 te
964 422 1024 451 ulla
1035 422 1110 452 salus

116 473 118 476 ’
144 462 258 492 servare
268 458 363 500 posset
374 464 384 488 ?
395 458 465 490 cum
477 460 602 500 planum
614 459 698 491 fieret
707 481 714 495 ‚
727 461 865 493 decumis
876 473 979 494 contra
988 463 1111 494 institu-

146 512 173 533 ta
185 523 192 535 ,
214 503 292 543 leges
305 522 312 536 ‚
329 502 641 543 consuetudinemque
652 506 795 534 omnium
805 505 936 535 venditis
946 526 954 539 ,
974 507 1007 535 in
1017 514 1111 536 arato-

146 553 216 574 rum
233 543 323 573 bonis
335 564 342 577 2
363 543 550 584 fortunisque
568 544 747 585 diripiendis
765 546 949 578 decumanos
965 545 1110 577 dictitass'e

147 595 211 616 tuas
224 585 282 615 efl'e
293 587 398 624 parteis
409 606 416 618 ,
430 595 511 615 tuam
521 596 585 616 rem
595 607 603 620 ,
616 595 696 617 tuam
707 589 836 627 praedam
850 600 854 618 :
867 589 957 630 idque
967 599 994 620 te
1005 589 1112 619 tacuis-

148 628 187 660 se,
201 627 233 657 δε
243 648 252 660 ,
264 627 335 657 cum
349 626 529 657 dissimulare
540 637 604 658 non
615 628 710 668 polles
719 649 728 663 ‚
740 630 866 670 potuisse
877 640 977 662 tamen
986 632 1109 671 perpeti,

148 670 183 699 δζ
193 668 320 709 perferre
332 691 339 702 ,
353 667 435 709 quod
447 670 614 710 magnitudo
625 671 698 700 lucri
707 671 864 712 obscuraret
870 674 987 713 pm'icuiz
998 673 1111 713 magni-

145 712 284 745 tudinem,
297 712 420 752 plusque
430 712 581 752 aliquanto
591 713 666 752 apud
679 722 706 743 te
716 717 850 754 pecuniae
860 715 1109 756 cupiditas‚quam

145 753 254 792 judicii
264 763 364 783 metus
375 751 493 793 poss'et?
515 753 596 784 Esto.
612 764 707 786 cetera
716 766 822 797 negare
834 767 897 787 non
907 766 1001 797 potes.
1025 767 1062 786 ne
1073 756 1111 785 il-

147 795 201 825 iud
212 794 335 835 quidem
347 795 402 825 tibi
413 795 564 837 reliquum
574 795 670 827 fecisti
682 817 689 831 ‚
707 807 739 828 ut
749 800 806 829 lioc
815 797 912 839 poss'es
926 800 1023 829 dicere
1035 819 1044 831 ,
1067 798 1112 826 m*-

147 837 192 865 m
200 847 292 866 eorum
304 845 330 866 rc
339 836 444 874 aucliff}
453 858 462 871 ‚
481 838 561 867 nihil
577 838 612 868 ad
624 847 686 869 tuas
696 842 791 870 aureis
802 841 839 871 de
851 840 976 871 infamia
986 849 1034 870 tua
1044 849 1111 880 per—

147 877 275 908 venisse.
295 879 507 920 ·Qerebantur
523 890 594 910 cum
605 879 688 911 luc‘tu
699 902 707 915 ‚
733 882 765 911 &
774 885 889 924 gemitu
900 892 1037 912 aratores.
1060 884 1110 911 Tu

146 920 179 950 id
190 921 358 951 nesciebas?
371 922 525 952 Fremebat
535 930 595 952 toti
604 925 766 962 provincia.
789 935 882 954 nemo
895 924 923 954 id
934 923 989 954 tibi
999 933 1111 953 renun-

150 963 262 993 tiabat?
284 965 393 993 Romae
404 965 603 1004 querimonia:
613 964 648 994 de
660 967 719 994 tuis
730 966 864 1005 iniuriis,
885 966 1111 1006 conventusque

150 1004 343 1034 habebantur.
367 1005 522 1046 ignorabas
532 1006 594 1036 haec
606 1010 617 1035 ?
635 1007 790 1047 ignorabas
804 1009 866 1038 haec
877 1010 983 1038 omnia
994 1012 1005 1036 3
1024 1006 1111 1048 quid?

149 1045 222 1076 eum
242 1047 339 1086 palam
350 1045 492 1086 Syracusis
504 1067 512 1079 ‚
533 1056 560 1076 te
577 1048 718 1078 audiente
730 1068 738 1080 ‚
760 1052 896 1080 maximo
914 1059 1069 1080 conventu
1081 1052 1111 1079 P.

151 1088 286 1118 Rubrius
296 1090 356 1129 Qi.
367 1091 539 1128 Apronium
549 1088 706 1129 sponsione
714 1090 869 1125 laceffivit‚
884 1102 921 1121 Nl
941 1101 1111 1122 APRons

150 1139 364 1160 DJCTITARLr
375 1150 383 1163 ,
408 1140 450 1160 TE
470 1140 536 1160 sim
563 1141 600 1160 IN
623 1142 776 1162 nactiMis
799 1143 871 1163 Essa
892 1143 1020 1164 SOCIUM
1034 1145 1038 1162 :
1051 1134 1114 1163 haec

153 1182 180 1201 te
190 1182 253 1201 vox
264 1182 329 1201 non
338 1173 488 1211 pertulit?
512 1183 578 1202 non
586 1174 766 1213 perturbavit
780 1179 790 1204 ?
809 1186 872 1205 non
886 1196 894 1208 ,
915 1177 1043 1215 utcapiti
1058 1196 1066 1207 ‚
1079 1175 1126 1205 &-

154 1212 287 1243 fortunis
299 1216 357 1243 tuis
371 1214 551 1253 prospiceres
568 1235 577 1248 ,
599 1218 761 1246 excitavit?
784 1217 918 1247 Tacuisti
932 1228 936 1246 :
959 1217 1061 1247 sedasti
1071 1225 1116 1246 et-

116 1272 131 1286 =.=
154 1257 211 1285 iani
224 1256 302 1284 liteis
314 1256 438 1285 illorum
453 1267 458 1284 z
472 1256 504 1286 δί
515 1255 632 1296 sponsi'o
646 1258 697 1288 illa
708 1268 745 1287 ne
757 1257 841 1289 fieret
852 1279 860 1293 ,
872 1258 1019 1289 laborasti.
1043 1257 1112 1292 Pto,

153 1297 197 1327 dii
209 1298 395 1327 immortales
409 1300 413 1326 3
436 1299 492 1327 hoc
503 1307 553 1328 aut
564 1300 711 1329 innocens
722 1301 818 1330 homo
837 1299 1112 1341 perpetipotuifl'et‚

154 1348 204 1369 aut
214 1349 351 1380 quamvis
362 1349 474 1369 nocens
486 1360 493 1373 ,
505 1342 558 1380 qui
569 1340 665 1371 modo
674 1341 785 1381 judicia
795 1345 905 1373 Romae
915 1342 979 1373 fore
991 1351 1114 1383 putaret,

154 1385 164 1400 ¹
177 1391 239 1410 non
250 1382 346 1422 aliqua
358 1379 546 1411 simulatione
556 1382 775 1413 existimationi
790 1385 817 1414 se
829 1386 997 1415 hominum
1007 1384 1116 1414 vendi-

153 1421 257 1453 zass'et?
274 1423 354 1462 Qiid
363 1422 406 1453 est
416 1425 473 1453 hoc
485 1427 496 1451 ?
508 1423 624 1463 sponsio
635 1423 669 1455 fit
678 1425 714 1455 de
726 1428 821 1466 capite
833 1445 841 1460 ,
857 1437 889 1457 ac
899 1426 1031 1457 fortunis
1041 1429 1114 1456 tuis.

153 1474 185 1495 tu
200 1464 299 1499 sedes,
326 1465 358 1494 ἃ
375 1466 525 1505 quiescis?
544 1476 608 1496 non
627 1467 832 1508 persequeris?
852 1479 917 1498 non
935 1469 1115 1509 perseveras?

155 1516 221 1537 non
230 1508 375 1546 perquiris
385 1527 393 1540 ,
416 1518 463 1537 cui
477 1507 586 1538 dixerit
596 1511 746 1548 Apronius
760 1513 771 1539 ἒ
791 1512 857 1551 quis
868 1510 1016 1540 audierit?
1035 1510 1115 1540 unde

156 1550 214 1578 hoc
234 1557 336 1578 natum
349 1568 356 1582 ‚
375 1549 634 1589 quemadmodum
648 1552 799 1591 prolatum
811 1551 865 1582 sit?
887 1554 993 1593 Siquis
1012 1552 1066 1582 tibi
1079 1552 1118 1580 ad

151 1601 249 1619 aurem
262 1589 404 1629 acceffiffet
415 1610 422 1624 ,
444 1591 477 1621 <Sc
494 1590 632 1626 distillet,
648 1595 819 1633 Apronium
837 1593 972 1624 distitare
985 1615 994 1627 ,
1013 1603 1043 1624 te
1062 1593 1115 1623 sibi

152 1631 213 1662 effe
231 1633 368 1663 socium:
387 1635 576 1663 commoveri
596 1642 623 1664 te
643 1637 794 1674 oportuit,
814 1645 918 1666 vocare
931 1638 1113 1676 Apronium,
1137 1654 1139 1668 1

153 1684 208 1704 nec
219 1675 308 1704 illum
319 1674 388 1704 ante
399 1675 453 1704 tibi
464 1674 624 1705 satisfacere
635 1696 642 1709 ‚
662 1677 753 1717 quam
764 1686 794 1707 tu
806 1680 950 1708 omnium
960 1677 1116 1708 existima-

153 1718 233 1749 tioni
245 1715 436 1746 satisfecifl'cs.
459 1715 530 1747 cum
541 1716 614 1747 vero
624 1720 656 1748 in
665 1721 732 1749 ioro
743 1719 952 1754 celeberrimo,
965 1728 1044 1750 tanta
1055 1719 1113 1749 fre-

151 1760 274 1799 quentia
283 1778 291 1791 ,
306 1759 381 1792 hoc,
393 1758 486 1788 verbo
498 1759 530 1789 &
539 1758 729 1790 fimulatione
741 1781 748 1795 ,
762 1763 915 1801 Apronio,
926 1772 956 1792 re
966 1772 1045 1794 vera,
1058 1761 1114 1791 tibi

151 1799 310 1840 objeklmm
320 1799 407 1829 ess'et:
422 1809 455 1830 tu
466 1810 611 1841 umquam
629 1809 742 1831 tantam
756 1804 872 1844 pragam
882 1805 988 1833 racitm
996 1806 1115 1846 accipere

149 1840 294 1883 potuiss'es
303 1862 312 1875 ‚
334 1840 387 1871 nisi
399 1843 456 1872 hoc
472 1844 513 1873 ita
523 1842 665 1873 statuiffes
675 1864 683 1877 ,
703 1845 735 1874 in
747 1855 776 1875 re
787 1854 846 1875 tarn
859 1845 1015 1876 manifesta
1024 1845 1114 1886 quid-

151 1883 225 1924 quid
236 1882 358 1914 dixill'es
368 1904 378 1917 ‚
399 1893 427 1914 te
437 1883 564 1914 deterius
576 1883 633 1915 cfi'e
642 1885 793 1917 fafiturum
806 1891 816 1916 ἲ
833 1888 999 1927 Qaestores
1009 1908 1017 1921 ‚
1036 1890 1114 1929 lega-

152 1934 200 1955 tos
212 1946 220 1958 ‚
235 1925 390 1965 praefedtos
401 1926 468 1956 suos
479 1946 487 1960 ,
508 1926 647 1957 tribunos
657 1947 665 1962 ‚
686 1928 777 1958 multi
790 1928 893 1959 miss'os
909 1930 1044 1960 fecerunt
1054 1950 1063 1963 ‚
1079 1930 1112 1960 &

152 1967 189 1997 de
200 1969 356 2008 provincia
366 1967 507 1998 decedere
523 1967 671 2008 juss'erunt
680 1989 689 2004 ,
708 1969 790 2011 qubd
801 1981 905 2002 eorum
917 1972 1004 2012 culpa
1017 1972 1045 2002 se
1054 1972 1112 2000 mi-

152 2019 205 2038 nus
215 2008 352 2038 commodi>
360 2009 457 2039 audire
466 2009 676 2041 arbitrarentur
684 2031 692 2046 ,
703 2020 754 2042 aut
761 2012 843 2054 quod
852 2023 970 2053 peccare
978 2014 1047 2044 illos
1059 2015 1113 2044 ali-

152 2061 209 2092 qua
217 2054 250 2081 in
260 2051 529 2091 rejudicai·ent.Tu
539 2055 722 2092 Apronium,
733 2055 894 2085 hominem
905 2057 959 2086 vix
969 2056 1098 2086 liberum
1107 2076 1115 2090 ‚

151 2095 393 2123 contaminatum
405 2113 413 2127 ‚
428 2094 578 2133 perditum
591 2115 600 2127 ‚
622 2094 820 2136 flagitiosum:
844 2100 921 2138 ²qui
940 2107 1005 2128 non
1016 2096 1112 2128 modo
1133 2104 1135 2120 ⁴=

150 2137 451 2176 animum‘integrum
463 2155 471 2169 ‚
493 2136 541 2166 scd
552 2146 589 2166 ne
600 2139 734 2167 animam
767 2138 870 2168 uidem
880 2149 983 2179 puram
995 2140 1114 2170 conser-

152 2187 222 2209 vare
239 2175 399 2217 potuisset,
427 2181 440 2204 3
453 2188 521 2208 eum
532 2179 565 2208 in
576 2187 660 2208 tanto
679 2188 730 2209 tuo
765 2180 888 2210 edecore
898 2180 1035 2221 profe-&to
1047 2203 1057 2215 ,
1076 2192 1113 2212 ne

155 2218 247 2249 verbo
257 2219 380 2259 quidem
392 2221 525 2260 graviore
536 2219 705 2259 appellasses
717 2231 723 2249 :
744 2231 839 2262 neque
850 2222 927 2261 apud
939 2232 1036 2260 tetam
1048 2224 1114 2254 san-

155 2259 203 2290 sta
211 2261 318 2300 religio
330 2261 475 2291 societatis
485 2261 587 2292 fuifl‘et
597 2281 605 2295 ‚
618 2269 652 2291 ut
661 2264 702 2292 tui
714 2264 812 2305 capitis
819 2264 974 2303 pericuum:
983 2266 1115 2306 neglige-

153 2311 200 2333 res
213 2322 221 2335 ,
234 2301 289 2332 nisi
299 2312 361 2331 rem
373 2311 432 2332 tam
446 2311 551 2334 notam
562 2302 618 2333 esse
629 2304 774 2334 omnibus
784 2325 793 2339 ‚
806 2305 909 2336 &tam
919 2306 1111 2337 manifestam

152 2343 279 2374 videres.
304 2346 382 2374 Cum
399 2344 510 2374 eodem
519 2347 655 2385 Apronio
669 2345 770 2385 postea
779 2350 808 2377 P.
818 2347 984 2378 Scandilius
995 2367 1004 2382 >
1024 2348 1134 2389 eques‘i

153 2388 287 2416 Roman.
309 2395 403 2426 quem
421 2396 477 2416 vos
488 2396 595 2416 omnes
605 2387 699 2418 nostis
710 2408 719 2421 ‚
738 2388 864 2419 eandem
874 2389 1065 2429 sponsionem
1077 2390 1114 2420 de

155 2428 293 2459 societate
301 2427 374 2458 fecit
383 2447 391 2461 ‚
403 2438 493 2468 quarn
504 2428 638 2458 Rubrius
649 2428 744 2460 facere
754 2431 896 2461 voluerat.
920 2431 1043 2465 Institit,
1056 2442 1111 2472 op-

153 2468 270 2510 preffit,
286 2479 351 2500 non
360 2468 474 2500 remisit
494 2481 499 2499 :
521 2469 623 2501 4fa8ta
633 2470 676 2501 est
687 2471 803 2511 sponsio
820 2481 874 2502 n-s
894 2483 927 2503 v.
941 2473 1009 2503 mil.
1020 2476 1112 2513 coepit

92 2516 114 2547 5
116 2515 137 2548 9
154 2511 319 2542 Scandilius
336 2520 572 2552 recuperatores,
592 2521 641 2543 aut
656 2513 791 2552 judicem
808 2514 964 2554 postulare.
997 2517 1110 2546 Satisne

155 2553 243 2584 vobis
259 2553 528 2594 pi·aetoi·iimprobo
537 2555 714 2586 circumdati
732 2557 857 2586 cancelli
867 2557 1008 2587 videntur
1017 2559 1050 2587 in
1060 2558 1131 2594 sua·¹

152 2596 326 2636 provincia3
346 2594 446 2625 immo
457 2594 529 2625 vero
540 2598 572 2626 in
580 2596 668 2630 sella,
687 2607 719 2626 ac
729 2598 885 2629 tribunali:
901 2599 1037 2629 utautde
1056 2600 1109 2629 suo

152 2639 247 2676 capite
252 2637 404 2676 judicium
416 2635 480 2667 fieri
488 2639 614 2677 patiatur
622 2639 750 2678 praesens
758 2659 768 2674 ,
780 2650 811 2670 ac
822 2640 925 2670 sedens
938 2651 943 2669 :
956 2640 1110 2671 autconfi-

153 2687 250 2709 teatur
260 2698 270 2712 ,
289 2679 317 2709 se
329 2679 474 2710 omnibus
490 2679 612 2720 judiciis
623 2682 767 2712 convinci
785 2681 900 2714 necefle
909 2681 992 2713 effe?
1013 2685 1110 2724 Spon-
1125 2686 1129 2709 i

1149 132 1190 179 C
1227 147 1245 178 1
1284 148 1312 181 c
1347 147 1376 180 iz
1411 147 1443 181 R
1479 150 1506 180 0
1542 149 1575 181 N
1609 150 1627 182 1
1665 151 1684 181 s

1150 210 1193 242 sio
1212 210 1256 242 est
1273 231 1282 246 ,
1315 221 1356 242 NI
1381 221 1424 242 Ta
1445 214 1612 243 Amemus
1645 222 1684 242 m
1705 218 1858 243 necemus
1887 217 2016 244 socio-M
2039 218 2113 252 περ·

1152 296 1235 339 Qid
1253 295 1325 326 facis
1345 300 1356 326 ἓ
1377 296 1451 337 quid
1468 296 1602 327 decernis
1622 300 1633 326 ἓ
1652 298 1885 336 Recuperatores
1895 296 1970 327 dicis
1982 306 2009 327 te
2027 297 2113 328 datu*—

1151 348 1229 369 rum.
1245 338 1320 368 bene
1331 340 1390 380 agis
1402 349 1407 366 :
1420 337 1534 368 tametsi
1543 340 1595 379 qui
1607 346 1694 368 erunt
1704 340 1788 367 tantis
1798 337 1951 378 cervicibus
1960 348 2118 379 recupera-

1151 389 1229 411 tores
1241 401 1249 414 ,
1261 382 1310 421 qui
1322 380 1450 411 audeant
1460 383 1491 410 in
1502 382 1656 420 provincia
1668 401 1675 413 ‚
1688 379 1759 410 cum
1769 389 1877 420 praetor
1887 379 1958 411 adsit
1967 401 1976 414 ,
1988 391 2052 411 non
2061 381 2111 412 so-

1150 422 1219 452 lum
1228 431 1331 452 contla
1341 422 1528 452 voluntatem
1539 423 1602 462 ejus
1614 443 1623 455 ,
1645 422 1692 452 sed
1703 424 1796 452 etiam
1806 430 1908 452 contra
1918 421 2052 453 fortunas
2064 423 2112 459 iu-

1150 463 1273 494 dicare3
1294 462 1409 494 Verum
1430 464 1501 494 esto.
1521 463 1677 494 manifesta
1687 473 1732 493 res
1752 463 1814 497 est,
1835 463 1908 494 cum
1928 474 2019 494 nemo
2029 463 2109 499 effer,

1151 508 1227 546 quin
1246 507 1302 535 hoc
1322 506 1350 535 se
1364 505 1474 536 audisse
1486 505 1603 547 liquido
1620 506 1750 539 diceret,
1773 505 2021 545 locupletiffimus
2031 507 2114 547 quis-

1152 558 1211 588 que
1223 568 1230 581 ‚
1244 546 1421 578 certissimus
1431 547 1512 577 testis
1523 545 1594 577 effet
1607 558 1611 576 z
1624 557 1717 577 nemo
1728 556 1788 578 erat
1796 548 1896 578 Sicilia
1907 557 1967 578 tora
1975 568 1983 581 2
1997 551 2048 588 qui
2058 558 2114 578 ne-

1152 590 1239 619 sciret
1256 589 1396 619 decumas
1416 588 1473 619 effe
1494 591 1647 629 praetoris;
1667 599 1779 623 nemo,
1800 591 1926 629 quinon
1944 588 2116 622 audxffetita

1153 633 1324 671 Apronium
1336 629 1480 661 diffinisse
1493 641 1498 660 ·.
1518 640 1655 671 praeterea
1664 641 1830 661 conventus
1840 631 1982 662 honestus
1992 635 2115 672 Syracu-

1151 671 1199 706 sis,
1211 673 1299 703 multi
1309 675 1422 714 equites
1432 675 1580 706 Romani,
1590 674 1648 703 viri
1658 674 1807 712 primarii,
1822 683 1861 703 ex
1871 683 1928 714 qua
1936 676 2022 714 copia
2032 672 2116 704 recu-

1151 724 1299 755 peratores
1320 716 1402 751 rejici
1421 724 1589 755 oporteret,
1613 717 1664 756 qui
1675 716 1760 745 aliter
1773 714 1904 754 judicare
1921 716 2007 746 nullo
2021 715 2116 746 modo

1152 755 1278 796 possent.
1303 756 1395 787 Instat
1412 757 1579 787 Scandilius
1599 757 1718 796 poscere
1734 765 1961 797 recuperatores.
1977 767 2043 788 tum
2061 756 2117 788 iste

1153 800 1248 828 homo
1259 818 1267 832 ‚
1287 800 1434 829 innocens
1446 819 1453 832 ‚
1475 801 1528 840 qui
1539 799 1623 828 illam
1636 799 1836 838 suspicionem
1848 799 1942 829 levare
1955 819 1963 833 ,
1982 809 2068 840 atque
2078 799 2117 829 ab

1155 840 1182 870 se
1194 841 1351 870 removere
1369 850 1488 880 cuperet
1499 861 1508 874 ‚
1528 850 1746 880 recuperatores
1757 840 1830 871 dicit
1847 840 1875 870 se
1892 841 1924 870 de
1942 842 2047 870 cohorte
2061 842 2118 881 sica

1152 882 1299 911 daturum.
1322 881 1378 913 Pro
1389 881 1481 912 desim
1493 903 1502 915 ,
1525 883 1750 923 hominumque
1769 881 1861 912 fidem
1876 884 1880 911 1
1902 893 1993 923 quem
2005 893 2060 924 ego
2071 893 2117 913 ac-

1132 920 1135 948 l
1152 924 1224 954 cuso
1235 927 1246 954 ἓ
1257 926 1289 953 in
1301 925 1363 964 qu'o
1373 934 1474 954 meam
1485 923 1674 958 industriam,
1687 935 1718 954 ac
1729 924 1917 965 diligentiam
1930 924 2118 964 [9561111νο-

1134 984 1142 1002 ,
1154 966 1184 994 10
1197 970 1208 994 ?
1220 966 1291 1006 quid
1303 965 1345 995 est
1356 986 1363 999 ‚
1375 966 1457 1007 quod
1467 977 1522 1008 ego
1532 965 1662 996 dicendo
1673 986 1681 999 ‚
1696 975 1744 997 aut
1753 966 1912 1007 cogitando
1922 965 2038 996 efficere
2048 986 2056 1000 ,
2068 976 2120 997 aut

1134 1005 1136 1011 ⁴
1154 1006 1265 1048 ass‘equi
1276 1008 1401 1038 debeam
1415 1011 1426 1037 ἓ
1447 1018 1536 1038 teneo
1547 1028 1555 1042 ‚
1571 1017 1660 1038 teneo
1671 1029 1679 1041 ,
1698 1009 1822 1049 inquam
1833 1028 1841 1041 ‚
1858 1010 1890 1038 in
1902 1008 2011 1038 mediis
2021 1007 2118 1038 veeti-

1155 1049 1270 1089 galibus
1288 1051 1393 1090 populi
1405 1053 1445 1080 R.
1466 1052 1499 1079 in
1519 1049 1586 1090 ipsis
1602 1049 1749 1080 fluetibus
1766 1052 1929 1090 provinciae
1947 1051 2056 1080 Siciliae
2067 1049 2117 1081 fu-

1156 1101 1221 1120 rem
1243 1090 1429 1121 5man1festt>
1448 1101 1632 1122 avertentem
1652 1102 1715 1121 rem
1733 1091 1958 1122 frumentariam
1975 1102 2117 1127 omnem,

1155 1135 1315 1173 pecuniam
1326 1135 1493 1163 maximam
1506 1144 1510 1162 τ
1530 1142 1619 1163 teneo
1630 1154 1638 1167 ‚
1652 1136 1775 1174 inquam
1787 1153 1794 1167 ‚
1817 1135 1855 1163 ita
1866 1154 1873 1167 ‚
1893 1142 1925 1163 ut
1938 1143 2042 1175 negare
2053 1143 2120 1165 non

1156 1173 1251 1214 possit.
1267 1185 1336 1205 nam
1347 1175 1419 1216 quid
1431 1176 1480 1204 hic
1490 1175 1589 1205 dicet?
1611 1174 1736 1215 Sponsio
1745 1175 1820 1206 facta
1831 1175 1874 1205 est
1882 1186 1953 1205 cum
1963 1178 2120 1216 cognitore

1159 1226 1211 1247 tuo
1230 1219 1367 1257 Apronio
1386 1217 1422 1247 de
1433 1216 1566 1247 fortunis
1587 1219 1647 1246 tuis
1666 1218 1831 1250 omnibus,
1855 1215 1920 1247 ⁶N1
1946 1227 2074 1248 SOCIUM
2089 1218 2120 1248 se

1159 1259 1212 1288 tibi
1233 1260 1266 1288 in
1277 1259 1414 1289 decumis
1425 1257 1483 1288 effe
1497 1257 1654 1289 dictitaret.
1679 1258 1850 1298 exspectant
1860 1269 1968 1289 omnes
1979 1279 1987 1293 ,
2002 1269 2121 1300 quantae

1159 1301 1214 1331 tibi
1224 1310 1256 1331 ea
1266 1311 1311 1330 res
1320 1311 1395 1331 curae
1406 1299 1714 1341 sit‚quemadmodiim
1724 1302 1868 1330 hominum
1879 1300 2081 1337 existimationi
2091 1310 2120 1332 te

1158 1351 1245 1383 atque
1262 1344 1471 1372 innocentiam
1493 1351 1576 1372 tuam
1594 1343 1711 1382 probari
1729 1343 1814 1373 velis.
1840 1342 1939 1373 Hictu
1950 1343 2118 1377 medicum,

1159 1435 1208 1456 aut
1223 1428 1313 1456 etiam
1328 1427 1417 1456 illum
1434 1427 1532 1466 ipsum
1545 1446 1552 1460 ‚
1572 1436 1663 1467 quem
1675 1429 1748 1456 tuin
1758 1428 1881 1456 cohorte
1892 1436 1940 1457 tua
1949 1425 2118 1458 Cassianum

1155 1467 1291 1508 judicem
1302 1467 1428 1498 habebas
1440 1490 1448 1502 ‚
1460 1467 1482 1497 si
1493 1478 1603 1509 quares
1614 1469 1710 1504 maior
1720 1467 1800 1502 esset,
1814 1471 1965 1509 Papirium
1977 1472 2120 1499 Potamo—

1158 1520 1228 1540 nem
1242 1530 1250 1543 ,
1272 1512 1430 1540 hominem
1440 1510 1575 1540 severum
1587 1530 1594 1544 ‚
1616 1520 1653 1540 ex
1663 1520 1760 1540 vetere
1770 1510 1822 1541 illa
1841 1510 1968 1551 equestri
1986 1510 2121 1551 discipli-

1157 1562 1195 1582 na
1207 1555 1217 1581 ?
1234 1552 1400 1582 Scandilius
1412 1551 1559 1591 postulare
1568 1553 1604 1581 de
1615 1561 1766 1582 conventu
1778 1562 2007 1592 recuperatores.
2031 1555 2118 1583 Tum

1157 1593 1210 1624 iste
1221 1594 1342 1635 negatsi’
1350 1595 1381 1623 de
1392 1593 1594 1630 existimatione
1603 1594 1659 1633 sim
1668 1594 1804 1635 cuiquam
1816 1614 1824 1627 ‚
1838 1594 1952 1636 nififim
1963 1615 1971 1628 ,
1987 1595 2118 1635 commis²

1147 1637 1258 1676 furam.
1289 1639 1320 1666 N
1336 1646 1356 1665 iz
1365 1646 1386 1665 G
1397 1646 1415 1666 o
1426 1647 1445 1666 τ
1458 1647 1468 1665 1
1484 1645 1504 1665 Α
1515 1647 1534 1665 T
1545 1646 1564 1665 o
1576 1645 1597 1665 R
1609 1646 1629 1665 E
1640 1646 1652 1666 s
1676 1646 1781 1676 putant
1791 1635 1849 1665 effe
1859 1646 1942 1676 turpe
1954 1656 1962 1670 ‚
1973 1636 2004 1666 id
2013 1635 2118 1668 forum

1136 1673 1138 1707 l
1155 1677 1208 1707 fibi
1219 1680 1360 1718 iniquum
1372 1679 1483 1716 ejurare
1494 1699 1503 1711 ‚
1522 1678 1573 1707 ubi
1584 1681 1786 1718 negotientur.
1810 1681 1919 1708 Praetor
1926 1680 2116 1718 provinciam

1157 1720 1238 1750 suam
1256 1729 1349 1750 totam
1368 1718 1421 1750 sibi
1440 1722 1576 1760 iniquam
1593 1721 1694 1758 ejurat.
1719 1720 1975 1759 Oimpudentiam
1992 1719 2121 1762 singula*

1158 1772 1223 1792 rem
1237 1764 1241 1790 !
1261 1764 1320 1792 Hic
1330 1761 1456 1802 postulat
1474 1762 1502 1792 se
1513 1765 1623 1792 Romae
1631 1762 1744 1791 absolvi
1758 1782 1765 1794 ,
1787 1763 1882 1802 quiin
1893 1762 1944 1792 sua
1960 1764 2118 1801 provincia

1156 1804 1302 1844 judicavit
1311 1825 1319 1837 ‚
1341 1805 1368 1834 se
1378 1804 1492 1834 absolvi
1503 1804 1589 1834 nullo
1600 1803 1694 1833 modo
1704 1802 1808 1843 posse?
1824 1805 1876 1844 qui
1885 1804 1953 1844 plus
1962 1803 2119 1835 existimet

1159 1846 1235 1886 apud
1246 1844 1419 1876 lc&iffimos
1431 1846 1578 1876 senatores
1583 1846 1743 1887 pecuinam,
1756 1845 1848 1886 quam
1857 1845 1934 1885 apud
1944 1847 2013 1875 treis
2022 1856 2120 1887 nego-

1158 1891 1278 1919 tiatores
1287 1895 1395 1917 metum
1405 1888 1501 1918 valere
1512 1890 1522 1917 ?
1540 1887 1707 1918 Scandilius
1717 1887 1788 1917 vero
1800 1896 1886 1929 negat
1902 1888 1961 1918 sese
1977 1888 2053 1928 apud
2063 1891 2122 1919 Ar-

1160 1930 1346 1961 temidorum
1356 1938 1593 1970 recuperatorem
1603 1929 1731 1959 verbum
1741 1928 1799 1960 effe
1809 1928 1960 1960 facturum
1979 1940 1984 1959 :
2008 1935 2022 1958 7
2033 1931 2066 1961 &
2075 1938 2121 1962 ta-

1161 1982 1235 2003 men
1243 1980 1329 2014 auget
1339 1992 1347 2005 ,
1366 1981 1453 2013 atque
1471 1981 1574 2002 onerat
1584 1981 1611 2002 te
1621 1972 1711 2001 bonis
1727 1971 1957 2002 conditionibus
1968 1992 1976 2006 ‚
1995 1970 2016 2002 si
2033 1981 2065 2003 tu
2075 1974 2120 2004 uti

1161 2057 1262 2087 dicem
1273 2076 1282 2090 ‚
1299 2065 1347 2086 aut
1356 2065 1591 2096 recuperatorem
1603 2055 1724 2085 nullum
1733 2053 1816 2096 pofl‘e
1829 2057 1967 2095 reperiri,
1987 2055 2118 2095 postulat

1160 2099 1176 2129 ’ξι
1187 2108 1215 2129 te
1225 2119 1234 2133 ‚
1255 2107 1288 2129 ut
1295 2101 1430 2129 Romam
1440 2099 1567 2137 rejicias.
1590 2100 1650 2128 Hic
1659 2099 1818 2127 enimvero
1830 2105 1862 2126 tu
1871 2098 2020 2128 exclamas
2029 2119 2038 2130 ‚
2058 2100 2116 2128 ho-

1160 2143 1278 2171 minem
1296 2139 1474 2180 improbum
1486 2159 1494 2173 ‚
1514 2141 1566 2180 qui
1584 2138 1714 2178 postulet
1728 2138 1817 2168 ibide
1833 2146 1883 2169 tua
1892 2138 2116 2171 existimatione

1159 2182 1307 2219 iudicium
1317 2180 1380 2211 fieri
1390 2201 1398 2214 ,
1411 2181 1463 2210 ubi
1475 2190 1501 2211 te
1511 2181 1695 2210 invidiosum
1706 2178 1763 2210 effe
1771 2180 1966 2222 intelligebat.
1989 2191 2077 2223 negas
2086 2191 2116 2213 te

1154 2219 1291 2255 ‘Romam
1303 2222 1484 2262 rejecturum
1497 2233 1502 2250 :
1519 2232 1605 2264 negas
1623 2222 1658 2252 de
1668 2231 1820 2252 conventu
1838 2232 2055 2262 recuperatores
2064 2223 2116 2256 da-

1156 2274 1257 2296 turum
1270 2276 1275 2295 :
1288 2267 1444 2295 cohortem
1455 2273 1537 2294 tuam
1549 2266 1703 2304 proponis.
1727 2263 1894 2294 Scandilius
1905 2275 1968 2295 rem
1979 2266 2006 2295 se
2017 2274 2112 2297 totam

1153 2307 1332 2339 relifiurum
1341 2307 1434 2340 dicit,
1450 2306 1482 2336 δε
1493 2306 1546 2336 suo
1565 2315 1700 2345 ternpore
1710 2303 1767 2335 effe
1784 2305 1961 2336 rediturum.
1985 2307 2067 2349 Qid
2078 2317 2112 2338 tu

1154 2349 1196 2379 ibi
1207 2358 1273 2379 tum
1284 2348 1376 2389 ?quid
1386 2347 1457 2378 facis
1468 2351 1479 2377 ?
1501 2347 1687 2378 Scandilium
1697 2349 1791 2389 cogis.
1814 2349 1887 2389 quid
1899 2351 1909 2378 ?
1919 2348 2112 2389 sponsionem

1153 2400 1300 2430 acceptam
1310 2398 1402 2420 tacere
1414 2391 1423 2416 Ρ
1445 2389 1641 2430 Impudenter
1649 2389 1733 2419 tollis
1743 2389 1944 2429 exspectatum
1954 2389 2112 2422 existima-

1153 2435 1312 2463 tionistua:
1328 2432 1488 2471 judiciuin.
1507 2441 1571 2462 non
1580 2431 1665 2462 facis.
1688 2431 1771 2471 Qiid
1779 2430 1872 2473 er'go?
1891 2434 2028 2473 Apronio
2045 2442 2113 2473 per-

1154 2476 1249 2504 mittis
1260 2494 1268 2508 ‚
1280 2484 1311 2504 ut
1320 2495 1328 2508 ,
1339 2483 1415 2514 quos
1426 2474 1498 2504 velit
1506 2494 1515 2507 ‚
1527 2474 1562 2504 de
1572 2474 1696 2504 cohorte
1705 2474 1801 2503 sumat
1810 2477 2046 2514 recuperatores?
2057 2478 2113 2506 In-

1152 2517 1279 2558 dignum
1294 2537 1301 2550 ,
1324 2518 1375 2546 uni
1386 2518 1486 2556 potius
1496 2526 1529 2544 ex
1540 2516 1641 2558 iniquis
1653 2514 1810 2548 sumendi,
1830 2525 1919 2556 quam
1930 2517 2060 2557 utrisque
2070 2526 2110 2548 ex

1151 2561 1243 2599 aequis
1262 2558 1418 2598 rejiciendi
1436 2556 1500 2587 fieri
1518 2557 1703 2598 potestatem.
1733 2559 1886 2588 Neutrum
1901 2557 1974 2588 facis
1992 2568 2110 2589 eoruma

1152 2600 1233 2642 Qid
1245 2604 1335 2641 ergo?
1361 2595 1375 2618 ⁸
1385 2598 1427 2630 est
1436 2599 1549 2640 aliquid
1561 2620 1568 2633 ‚
1580 2599 1664 2641 quod
1674 2599 1843 2639 improbius
1855 2598 1918 2630 fieri
1928 2600 2033 2640 potest.
2057 2611 2111 2633 co-

1150 2645 1193 2683 git
1203 2644 1287 2672 enim
1298 2641 1483 2673 Scandilium
1492 2644 1625 2682 quinque
1634 2641 1686 2671 illa
1696 2640 1794 2671 millia
1802 2640 1968 2671 nummum
1979 2642 2112 2677 darc,at-

1150 2695 1209 2726 que
1227 2684 1421 2715 adnumerare
1440 2685 1586 2724 Apronio.
1621 2682 1702 2724 Qd
1721 2684 1821 2724 potuit
1837 2682 2001 2725 elegantius
2017 2683 2112 2717 facere

2037 2737 2114 2768 pra-.-

192 2819 216 2837 1.
243 2813 304 2845 Qn
322 2812 405 2844 aliqua
418 2811 602 2844 fifiznuhin‘one
620 2815 785 2845 existimationi
804 2815 920 2839 hominum
938 2813 1111 2849 v.‘72.i'itqsset.]

152 2845 234 2872 'Haud
245 2846 323 2872 aliter
332 2846 415 2872 editio
426 2847 540 2873 Victorii
554 2867 560 2878 ‚
573 2848 618 2876 nili
629 2849 699 2885 quod
710 2850 808 2876 ultimo
820 2850 900 2876 verbo
910 2849 1021 2876 finxerit
1032 2869 1040 2882 ‚
1051 2853 1111 2875 vin-

153 2883 246 2917 dieasset
258 2900 265 2913 ,
276 2889 368 2909 contra
378 2882 445 2909 Pau.
456 2884 483 2909 ὃς
496 2885 587 2910 Narin.

190 2927 219 2944 2.
238 2919 285 2951 Q?
302 2928 346 2943 non
365 2918 426 2943 moso
444 2922 548 2945 animum
557 2923 672 2954 inngmm
683 2940 691 2952 ,
701 2921 768 2957 Gya]
788 2921 918 2949 periodus
929 2929 986 2950 tota
996 2924 1091 2956 impura
1102 2941 1111 2956 ,

152 2953 221 2981 nihil
231 2960 318 2980 tamen
330 2953 422 2980 eluunt
434 2955 491 2981 niff.
504 2955 581 2982 nostri
593 2965 637 2983 aut
648 2957 708 2983 cdd.
721 2966 786 2985 vett.

192 2998 205 3025 3
214 3010 218 3014 .
240 2993 300 3015 Eum
309 2992 335 3014 in
345 2998 410 3015 ramo
420 2998 457 3016 tna
467 2991 570 3016 deducam·
577 2994 687 3026 [πρ-φῶ,
697 3004 725 3019 ne
733 2997 805 3020 verbo
815 2996 1021 3029 qvidemgraewiore
1031 2997 1112 3028 κυρεῖ-

151 3025 244 3060 ),ψῖτῇ
264 3026 341 3052 varic:
354 3034 463 3053 vexatus
475 3026 531 3052 heic
541 3027 623 3054 loeus.
644 3030 707 3055 mihi
719 3029 777 3057 suff<
785 3032 851 3057 ecrit
861 3051 872 3063 ‚
889 3032 1006 3058 nauem-e
1017 3051 1025 3064 ,
1046 3030 1111 3057 1111111

154 3068 257 3088 mutare
276 3060 405 3088 editiones
425 3062 517 3098 priscas
529 3083 537 3095 ‚
557 3072 601 3090 aut
612 3065 679 3091 Pall.
698 3066 743 3092 nili
754 3067 824 3102 quod
832 3067 935 3104 primus
947 3087 954 3099 7
967 3067 1089 3104 praeferat
1102 3087 1110 3100 ‚

148 3098 248 3130 profem
266 3107 294 3122 nt
310 3100 381 3123 verbo
398 3099 489 3132 quidem
509 3118 516 3130 ,
541 3101 610 3125 verbo
628 3103 719 3134 quidem
732 3106 844 3134 graviore
860 3105 1001 3140 appellasti-J.
1029 3103 1109 3130 iidem

152 3141 217 3160 mox
231 3133 339 3162 servant
352 3133 420 3162 illud
438 3144 510 3172 neque
522 3154 531 3169 ‚
549 3136 621 3172 quod
632 3137 802 3167 Hotomanus
812 3146 944 3169 mutatum
955 3140 1111 3178 cupiebatin

149 3177 234 3204 aqut.

1132 2811 1135 2847 Ι
1188 2821 1216 2846 4.
1237 2817 1313 2840 Fac‘fa
1330 2817 1367 2840 eft'
1382 2816 1467 2847 sponsio
1478 2814 1548 2840 H-S.
1561 2813 1665 2847 v.‘mil.]
1687 2813 1754 2840 Pau.
1765 2814 1878 2849 uterque
1888 2812 1975 2846 rejicit
1983 2812 2051 2839 illud
2061 2815 2114 2840 mil.

1152 2849 1280 2877 secundus
1302 2859 1363 2877 vero
1382 2850 1514 2886 virgulam
1532 2849 1610 2877 habet
1627 2849 1703 2886 supra
1722 2859 1750 2876 v.
1769 2848 1831 2877 edd.
1849 2849 1942 2885 primae
1959 2850 2039 2877 etiam
2057 2857 2112 2877 nou

1151 2886 1297 2922 :ignoscunt
1308 2886 1376 2913 illud
1385 2889 1435 2913 mil.

1190 2931 1216 2956 5.
1235 2925 1379 2957 &minist-sto
1388 2923 1558 2956 avertentem]
1569 2921 1671 2948 Nanuii
1682 2921 1765 2947 codex
1778 2940 1787 2953 ‚
1797 2928 1957 2947 averrentem.
2042 2946 2045 2951 ,

1187 2958 1215 2984 6.
1233 2960 1382 2992 Insurinmfi
1391 2959 1460 2993 tibh]
1483 2960 1523 2986 Ita
1535 2958 1600 2984 liber
1610 2958 1710 2985 Nauuii
1722 2977 1732 2990 o
1752 2957 1797 2985 alii
1807 2960 1833 2983 ni
1841 2957 2003 2992 tesbcittmfibi
2013 2977 2021 2990 ,
2040 2957 2087 2986 aut
2096 2976 2108 2990 ‚

1150 2995 1266 3028 m'ficium
1276 2997 1346 3028 tefibi
1357 3014 1364 3027 ,
1376 2995 1462 3021 miuus
1473 2994 1598 3031 apposite.
2038 3024 2044 3030 ,
2089 3025 2094 3029 .

1187 3039 1214 3065 7.
1236 3034 1267 3055 Et
1277 3038 1355 3056 tamen
1367 3037 1433 3063 auget
1443 3038 1514 3064 atque
1523 3037 1604 3056 onerat
1615 3049 1623 3062 ,
1636 3030 1702 3064 ἐγω]
1724 3029 1905 3057 Lambiuianae
1917 3048 1926 3062 ‚
1943 3037 2010 3063 urget
2026 3037 2111 3065 atque.

1150 3067 1176 3094 iu
1181 3066 1258 3093 terim
1270 3067 1355 3093 haereo
1366 3075 1428 3093 num
1440 3067 1469 3093 &
1479 3066 1535 3093 heic
1545 3067 1632 3093 locuni
1644 3065 1738 3092 habere
1748 3066 1825 3102 pollit
1836 3085 1845 3098 ‚
1854 3072 1935 3092 ornat.

1186 3102 1214 3129 8.
1235 3105 1280 3128 Eri
1289 3103 1384 3137 aliquid
1391 3103 1451 3137 quod
1458 3103 1750 3143 improbiusfieripotefl3]
1772 3103 1915 3138 Eleganter
1926 3113 1932 3130 :
1954 3108 2079 3138 tanquam
2089 3101 2111 3129 fl
2140 3093 2151 3098 ,
2169 3125 2175 3132 ,

1149 3148 1182 3165 ne
1202 3139 1249 3165 illo
1268 3139 1376 3175 quidem
1393 3138 1484 3168 usurus
1494 3137 1585 3169 fuiss'et
1596 3158 1606 3174 ‚
1624 3139 1644 3168 si
1653 3148 1770 3177 reperire
1777 3138 1903 3177 potuisset
1912 3137 2048 3179 quidpiam
2055 3139 2109 3164 im-

1150 3175 1304 3213 pudentius.
1971 3217 1998 3238 ι.
2009 3202 2070 3237 HS
2080 3216 2111 3239 v.

2129 21 2131 23 ·
2161 0 2236 40 W-'l

2186 39 2211 64 .',¹.
2234 43 2236 57 <

2200 68 2236 94 :hl

1151 263 1257 284 DicAi·
1270 265 1275 284 :
1286 255 1440 295 provincia
1449 263 1498 285 tua
1508 253 1566 285 est:
1577 254 1644 284 ades
1657 265 1661 283 :
1675 255 1725 284 abs
1737 255 1782 293 tej
1789 254 1924 285 udicium
1933 254 2109 295 postulatur.
2124 259 2130 266 “

1161 1385 1193 1414 &
1206 1385 1390 1424 haruspicem
1402 1404 1410 1418 ,
1432 1385 1465 1414 δε
1476 1394 1644 1424 praeconem
1656 1393 1742 1414 tuum
1755 1405 1762 1418 ,
1784 1395 2002 1425 recuperatores
2019 1385 2116 1419 dabis,
2133 1392 2136 1393 ’

1160 2014 1244 2044 velis.
1268 2017 1301 2045 Si
1326 2024 1370 2044 Ex
1394 2023 1588 2044 pnovmch
1610 2014 1710 2044 Sicilia
1727 2021 1786 2043 tota
1796 2012 2120 2054 statuasidoneumju-
2149 2039 2153 2042 .

2125 2679 2197 2718 617!
2227 2666 2228 2686 ³

2186 2599 2199 2672 -2-‚-

2283 1386 2295 1420 11
