2316 3395
155 477 201 511 41

220 131 286 199 98
632 126 704 174 M.
770 122 822 172 T
858 138 891 170 υ
925 135 955 168 1.
992 135 1022 168 1.
1059 136 1077 168 1
1112 134 1130 167 1

263 213 348 258 Qid
360 211 386 256 fi
403 212 457 256 ips?
474 208 612 250 amaffet?
636 209 707 252 quid
724 208 795 237 mihi
816 206 861 236 hic
870 205 965 246 saciet
979 202 1079 244 patri?

222 264 271 293 Ex
291 259 351 300 pari
370 255 407 286 sic
420 268 425 285 ·.
448 259 509 287 Εετ
531 263 678 293 Ejusnem
699 252 731 281 &
750 251 860 289 eripere
879 255 982 277 contra
997 243 1137 285 rempub.
1149 242 1183 273 &

220 302 319 344 largiri
330 300 480 340 pecunias.
506 298 587 327 Fotis
599 304 697 325 autem
710 291 899 322 assumuntur
907 300 940 319 ea
950 308 957 322 ,
981 298 1046 329 quae
1058 297 1123 318 non
1133 286 1182 317 sua

218 347 271 378 vi,
291 343 338 373 sed
349 350 487 372 extranea
496 338 682 369 sublevantur
693 355 701 369 ,
715 343 747 364 ut
757 334 833 363 haec:
859 335 927 362 Hoc
937 340 1044 361 verum
1054 328 1097 359 est
1110 340 1115 358 z
1136 327 1183 358 di-

220 389 268 418 xit
277 387 362 415 enim
374 386 432 424 Q.
445 383 590 411 Lutatius.
604 381 672 407 Hoc
683 376 790 406 falsum
801 375 858 405 est:
870 374 970 404 habita
979 374 1063 403 enim
1074 369 1182 413 quaestio

223 428 276 459 est.
301 429 369 456 Hoc
381 426 459 465 sequi
473 419 587 452 necell'e
598 419 639 449 cst
652 430 656 448 :
677 420 769 449 recito
780 419 864 447 enirn
875 416 995 446 tabulas.
1014 414 1050 445 de
1059 424 1120 455 quo
1132 422 1183 454 ge-

226 480 296 501 nere
306 477 369 498 toto
381 466 481 506 paullo
490 463 557 493 ante
567 462 642 492 dixi.
688 463 772 493 Haec,
785 468 816 489 ut
826 456 995 489 brevissime
1006 456 1065 486 dici
1076 464 1184 499 potue-

223 521 295 543 runt
305 531 313 544 ,
325 512 362 539 ita
373 513 388 538 a
397 517 446 537 me
457 506 535 535 dieta
546 505 621 534 sunt-
644 506 687 533 Ut
697 504 781 532 enim
793 500 813 532 fi
823 510 927 531 aurum
938 501 986 530 cui
997 518 1005 533 ,
1019 497 1102 539 quod
1114 495 1185 526 esset

226 551 421 584 multifariam
432 545 594 579 defoss'um,
605 543 842 575 commonstrare
851 543 974 575 vellem,
986 542 1052 571 satis
1062 538 1121 570 ess‘e
1132 538 1184 568 de-

225 596 318 627 beret,
329 591 349 622 si
360 590 448 632 signa,
459 590 492 619 ὃς
503 597 588 619 notas
597 586 786 617 ostenderem
798 586 948 616 locorum,
960 583 1068 624 quibus
1080 582 1184 621 cogni-

226 639 264 667 tis
277 636 326 665 ille
338 633 390 663 sibi
399 632 460 672 ipse
469 630 586 660 foderet
597 649 605 663 ,
617 628 690 659 &id
702 649 711 662 ,
722 627 803 669 quod
813 627 904 658 vellet
916 646 923 659 ,
940 625 1063 666 parvulo
1073 623 1183 655 labore,

229 678 317 708 nullo
336 684 433 705 errore
452 674 618 702 inveniret:
644 675 652 690 ¹
667 669 703 700 sic
723 671 772 700 has
791 680 847 711 ego
857 675 1101 709 argumentorum
1110 665 1187 694 novi

227 728 312 750 notas
325 738 332 752 ,
344 727 408 758 quae
419 716 470 745 illa
481 715 557 744 mihi
568 714 712 754 quaerenti
722 710 927 742 demonstrant
938 730 945 742 ,
962 709 1013 739 ubi
1024 706 1096 737 sint:
1117 706 1188 736 reli-

227 770 296 802 qua,
308 769 386 792 cura,
399 758 432 787 &
441 758 618 797 cogitatione
630 763 784 784 eruuntur.
817 752 907 794 Qod
918 761 1018 781 autem
1028 757 1188 790 argumen-

227 812 330 834 torum
348 810 441 842 genus
457 801 564 839 cuique
584 797 736 827 causitum
757 798 857 836 generi
870 792 1004 824 maxime
1015 792 1187 822 conveniat,

228 854 294 875 non
304 843 346 873 est
357 846 425 872 artis
436 838 585 881 exquisitae
597 838 778 878 praescribere
790 857 798 870 ,
819 836 867 866 sed
878 834 920 866 est
932 834 1092 865 mediocris
1105 834 1189 873 inge—

232 885 424 926 niijudicare.
438 885 545 923 Neque
556 883 639 911 enirn
652 889 733 909 nunc
744 878 773 908 id
785 880 948 918 agimusmt
956 885 1048 907 artem
1058 875 1187 915 aliquam

228 927 351 959 dicendi
361 926 560 965 explicemus,
575 922 622 952 scd
634 930 667 951 ut
676 918 852 951 doctissimis
864 918 1043 949 hominibus
1052 917 1120 947 usus
1132 924 1189 946 no-

232 970 283 1001 stri
303 967 381 1010 quafi
399 965 535 1008 quaedam
554 966 671 994 monita
689 963 846 993 tradamus.
878 963 935 992 His
956 961 1045 1002 igitur
1062 959 1137 989 locis
1157 959 1190 987 in

231 1021 335 1042 mente
348 1031 356 1044 ,
369 1010 402 1040 ὃς
413 1009 594 1049 cogitatione
605 1004 711 1035 defixis
723 1025 730 1038 ,
753 1005 828 1035 &in
839 1005 927 1034 omni
938 1013 967 1032 re
977 1001 1013 1032 ad
1023 999 1188 1031 dicendum

230 1052 324 1096 posita
343 1053 476 1082 excitatis
489 1069 495 1082 ‚
516 1048 593 1078 nihil
606 1049 661 1077 crit
671 1067 679 1080 ‚
701 1046 782 1088 quod
793 1055 941 1076 oratorem
951 1043 1080 1084 effugere
1089 1039 1188 1082 poffit,

232 1106 296 1126 non
306 1092 401 1124 modo
413 1095 445 1121 in
455 1088 622 1120 forensibus
632 1088 896 1128 discePtationibus
907 1108 916 1121 ,
940 1086 989 1117 sed
1008 1086 1138 1114 omnino
1158 1085 1190 1112 in

230 1138 296 1168 ullo
314 1144 420 1177 genere
439 1132 569 1163 dicendi.
599 1133 629 1161 Si
647 1129 719 1160 vero
730 1128 894 1170 assequetur
904 1149 912 1163 ,
932 1138 964 1158 01
972 1127 1036 1158 talis
1045 1125 1190 1157 videatur,

230 1180 351 1221 qualem
364 1177 390 1207 se
400 1175 496 1205 videri
506 1174 579 1203 velit
591 1193 599 1206 ,
621 1172 654 1202 δε
665 1174 784 1202 animos
795 1181 900 1201 eorum
910 1172 949 1200 ita
959 1167 1068 1199 afficiet
1080 1188 1088 1200 ,
1113 1166 1189 1206 apud

231 1231 307 1262 quos
316 1228 390 1261 aget,
403 1226 434 1247 ut
444 1226 495 1246 eos
506 1236 513 1249 ‚
526 1224 719 1256 quocumque
728 1214 818 1247 velit,
831 1213 879 1243 vel
888 1212 1001 1242 trahere
1011 1230 1019 1243 ,
1031 1210 1080 1240 vel
1090 1218 1189 1248 rapere

232 1261 321 1304 posfit
333 1273 338 1290 2
358 1260 435 1290 nihil
445 1256 582 1299 pror‘ee‘to
592 1265 729 1297 praeterea
738 1255 772 1286 ad
782 1254 948 1285 dicendum
958 1254 1095 1293 requiret.
1121 1252 1189 1291 Jam

233 1304 310 1335 illud
327 1302 467 1333 videmus
477 1321 485 1333 ‚
510 1307 696 1339 nequaquam
707 1298 772 1328 satis
783 1296 841 1327 ess‘e
854 1317 861 1329 ,
881 1297 1008 1335 reperire
1018 1293 1090 1334 quid
1101 1292 1190 1338 dicas,

233 1345 290 1378 nisi
300 1345 330 1376 id
341 1348 501 1375 inventum
513 1339 634 1370 rrastare
643 1337 740 1380 poffis.
774 1338 926 1369 Τι’1ξὶ3110
935 1346 1035 1368 autem
1045 1337 1124 1365 varia
1133 1332 1190 1363 esse

235 1389 337 1421 debet,
348 1397 385 1416 ne
395 1395 442 1415 aut
454 1383 610 1426 cognoscat
619 1391 712 1412 artem
723 1383 775 1422 qui
785 1381 883 1411 audiat
893 1400 902 1412 ,
913 1387 962 1409 aut
971 1376 1146 1419 defatigetur
1155 1374 1190 1404 sl-

236 1428 423 1461 militudinis
433 1427 569 1457 satietate.
601 1426 733 1463 Proponi
743 1431 877 1463 oportet,
895 1420 967 1462 quid
978 1418 1078 1449 afferas
1088 1439 1096 1452 ‚
1116 1417 1190 1447 &id

234 1482 323 1514 quare
341 1472 380 1500 ita
397 1467 448 1502 fit,
469 1467 624 1498 ostendere
636 1477 641 1495 2
662 1466 695 1495 &
715 1475 751 1495 ex
762 1465 870 1495 iisdem
881 1465 942 1493 illis
953 1463 1027 1492 locis
1036 1459 1191 1490 interdum

235 1512 416 1545 concludere
428 1531 437 1544 ,
457 1514 470 1529 ²
481 1509 649 1549 relinquere
661 1507 742 1539 alias,
753 1508 870 1547 alioque
880 1502 997 1535 transire
1011 1514 1016 1532 :
1036 1503 1110 1542 saepe
1129 1511 1193 1531 non

236 1563 405 1597 proponere
416 1573 424 1586 ‚
443 1562 475 1582 ac
492 1553 607 1581 ratione
624 1550 684 1589 ipsa
692 1547 840 1578 afferenda
850 1567 858 1581 ,
879 1546 951 1588 quid
961 1543 1194 1586 proponendum

236 1598 348 1629 fuerit,
370 1595 513 1625 declarare
526 1604 531 1621 :
551 1590 620 1622 sicui
636 1591 709 1632 quid
729 1589 825 1620 simile
843 1589 922 1619 dicas
933 1608 940 1621 ,
964 1589 1045 1627 prius
1056 1594 1088 1615 ut
1097 1584 1194 1615 simile

236 1638 400 1671 confirmes
412 1647 417 1665 t
438 1635 569 1666 deinde3
584 1633 664 1675 quod
676 1634 771 1674 agitur
779 1651 787 1666 ‚
805 1631 946 1672 adjungas
958 1641 963 1659 ;
982 1627 1093 1669 punEta
1111 1637 1196 1668 argu-

239 1688 415 1712 mentorum
425 1679 602 1718 plerumque
613 1684 645 1705 ut
654 1675 771 1705 occulas
782 1695 790 1707 ,
806 1675 911 1714 nequis
922 1682 954 1702 ea
962 1680 1118 1701 numerare
1128 1669 1196 1708 pos-

240 1723 284 1757 fir,
296 1732 327 1753 ut
337 1732 366 1751 re
377 1720 605 1761 distinguantur,
616 1717 715 1747 verbis
725 1715 849 1746 confusa
858 1713 915 1745 esse
925 1713 1089 1744 videantur.
1122 1713 1196 1741 Haec

239 1775 272 1796 ut
283 1766 315 1795 &
325 1772 494 1804 properans,
507 1761 540 1790 ὃς
549 1759 625 1800 apud
635 1757 742 1789 (106ὶο3
752 1779 759 1792 ,
773 1758 804 1787 &
816 1755 998 1788 semido&us
1009 1755 1068 1795 ipse
1077 1763 1198 1794 percur-

238 1818 273 1839 ro
285 1827 293 1841 ,
316 1815 348 1836 ut
357 1803 518 1845 aliquando
526 1801 562 1832 ad
573 1802 624 1831 illa
634 1801 746 1840 majora
754 1802 923 1830 veniamus.
957 1797 1047 1827 Nihil
1060 1795 1103 1826 est
1111 1797 1196 1825 enim

240 1851 273 1880 in
284 1847 414 1879 dicendo
426 1866 434 1879 ‚
446 1845 549 1876 Catule
559 1864 567 1877 ,
579 1844 677 1883 majus
687 1863 695 1876 ,
708 1842 797 1883 quam
810 1841 950 1881 utfaueat
959 1840 1103 1869 oratoriis
1116 1857 1124 1871 ,
1144 1839 1196 1877 qui

239 1891 360 1922 audiet,
374 1897 463 1929 utque
473 1887 533 1927 ipse
544 1883 582 1916 sic
592 1893 749 1915 moveatur
758 1904 766 1917 ‚
781 1893 813 1914 ut
822 1885 939 1923 impetu
947 1880 1078 1922 quodam
1089 1880 1196 1912 animi,

241 1933 275 1964 ὃς
285 1931 505 1973 perturbatione
513 1929 606 1969 magis
617 1947 626 1961 ,
647 1925 862 1967 quam-judicio
873 1945 882 1959 ,
902 1933 951 1955 aut
960 1921 1086 1953 consilio
1097 1941 1104 1955 ,
1117 1931 1198 1961 rega-

241 1983 298 2006 tur.
322 1976 441 2004 Pruna
450 1980 541 2000 εΝιΜ
561 1970 660 1999 multo
668 1968 826 2007 hominesj
832 1967 953 1997 udicant
961 1965 1044 1998 odio,
1055 1973 1104 1994 aut
1113 1972 1198 1993 amo-

240 2027 283 2050 re,
293 2024 343 2046 aut
352 2013 524 2054 cupiditate,
535 2019 585 2042 aut
594 2009 758 2043 iracundia,
766 2018 816 2039 aut
825 2009 929 2039 dolore
941 2027 949 2042 ,
961 2015 1010 2037 aut
1020 2007 1120 2036 laetitia
1131 2024 1139 2038 ,
1150 2013 1199 2035 aut

242 2059 290 2099 spe
301 2077 312 2092 ‚
323 2065 373 2087 aut
382 2058 491 2086 timore
502 2074 510 2087 ‚
521 2062 572 2084 aut
580 2061 678 2083 errore
689 2072 698 2085 ,
710 2060 758 2081 aut
767 2051 865 2091 aliqua
873 2051 1064 2090 permotione
1073 2049 1197 2079 mentis,

240 2099 334 2142 quam
342 2099 463 2129 veritate
475 2116 483 2130 ,
495 2105 544 2126 aut
553 2095 721 2135 praescripto
731 2113 739 2126 ,
759 2101 808 2123 aut
814 2095 890 2133 juris
899 2101 1008 2121 norma
1015 2091 1112 2130 aliqua
1123 2109 1131 2122 ,
1153 2098 1200 2118 aut

239 2141 350 2182 judicii
360 2138 492 2169 formula
502 2157 510 2171 ,
521 2146 570 2167 aut
581 2136 708 2176 legibus.
731 2136 827 2175 Qare
840 2154 848 2167 ‚
869 2132 923 2163 nisi
932 2132 1005 2173 quid
1015 2132 1102 2162 vobis
1118 2129 1199 2161 aliud

242 2184 337 2224 placet
348 2202 356 2215 ,
366 2180 402 2211 ad
415 2180 465 2209 illa
473 2187 638 2219 pergamus.
670 2175 808 2206 Paullum
821 2196 830 2208 ‚
842 2177 941 2215 inquit
951 2173 1071 2204 Catulus
1081 2192 1088 2205 ,
1110 2173 1200 2201 etiam

243 2233 327 2255 nunc
337 2219 432 2253 deess‘e
442 2221 560 2250 videtur
568 2221 606 2249 iis
618 2218 714 2251 rebus,
726 2219 852 2250 Antoni,
863 2226 934 2256 quas
943 2212 1201 2262 exposuisti,quod

243 2265 281 2298 sit
289 2265 345 2296 tibi
355 2262 423 2294 ante
434 2261 646 2302 explicandum
658 2281 666 2294 ‚
686 2257 776 2300 quarn
787 2259 858 2288 illuc
867 2255 1051 2297 proficiscare
1063 2275 1071 2288 ,
1090 2264 1151 2295 quo
1172 2263 1200 2283 te

245 2309 321 2339 dicis
331 2304 495 2336 intendere.
516 2302 681 2345 Qidnam,
694 2302 812 2341 inquit?
823 2302 883 2341 Qi
894 2298 969 2329 ordo
981 2298 1035 2327 tibi
1045 2297 1201 2337 placet,in-

245 2351 310 2392 quit
328 2347 448 2378 Catulus
460 2366 469 2378 ,
493 2345 526 2375 &
535 2354 600 2385 quae
610 2341 763 2384 dispositio
771 2349 1015 2382 argumentorum
1027 2359 1035 2372 ‚
1058 2341 1092 2368 in
1102 2348 1159 2378 qua
1169 2346 1201 2367 tu

247 2392 325 2424 mihi
336 2391 450 2429 semper
459 2387 523 2416 deus
533 2386 629 2416 videri
638 2386 724 2416 soles.
750 2384 826 2413 Vide
837 2382 928 2424 quam
939 2381 992 2411 sim
1002 2383 1034 2411 in
1044 2379 1101 2410 isto
1112 2389 1202 2421 gene-

247 2440 290 2467 re,
303 2432 412 2472 inquit,
425 2429 538 2462 Catule,
549 2427 634 2458 deus.
658 2436 722 2458 non
733 2425 904 2455 mehercule
915 2425 992 2453 mihi
1003 2442 1012 2456 ,
1031 2420 1087 2452 nisi
1096 2421 1202 2451 admo-

248 2478 326 2508 nito,
339 2469 507 2504 veniffetin
517 2478 672 2500 mentem:
691 2477 723 2498 ut
734 2465 822 2507 possis
832 2465 1002 2496 existimare
1011 2484 1020 2498 ,
1040 2473 1090 2493 me
1108 2466 1140 2493 in
1159 2473 1202 2496 ea,

251 2519 283 2547 in
294 2515 403 2557 quibus
414 2519 648 2552 nonnumquam
659 2509 770 2552 aliquid
781 2507 896 2538 efficere
907 2507 1012 2537 videor
1023 2526 1031 2539 ,
1050 2505 1103 2535 usu
1115 2505 1207 2535 solere

251 2559 284 2590 in
303 2555 432 2588 dicendo
443 2575 452 2589 ,
472 2555 521 2584 vel
531 2554 594 2584 casu
603 2555 704 2594 potius
715 2555 873 2582 incurrere.
903 2553 947 2580 Ac
956 2558 1000 2579 res
1011 2547 1135 2589 quidem
1145 2546 1208 2581 ista,

292 2707 316 2725 ι.
335 2700 372 2724 Sic
382 2700 425 2723 kas
434 2708 468 2731 ego
478 2699 728 2730 argumentorumnovi
737 2703 803 2722 notas
816 2715 823 2728 ‚
842 2705 892 2730 qut
909 2695 949 2720 illa
967 2696 1024 2720 mihi
1042 2695 1153 2729 quierenti
1170 2693 1210 2717 de·
1229 2695 1232 2741 l

251 2737 379 2767 anensium!
391 2754 398 2766 ,
409 2736 501 2767 ›aL-istm
513 2746 518 2758 ;
528 2736 620 2767 reliqua
633 2753 639 2764 ,
650 2734 717 2767 den]
735 2732 778 2758 Pal
786 2752 792 2758 .
803 2731 858 2758 ost.
870 2740 920 2758 non
932 2730 1008 2757 habet
1018 2733 1083 2761 nori,
1095 2729 1136 2755 sed
1148 2732 1210 2760 erni,

253 2770 324 2806 quod
335 2771 363 2796 δι’
374 2771 399 2796 in
410 2771 508 2806 primo.
528 2769 569 2796 sed
581 2770 601 2795 is
612 2776 738 2805 proeterca
748 2768 863 2804 scriplit:
886 2769 937 2792 erui
945 2775 1014 2793 notas
1026 2786 1033 2798 ,
1044 2769 1155 2801 qraerenti
1170 2766 1209 2790 de-

254 2808 396 2839 monstravi,
416 2808 456 2832 ubi
465 2807 526 2840 fini.
545 2806 572 2831 8<
585 2807 647 2832 vero
661 2805 716 2832 Pal.
729 2804 831 2832 secund.
850 2805 914 2830 item
928 2803 997 2829 l‘ith.
1009 2812 1061 2829 non
1072 2802 1189 2837 agnoscit
1202 2820 1211 2833 ,

253 2853 301 2877 gu:
310 2844 352 2868 illa
362 2844 435 2875 mii:i,·
455 2850 484 2868 ut
497 2841 636 2868 verisimile
648 2841 678 2867 fit
689 2840 879 2868 restituendum
890 2839 992 2866 :tutiori
1005 2850 1010 2865 :
1025 2840 1060 2873 fic
1077 2840 1120 2865 has
1138 2846 1211 2871 argu-

254 2886 380 2904 mentorum
390 2886 457 2903 noras
464 2881 576 2912 querenti
585 2879 739 2909 demofflrmi
748 2878 841 2910 ulifint
851 2887 857 2901 :
870 2878 972 2909 reliqua,
982 2876 1033 2905 &⁶-

290 2923 319 2939 2.
338 2916 475 2948 Relinquat
485 2916 559 2944 aljar,
570 2916 658 2946 alioque
668 2914 793 2947 transtra]
806 2912 861 2939 Pal.
874 2921 913 2948 pr.
926 2911 974 2937 sec.
986 2912 1094 2945 aliorfitm
1104 2910 1211 2943 transire,-

255 2958 284 2977 ut
295 2948 404 2984 suspicer
416 2948 584 2984 repetendam
594 2949 739 2975 dictionem
750 2947 941 2985 praecedentem
954 2967 962 2980 ‚
982 2949 1111 2982 relinquere
1130 2948 1193 2971 alim
1204 2964 1212 2977 ,

255 2987 319 3013 allas
330 2986 437 3017 aliorsum
446 2992 504 3010 tran
514 2995 556 3010 ire.
905 2996 909 3000 ·

294 3029 320 3056 3.
330 3022 396 3053 Qod
404 3024 483 3053 agitur
491 3021 632 3055 adjungas]
645 3019 794 3047 Adnotavit
804 3020 965 3047 Gulielmius
977 3018 1047 3047 forte
1057 3017 1212 3054 legendum,

255 3066 300 3091 qno
310 3057 334 3081 dc
344 3060 434 3089 agitur,
446 3066 496 3083 non
507 3056 628 3083 absurde.

292 3100 320 3125 4.
339 3094 524 3118 Benivoiemiam
534 3092 684 3126 conciliant]
705 3092 776 3118 Pitli.
787 3092 851 3119 item
862 3092 919 3119 Pal.
930 3101 971 3128 pr.
981 3101 1010 3118 ac
1020 3090 1070 3118 sec.
1081 3093 1213 3116 concinant.

257 3128 327 3155 unde
336 3128 445 3164 putabat
456 3128 615 3155 Gulielmius
625 3128 759 3164 geminata
769 3128 846 3155 litera
857 3128 1035 3164 reponendum
1056 3130 1213 3159 concinnant,

258 3164 302 3192 sexi
310 3165 415 3201 praestat
424 3163 531 3193 credere
541 3167 559 3194 li
568 3172 699 3194 mutamini
708 3165 812 3196 inscitia
822 3163 993 3195 librariorum
1004 3165 1030 3194 in
1041 3174 1067 3192 n·

1211 117 1747 170 Cicnnoiiis

1230 209 1320 243 quam
1330 211 1396 243 ego,
1408 203 1478 243 quia
1488 210 1552 231 non
1563 210 1679 236 noram,
1691 200 1738 234 fic,
1748 208 1888 242 tanquam
1897 197 2187 240 ignoramssvminem,
2219 225 2223 229 Ι

1230 245 1416 285 praeteribam
1428 264 1436 277 ,
1458 251 1574 274 tantum
1584 242 1680 284 potest
1690 246 1722 274 in
1733 243 1863 274 dicendo
1874 262 1882 276 ‚
1904 250 1936 271 ut
1953 241 1986 271 ad
2000 240 2193 277 vincendus-ii

1235 286 1318 316 nulla
1327 286 1393 326 plus
1403 284 1497 326 poffit.
1521 286 1577 318 Sed
1588 295 1687 316 tamen
1699 287 1776 316 mihi
1786 285 1895 324 Videris
1905 292 1969 314 ante
1982 292 2099 322 ternpus
2113 282 2128 313 a
2138 292 2188 314 me

1232 330 1380 358 rationem
1391 327 1817 369 ordinis,&.disponendarum
1828 337 1926 356 rerum
1937 323 2094 366 requisiss'e.
2108 327 2189 357 Nam

1232 368 1254 400 si
1263 381 1318 412 ego
1328 380 1455 400 omnem
1467 372 1531 400 vim
1542 372 1665 401 oratoris
1676 372 1708 400 in
1717 371 1899 410 argumentis
1911 389 1919 401 ,
1944 367 2018 397 &in
2031 367 2130 406 reipsa
2138 376 2191 406 per

1233 413 1261 443 se
1272 411 1496 452 comprobanda
1505 410 1667 451 posuifl'em
1678 432 1686 445 ,
1702 420 1820 450 tempus
1831 409 1901 440 ess'et
1909 411 1971 449 jam
1982 409 2017 439 de
2029 408 2134 438 ordine
2145 419 2190 438 ar-

1232 463 1448 495 gumentorum
1460 474 1468 487 ‚
1492 453 1524 483 &
1536 453 1571 482 de
1582 454 1780 484 collocatione
1791 452 1904 492 aliquid
1915 452 2010 481 dicere
2025 461 2030 479 :
2050 449 2099 480 sed
2117 448 2189 480 cum

1233 497 1286 525 tria
1297 494 1353 526 sint
1361 495 1377 525 a
1388 505 1437 525 me
1445 493 1601 535 proposita,
1612 495 1648 525 de
1659 505 1720 525 uro
1732 494 1848 525 diCtum
1861 504 1866 522 :
1887 492 1959 523 cum
1970 493 2006 522 de
2015 492 2132 522 duobus
2143 501 2190 522 re-

1234 538 1323 578 liquis
1334 537 1452 570 dixero,
1465 546 1529 566 tum
1540 539 1596 566 erit
1605 537 1735 577 denique
1745 536 1781 566 de
1792 534 1976 575 disponenda
1986 542 2046 568 tota
2055 536 2188 564 oratione

1233 579 1440 620 quaerendum.
1486 578 1571 608 Valet
1579 580 1669 619 igitur
1680 577 1814 608 muitum
1826 577 1861 607 ad
1870 575 2069 608 vincendum,
2077 574 2190 617 probari
2208 572 2250 610 43

1235 631 1346 655 moreS,
1358 620 1500 654 instituta,
1512 620 1545 650 &
1554 619 1639 654 faeta,
1651 620 1684 650 ὃς
1694 622 1786 652 vitam
1797 629 1916 651 eorum,
1927 620 1979 659 qui
1987 627 2073 658 agent
2081 618 2191 651 causas,

1236 663 1268 693 &
1286 672 1392 693 eorum
1405 683 1413 697 ,
1433 673 1486 703 pro
1496 663 1604 703 quibus
1616 673 1621 691 1
1646 662 1679 692 δε
1690 664 1762 692 item
1773 659 2190 701 improbariadversariorum,

1233 706 1410 746 animosque
1421 715 1537 738 eorum,
1548 704 1623 744 apud
1635 714 1710 744 quos
1720 702 1980 745 agitur,conciliari
1991 701 2081 742 quam
2093 704 2191 731 maxi-

1235 746 1286 776 me
1296 746 1331 777 ad
1343 747 1580 777 benivolentiam
1592 744 1663 776 cum
1674 756 1740 787 erga
1748 753 1897 775 oratorem
1909 764 1917 778 ,
1938 751 2004 773 tum
2014 743 2191 784 ergaillum,

1234 799 1288 829 pro
1307 799 1368 829 quo
1389 788 1468 818 dicet
1485 797 1592 818 orator.
1625 788 1815 817 Concn'ianrur
1832 795 1933 819 autem
1943 786 2037 815 animi
2048 785 2192 826 dignitate

1237 832 1380 862 hominis,
1393 830 1478 860 rebus
1488 829 1587 870 gestis,
1600 828 1825 860 existimatione
1835 830 1903 858 vitae
1916 839 1921 856 :
1941 837 2006 868 quae
2014 826 2132 857 facilius
2143 837 2193 857 or-

1235 874 1297 902 nari
1307 870 1427 912 pofl'unt
1439 892 1446 905 ,
1459 870 1478 901 fi
1490 871 1585 901 modo
1597 872 1664 905 sunt
1674 891 1682 905 ‚
1699 872 1791 912 quam
1804 869 1875 910 fingi
1886 890 1893 903 ,
1914 867 1935 899 si
1945 869 2026 899 nulla
2036 869 2111 898 sunt.
2135 868 2193 899 Sed

1235 916 1298 944 haec
1307 914 1447 954 adjuvant
1456 915 1487 943 in
1498 914 1733 947 oratore,lenitas
1742 914 1838 946 vocis,
1848 910 1959 944 vultus,
1969 910 2092 951 pudoris
2103 908 2193 951 figni-

1234 954 1343 990 ficatio‚
1355 955 1518 990 verborum
1528 957 1653 986 comitas
1666 966 1670 984 :
1691 953 1711 984 si
1719 955 1792 996 quid
1803 955 1972 994 persequare
1981 955 2075 983 acrius
2085 973 2093 985 ,
2105 961 2137 982 ut
2148 952 2193 981 in·

1235 998 1315 1027 vitm
1327 1018 1335 1031 ,
1357 998 1389 1028 &
1407 997 1527 1028 coaetus
1546 996 1638 1027 facere
1659 997 1788 1027 videare.
1811 995 1958 1026 facilitatis
1970 1015 1977 1028 ,
1998 994 2194 1028 liberalitatis,

1236 1039 1486 1073 mansuetudinis,
1497 1041 1613 1079 pietatis
1623 1059 1631 1073 ,
1642 1041 1715 1079 grati
1723 1040 1819 1069 animi
1832 1059 1839 1071 ,
1853 1047 1916 1067 non
1926 1038 2089 1077 appetentis
2099 1055 2107 1069 ,
2130 1045 2195 1065 non

1237 1080 1317 1112 avidi
1329 1103 1338 1116 ,
1358 1079 1436 1122 signa
1446 1081 1571 1121 proferri
1581 1081 1707 1121 perutile
1717 1079 1759 1110 est
1772 1091 1777 1109 z
1799 1090 1888 1120 eaque
1900 1081 2004 1108 01111113
2015 1098 2023 1111 ‚
2044 1088 2110 1118 quae
2122 1078 2195 1117 pro*-

1238 1123 1347 1153 borum
1360 1143 1367 1156 ,
1380 1121 1578 1153 demissorum
1591 1143 1599 1156 ‚
1610 1133 1675 1153 non
1685 1125 1798 1153 acrium
1809 1142 1816 1155 ‚
1828 1131 1892 1151 non
1901 1122 2099 1160 pertinacium
2111 1139 2119 1153 ‚
2131 1129 2196 1151 non

1236 1165 1438 1206 litigiosorum
1450 1185 1457 1198 ‚
1473 1175 1537 1194 non
1547 1165 1721 1195 acerborum
1732 1164 1800 1194 sunt
1810 1183 1818 1197 ,
1839 1163 1923 1192 valde
1932 1166 1949 1188 4
1958 1161 2196 1192 benivolentiam

1211 1239 1214 1249 ⁴
1236 1207 1419 1240 conciliant,
1440 1206 1666 1246 abalienantque
1676 1206 1711 1236 ab
1722 1207 1758 1235 iis
1769 1226 1779 1238 ,
1799 1207 1833 1234 in
1849 1204 1959 1245 quibus
1970 1204 2031 1233 haec
2041 1213 2105 1233 non
2116 1204 2194 1233 sunt.

1237 1251 1338 1289 Itaque
1349 1248 1453 1279 eadem
1466 1249 1574 1278 suntin
1584 1248 1764 1278 adversarios
1782 1256 1821 1276 ex
1839 1247 1988 1276 contrario
2003 1243 2196 1279 conferenda.

1240 1292 1295 1321 Sed
1305 1300 1398 1332 genus
1410 1291 1468 1320 hoc
1479 1299 1577 1320 toturn
1588 1291 1734 1319 orationis
1744 1290 1777 1318 in
1788 1290 1826 1317 iis
1835 1286 1924 1318 causis
1934 1287 2071 1323 excellet,
2086 1288 2119 1316 in
2128 1289 2195 1327 qui,-

1241 1333 1296 1362 bus
1305 1334 1407 1362 minus
1416 1331 1513 1372 potest
1525 1331 1709 1362 inflammari
1727 1333 1847 1360 animus
1864 1329 1976 1369 judicis
1993 1331 2051 1359 acri
2064 1329 2198 1364 &vehe-

1240 1376 1336 1405 menti
1346 1374 1474 1414 quadam
1485 1375 1669 1403 incitatione.
1702 1375 1776 1402 Non
1787 1375 1871 1401 enim
1883 1371 1997 1410 semper
2002 1370 2093 1406 fortis
2101 1372 2199 1403 oratio

1242 1418 1401 1458 quaeritur,
1414 1416 1462 1446 sed
1473 1416 1545 1455 saepe
1555 1414 1667 1455 placida
1680 1435 1687 1447 ,
1700 1411 1854 1444 summissa
1864 1434 1872 1446 ,
1884 1413 1972 1449 lenis,
1984 1423 2049 1454 quae
2060 1411 2195 1443 maxime

1242 1458 1436 1489 commendat
1445 1467 1519 1487 reos.
1544 1460 1612 1486 Reos
1621 1465 1721 1492 autem
1731 1456 1848 1496 appello
1859 1475 1867 1489 ,
1879 1464 1944 1485 11011
1955 1464 2006 1484 eos
2019 1453 2116 1484 modo
2127 1474 2135 1488 ,
2147 1455 2200 1495 qui

1241 1509 1414 1542 arguuntur,
1426 1499 1475 1529 sed
1486 1500 1617 1532 omneis,
1627 1508 1758 1539 quoium
1768 1497 1805 1527 de
1813 1507 1844 1527 re
1853 1497 2041 1537 disceptatur.
2066 1494 2103 1527 fic
2112 1499 2197 1526 enirn

1243 1544 1320 1572 olim
1331 1541 1537 1582 loquebantur.
1568 1543 1690 1570 Horum
1700 1542 1790 1581 igitur
1800 1540 1968 1579 exprimere
1978 1548 2077 1569 mores
2087 1540 2199 1569 oratio-

1243 1595 1292 1618 ne,
1301 1583 1407 1624 justos,
1420 1585 1551 1624 integros
1563 1603 1571 1616 ,
1591 1582 1758 1624 religiosos,
1770 1581 1906 1614 timidos,
1915 1579 2110 1620 perferenteis
2119 1580 2202 1620 inju-

1243 1629 1365 1659 riarum,
1378 1627 1492 1654 mirum
1503 1624 1647 1665 quiddam
1657 1625 1734 1654 valet
1744 1634 1750 1653 :
1763 1624 1796 1654 &
1805 1624 1864 1653 hoc
1872 1623 1922 1652 vel
1930 1625 1963 1652 in
1972 1624 2139 1662 principiis,
2150 1621 2200 1652 vel

1243 1671 1277 1698 in
1287 1678 1315 1698 re
1325 1667 1466 1698 narranda
1476 1687 1483 1701 ,
1502 1667 1551 1697 vel
1562 1669 1594 1696 in
1602 1665 1784 1706 peroranda,
1802 1674 1914 1701 tantam
1925 1665 2013 1695 habet
2022 1665 2085 1696 vim
2097 1684 2106 1698 ‚
2126 1662 2148 1693 si
2156 1662 2201 1698 est

1245 1711 1383 1743 suaviter,
1398 1712 1410 1736 ἲ
1421 1709 1454 1738 &
1464 1719 1535 1739 curn
1547 1709 1632 1739 sensu
1643 1708 1809 1742 1136131010,
1821 1716 1853 1737 01
1863 1707 1936 1747 saepe
1944 1707 2022 1747 plus,
2032 1705 2201 1747 (1113111030-

1245 1753 1282 1786 sa,
1296 1752 1400 1782 valeat.
1423 1754 1558 1781 Tantum
1567 1759 1668 1781 autem
1677 1749 1806 1781 efficitur
1814 1749 1901 1779 sensu
1909 1748 2040 1790 quodam
2052 1768 2060 1782 ,
2072 1758 2104 1778 ac
2113 1749 2204 1778 ratio-

1244 1805 1282 1824 ne
1300 1793 1420 1823 dicendi
1432 1813 1443 1826 „
1461 1802 1493 1822 ut
1502 1791 1580 1834 quasi
1590 1803 1675 1822 mores
1684 1793 1808 1823 oratoris
1818 1789 1939 1832 effingat
1945 1792 2052 1825 oratio.
2082 1792 2203 1820 Genere

1245 1838 1329 1867 enim
1339 1835 1472 1876 quodam
1483 1834 1704 1868 sententiarum,
1716 1834 1748 1864 δε
1757 1843 1865 1875 genere
1875 1832 2037 1862 verborum
2047 1852 2057 1866 ‚
2071 1831 2203 1862 adhibita

1244 1881 1336 1909 etiam
1346 1876 1466 1908 afflone
1480 1877 1542 1906 leni
1552 1897 1560 1910 ,
1581 1875 1596 1896 ⁶
1605 1875 1836 1916 facilitatemque
1846 1873 2021 1916 significanti
2032 1894 2041 1908 ‚
2061 1872 2202 1907 efficitur,

1246 1930 1277 1950 ut
1287 1920 1385 1961 probi,
1398 1927 1431 1948 ut
1441 1918 1518 1948 bene
1529 1921 1650 1952 morati,
1660 1927 1692 1948 ut
1703 1918 1777 1948 boni
1786 1918 1845 1948 viri
1853 1915 1911 1946 effe
1920 1916 2090 1947 videantur.
2121 1916 2202 1947 Huic
2221 1923 2268 1956 44
2312 1909 2314 1920 ¹

1245 1972 1346 1993 autem
1356 1960 1399 1992 est
1406 1961 1457 1990 illa
1465 1960 1560 2000 dispar
1567 1959 1707 2000 adjunl‘h
1714 1961 1789 1990 ratio
1798 1960 1943 1989 orationis
1953 1978 1961 1992 ,
1976 1968 2042 1999 quae
2052 1957 2112 1988 alio
2121 1967 2200 1998 quo-
2245 1978 2248 1981 -

1247 2005 1316 2035 dam
1326 2013 1432 2045 genere
1444 2002 1716 2043 menteisjudicum
1727 2008 1878 2043 permovet,
1890 2001 2080 2041 impellitque
2091 2019 2100 2034 ,
2111 2008 2145 2037 ut
2152 2007 2203 2030 aut

1247 2046 1377 2079 oderint,
1389 2054 1438 2075 aut
1448 2044 1591 2085 diligant,
1603 2054 1653 2075 aut
1661 2043 1816 2074 invideant
1825 2062 1833 2076 ,
1845 2051 1895 2073 aut
1903 2043 2019 2072 salvum
2028 2041 2125 2071 velint
2135 2061 2144 2074 ,
2153 2050 2206 2074 aut

1249 2096 1402 2121 metuant,
1413 2092 1427 2115 7
1438 2095 1488 2116 aut
1497 2088 1514 2116 s
1509 2095 1634 2126 pernant
1644 2106 1653 2119 ‚
1663 2081 1713 2115 aiit
1723 2086 1843 2124 cupiant
1854 2103 1863 2116 ‚
1880 2091 1930 2113 aut
1939 2082 2115 2112 abhorreant
2126 2104 2134 2118 ,
2155 2091 2207 2113 aut

1249 2131 1395 2162 laetentur,
1405 2136 1455 2158 aut
1464 2135 1611 2157 moereant
1621 2147 1629 2160 ,
1641 2135 1691 2157 aut
1700 2126 1894 2155 misereantur
1904 2145 1912 2158 ,
1923 2133 1973 2155 aut
1981 2127 2088 2164 punire
2097 2124 2206 2159 velint,

1248 2180 1298 2201 aut
1309 2166 1322 2189 8
1335 2169 1369 2199 ad
1380 2179 1431 2199 eos
1442 2177 1542 2198 motus
1552 2168 1744 2200 abducantur,
1756 2165 1776 2196 fi
1786 2168 1838 2207 qui
1850 2165 1974 2196 finitimi
1985 2167 2053 2197 sunt
2063 2187 2074 2201 2
2093 2167 2127 2197 &
2135 2176 2206 2206 pro-

1249 2213 1357 2253 pinqui
1367 2212 1414 2240 his
1422 2220 1454 2240 ac
1468 2209 1574 2240 talibus
1593 2211 1688 2239 animi
1708 2208 1988 2249 perturbationibus.
2021 2211 2118 2249 Atque
2129 2207 2206 2238 illud

1250 2252 1415 2293 optandum
1426 2250 1468 2281 est
1478 2252 1604 2284 oratori,
1618 2259 1651 2280 ut
1659 2250 1789 2291 aliquam
1798 2252 2021 2290 permotionem
2032 2253 2207 2282 animorum

1246 2294 1398 2336 ficaspome
1408 2291 1459 2333 ipsi
1469 2291 1588 2322 afferant
1598 2292 1632 2322 ad
1642 2294 1757 2323 causam
1765 2292 1893 2332 judices,
1904 2291 1939 2322 ad
1950 2291 1991 2326 id,
2003 2292 2085 2333 quod
2095 2292 2207 2322 utilitas

1252 2338 1375 2368 oratoris
1385 2334 1461 2365 feret
1471 2354 1478 2368 ,
1491 2334 1757 2365 accommodatam.
1782 2337 1947 2364 FACILIUS
1966 2344 2023 2365 nsi·
2043 2335 2128 2364 enim
2138 2343 2206 2364 cur-

1251 2388 1368 2409 rentem
1379 2377 1423 2416 (ut
1431 2377 1527 2417 ajunt)
1537 2378 1659 2407 incitare
1670 2396 1678 2410 ,
1697 2376 1787 2417 quam
1797 2384 1993 2406 commovere
2003 2376 2204 2417 languentem.

1252 2423 1304 2451 Sin
1314 2420 1356 2453 id,
1369 2427 1416 2449 aut
1426 2428 1491 2448 non
1501 2420 1567 2451 erit,
1577 2427 1626 2448 aut
1636 2420 1689 2448 erit
1699 2418 1851 2448 obscurius
1863 2437 1872 2452 ‚
1883 2415 1955 2447 sicut
1964 2417 2067 2447 medico
2077 2417 2207 2458 diligen-

1251 2465 1284 2496 ti,
1295 2460 1466 2502 priusquam
1479 2469 1603 2490 conetur
1612 2470 1689 2501 aegro
1699 2460 1838 2490 adhibere
1849 2459 2032 2489 medicinam
2044 2479 2052 2493 ‚
2065 2463 2150 2490 9n0n
2159 2459 2209 2490 so-

1253 2503 1318 2533 lum
1333 2502 1455 2532 morbus
1467 2504 1491 2542 ej
1497 2512 1529 2532 us
1538 2522 1546 2536 ,
1569 2504 1616 2532 cui
1626 2502 1740 2532 mederi
1751 2502 1833 2531 volet
1843 2521 1851 2535 ,
1863 2501 1912 2531 sed
1922 2503 2013 2531 etiam
2023 2500 2209 2532 consuetudo

1252 2546 1377 2577 valentis
1389 2564 1397 2578 ,
1420 2544 1452 2574 &
1470 2553 1572 2575 nattua
1589 2546 1721 2584 corporis
1731 2542 1938 2586 cognoscenda
1945 2542 2003 2574 est:
2022 2542 2060 2574 sic
2068 2542 2211 2584 equidem

2115 2588 2125 2604 ¹
2138 2583 2211 2614 cum

1291 2700 1316 2721 ς.
1339 2695 1371 2717 Et
1381 2691 1503 2725 cnmsmfii
1514 2689 1670 2724 trafi‘atum]
1692 2689 1770 2715 Nihil
1790 2695 1894 2715 mutant
1913 2687 2026 2715 Palatini
2038 2696 2047 2719 3
2068 2695 2153 2722 neque
2163 2695 2211 2712 ne-

1254 2727 1318 2754 cesse
1329 2729 1363 2754 eli
1375 2727 1474 2762 aliquid
1486 2726 1562 2760 adjici
1575 2746 1582 2757 ‚
1596 2734 1624 2752 ut
1636 2725 1740 2752 volebat
1750 2725 1906 2752 Lambinus.

1291 2764 1317 2789 6.
1339 2762 1752 2797 Faciffisatt-mquesffvisfranti.]Sic
1765 2761 1822 2788 Pal.
1834 2760 1883 2788 sec.
1895 2768 1979 2796 neque
1989 2759 2044 2786 :ibit
2053 2758 2152 2795 primus
2166 2757 2212 2784 nili

1255 2799 1324 2836 quod
1337 2801 1511 2833 is‚s{qnffltnti.
1532 2806 1588 2824 erat
1599 2799 1679 2824 ctiam
1689 2798 1805 2824 nostrum
1817 2798 1843 2823 in
1856 2796 2019 2823 Memmiauo
2029 2794 2142 2821 membr.
2153 2803 2212 2820 nam

1257 2836 1477 2869 l'itii.f}r:1litatc›n
1483 2837 1626 2869 fignificanri
1636 2853 1644 2866 ‚
1656 2833 1706 2860 fine
1716 2833 1819 2870 copula.
1840 2832 1965 2868 vulgata,
1970 2833 2134 2866 facilitateque
2136 2832 2213 2864 figm‘-

1248 2873 1342 2907 ficandi
1352 2884 1359 2898 :
1370 2872 1455 2897 Aldus
1467 2872 1557 2907 Nepos
1570 2868 2055 2906 publicavit,facultateqncfignifitanAI.

1291 2916 1318 2942 7.
1338 2910 1535 2941 wittspernant,
1545 2914 1588 2932 ant
1598 2905 1722 2941 cupiant]
1734 2904 1918 2936 Lambiniana,
1929 2905 2083 2936 autsperent.
2103 2900 2173 2938 quod
2185 2901 2212 2927 in

1256 2944 1313 2970 Pal.
1324 2951 1420 2979 quarto
1433 2963 1441 2974 ,
1452 2943 1547 2978 quinto
1558 2962 1566 2973 ‚
1578 2941 1685 2967 oesiam.

1293 2979 1319 3005 8.
1340 2980 1393 3008 ’,ΑΙ
1401 2986 1474 3004 motm
1484 2977 1661 3012 abduramum]
1680 2975 1769 3002 Editio
1779 2975 1863 3012 prima
1872 2975 1899 3001 &
1909 2973 2075 3005 Viftoriana,
2089 2974 2215 2999 adducim-

1256 3023 1306 3042 rur.
1327 3015 1388 3042 Mss.
1401 3014 1479 3041 nostri
1491 3014 1637 3039 deducantur
1649 3032 1656 3044 ‚
1667 3020 1711 3038 aut
1722 3012 1846 3038 deducam.

1293 3060 1322 3087 9.
1342 3054 1393 3077 Non
1399 3052 1473 3084 filum
1483 3052 1574 3075 morbus
1584 3051 1633 3083 ejus
1644 3068 1652 3081 ,
1663 3050 1700 3074 cni
1709 3048 1794 3073 medi-ri
1803 3045 1890 3080 volet]
1902 3045 2007 3072 Priores
2019 3051 2072 3072 tres
2086 3053 2161 3071 voces
2173 3053 2216 3071 're-

1258 3088 1325 3115 stant
1344 3085 1531 3114 tantummodo
1550 3086 1577 3112 in
1597 3082 1743 3121 l‘al prim.
1760 3084 1787 3110 in
1798 3083 1848 3109 sec,
1860 3082 1930 3109 Pith.
1942 3083 1969 3108 δε
1981 3080 2217 3108 Memm.membi·.

1260 3131 1385 3160 quatuor.
1407 3123 1471 3149 Non
1483 3122 1578 3154 habeut
1589 3140 1599 3158 ,
1617 3121 1725 3157 inquam
1737 3138 1746 3155 ‚
1766 3122 1802 3150 cm*
1811 3119 1894 3148 medere
1904 3119 1975 3147 volet.
1996 3119 2024 3146 &
2035 3117 2098 3147 vero
2110 3127 2161 3145 non
2173 3125 2217 3143 re-

1260 3160 1305 3198 qui
1312 3169 1368 3191 ram
1377 3159 1397 3190 si
1406 3158 1499 3189 abfim.
2168 3189 2187 3216 C

2133 3197 2143 3217 Ι
2152 3208 2156 3216 ι
2185 3194 2226 3214 um
