2316 3395
195 177 407 271 apsssquaedam
418 248 427 263 ,
448 229 482 260 &
511 236 586 259 arata
595 226 717 269 singulis
735 226 887 257 causarum
906 225 1066 266 generibus
1076 235 1163 266 argu*

198 281 300 303 menta
308 271 471 302 traduntur.
483 237 582 301 Kudio
592 279 693 300 autem
703 270 934 301 neminemmec
942 266 1088 297 industria
1098 277 1162 298 ma-

195 314 265 355 jore
275 316 404 355 cognovi
411 335 417 341 .
441 315 633 354 Qamquam
641 322 680 340 ne
688 311 812 352 ingenio
821 309 946 350 quidem
956 311 1008 350 qui
1018 308 1163 349 praestite-

198 357 239 385 rit
250 376 258 389 ,
276 355 363 386 facile
374 355 505 385 dixerim
516 375 524 387 ,
549 356 582 383 C.
594 353 714 386 Pisoni,
735 362 845 395 genero
855 361 938 381 meo.
949 351 1073 381 nullum
1084 360 1163 394 tem-

196 398 309 438 pusilli
323 407 467 438 umquam
478 395 597 426 vacabat
613 403 662 424 aut
672 394 688 424 a
696 392 807 424 forensi
815 392 953 423 dietione
963 414 972 427 ‚
992 403 1040 424 aut
1050 394 1066 423 a
1073 403 1162 424 com—

200 441 384 469 mentatione
396 436 558 468 domestica
574 457 582 469 ,
605 446 655 466 aut
664 435 681 466 a
692 435 851 466 scribendo
870 455 880 469 ‚
903 446 952 466 aut
963 435 979 466 a
988 435 1159 477 cogitando.

197 482 295 522 itaque
305 490 402 511 tantos
413 477 561 519 processus
572 477 721 508 efficiebat
733 499 740 511 ‚
757 487 789 508 ut
799 477 906 518 evolare
919 498 927 511 ‚
948 487 1012 508 non
1021 487 1161 507 excurre-

198 533 229 552 re
240 522 397 552 videretur.
409 530 526 561 eratque
536 520 701 552 verborum
713 520 745 550 &
756 518 888 550 delebitis
899 520 1028 560 elegans,
1041 519 1075 548 δε
1083 528 1159 559 apta,

200 564 233 594 &
243 562 321 605 quasi
332 562 460 593 rotunda
469 561 654 592 construiffio
667 573 673 592 :
689 572 818 602 cumque
829 570 1003 602 argumenta
1011 563 1161 602 excogita-

196 606 306 636 bantur
323 605 359 635 ab
377 615 413 634 eo
428 605 542 638 multa,
567 605 600 634 δε
611 602 696 634 firma
712 604 748 634 ad
766 603 956 644 probandum
969 624 978 637 ,
1002 612 1067 633 tum
1086 612 1161 632 con-

198 649 297 678 cinnae
309 668 318 680 ‚
333 656 483 688 acutaeque
493 647 648 677 sententiae
662 657 666 675 :
679 645 832 687 gestusque
844 654 946 675 natura
954 647 994 675 ita
1002 644 1158 677 venustus,

197 698 231 719 ut
242 699 286 719 ars
296 691 386 719 etiam
398 709 406 723 ,
430 699 495 730 qua:
508 698 571 718 non
581 697 641 718 erat
651 709 659 722 ‚
682 688 714 718 &
724 687 740 718 ὲ
751 687 908 727 disciplina
919 696 1021 716 motus
1036 686 1160 727 quidam

196 731 348 761 videretur
361 732 509 761 accedere.
529 740 652 764 vereor,
676 740 714 760 ne
731 740 823 758 amore
833 729 933 759 videar
943 729 1026 768 plura
1037 748 1044 761 ‚
1068 726 1161 768 quam

196 772 309 803 fuerint
320 775 353 803 in
362 773 418 802 illo
430 793 438 806 ,
462 772 577 803 dicere:
599 772 681 813 quod
691 773 807 801 nonita
819 770 876 801 est:
897 771 953 800 alia
963 772 1047 800 enim
1059 769 1094 799 tle
1105 769 1161 798 illo

198 815 313 854 majora
323 814 384 845 dici
393 813 523 855 poffunt.
535 824 606 844 narn
618 824 673 844 nec
683 815 871 844 continentia
881 832 889 846 ,
901 823 956 842 nec
966 813 1074 852 pietate
1086 832 1094 843 ‚
1107 821 1162 841 nec

196 857 262 886 11110
280 867 388 897 genere
406 857 526 887 virtutis
536 866 719 897 quemquam
730 855 865 895 ejusdem
882 856 974 884 aetatis
986 874 993 887 ‚
1014 863 1086 883 cum
1106 853 1162 882 illo

134 903 179 936 79
198 897 419 929 conferendum
436 908 521 938 puto.
545 900 612 939 Nec
621 896 694 927 vero
706 899 753 927 M.
767 897 900 927 Coelium
919 894 1163 936 praetercundum

197 940 324 971 arbitror
336 962 345 975 ‚
363 950 562 982 quaecumque
574 941 599 976 ei
604 950 637 969 us
657 950 686 968 m
697 940 779 968 exim
788 939 836 968 vel
854 938 975 968 fortuna
985 958 993 971 ‚
1015 937 1063 967 vel
1074 946 1162 966 mens

196 982 275 1012 fuit:
293 985 346 1023 qui
358 982 505 1024 quamdiu
524 981 692 1012 3118101113ῑί
710 991 786 1011 mete
805 982 923 1020 paruit,
946 980 1011 1009 talis
1023 978 1161 1009 tribunus

196 1024 277 1065 pleb.
290 1024 349 1055 fuit
365 1045 373 1059 ‚
393 1034 426 1054 ut
436 1034 530 1054 nemo
540 1033 643 1054 contra
652 1025 768 1053 civium
777 1022 963 1063 perditorum
973 1021 1161 1061 popularem,

198 1066 461 1107 turbulentamque
471 1066 657 1096 dementiam
670 1085 678 1098 2
690 1064 706 1095 a
716 1066 816 1095 senatu
828 1085 835 1097 ‚
850 1065 882 1094 &
891 1063 907 1094 a
916 1064 1069 1093 bonorum
1079 1062 1165 1092 causa

195 1107 309 1139 steterit
318 1106 522 1139 constantius:
542 1117 632 1148 quam
644 1107 708 1147 ejus
727 1106 877 1137 actionem
889 1126 898 1139 ‚
919 1105 1052 1135 multum
1063 1113 1164 1134 tamen

199 1148 233 1181 δὲ
245 1150 400 1190 splendida
409 1170 418 1183 ‚
432 1150 464 1180 δε
474 1149 606 1191 grandis,
621 1149 653 1179 &
664 1148 769 1179 eadem
780 1150 812 1178 in
822 1149 926 1188 primis
936 1146 1039 1179 faceta,
1054 1146 1086 1175 &
1095 1156 1163 1185 per-

195 1192 308 1222 urbana
326 1191 562 1222 commendabat
579 1192 685 1221 oratio.
709 1192 821 1220 Graves
839 1190 903 1229 ejus
924 1190 1089 1219 conciones
1108 1188 1164 1218 ali-

197 1243 274 1275 quot
291 1232 413 1264 fuerunt
431 1254 440 1268 ,
463 1244 542 1265 acres
553 1233 752 1263 accusationes
773 1241 831 1262 tres
848 1252 857 1264 ,
884 1241 985 1271 eatque
997 1240 1105 1260 omnes
1123 1239 1163 1259 ex

197 1277 270 1316 reip.
283 1278 482 1306 contentione
501 1275 657 1315 susceptae:
677 1272 865 1304 defensiones
879 1293 888 1306 ‚
908 1271 959 1302 etsi
968 1272 1020 1302 illa
1038 1280 1121 1302 erant
1130 1273 1163 1301 in

198 1327 236 1348 eo
247 1318 373 1349 meliora
386 1338 394 1351 ,
406 1328 472 1359 quae
483 1317 567 1351 dixi,
587 1326 652 1347 non
661 1315 892 1346 contemnenda:
905 1324 1007 1344 tamen
1018 1335 1026 1348 ,
1036 1315 1162 1354 saneque

197 1359 376 1390 tolerabiles.
394 1362 454 1390 Hic
465 1357 538 1389 curn
548 1359 667 1389 summa
675 1358 829 1388 voluntate
840 1357 994 1387 bonorum
1006 1355 1101 1386 aedilis
1109 1366 1163 1385 cu—

197 1402 273 1432 rulis
289 1400 385 1432 facfflis
401 1400 474 1432 essct
486 1422 495 1436 ,
516 1400 617 1432 nescio
627 1399 785 1441 quomodo
796 1397 919 1429 discefi'u
938 1408 1010 1428 meo
1018 1392 1161 1437 dzfieffitiz

192 1443 249 1483 fis&
260 1464 268 1476 ,
288 1443 456 1485 ceciditque
466 1442 567 1484 postea
577 1453 668 1483 quain
680 1452 731 1472 eos
750 1443 862 1471 imitari
882 1442 991 1481 coepit,
1012 1450 1089 1482 quos
1099 1440 1161 1481 ipse

195 1494 384 1524 perverterat.
408 1486 464 1516 Sed
482 1485 518 1515 de
531 1487 574 1514 M.
587 1484 703 1515 Calidio
721 1484 856 1515 dicamus
877 1483 989 1524 aliquid
1001 1503 1009 1516 ,
1033 1483 1160 1523 quinon

195 1526 257 1557 fuit
266 1536 366 1558 orator
375 1538 452 1558 unus
463 1527 479 1558 ὲ
491 1528 596 1557 multis
609 1538 613 1555 :
634 1528 734 1566 potius
746 1527 823 1555 inter
833 1526 945 1555 multos
954 1523 1046 1565 prope
1059 1522 1160 1565 singu-

195 1569 266 1599 laris
276 1568 335 1599 fuit
347 1580 352 1598 z
364 1571 404 1600 ita
413 1568 593 1602 reconditas,
605 1567 817 1609 exquisitasque
829 1568 988 1598 sententias
1000 1566 1115 1600 mollis,
1127 1565 1159 1596 &

197 1611 352 1651 pellucens
362 1611 502 1642 vestiebat
513 1612 620 1641 oratio.
644 1610 725 1640 nihil
734 1619 795 1640 tam
806 1619 943 1639 tenerum
955 1629 963 1643 ‚
974 1608 1066 1649 quarn
1077 1608 1160 1637 illius

195 1652 426 1693 comprehensio
436 1653 600 1683 verborum
615 1663 620 1681 z
639 1652 717 1682 nihil
728 1661 788 1682 tam
800 1650 950 1681 flexibile:
966 1650 1045 1680 nihil
1057 1670 1065 1684 ,
1078 1648 1160 1691 quod

199 1697 295 1736 magis
305 1693 393 1735 ipsius
404 1696 525 1726 arbitrio
538 1694 697 1736 fingeretur
706 1714 715 1728 ‚
734 1703 766 1724 ut
777 1694 890 1723 nullius
900 1694 1025 1724 oratoris
1034 1702 1117 1733 aeque
1128 1693 1161 1721 in

198 1735 342 1778 potestate
350 1736 438 1767 fuerit
449 1748 454 1766 :
467 1747 532 1778 quae
545 1735 680 1776 primurn
693 1737 732 1767 ita
741 1746 813 1776 pura
830 1745 889 1765 erat
899 1755 908 1769 ‚
929 1735 1049 1765 utnihil
1069 1735 1162 1775 liqui-

198 1778 283 1809 dius:
295 1781 335 1809 ita
345 1779 438 1809 libere
450 1778 562 1809 fluebat
571 1799 580 1813 ,
593 1787 626 1808 ut
634 1779 782 1819 nusquam
792 1777 998 1808 adhaerescet-et
1010 1788 1015 1806 2
1026 1776 1161 1810 nullum,

198 1819 254 1851 nisi
273 1821 342 1850 loco
359 1820 490 1861 positum
502 1841 511 1854 ,
537 1822 570 1851 &
587 1830 728 1861 tanquam
744 1820 772 1848 in
784 1820 969 1849 vermiculato
989 1817 1160 1852 emblemate,

197 1872 230 1893 nt
241 1864 281 1892 ait
291 1863 426 1893 Lucilius
439 1883 447 1897 ,
468 1862 614 1894 strustum
625 1862 752 1893 vei-bum
763 1861 890 1892 videres.
914 1871 969 1891 nec
980 1860 1053 1891 vero
1064 1861 1162 1890 ullum

197 1913 248 1934 aut
257 1904 366 1934 durum
378 1925 386 1938 ,
398 1914 447 1935 aut
457 1905 590 1935 insolens
599 1924 607 1938 ‚
629 1913 679 1934 aut
687 1904 803 1934 humile
815 1925 823 1937 ,
835 1912 884 1933 aut
894 1902 1013 1944 longius
1024 1902 1162 1932 dmitum:

198 1956 231 1976 ac
243 1956 305 1976 non
315 1949 433 1987 propria
442 1946 532 1983 verba
543 1956 643 1976 rerum
657 1966 665 1980 ‚
689 1945 737 1976 sed
758 1947 896 1986 pleraque
918 1946 1015 1976 tralata
1035 1956 1041 1974 :
1065 1943 1103 1974 fic
1121 1953 1164 1974 ta-

199 1997 273 2018 men
285 2008 293 2021 ,
315 1997 348 2018 ut
357 1999 389 2018 ea
400 1998 464 2018 non
475 1987 590 2018 irruiss'e
601 1990 632 2018 in
644 1988 779 2018 alienum
790 1987 893 2017 locum
905 2007 913 2022 ‚
935 1987 983 2017 sed
994 1985 1165 2027 immigraffb

199 2032 231 2060 in
252 2031 341 2060 suum
362 2030 483 2060 diceres.
506 2040 561 2060 nec
579 2029 651 2060 vero
671 2031 735 2060 haec
756 2029 852 2060 soluta
873 2050 881 2062 ‚
906 2039 962 2059 nec
984 2027 1163 2062 diffluentia,

202 2071 250 2102 sed
261 2071 398 2102 adstricta
408 2074 542 2102 numeris
554 2092 563 2105 ‚
578 2081 641 2102 non
651 2071 749 2112 aperte
761 2092 769 2105 ‚
785 2082 842 2101 nec
851 2071 961 2101 eodem
979 2070 1075 2101 modo
1085 2071 1165 2100 sem-

197 2123 249 2154 per
259 2133 268 2147 ‚
281 2113 330 2143 scd
341 2114 422 2143 varie
433 2134 442 2148 ,
454 2112 729 2153 dissimulanterque
739 2111 896 2143 conclusis.
920 2116 1011 2143 Erant
1020 2120 1120 2142 autem
1132 2112 1164 2142 &

201 2155 364 2185 verborum
376 2175 385 2188 ,
407 2155 439 2186 ἃ
451 2155 665 2185 sententiarum
676 2155 727 2183 illa
735 2155 864 2188 lumina,
886 2164 952 2195 quae
962 2162 1070 2184 vocant
1081 2156 1165 2183 Gra:—

194 2201 223 2231 ci
248 2195 378 2239 ςρᾶιςαίῖαι
393 2220 402 2232 ‚
427 2200 536 2240 quibus
559 2208 701 2240 tanquam
725 2202 735 2217 ¹
748 2197 913 2240 insignibus
934 2200 967 2228 in
989 2206 1095 2228 ornatu
1117 2197 1165 2227 di-

202 2241 407 2283 stinguebatur
423 2243 526 2271 omnis
541 2243 646 2271 oratio.
671 2250 729 2281 qua
745 2239 781 2270 de
800 2251 830 2270 re
847 2241 941 2281 agitur
958 2248 1057 2269 autem
1074 2238 1162 2272 illud,

200 2283 281 2325 quod
302 2283 405 2313 multis
424 2284 499 2313 locis
517 2284 550 2313 in
564 2282 848 2323 jurisconsultorum
867 2280 1031 2311 includitur
1043 2280 1160 2310 formu-

135 2321 181 2356 89
199 2326 258 2359 lis,
283 2325 316 2355 &
334 2323 486 2358 ubiesset‚
509 2324 637 2355 videbat.
661 2323 830 2354 Accedebat
846 2322 921 2353 ordo
936 2333 1037 2352 rerum
1054 2323 1162 2362 plenus

197 2369 267 2398 artis
278 2387 286 2401 ,
310 2366 391 2397 38110
402 2366 532 2397 liberalis
544 2387 553 2399 ,
578 2375 736 2406 totumque
747 2365 868 2395 dicendi
879 2364 1031 2404 placidum
1043 2384 1052 2398 ‚
1076 2364 1109 2393 &
1119 2364 1162 2394 sa-

198 2419 274 2440 num
298 2418 401 2451 genus.
424 2408 515 2450 Qod
537 2407 558 2438 fi
581 2407 623 2438 est
640 2410 794 2448 optimum
816 2407 944 2437 suaviter
964 2406 1064 2436 dicere
1085 2416 1091 2435 z
1114 2407 1163 2435 ni-

196 2451 243 2481 hil
261 2450 304 2481 est
325 2471 333 2484 ,
356 2450 438 2492 quod
457 2451 569 2481 melius
591 2451 650 2480 hoc
667 2448 865 2491 quaerendum
886 2457 980 2488 putes.
1012 2447 1068 2478 Sed
1088 2446 1161 2477 cum

197 2492 216 2523 ὲ
238 2493 327 2523 nobis
347 2492 449 2533 paullo
470 2491 538 2522 ante
562 2490 680 2522 dictum
703 2490 737 2522 sit
758 2512 767 2524 ,
796 2492 850 2522 tria
870 2490 967 2522 videri
987 2488 1045 2520 effe
1065 2509 1073 2524 ,
1096 2499 1162 2530 quae

199 2544 301 2565 orator
323 2533 441 2565 efficere
463 2534 584 2564 deberet
601 2554 610 2568 ‚
635 2543 667 2564 ut
688 2532 808 2564 doceret
824 2553 833 2567 ‚
863 2542 897 2563 ut
919 2531 1077 2562 delectaret
1097 2551 1106 2564 ‚
1129 2540 1167 2562 ut

199 2585 354 2609 moveret:
380 2576 442 2606 duo
459 2576 578 2606 summe
595 2577 711 2609 tenuit,
735 2575 881 2606 ut&retn
898 2573 1058 2604 illustraret
1072 2571 1161 2603 diffe-

194 2617 294 2648 rendo
302 2638 310 2651 ‚
325 2618 357 2648 &
366 2619 487 2648 animos
497 2628 616 2652 eorum,
630 2619 683 2659 qui
691 2617 838 2651 audirent,
848 2616 1015 2647 devinciret
1022 2615 1161 2654 volupta-

197 2668 238 2691 te.
262 2659 609 2694 Aberattertiaillalaus‚
632 2669 690 2701 qua
698 2667 906 2699 permoveret,
922 2667 1010 2699 atque
1024 2659 1162 2687 incitaret

197 2703 337 2735 animos,
354 2711 445 2742 quam
460 2701 632 2741 plurimum
650 2701 765 2741 pollere
781 2700 934 2734 diximus,
952 2709 1009 2729 nec
1024 2708 1083 2729 erat
1100 2698 1163 2728 ulla

198 2745 542 2785 vis‚atquecontentio,
562 2741 620 2773 five
633 2741 779 2776 consilio,
796 2741 879 2784 quod
890 2751 958 2775 605,
977 2751 1110 2782 quorum
1118 2740 1161 2770 al-

199 2787 259 2815 tior
267 2787 364 2815 oratio
373 2805 382 2819 ‚
392 2784 532 2826 :initioque
540 2783 611 2815 esset
619 2784 772 2815 ardentior
780 2805 788 2818 ‚
798 2788 896 2814 ‘curere
905 2804 913 2817 ‚
930 2784 963 2813 δε
971 2783 1104 2813 bacchari
1115 2792 1160 2812 ar-

200 2826 366 2857 bitraretur.
391 2825 450 2856 five
459 2825 541 2867 quod
550 2836 653 2857 natura
668 2837 733 2856 non
748 2825 819 2856 estet
827 2828 868 2858 ita
878 2825 993 2859 faetus,
1009 2824 1069 2855 five
1098 2823 1160 2854 uod
1183 2854 1186 2864 ‚

199 2878 266 2898 non
277 2866 440 2899 consuesset
450 2887 457 2901 ‚
470 2866 528 2897 five
536 2867 619 2909 quod
632 2879 696 2898 non
704 2867 810 2909 poss'et.
833 2870 891 2899 hoc
899 2878 996 2898 unum
1006 2868 1052 2898 illi
1063 2887 1072 2901 ,
1092 2877 1103 2896 1
1112 2868 1161 2896 ni-

198 2910 245 2944 hil
254 2910 391 2940 utilitatis
399 2909 534 2943 habebat,
544 2909 641 2941 adfuit
652 2909 687 2939 :si
697 2921 772 2950 opus
780 2920 848 2944 erat,
859 2909 965 2941 defuit.
985 2911 1160 2951 Qinetiam

203 2953 334 2981 memim'
343 2971 351 2985 ,
362 2953 473 2981 cumin
483 2952 667 2981 accusatione
678 2953 727 2982 sua
735 2953 885 2993 QGallio
894 2954 1017 2982 crimini
1025 2949 1160 2984 dedisset,

201 2991 257 3024 fibi
265 3002 336 3023 eum
347 3003 481 3022 venenum
485 3000 558 3034 para
564 2993 640 3032 mſjk,
651 2993 740 3035 idque
750 2994 765 3026 a
776 2995 804 3025 se
814 2993 871 3027 effe
879 2994 1108 3035 deprehensum,
1118 2992 1163 3022 se-

242 3099 253 3117 1
260 3111 266 3117 .
286 3092 415 3124 Infignibm
423 3093 448 3117 in
457 3098 545 3116 ornatu
556 3111 563 3122 ,
575 3092 642 3125 elsa]
655 3092 787 3128 Intelligit
796 3092 828 3119 de
840 3092 901 3120 foro
910 3093 943 3120 ab
952 3092 1073 3119 sedilibus
1082 3100 1162 3119 orna-

202 3133 243 3155 to.
261 3127 407 3154 Lambinus
417 3133 505 3153 tamen
515 3127 621 3161 abjecit,
632 3130 658 3153 in
667 3135 766 3160 ornatu,
777 3135 869 3155 contra
881 3129 938 3155 inss'.
949 3128 1042 3156 libros.

1220 159 1749 206 Cxc'ERoN1s

1209 225 1297 266 seque
1304 225 1497 266 chirographa
1505 245 1513 259 ‚
1523 223 1758 258 testificationes,
1769 223 1889 258 indicia,
1899 223 2092 266 quaestiones‚
2102 235 2173 267 rm-¹

1210 266 1349 297 nirestam
1367 277 1430 296 rem
1440 287 1448 300 ‚
1465 266 1581 297 deferre
1597 266 1708 297 diceret
1716 287 1726 301 ‚
1743 266 1839 307 deque
1849 277 1885 296 eo
1896 269 2024 297 crimine
2034 268 2168 299 accurate.¹

1211 309 1244 339 δε
1253 307 1398 349 exquifite
1407 307 1625 349 disputavisset:
1646 311 1739 339 mein
1750 308 1960 348 respondendo
1969 329 1977 342 ,
1994 307 2067 338 cum
2076 307 2169 340 essem

1208 359 1432 392 argumentatus
1441 370 1448 384 ‚
1466 359 1614 391 quantum
1632 361 1677 380 res
1694 349 1820 380 serebat:
1837 351 1894 381 hoc
1904 352 2003 391 ipsum
2013 352 2101 380 etiarn
2112 361 2170 390 po-

1208 391 1295 423 suiss'e
1311 402 1367 432 pro
1382 402 1577 433 argumento,
1601 391 1684 433 quod
1694 392 1746 421 ille
1756 412 1764 425 ,
1788 391 1859 421 cum
1870 393 1982 432 pestem
1993 394 2096 432 capitis
2106 393 2170 426 sui,

1207 432 1280 464 cuin
1290 434 1401 464 indicia
1410 436 1518 464 mortis
1526 454 1534 467 ‚
1554 435 1580 464 se
1589 432 1766 472 comperifl'e
1780 433 1941 464 manifesto
1952 455 1960 468 ‚
1982 435 2014 464 &
2024 444 2115 464 manu.
2125 443 2170 464 te-

1209 486 1279 506 nere
1287 475 1399 505 diceret
1408 496 1416 509 ‚
1430 485 1490 506 tarn
1496 474 1589 514 fliius&
1597 473 1709 517 egisset,
1722 483 1781 504 tam
1792 475 1900 505 leniter
1908 496 1916 509 ,
1929 485 1990 506 tarn
2000 476 2169 506 oscitanter.

1208 520 1261 548 TU
1280 528 1379 547 15τ110
1389 538 1397 551 ,
1414 519 1459 547 M.
1472 517 1585 550 Calidi,
1610 516 1662 557 nisi
1671 516 1788 556 fingeres
1801 537 1808 549 ,
1822 515 1858 546 sic
1866 521 1984 558 ageres?
2006 517 2169 557 pracsertim

1208 558 1279 589 cum
1291 558 1345 589 ista
1353 559 1526 599 eloquentia
1534 579 1543 592 ,
1561 559 1733 588 alienorum
1741 559 1908 588 hominum
1917 560 2048 598 pericula
2062 557 2170 589 defen-

1208 600 1276 630 dere
1285 602 1428 631 acerrimc
1439 600 1530 631 soleas
1539 621 1548 635 ‚
1569 609 1657 630 tuum
1667 600 1851 641 negligeres?
1869 599 1921 630 ubi
1930 600 2038 631 dolor?
2054 601 2107 631 ubi
2122 610 2169 631 ar-

1207 642 1263 672 dor
1276 644 1390 676 animi,
1407 644 1461 683 qui
1471 644 1560 672 etiam
1574 652 1612 672 ex
1621 640 1787 672 infantium
1804 642 1936 683 ingeniis
1945 643 2050 672 elicere
2059 652 2168 677 voces,
2189 677 2192 686 ι

1210 684 1241 714 δε
1251 685 1385 725 querelas
1396 684 1471 715 solet
1481 687 1491 713 ?
1508 684 1593 714 nulla
1601 683 1784 724 perturbatio
1799 685 1913 717 animi,
1924 684 2008 714 nulla
2016 686 2150 724 corporis
2160 704 2169 718 ‚

1208 725 1293 755 frons
1303 736 1367 756 non
1375 725 1516 766 percussii,
1529 736 1595 756 non
1603 725 1717 755 femur:
1736 725 1820 766 pedis
1830 725 1924 766 (quod
1936 728 2104 756 minimum
2114 725 2169 767 est)

1209 768 1293 797 nulla
1304 766 1461 807 supplosio.
1492 766 1597 809 Itaque
1612 776 1729 797 tantum
1745 767 1841 798 abfuit
1850 777 1882 797 ut
1890 766 2095 798 inflammares
2112 778 2172 797 no-

1212 808 1286 839 stros
1301 813 1437 840 animos:
1455 810 1600 840 somnum
1610 809 1667 839 isto
1676 809 1745 840 loco
1761 812 1815 840 vix
1830 809 2018 839 tenebamus.
2050 811 2098 840 Sic
2113 819 2172 840 nos

1212 851 1324 881 summi
1334 852 1461 881 oratoris
1469 851 1519 881 vel
1527 852 1659 884 sanitate,
1669 851 1718 882 vel
1728 853 1816 884 vitio,
1830 861 1884 891 pro
1893 861 2070 890 :u'gumento
2080 851 2115 882 ad
2124 851 2172 882 di-

1210 892 1358 922 luendum
1367 894 1484 923 crimen
1494 891 1537 922 usi
1545 893 1658 924 sumus.
1688 895 1773 923 Tum
1784 896 1891 923 Brutus
1901 913 1909 926 ,
1930 897 1943 912 2
1953 893 2173 935 Atquidubita-

1214 944 1282 964 mus
1290 955 1299 968 ‚
1318 936 1419 975 inquit
1426 955 1434 968 ,
1453 932 1558 964 utrum
1574 934 1628 965 ista
1643 934 1750 965 sanitas
1766 934 1856 965 fuerit
1864 955 1872 968 ,
1893 946 1931 965 an
1947 938 2057 965 vitium
2070 938 2081 964 ἓ
2102 937 2172 976 quis

1210 978 1295 1006 enim
1308 986 1374 1006 non
1381 975 1506 1006 fateatur
1514 997 1522 1010 2
1533 976 1604 1007 cum
1615 987 1654 1007 ei(
1661 977 1807 1007 omnibus
1817 979 1942 1007 oratoris
1952 977 2090 1007 laudibus
2099 978 2172 1007 lon-

1207 1018 1243 1059 ge
1262 1018 1316 1049 ista
1331 1016 1364 1048 sit
1382 1020 1516 1049 maxima
1523 1039 1531 1051 ‚
1550 1018 1742 1049 inflammare
1757 1020 1877 1049 animos
1888 1019 2078 1049 audientium
2089 1040 2097 1053 ‚
2117 1019 2149 1049 &
2159 1038 2169 1053 ‚

1207 1070 1402 1101 quocumque
1410 1070 1455 1090 res
1464 1060 1597 1101 postulet
1605 1061 1700 1091 modo
1709 1081 1716 1093 ‚
1729 1060 1848 1090 Hester-e
1857 1081 1865 1093 ,
1881 1063 1933 1101 qui
1942 1063 1995 1091 hac
2003 1063 2113 1091 virtute
2122 1071 2171 1091 ca—

1206 1104 1316 1136 ruerit,
1328 1103 1358 1132 id
1368 1104 1395 1132 ei
1405 1122 1413 1135 ,
1423 1102 1506 1142 quod
1516 1105 1689 1133 maximum
1698 1102 1789 1133 suerit
1797 1123 1806 1136 ‚
1823 1101 1968 1133 desuisse?
1989 1105 2033 1133 Sit
2042 1104 2109 1133 sane
2117 1106 2169 1136 ita,

1207 1145 1333 1185 inquam
1346 1155 1350 1173 :
1369 1143 1417 1174 scd
1425 1144 1581 1174 redeamus
1599 1145 1635 1175 ad
1643 1155 1714 1174 eum
1724 1165 1731 1177 ‚
1743 1147 1795 1185 qui
1806 1145 1866 1180 iam
1876 1154 1954 1174 unus
1965 1144 2051 1174 restat
2061 1165 2069 1178 ‚
2088 1148 2170 1175 Hor-

1207 1184 1336 1216 tensium
1345 1206 1353 1219 ,
1367 1194 1433 1217 tuin
1443 1185 1479 1216 de
1488 1185 1709 1226 nobismetipsis
1718 1206 1726 1219 ‚
1745 1196 1892 1227 quoniam
1900 1186 1931 1216 id
1940 1188 2030 1217 etiam
2040 1208 2048 1221 ‚
2061 1189 2150 1217 Brute
2158 1207 2168 1221 ‚

1207 1227 1337 1268 postulas
1346 1247 1355 1261 ‚
1366 1237 1457 1267 pauca
1466 1227 1604 1257 dicemus
1614 1248 1622 1261 ‚
1640 1238 1823 1269 quamquam
1833 1227 1968 1258 facienda
1977 1231 2096 1259 mentio
2107 1228 2150 1259 est
2158 1248 2168 1264 ³

1208 1278 1240 1299 ut
1247 1269 1374 1310 quidem
1383 1271 1461 1300 mihi
1470 1269 1596 1303 videtur,
1603 1270 1735 1300 duorum
1744 1269 1982 1300 adolescentium
1993 1281 1997 1299 :
2008 1270 2090 1312 quisi
2100 1271 2169 1301 diu-

1206 1309 1267 1341 tius
1277 1311 1413 1349 vixiffimt
1422 1332 1431 1346 ‚
1451 1321 1594 1354 magnam
1603 1310 1697 1342 efi‘ent
1706 1311 1887 1352 eloquentiae
1896 1311 2015 1342 laudem
2025 1313 2169 1344 consecu-

1205 1355 1238 1383 ti.
1264 1356 1296 1383 C.
1309 1355 1476 1384 Curionem
1485 1362 1514 1384 te
1523 1374 1531 1387 ‚
1543 1355 1644 1395 inquit
1652 1356 1760 1383 Brutus
1769 1374 1778 1387 ‚
1791 1354 1823 1383 &
1831 1356 1863 1383 C.
1873 1355 2031 1384 Licinium
2041 1356 2169 1386 Calvum

1206 1395 1334 1426 arbitror
1341 1395 1448 1426 dicere.
1473 1394 1569 1426 Recte
1582 1416 1590 1429 ,
1608 1398 1732 1436 inquam
1743 1416 1751 1429 ,
1770 1396 1918 1426 arbitraris
1931 1407 1936 1424 :
1953 1407 2084 1437 quorum
2100 1399 2171 1438 qui-

1206 1437 1277 1468 dem
1286 1436 1455 1479 alter‚quod
1464 1436 1627 1468 verisimile
1636 1436 1766 1472 dixisset,
1778 1439 1816 1467 ita
1824 1436 1922 1471 facile,
1935 1438 2089 1480 soluteque
2100 1448 2169 1469 ver-

1207 1479 1252 1510 bis
1261 1480 1403 1510 volvebat
1410 1480 1476 1509 satis
1484 1479 1638 1510 interdum
1646 1479 1873 1513 acutas‚creb1·as
1880 1479 2006 1521 quidem
2014 1481 2092 1510 certe
2101 1481 2170 1511 sen-

1205 1524 1314 1552 tentias
1325 1542 1333 1554 ‚
1345 1530 1377 1552 ut
1385 1521 1463 1551 nihii
1473 1519 1569 1562 posi’et
1576 1524 1711 1552 ornatius
1719 1520 1776 1552 este
1784 1541 1792 1555 ‚
1810 1522 1888 1551 nihil
1897 1522 2079 1561 expeditius.
2111 1525 2168 1552 At-

1205 1573 1264 1604 que
1274 1564 1324 1593 hic
1334 1562 1349 1592 a
1357 1562 1494 1603 magistra
1502 1573 1608 1603 parum
1616 1563 1772 1594 institutus
1780 1583 1788 1597 ,
1809 1572 1945 1594 naturam
1955 1564 2060 1594 habuit
2069 1564 2168 1595 admi-

1206 1606 1333 1636 rabilem
1342 1605 1377 1635 ad
1386 1605 1550 1635 dicendum
1563 1616 1568 1634 z
1591 1604 1769 1635 industriam
1778 1615 1842 1635 non
1853 1606 1917 1635 sum
1928 1615 2082 1646 expertus:
2105 1605 2168 1637 stu-

1206 1647 1294 1678 dium
1303 1647 1380 1677 cene
1390 1646 1449 1677 fuit
1459 1657 1464 1676 :
1481 1648 1534 1688 qui
1544 1645 1623 1677 sime
1631 1647 1732 1678 audire
1742 1645 1897 1681 voluisset,
1917 1656 1950 1677 ut
1957 1657 2084 1688 coeperat
2092 1668 2099 1681 ‚
2118 1649 2168 1678 ho-

1208 1700 1282 1719 nores
1292 1711 1300 1723 ,
1313 1688 1405 1730 quam
1414 1697 1483 1732 opes,
1495 1689 1639 1730 consequi
1648 1687 1806 1720 maluisset.
1830 1689 1983 1731 Qidnam
1993 1689 2045 1724 est,
2056 1692 2170 1732 inquit,

1207 1731 1304 1762 istud?
1321 1733 1353 1762 &
1361 1731 1622 1773 quemadmodum
1631 1731 1791 1773 distinguis
1800 1733 1812 1760 ?
1833 1733 1902 1762 Hoc
1912 1731 2018 1766 modo,
2029 1734 2166 1773 inquam.

1209 1773 1289 1804 Cum
1307 1775 1420 1804 Honos
1428 1794 1437 1807 ‚
1457 1772 1657 1814 fitpraemium
1666 1775 1786 1804 virtutis
1795 1773 1927 1812 ‚judicio
1937 1795 1945 1808 ,
1957 1774 2116 1815 studioque
2125 1776 2169 1803 ci·-

1207 1818 1295 1847 vium
1305 1816 1438 1846 delatum
1447 1815 1483 1846 ad
1490 1816 1623 1856 aliquem
1632 1836 1641 1849 ‚-
1659 1817 1712 1857 qui
1722 1825 1794 1846 eum
1802 1815 1958 1846 sententiis
1968 1837 1976 1850 ‚
1994 1818 2047 1857 qui
2065 1815 2170 1847 suffra-

1209 1860 1265 1899 giis
1275 1858 1397 1898 adeptus
1408 1857 1449 1888 est
1457 1878 1465 1891 ,
1484 1859 1509 1887 is
1520 1857 1598 1887 mihi
1609 1858 1641 1888 86
1649 1857 1793 1887 honestus
1802 1877 1811 1891 >
1823 1857 1856 1887 δε
1864 1858 2030 1888 honoratus
2038 1858 2168 1888 videtur.

1212 1902 1272 1942 Qi
1280 1908 1381 1930 autem
1391 1898 1544 1930 occasione
1553 1899 1652 1940 aliqua
1660 1921 1668 1934 ‚
1680 1900 1770 1930 etiam
1780 1900 1886 1929 invitis
1894 1900 1953 1929 suis
1961 1899 2078 1931 civibus
2087 1920 2095 1934 ,
2112 1910 2168 1930 na-

1211 1942 1277 1972 &us
1287 1941 1328 1972 est
1337 1943 1501 1982 imperium
1514 1961 1523 1974 ‚
1542 1950 1574 1971 ut
1582 1942 1635 1971 1116
1642 1942 1794 1982 cupiebat:
1813 1942 1894 1971 hunc
1909 1951 2026 1972 nomen
2041 1943 2169 1973 honoris

1209 1984 1351 2025 adeptum
1360 2004 1369 2017 ‚
1386 1994 1452 2013 non
1460 1985 1611 2014 honorem
1619 1992 1702 2024 puto.
1725 1987 1800 2024 Qae
1809 1982 1830 2012 fi
1838 1983 1889 2012 ille
1897 1983 1999 2015 audire
2006 1983 2148 2014 voluiss'et
2156 2003 2167 2018 ‚

1199 2028 1346 2060 ⁴maxima
1354 2036 1426 2056 cum
1434 2027 1542 2067 gratia,
1564 2025 1699 2067 &gloria
1712 2026 1748 2056 ad
1765 2025 1915 2055 summam
1931 2025 2168 2066 amplitudinem
2201 2053 2203 2055 ,

1210 2066 1390 2108 pervenisset
1406 2087 1414 2101 ‚
1431 2067 1612 2098 adscendens
1623 2066 1760 2108 gradibus
1776 2067 2004 2109 magistratuum
2013 2087 2021 2100 2
2038 2076 2072 2097 ut
2085 2076 2168 2108 pater

1211 2112 1275 2150 ejus
1289 2109 1398 2141 fecerat
1408 2131 1415 2145 ‚
1434 2120 1467 2141 ut
1482 2110 1592 2159 reliqui
1608 2110 1747 2140 clariores
1760 2111 1828 2139 viri.
1857 2111 1933 2149 Qae
1941 2108 2065 2149 quidem
2074 2111 2166 2140 etiam

1208 2163 1280 2182 cum
1290 2151 1516 2185 P.Crafl'o,M.F.
1527 2161 1600 2181 cum
1608 2152 1699 2181 initio
1708 2152 1800 2182 aetatis
1808 2150 1843 2181 ad
1852 2152 2018 2181 amicitiam
2027 2151 2055 2181 se
2064 2161 2167 2182 meam

1209 2192 1382 2223 contuliss'et
1391 2214 1398 2227 ‚
1409 2194 1482 2233 saepe
1492 2191 1580 2233 egisse
1592 2203 1643 2223 me
1651 2192 1778 2223 arbitror
1785 2213 1793 2226 ‚
1811 2190 1883 2223 cum
1893 2203 1963 2222 eum
1971 2193 2169 2223 vehementer

1208 2235 1342 2265 hortarer
1350 2255 1358 2268 ‚
1370 2244 1404 2265 ut
1412 2245 1477 2265 eam
1487 2234 1582 2264 laudis
1590 2236 1672 2264 viam
1681 2233 1859 2274 restiffimam
1868 2233 1925 2264 effe
1933 2234 2064 2268 duceret,
2073 2245 2167 2275 quarn

1211 2277 1339 2316 majores
1348 2277 1411 2316 ejus
1421 2278 1448 2306 ci
1458 2278 1557 2306 tritam
1567 2275 1761 2317 reliquissent.
1786 2280 1854 2307 Erat
1869 2278 1952 2307 enim
1964 2275 2036 2306 cum
2045 2276 2168 2307 institu-

1209 2326 1257 2347 tus
1266 2319 1382 2358 optime
1391 2339 1400 2352 ,
1411 2327 1476 2349 turn
1486 2320 1575 2348 etiam
1585 2317 1727 2358 perfecte,
1743 2319 1889 2359 planeque
1898 2318 2031 2349 eruditus
2040 2329 2046 2348 :
2057 2320 2168 2349 inerat-

1209 2369 1267 2401 que
1276 2360 1308 2390 &
1318 2362 1476 2401 ingenium
1484 2360 1552 2391 satis
1560 2370 1639 2394 acre,
1658 2360 1690 2390 8<
1701 2362 1847 2391 orationis
1863 2370 1928 2390 non
1944 2360 2098 2402 inelegans
2113 2370 2167 2391 co·-

1208 2403 1256 2441 pia
1266 2413 1271 2431 ;
1288 2411 1483 2442 praetereaque
1497 2400 1559 2431 fine
1573 2405 1738 2444 arrogantia
1754 2404 1851 2444 gravis
1868 2400 1925 2432 effe
1934 2402 2107 2436 videbatur,
2132 2402 2166 2432 &

1208 2442 1270 2473 fine
1280 2444 1404 2485 segnitia
1410 2443 1608 2474 verecundus.
1632 2444 1688 2475 Sed
1697 2441 1778 2474 hunc
1787 2454 1909 2486 quoque
1925 2444 2078 2474 absorbuit
2091 2442 2166 2480 astus

1207 2485 1330 2526 quidam
1342 2496 1407 2516 non
1416 2486 1546 2516 insolita:
1554 2486 1792 2517 adolescentibus
1800 2486 1904 2528 gloriae
1915 2497 1920 2515 :
1936 2488 1989 2527 qui
1997 2488 2067 2527 quia
2073 2496 2165 2516 nava-

1206 2536 1248 2558 1111
1257 2528 1346 2557 1111165
1354 2537 1476 2567 operam
1485 2530 1668 2568 imperatori,
1682 2530 1894 2569 imperatorem
1904 2529 1932 2558 se
1940 2528 2038 2558 statim
2048 2527 2105 2558 efl'e
2112 2537 2166 2558 cu-

1206 2569 1322 2609 prebat:
1341 2572 1390 2600 cui
1400 2571 1519 2600 muneri
1531 2580 1599 2599 mos
1614 2570 1765 2610 majorum
1783 2578 1892 2599 atatem
1906 2579 2017 2600 certam
2028 2590 2036 2603 ‚
2054 2570 2166 2600 sortem

1206 2613 1352 2641 incertam
1361 2612 1490 2653 reliquit.
1512 2615 1555 2642 Ita
1562 2611 1732 2653 gravissimo
1740 2613 1794 2643 suo
1802 2612 1867 2643 casu
1876 2611 1950 2642 dum
1961 2614 2041 2651 Cyri,
2052 2611 2085 2641 &
2094 2611 2166 2641 Ale-

1206 2651 1313 2682 xandri
1324 2652 1430 2683 similis
1438 2651 1496 2684 efl‘e
1503 2654 1603 2684 voluit
1611 2675 1620 2688 ,
1630 2656 1683 2695 qui
1692 2655 1780 2684 suum
1789 2654 1908 2684 cursum
1919 2654 2165 2684 transcurremnt:

1209 2694 1241 2724 &
1251 2696 1286 2724 L.
1297 2695 1386 2726 Crassi
1394 2716 1402 2729 ‚
1422 2696 1455 2725 &3
1464 2696 1634 2726 multorum
1644 2694 1814 2726 Crassorum
1825 2698 1969 2727 inventus
1976 2694 2019 2725 est
2026 2693 2166 2725 (1111111111-

1207 2737 1310 2767 limus.
1332 2738 1389 2768 Sed
1397 2738 1432 2769 ad
1441 2738 1569 2768 Calvum
1579 2758 1587 2772 ‚
1604 2737 1648 2777 (is
1658 2740 1742 2768 enim
1751 2738 1841 2767 nobis
1850 2746 1910 2768 erat
1916 2736 2084 2779 propositus
2095 2738 2104 2778 )
2120 2747 2168 2785 ref
2185 2740 2203 2774 8
2210 2753 2233 2779 2

1208 2788 1371 2809 vertamur:
1395 2782 1448 2821 qui
1464 2789 1563 2810 orator
1577 2778 1677 2816 fuiffet
1691 2778 1763 2810 cum
1779 2780 1887 2810 litteris
1901 2779 2062 2812 eruditior,
2072 2777 2166 2820 quam

1210 2823 1301 2852 Curio
1310 2842 1319 2857 ,
1336 2831 1403 2853 tum
1413 2824 1504 2853 etiarn
1512 2823 1675 2853 accuratius
1683 2821 1836 2864 quoddam
1845 2821 1965 2853 dicendi
1975 2842 1982 2858 ‚
1995 2822 2028 2851 &
2036 2819 2166 2863 exquisi3

1208 2866 1268 2895 tius
1277 2864 1416 2897 afferebat
1423 2875 1528 2907 genus:
1538 2865 1619 2907 quod
1629 2875 1812 2906 quamquam
1821 2865 2168 2907 sciente1·‚eleganterque

1209 2906 1368 2942 trastabat,
1386 2906 1523 2938 nimium
1539 2916 1640 2937 tamen
1656 2910 1813 2947 inquirens
1827 2909 1861 2936 in
1876 2906 1921 2940 se,
1939 2916 2027 2948 atque
2036 2906 2096 2946 ipse
2106 2906 2168 2935 sese

1212 2948 1372 2980 observans
1381 2970 1389 2984 ‚
1402 2950 1598 2990 metuensque
1606 2959 1644 2978 ne
1653 2949 1798 2978 vitiosum
1807 2948 1978 2989 colligeret,
1989 2950 2081 2978 etiam
2093 2950 2104 2974 3
2114 2957 2168 2977 ve-

1212 3000 1282 3022 rum
1298 2992 1475 3034 sanguinem
1491 2990 1676 3032 deperdebat.
1709 2992 1812 3030 Itaque
1821 2990 1884 3030 ejus
1893 2991 1990 3019 oratio
1997 2991 2093 3019 nimia
2100 2988 2173 3018 reli-

2077 3032 2170 3073 gione

1247 3099 1260 3126 3
1268 3111 1274 3116 .
1293 3094 1376 3117 Verum
1379 3091 1518 3123 sanguinem
1527 3089 1688 3123 deperdebat]
1701 3087 1813 3115 ViStorii
1824 3087 1918 3119 editio,
1928 3088 2085 3120 dependebar5
2096 3086 2167 3122 quod

1210 3127 1237 3153 Sc
1248 3128 1275 3153 in
1286 3127 1344 3153 Pal.
1353 3127 1382 3152 δε
1393 3126 1486 3160 Cujac.
1498 3126 1526 3151 80
1537 3124 1620 3151 videri
1630 3132 1733 3160 poterat
1743 3123 1888 3160 genuinum
1901 3143 1910 3156 ,
1928 3123 1975 3150 nisi
1984 3123 2099 3150 alterum
2110 3123 2169 3149 lau-

240 3171 268 3189 2·
287 3165 364 3197 Atqui
379 3163 515 3189 dubit-amm
526 3183 534 3196 ι
543 3167 622 3198 inquit
633 3183 640 3196 ‚
650 3164 718 3198 ἕνα]
739 3164 896 3200 Legendum
906 3166 994 3201 potius
1007 3164 1112 3195 videtur
1122 3163 1164 3193 di-
1209 3162 1285 3190 daret
1295 3162 1493 3200 Qintilianus.
1512 3170 1592 3197 quem
1603 3168 1692 3190 tamen
1707 3161 1770 3198 quid
1783 3167 1854 3189 vetat
1865 3159 1985 3197 suspioerl
1996 3169 2027 3188 co
2039 3160 2099 3187 loeo
2108 3168 2169 3186 cor-

202 3197 294 3227 &ione
303 3198 459 3236 disseparata.
466 3199 494 3227 in
504 3198 569 3229 duas
578 3209 589 3233 3
600 3202 634 3229 At
643 3203 697 3235 quvi
705 3201 843 3227 dubitamus
853 3219 862 3235 ,
872 3202 923 3234 &a

1210 3201 1340 3236 ruptum?

2060 3233 2171 3266 LQ'mn
