2337 3400
218 143 317 207 496
627 135 1130 185 MTuLLn

222 223 294 256 {eim
334 225 522 265 *spei-labus:
542 231 593 253 cos
608 230 707 252 autem
722 241 729 254 ,
747 219 943 260 quidicerent
957 237 965 251 ,
991 224 1177 248 moxi-rari

226 276 299 297 Esse:
315 277 408 297 suavi
418 274 533 295 esuum
547 285 554 297 ,
575 265 649 303 reip.
660 261 881 292 consulendum
892 280 900 293 ,
922 258 1016 289 orii-:ii
1027 260 1175 289 rationem

227 310 258 338 in
277 310 362 338 omui
378 317 454 338 vita,
478 316 539 335 non
551 303 707 335 commodi
720 324 728 337 ,
749 301 806 332 ess'e
817 301 982 331 ducendam
997 321 1005 332 ‚
1028 298 1180 330 subeunda

226 359 280 390 p··o
298 358 386 388 patrm
408 348 537 387 pericula
549 368 555 379 ,
578 347 699 376 vulnera
717 342 894 383 excipienda
909 363 916 376 ,
941 351 1070 371 mortem
1090 350 1181 380 oppe-

228 390 345 420 teitjim
359 401 364 418 1
382 391 552 421 vaticinari,
567 398 653 427 arque
665 387 792 416 insanire
802 385 926 414 dicebat.
951 387 996 413 Ex
1008 384 1053 412 his
1064 381 1180 413 assiduis

228 442 290 467 cuis
302 452 310 465 ,
329 430 571 472 qixotidianisque
581 427 768 459 sermonibus
779 447 786 460 ,
800 428 833 456 ἃ
844 425 924 466 quod
936 425 1075 455 videbam
1086 444 1095 458 ‚
1114 425 1182 464 qui-

229 472 354 502 buscum
373 472 550 502 hominibus
568 473 598 500 in
619 472 758 500 interiore
775 469 885 498 aedium
902 475 980 506 parte
999 469 1128 499 viveret,
1150 465 1182 494 &

229 513 312 554 quod
328 517 365 544 ita
379 514 489 543 domus
503 510 723 552 ipliifimmbat,
745 519 777 540 ut
789 510 883 539 multa
897 510 960 548 ejus
976 508 1121 538 strmonis
1136 508 1182 536 in-

229 557 305 585 dicia
316 555 477 585 redoleret:
494 554 655 584 statuebam
667 551 703 582 sic
714 572 722 586 ‚
742 552 815 581 boni
826 551 902 581 nihil
913 551 949 580 ab
960 550 1019 579 illis
1031 559 1118 590 nugis
1129 558 1182 578 ex-

228 596 424 637 spethndum
440 617 448 630 ‚
470 597 541 626 mali
559 595 682 636 quidem
701 594 779 624 certe
798 593 875 622 nihil
896 591 1182 631 pertimescendum.

228 639 282 668 Sed
296 641 333 668 ita
343 638 384 668 est
397 659 404 672 ‚
420 637 531 674 iudices
543 658 550 671 ,
570 646 620 670 ut,
646 646 673 666 st
695 645 855 665 armorum
876 643 967 673 parvo
979 642 1089 672 puero,
1105 631 1183 661 autsi

232 680 389 710 imbecillo
402 680 461 709 seni
473 700 480 712 ‚
496 688 545 709 aut
555 678 647 708 debili
659 677 773 707 dederis
784 697 791 709 ,
805 677 864 716 ipse
874 678 989 714 impetu
1003 675 1054 704 suo
1066 675 1183 703 nemini

232 731 351 751 noceat:
373 721 414 751 sin
432 721 466 751 ad
483 720 600 751 nudum
618 720 667 750 vel
676 717 1012 755 fortiss‘imiviricorpus
1023 713 1181 748 accesserit,

252 761 321 793 ossit
331 765 389 794 acic
401 763 461 803 ipsa
473 783 481 796 ,
494 763 525 792 &
534 761 605 792 ferri
615 761 730 791 viribus
741 760 888 789 vulnerari
901 769 906 786 :
917 760 955 787 ita
964 757 1036 787 cum
1048 758 1184 785 homini-

229 773 288 834 bus
306 814 470 838 enervatis,
493 813 580 844 atque
598 801 794 843 exsanguibus
807 821 815 834 ‚
835 800 1004 829 consulatus
1016 819 1024 831 ,
1045 807 1185 838 tanquam

229 846 362 890 gladius,
387 844 456 876 ess‘et
474 845 559 876 datus
576 856 582 874 t
606 847 659 885 qui
677 853 727 883 pei·
746 843 772 873 se
790 851 920 882 pungere
939 842 1096 870 neminem
1117 849 1185 868 um-

231 898 320 930 quam
338 886 518 927 potuissent,
539 888 570 916 hi
585 886 696 916 summi
710 884 966 923 imperiinomine
977 883 1079 911 armati
1089 890 1183 921 remp.

231 929 522 960 contrucidaverunt.
546 927 643 958 foedus
660 926 793 956 fecerunt
813 935 885 955 cum
907 923 1029 953 tribuno
1047 922 1186 962 plebpa-

231 971 305 1003 liin-i,
317 980 348 1001 ut
357 971 392 1001 ab
403 981 438 1001 eo
448 972 615 1010 provincias
626 970 802 1008 acciperent,
815 975 885 1007 quas
896 963 949 1005 ipsi
959 965 1072 994 vellent
1083 975 1088 992 z
1098 973 1186 994 exer-

230 1014 325 1043 citum
338 1033 345 1046 ,
357 1013 389 1043 &
399 1014 555 1053 pecuniam
566 1031 573 1043 ‚
585 1019 723 1051 quantam
737 1009 851 1038 vellent
860 1027 868 1040 ‚
879 1017 912 1036 ea
921 1007 984 1046 lege
993 1026 1001 1039 ‚
1013 1004 1033 1035 fi
1042 1004 1094 1045 ipsi
1105 1003 1187 1045 prius

233 1054 355 1084 tribuno
367 1054 446 1094 pleb.
466 1057 475 1072 ¹
486 1052 628 1083 afflietam
642 1052 674 1082 δε
683 1048 877 1081 constristam
887 1058 979 1088 remp.
992 1046 1183 1078 tradidissent.

234 1095 264 1126 id
281 1105 380 1125 autem
391 1095 485 1134 foedm
496 1104 566 1124 meo
576 1094 715 1135 sanguine
729 1091 825 1122 letum
836 1091 940 1120 sanciri
949 1088 1029 1129 pofl'e
1038 1089 1183 1119 dicebant.

235 1140 301 1178 Qa
312 1148 339 1166 re
349 1136 489 1177 patefaCta
499 1136 607 1176 (neque
617 1137 701 1165 enim
711 1132 890 1164 dissimulari
900 1140 1016 1162 tantum
1029 1131 1121 1161 scelus
1131 1140 1185 1169 po-

235 1188 306 1208 terat
318 1200 325 1210 ,
346 1188 401 1208 nec
415 1178 514 1217 latere)
527 1177 754 1217 promulgantur
767 1185 847 1207 uno,
870 1173 1037 1213 eodemque
1051 1181 1185 1211 tempore

233 1222 401 1261 rogationes
413 1220 449 1249 ab
462 1218 570 1248 eodem
584 1218 705 1248 tribuno
719 1216 755 1246 de
769 1226 835 1246 mea
847 1217 978 1254 pernitie
991 1234 998 1246 ,
1020 1214 1052 1243 ὃ(
1065 1213 1102 1242 de
1118 1222 1186 1252 pro-

235 1263 343 1291 vinciis
357 1260 518 1291 consulum
532 1261 727 1290 nominatim.
752 1257 811 1288 Hic
824 1267 891 1287 tum
903 1256 1018 1285 senatus
1029 1255 1185 1286 sollicitus,

235 1313 289 1333 vos
302 1305 417 1344 equites
431 1303 570 1335 excitati,
593 1301 677 1331 Italia
689 1299 796 1329 cun&a
808 1306 941 1339 permota
952 1316 961 1330 ‚
980 1306 1088 1326 omnes
1098 1295 1186 1324 deni-

232 1355 291 1386 que
301 1347 442 1374 omnium
454 1353 597 1385 generum
611 1362 619 1376 ,
637 1351 722 1382 atque
733 1341 877 1371 ordinum
885 1341 965 1368 cives
978 1339 1102 1368 summa:
1112 1338 1184 1376 reip.

234 1388 250 1416 a
259 1386 433 1417 consulibus
445 1406 452 1418 ,
468 1395 554 1426 atque
565 1386 580 1414 a
590 1385 711 1415 summo
723 1384 850 1422 imperio
860 1380 1024 1421 petendum
1035 1377 1090 1408 effe
1101 1381 1186 1408 auxi-

234 1430 311 1457 lium
322 1427 554 1460 arbitrabantur,
574 1425 645 1456 cum
664 1425 709 1454 illi
727 1424 781 1454 soli
796 1421 906 1456 estent,
925 1430 1028 1462 praeter
1037 1420 1185 1450 furiosum

233 1470 323 1499 illum
335 1469 490 1499 tribunum
501 1489 508 1502 ‚
529 1468 589 1498 duo
599 1469 672 1507 reip.
686 1465 807 1495 turbines
817 1485 825 1498 ‚
844 1466 969 1505 quinon
980 1462 1074 1492 mode
1085 1463 1186 1502 praeci-

234 1513 341 1551 pitanti
361 1512 460 1550 patriae
478 1520 543 1540 non
563 1510 774 1541 subvenirent,
795 1506 843 1537 sed
858 1508 947 1536 etiam
962 1503 1097 1534 nimium
1108 1503 1188 1534 tarde

233 1552 393 1583 concidere
413 1560 584 1581 moererent.
617 1549 810 1589 Flagitabatur
832 1548 867 1577 ab
890 1548 936 1576 his
958 1546 1093 1586 quotidie
1115 1544 1188 1575 cum

235 1594 363 1634 querelis
384 1593 536 1622 bonorum
554 1593 696 1621 omnium
707 1611 715 1624 ‚
734 1600 799 1620 tum
810 1591 900 1619 etiam
915 1588 1048 1628 preCibus
1063 1587 1188 1619 senatus,

235 1645 269 1665 ut
279 1644 377 1665 meam
386 1635 502 1664 causam
514 1634 692 1672 susciperent
703 1652 711 1665 ,
732 1639 849 1681 agerent
860 1643 868 1664 3
889 1629 1000 1670 aliquid
1014 1629 1143 1669 denique
1154 1628 1189 1658 ad

234 1677 370 1707 senatum
382 1674 534 1705 referrent.
558 1676 590 1704 hi
602 1684 665 1703 non
677 1673 770 1703 modo
781 1671 915 1714 negando
927 1691 935 1704 ,
957 1670 1005 1701 sed
1019 1672 1109 1700 etiam
1121 1672 1186 1699 irri-

234 1718 336 1748 dendo
346 1738 354 1751 ,
372 1715 589 1756 amplissimum
604 1726 755 1757 quemque
770 1715 852 1744 illius
866 1713 979 1743 ordinis
990 1712 1189 1753 insequeban-

235 1767 294 1790 tur.
328 1758 387 1789 Hic
407 1758 504 1789 subito
525 1758 596 1789 cum
622 1757 808 1788 incredibilis
831 1758 862 1786 in
881 1756 1064 1795 Capitolium
1087 1754 1191 1783 multi-

235 1800 311 1832 tudo
330 1811 367 1830 ex
385 1809 445 1830 tota
464 1801 535 1830 urbe
547 1820 554 1833 ,
578 1799 741 1840 ευῃξὶειςιιε
760 1799 842 1829 Italia
858 1794 1059 1828 conveniss'et:
1077 1794 1190 1825 vestem

236 1842 411 1872 mutandam
427 1851 536 1871 omues
551 1861 560 1875 ,
584 1851 694 1881 meque
707 1842 798 1870 etiam
811 1841 899 1869 omni
911 1841 1024 1869 ratione
1044 1857 1052 1871 ‚
1076 1838 1189 1877 privato

235 1883 343 1924 consilio
374 1885 529 1924 (quoniam
551 1882 680 1922 publicis
701 1882 828 1912 ducibus
847 1881 920 1920 resp.
941 1879 1060 1919 careret)
1086 1877 1191 1908 defen-

236 1925 370 1955 dendum
390 1933 538 1965 putarunt.
572 1927 641 1954 Erat
658 1923 765 1953 eodem
785 1932 919 1962 tempore
938 1922 1052 1951 senatus
1074 1921 1106 1949 in
1129 1919 1192 1949 aede

237 1966 414 1998 Concordiae
435 1966 516 2007 quod
539 1967 636 2006 ipsum
660 1965 807 2004 templum
830 1963 1051 2003 repra-sentabat
1073 1971 1191 1990 memo-

236 2011 313 2038 riam
326 2008 496 2038 consulatus
511 2010 591 2041 mei,
611 2006 682 2037 cum
696 2005 770 2036 flens
784 2005 939 2036 universus
952 2004 1025 2034 ordo
1035 2005 1191 2033 cincinna-

239 2060 302 2080 tum
315 2050 472 2080 consulem
485 2049 592 2079 orabat.
617 2058 687 2079 narn
698 2049 769 2078 alter
779 2048 830 2077 ille
841 2046 976 2076 horridus
995 2066 1003 2078 ,
1028 2046 1060 2075 &
1075 2045 1192 2075 severus

237 2090 377 2121 consulto
397 2092 424 2121 se
443 2091 530 2120 domi
549 2090 731 2121 continebat.
755 2092 820 2130 Qa
838 2097 904 2118 turn
922 2087 1054 2128 superbia
1071 2095 1192 2116 coenum

237 2133 314 2163 illud
334 2153 342 2166 ‚
362 2143 394 2162 ac
415 2133 512 2167 labes,
537 2131 710 2172 amplissimi
731 2132 845 2161 ordinis
870 2139 970 2170 preces
987 2149 995 2163 ,
1021 2129 1054 2159 δε
1073 2126 1192 2158 clariss'i—

238 2183 362 2204 morum
379 2176 494 2204 civium
514 2174 657 2214 lacrymas
675 2172 862 2213 repudiavit?
883 2182 931 2201 me
950 2171 1049 2211 ipsum
1071 2178 1103 2200 ut
1120 2180 1194 2200 con-

241 2214 340 2246 temsit
350 2215 426 2244 heluo
438 2217 537 2255 patriae
549 2219 560 2244 ?
577 2224 646 2245 narn
658 2214 730 2254 quid
743 2224 797 2255 ego
808 2215 983 2253 patrimonii
993 2213 1102 2245 dicam,
1111 2212 1193 2252 quod

241 2258 294 2287 ille
306 2255 377 2287 cum
393 2255 471 2297 quasi
488 2256 625 2297 questum
644 2255 769 2287 faceret,
791 2254 906 2284 amisit?
932 2253 1009 2284 Cum
1023 2253 1148 2284 venisset
1158 2253 1193 2283 ad

241 2299 387 2330 senatum,
399 2307 464 2330 vos,
477 2299 599 2338 inquam
607 2317 614 2330 ,
623 2299 737 2337 equites
748 2298 879 2326 Roman.
892 2295 925 2324 &
935 2305 1044 2325 omnes
1055 2295 1129 2325 boni
1143 2305 1194 2324 ve-

241 2339 283 2370 ste
295 2349 405 2369 mutata
416 2359 425 2372 ‚
438 2349 491 2369 vos
503 2359 511 2373 ,
522 2348 645 2379 inquam
655 2358 663 2372 ,
683 2347 736 2377 pro
747 2347 816 2366 meo
827 2339 919 2375 capite
930 2336 965 2366 ad
975 2336 1064 2375 pedes
1074 2336 1194 2365 lenonis

242 2379 437 2421 impurissimi
447 2379 613 2420 projecistis
623 2400 631 2412 ,
655 2378 725 2409 cum
736 2377 837 2408 vestris
848 2377 983 2417 precibus
992 2377 1007 2406 31
1017 2377 1129 2406 latrone
1141 2376 1195 2405 illo

242 2422 403 2463 repudiatis
415 2442 422 2455 ,
434 2433 481 2452 vn·
491 2421 660 2452 incredibili
671 2420 728 2450 fide
742 2440 749 2453 ‚
764 2418 971 2460 magnitudine
988 2419 1100 2451 animi,
1123 2426 1196 2447 con-

245 2464 349 2494 stantia
359 2483 367 2496 ,
378 2468 391 2483 ²
403 2466 440 2494 L.
453 2464 635 2496 Mummius,
647 2462 681 2492 ad
690 2462 825 2492 senatum
844 2461 875 2489 de
885 2458 978 2502 repub.
994 2459 1103 2489 retulit.
1115 2459 1196 2488 sena-

245 2506 348 2546 tusque
358 2505 496 2546 frequens
515 2504 627 2534 vestem
637 2513 689 2543 pro
704 2513 770 2533 mea
780 2503 869 2533 salute
885 2500 1059 2532 mutandam
1072 2500 1195 2531 censuit.

246 2549 272 2576 O
284 2548 363 2576 diem
374 2547 462 2576 illurn
472 2566 479 2577 ‚
492 2546 608 2585 judices
618 2565 626 2578 2
638 2544 791 2575 funestum
805 2544 928 2576 senatui,
940 2542 1084 2582 bonisque
1094 2543 1196 2571 omni-

247 2588 319 2618 bus:
344 2588 455 2628 reipub.
473 2588 645 2617 ltiEtuosum
660 2598 664 2615 :
677 2585 798 2615 miliiad
809 2583 1009 2615 domesticum
1020 2592 1194 2615 moerorem,

243 2639 365 2670 gravem
387 2641 390 2658 ;
415 2629 448 2659 ad
468 2628 644 2669 posteritatis
670 2629 851 2657 memoriam
864 2647 872 2660 ,
892 2626 1054 2666 gloriosum
1077 2628 1082 2654 !
1106 2627 1197 2662 Quin

248 2679 337 2700 εΝιΜ
357 2671 512 2711 quisquam
539 2669 634 2711 potest
653 2679 690 2699 ex
718 2670 806 2699 omni
825 2669 972 2698 memoria
993 2667 1108 2696 sumere
1127 2666 1197 2694 iliu-

248 2711 333 2742 strius
344 2732 351 2745 ‚
371 2721 459 2751 quam
472 2732 479 2744 ,
496 2722 549 2751 pro
560 2721 620 2741 uno
630 2713 696 2741 cive
708 2711 740 2740 &
751 2712 846 2740 bonos
857 2710 976 2739 omneis
987 2710 1101 2747 privato
1121 2716 1196 2736 con-

249 2754 345 2786 sensu,
359 2753 390 2782 &
402 2753 577 2782 universum
591 2753 722 2783 senatum
733 2752 855 2792 publico
865 2748 990 2781 consilio
1010 2747 1133 2779 mutaffe
1143 2758 1196 2777 ve-

249 2794 344 2825 stem?
367 2804 431 2835 qua:
444 2794 566 2835 quidem
579 2804 643 2824 tum
659 2795 784 2823 mutatio
802 2803 866 2823 non
885 2791 1099 2830 deprecationis
1114 2791 1197 2820 causa

250 2835 293 2866 cst
303 2835 387 2868 faeta,
402 2836 449 2865 sed
460 2836 564 2864 luctus.
575 2846 666 2876 quem
676 2845 759 2865 enim
769 2835 1001 2874 deprecarentur,
1009 2832 1079 2862 cum
1089 2841 1195 2861 omnes

249 2875 340 2907 esl‘ent
354 2877 510 2906 sordidati?
532 2887 662 2917 cumque
676 2877 732 2906 hoc
744 2877 808 2906 satis
819 2874 888 2905 ess'et
898 2872 969 2914 signi
981 2893 990 2906 ,
1012 2872 1068 2903 effe
1081 2876 1196 2912 impro-

249 2919 324 2949 bum
335 2938 343 2952 ‚
354 2928 405 2958 qui
415 2927 524 2947 mutata
534 2917 612 2948 veste
621 2927 684 2947 non
694 2917 784 2948 efl'et?
807 2919 870 2948 Hac
879 2917 1044 2947 mutatione
1055 2914 1142 2945 vestis
1153 2913 1195 2944 fa-

290 3050 314 3066 ¹=
333 3044 466 3073 kAtl'lffdm
485 3041 513 3070 ὠ·
529 3044 671 3071 τυηθ)·ἰ«7απι
691 3045 810 3078 rempub]
833 3045 874 3070 Ita
894 3043 950 3070 Pal.
970 3052 1053 3070 nonus
1066 3061 1074 3074 ‚
1094 3041 1204 3068 Erfurd.

251 3077 357 3104 Gembl.
371 3087 428 3103 nim
445 3078 528 3102 tienr.
540 3078 664 3112 Stephani
678 3078 754 3111 liber,
767 3081 977 3113 circuny'briptam.
996 3079 1106 3115 vulgatae
1116 3077 1206 3104 deerat
1227 3100 1229 3103 ,

246 3112 328 3143 iilud,
340 3114 369 3142 (ᾗ
381 3115 533 3140 austrasiam.

282 3156 311 3176 ι.
329 3150 361 3174 L.
373 3151 531 3183 Mummius.)
546 3147 641 3176 Nescio
651 3149 717 3177 istud
729 3159 760 3177 ne
772 3150 801 3178 iit
812 3151 838 3178 iu
850 3151 906 3179 Pal.
917 3161 1000 3184 noim,
1016 3160 1048 3180 au
1060 3159 1123 3178 vero
1132 3151 1206 3186 ‘Kin-

1209 134 1752 182 Cicenou1s

1227 217 1273 247 &a
1285 237 1292 251 ‚
1316 225 1399 248 tanto
1422 219 1454 247 in
1475 216 1559 247 ludu
1577 219 1724 253 civitatis,
1744 219 1854 250 omitto
1868 219 1940 261 quid
1961 218 2012 251 ille
2031 219 2180 257 tribunus2

1228 262 1370 289 omnium
1383 268 1479 303 rerum
1491 258 1661 289 divinarum
1676 279 1685 294 ,
1704 262 1962 302 humanarumque
1973 263 2072 302 praedo
2081 283 2090 295 ,
2103 262 2184 294 fece-

1229 303 1283 331 rit:
1303 302 1353 341 qui
1374 299 1467 330 adeste
1487 299 1687 330 nobilissimos
1710 302 1941 337 adolescenteis,
1962 303 2186 335 honestiffimos

1229 345 1342 384 equites
1358 345 1491 372 Roman.
1511 341 1710 381 deprecatores
1728 344 1825 374 salutis
1837 355 1909 375 mea:
1922 344 2052 383 iusserit,
2074 347 2184 386 cosque

1230 393 1384 423 operarum
1397 383 1512 413 suarum
1524 383 1629 423 gladiis
1639 404 1647 417 ‚
1668 385 1699 414 δε
1712 385 1856 425 lapidibus
1877 387 2018 422 obiecerit
2031 398 2036 415 z
2059 387 2095 417 de
2108 397 2184 417 con-

1231 426 1345 456 sulibus
1356 426 1480 464 loquor,
1500 434 1630 465 quorum
1643 423 1700 455 fide
1710 427 1771 465 resp.
1783 428 1962 458 tiitidebuit.
1986 431 2185 458 Exanimatus

1230 468 1328 496 evolat
1338 476 1374 496 ex
1386 467 1487 496 senatu
1500 486 1507 499 ‚
1522 476 1585 495 non
1595 468 1695 496 minus
1705 469 1872 506 perturbato
1882 472 1987 499 animo
1998 491 2005 504 ,
2017 480 2104 511 atque
2113 469 2184 500 vul·

1230 519 1260 538 tu
1274 529 1281 541 ,
1305 508 1395 548 quam
1409 506 1537 547 sipaucis
1555 508 1621 537 ante
1640 511 1726 538 annis
1744 511 1774 538 in
1794 510 1976 541 creditorum
1994 520 2182 542 conventum

1231 548 1394 579 incidiss‘et:
1417 549 1542 579 advocat
1562 551 1763 579 concionem:
1796 551 1884 581 habet
1905 554 2074 582 orationem
2092 553 2184 583 talem

1230 592 1333 622 consul
1347 611 1354 624 ‚
1373 591 1493 631 qualem
1504 600 1671 631 numquam
1681 592 1809 621 Catilina
1827 591 2095 624 vidtorhabuiss‘et:
2119 598 2185 624 ER—

1232 643 1323 663 RARE
1340 635 1492 665 homines,
1508 631 1528 661 si
1542 634 1630 662 etiam
1642 640 1706 662 turn
1719 632 1853 663 senatum
1863 635 1976 675 aliquid
1987 637 2018 665 in
2029 645 2089 675 rep.
2101 634 2183 675 posse

1229 675 1451 705 arbitrarentur:
1475 675 1590 715 equites
1607 673 1678 703 vero
1699 676 1830 705 Roman.
1852 676 1968 706 daturos
1988 680 2000 704 3
2021 677 2104 706 illius
2118 677 2184 707 dies

1230 726 1331 756 poenas
1343 736 1352 750 ,
1361 726 1421 757 quo
1431 737 1440 749 ‚
1451 726 1500 745 me
1509 715 1633 745 consule
1643 735 1651 748 ,
1661 725 1731 745 cum
1741 716 1846 757 gladiis
1857 737 1864 750 ‚
1878 719 1910 747 in
1922 718 2002 748 clivo
2012 718 2185 759 Capitolino

1231 757 1370 788 fuissent:
1393 755 1507 787 venisse
1517 766 1635 797 tempus
1645 759 1681 787 iis
1698 777 1706 790 ‚
1722 760 1774 799 qui
1788 760 1820 787 in
1831 760 1940 789 timore
1953 758 2085 792 fuissent,
2097 760 2185 799 (con-

1229 801 1342 839 juratos
1362 798 1502 829 videlicet
1522 798 1649 838 dicebat)
1680 799 1843 830 ulciscendi
1870 795 1908 830 se.
1940 803 1970 831 Si
1989 800 2109 831 dixisset
2123 802 2184 832 hoc

1233 839 1332 870 solum
1345 860 1354 874 ‚
1374 842 1461 870 omni
1479 841 1624 880 supplicio
1647 839 1717 870 ess'et
1738 840 1859 882 dignus·
1882 852 1952 872 nam
1972 845 2105 872 ORAT10
2123 843 2186 883 ipsa

1233 882 1365 912 consulis
1376 882 1538 921 perniciosa
1549 901 1557 914 ,
1577 880 1673 921 potest
1689 883 1839 922 rempubl.
1854 882 2035 914 labefaStare.
2059 883 2130 924 quid
2140 883 2188 914 fe-

1231 926 1314 956 cerit,
1327 923 1435 953 videte.
1458 925 1493 953 L.
1507 925 1644 953 Lamiam
1655 943 1663 957 ‚
1681 923 1814 964 quicum
1826 934 1876 954 me
1892 925 1990 965 ipsum
2000 935 2055 965 pro
2066 925 2184 956 summa

1232 965 1441 999 familiaritate,
1450 967 1503 1005 qui
1514 966 1591 995 mihi
1601 975 1672 995 cum
1683 966 1780 999 tratre,
1791 976 1862 995 cum
1870 976 1949 1006 patre
1961 968 2024 1006 ejus
2034 975 2103 1000 erat,
2114 967 2186 997 uni-

1234 1007 1267 1036 ce
1279 1007 1437 1048 diligebat,
1459 1016 1525 1037 turn
1540 1014 1588 1048 pro
1607 1006 1700 1046 repub.
1720 1008 1768 1037 vel
1777 1017 1907 1039 mortem
1925 1018 2061 1048 oppetere
2080 1011 2184 1048 cupie-

1233 1048 1298 1081 bat,
1311 1050 1344 1078 in
1363 1050 1513 1093 concione
1531 1049 1684 1089 relegavit:
1697 1048 1850 1090 edixitque
1861 1069 1870 1083 ,
1885 1059 1916 1080 ut
1933 1051 1969 1080 ab
1986 1051 2057 1080 urbe
2078 1048 2188 1080 abesset

1236 1089 1332 1119 millia
1343 1088 1477 1128 pastuum
1496 1090 1639 1119 ducenta:
1662 1090 1745 1130 quod
1766 1090 1841 1123 esset
1854 1092 1940 1121 ausus
1957 1101 2011 1131 pro
2027 1093 2106 1125 civi,
2127 1101 2184 1131 pro

1235 1132 1309 1160 bene
1320 1133 1428 1160 merito
1437 1132 1497 1161 civi
1511 1151 1519 1163 ‚
1535 1140 1590 1169 pro
1601 1132 1698 1161 amico
1710 1152 1718 1164 ,
1733 1142 1787 1171 pro
1797 1132 1909 1172 republ.
1921 1133 2080 1172 deprecari.
2103 1132 2186 1171 Quid

1235 1174 1291 1201 hoc
1301 1173 1428 1201 homine
1437 1170 1525 1201 facias
1539 1174 1549 1199 ?
1570 1182 1619 1202 aut
1627 1172 1689 1212 quo
1699 1175 1798 1203 civem
1810 1175 2021 1213 importunum
2031 1194 2040 1207 ,
2059 1183 2108 1205 aut
2125 1173 2188 1214 quo

1234 1212 1336 1253 potius
1347 1212 1464 1243 hostem
1475 1221 1535 1242 tam
1546 1213 1719 1242 sceleratum
1741 1214 1869 1244 reserves
1880 1218 1889 1243 ?
1900 1217 1953 1255 qui
1964 1235 1973 1249 ‚
1991 1224 2025 1245 ut
2042 1217 2187 1247 omittam

1233 1263 1326 1285 cetera
1340 1275 1348 1287 ,
1373 1264 1438 1295 quae
1450 1255 1516 1284 sunt
1528 1255 1635 1284 eicum
1644 1255 1755 1296 collega
1769 1257 1909 1289 immani,
1925 1257 2106 1298 impuroque
2115 1266 2193 1287 con-

1231 1295 1335 1336 juncta
1348 1316 1356 1329 ‚
1383 1305 1469 1336 atque
1479 1297 1655 1326 communia
1665 1316 1673 1329 ,
1692 1297 1751 1326 hoc
1760 1307 1856 1327 unum
1867 1298 1954 1328 habet
1962 1301 2117 1338 proprium
2130 1318 2138 1332 ,
2158 1306 2194 1329 ut

1234 1338 1383 1378 expulerit
1395 1347 1433 1366 ex
1444 1336 1514 1367 urbe
1526 1357 1534 1371 ,
1546 1337 1690 1379 relegarit,
1701 1348 1766 1368 non
1776 1338 1844 1369 dico
1854 1341 1985 1380 equitem
1995 1342 2188 1373 Romanum.

1234 1390 1298 1409 non
1308 1377 1527 1410 ornatissimum
1539 1398 1548 1412 ‚
1571 1388 1658 1419 atque
1668 1382 1821 1419 optimum
1834 1383 1936 1411 virum
1948 1401 1956 1415 ,
1972 1391 2037 1411 non
2047 1379 2191 1412 amiciffi-

1236 1431 1323 1451 mum
1333 1421 1448 1460 reipub.
1459 1422 1557 1451 civem
1565 1440 1573 1454 ‚
1597 1431 1661 1451 non
1672 1421 1727 1451 illo
1737 1422 1801 1462 ipso
1812 1432 1944 1463 tempore
1956 1423 2015 1454 una
2023 1433 2094 1453 cum
2108 1424 2193 1453 sena·

1237 1472 1268 1493 tu
1280 1483 1288 1496 ,
1305 1463 1337 1493 &
1352 1473 1423 1492 cum
1437 1462 1526 1492 bonis
1539 1462 1683 1492 omnibus
1694 1464 1793 1493 casum
1809 1467 1916 1498 amici,
1937 1466 2036 1505 reique
2045 1465 2128 1504 publ.
2143 1464 2193 1494 lu-

1233 1513 1353 1546 gentem
1369 1514 1375 1533 :
1398 1503 1447 1533 sed
1455 1506 1554 1533 civem
1562 1507 1738 1534 Romanurn
1747 1504 1806 1545 fine
1824 1507 1876 1535 ullo
1890 1506 1999 1545 judicio
2010 1526 2018 1540 ‚
2033 1514 2085 1535 aut
2102 1504 2190 1535 edicto

1235 1556 1273 1576 ex
1285 1548 1375 1585 patria
1383 1545 1488 1575 consul
1502 1547 1631 1585 ejecerit.
1653 1550 1671 1573 4
1681 1547 1769 1576 Nihil
1779 1548 1912 1577 acerbius
1923 1548 1996 1578 socii
2005 1549 2105 1578 Latini
2113 1546 2192 1578 ferre

1236 1588 1315 1618 soliti
1327 1588 1393 1617 sunt
1407 1606 1415 1620 ,
1435 1588 1526 1627 quam
1543 1587 1573 1616 id
1583 1588 1663 1627 quod
1675 1587 1791 1627 perraro
1806 1589 1913 1619 accidit
1922 1610 1930 1622 ‚
1951 1599 1989 1619 ex
2000 1589 2072 1619 urbe
2080 1587 2191 1620 exires

1236 1629 1408 1659 consulibus
1417 1629 1526 1668 juberi.
1549 1631 1645 1668 Atque
1655 1629 1717 1658 illis
1727 1638 1791 1658 tum
1801 1639 1861 1660 erat
1869 1630 1981 1660 reditus
1991 1632 2024 1660 in
2041 1630 2105 1660 suas
2113 1631 2192 1660 civi-

1236 1680 1319 1704 tates,
1333 1670 1368 1700 ad
1379 1671 1447 1700 suos
1456 1670 1530 1699 lares
1538 1669 1712 1700 familiareis
1724 1681 1729 1699 z
1741 1671 1816 1700 &in
1827 1672 1881 1701 illo
1893 1672 2053 1702 communi
2064 1673 2188 1701 incom-

1236 1712 1330 1743 modo
1344 1713 1426 1742 nulla
1445 1713 1478 1741 in
1487 1721 1670 1752 quemquam
1688 1714 1803 1752 propria
1815 1713 1985 1754 ignominia
2001 1713 2189 1744 nominatim

1236 1754 1362 1785 cadebat.
1387 1756 1455 1783 Hoc
1465 1753 1537 1783 vero
1553 1753 1626 1793 quid
1645 1752 1709 1783 est?
1730 1755 1943 1784 exterminabit
1961 1756 2054 1784 civeis
2073 1757 2192 1784 Roma—

1238 1806 1293 1826 nos
1306 1794 1406 1825 edicito
1415 1794 1544 1825 consula
1564 1794 1622 1824 suis
1632 1794 1690 1824 diis
1707 1795 1883 1834 penatibus?
1907 1795 2036 1836 expellet
2048 1794 2064 1825 ὲ
2074 1796 2165 1835 patria
2175 1798 2189 1825 ἓ

1239 1838 1348 1878 deliget
1361 1846 1451 1877 quem
1464 1836 1567 1866 volet?
1590 1835 1743 1866 damnabit
1753 1855 1761 1870 ,
1775 1846 1860 1878 atque
1869 1837 1969 1877 ejiciet
1983 1839 2170 1868 nominatim
2179 1840 2194 1868 ἰ

1238 1880 1286 1909 hic
1299 1899 1307 1912 ,
1324 1877 1343 1908 fi
1354 1887 1498 1918 umquam
1507 1887 1561 1907 vos
1571 1887 1639 1911 θος,
1660 1879 1712 1918 qui
1723 1887 1804 1908 nunc
1813 1878 1884 1909 estis
1892 1881 1925 1908 in
1935 1878 2049 1918 republ.
2061 1877 2125 1908 fore
2133 1887 2192 1918 pu-

1238 1919 1330 1954 taffet,
1345 1918 1365 1948 fi
1375 1919 1504 1960 denique
1514 1920 1666 1959 imaginem
1671 1920 1682 1958 j
1688 1918 1867 1954 udiciorum‚
1877 1929 1926 1950 aut
1935 1919 2126 1950 simulacrum
2136 1919 2193 1949 ali-

1239 1962 1320 2002 quod
1330 1961 1466 1991 futurum
1480 1963 1512 1991 in
1530 1962 1651 1991 civitate
1667 1961 1819 2001 reliquum
1838 1960 2024 1995 credidiffer,
2044 1970 2192 2002 umquam

1240 2004 1325 2033 ausus
1335 2001 1406 2033 effer
1416 2003 1549 2033 senatum
1568 2002 1605 2033 de
1626 2002 1740 2042 republ.
1761 2003 1888 2033 tollere?
1909 2012 2046 2044 equitum
2056 2006 2191 2034 Roman.

1238 2055 1336 2085 preces
1345 2044 1489 2085 aspernari
1500 2045 1634 2074 ?civium
1645 2045 1774 2085 denique
1785 2047 1941 2078 omnium,
1952 2047 2051 2078 novis,
2063 2045 2095 2075 δε
2104 2046 2192 2074 inau-

1238 2087 1309 2117 ditis
1322 2086 1438 2120 ediffis,
1447 2088 1458 2126 J'
1463 2096 1507 2120 us,
1521 2086 1746 2126 libertatemque
1755 2096 1920 2126 pervertere
1932 2090 1943 2116 ἓ
1966 2085 2025 2117 Etsi
2035 2096 2084 2116 me
2095 2094 2193 2116 atten-

1239 2127 1358 2159 tifl'imis
1370 2130 1482 2158 animis
1492 2148 1501 2162 ,
1521 2128 1638 2159 summa
1647 2137 1718 2158 cum
1729 2128 1910 2178 benignitate
1920 2128 2043 2162 auditis,
2058 2127 2191 2168 judices:

2209 1140 2246 1173 13

1241 2180 1340 2201 tamen
1351 2179 1475 2204 vereor,
1501 2172 1606 2210 nequis
1622 2168 1699 2200 forte
1719 2169 1851 2200 vestrum
1871 2172 2014 2202 miretur,
2035 2168 2108 2209 quid
2127 2168 2192 2197 haec
2234 2172 2238 2173 ⁷

1240 2222 1306 2242 mea
1319 2213 1413 2242 oratio
1424 2220 1485 2241 tam
1498 2212 1596 2251 longa,
1607 2221 1639 2241 ac
1647 2220 1708 2241 tam
1717 2211 1774 2242 alte
1786 2214 1906 2251 repetita
1918 2211 2003 2243 velit,
2014 2219 2064 2240 aut
2071 2208 2143 2250 quid
2152 2207 2190 2239 ad

1239 2256 1269 2284 P.
1281 2255 1376 2285 Sextii
1388 2254 1504 2284 causam
1516 2273 1524 2286 ‚
1541 2263 1647 2282 eorum
1659 2272 1668 2286 ,
1680 2254 1733 2292 qui
1743 2261 1810 2282 ante
1818 2253 1907 2291 hujus
1917 2252 2101 2282 tribunatum
2110 2259 2191 2280 rern-

1239 2295 1309 2335 pub.
1323 2304 1486 2327 vexarunt,
1505 2293 1614 2323 delicia
1621 2296 1797 2332 pertineant.
1820 2294 1898 2323 mihi
1907 2301 2006 2323 autem
2015 2294 2073 2323 hoc
2080 2301 2191 2332 propo-

1239 2335 1327 2365 situm
1339 2335 1381 2365 est
1390 2335 1545 2366 ostendere
1554 2353 1563 2367 ,
1583 2335 1688 2363 omnia
1697 2332 1820 2364 consilia
1829 2337 1860 2364 P.
1870 2336 1965 2364 Sextii
1976 2354 1984 2368 ,
1997 2342 2192 2373 mentemque

1241 2379 1335 2406 totius
1344 2376 1510 2406 tribunatus
1521 2376 1596 2405 hanc
1605 2372 1701 2408 fuisse,
1714 2384 1746 2405 ut
1754 2374 1883 2409 affli&ae‚
1900 2376 1932 2406 &
1943 2375 2065 2416 perdita:
2073 2374 2191 2414 reipub.

1240 2425 1385 2457 quantum
1395 2415 1498 2457 postet,
1511 2416 1690 2447 mederetur.
1714 2420 1768 2450 Ac,
1779 2416 1799 2446 si
1814 2419 1846 2447 in
1857 2417 2046 2458 exponendis
2055 2416 2192 2447 vulneri-

1239 2459 1294 2488 bus
1309 2459 1368 2489 illis
1378 2479 1387 2493 ,
1402 2458 1438 2490 de
1449 2468 1498 2488 me
1508 2459 1571 2499 ipso
1581 2459 1665 2499 plura
1678 2458 1776 2489 dicere
1786 2458 1913 2489 videbor
1922 2479 1930 2493 ,
1942 2460 2096 2500 ignoscite.
2119 2466 2192 2487 nam

1241 2501 1273 2530 &
1292 2500 1374 2530 illam
1400 2510 1499 2530 meam
1521 2501 1636 2530 cladem
1650 2509 1723 2534 vos,
1744 2500 1777 2531 &
1800 2510 1909 2531 omnes
1927 2501 2002 2531 boni
2020 2501 2194 2530 maximum

1239 2540 1302 2571 else
1315 2540 1419 2582 reipub.
1440 2542 1544 2570 vulnus
1561 2540 1731 2581 judicastis:
1755 2542 1788 2572 &
1807 2545 1838 2573 P.
1853 2544 1973 2573 Seittius
1986 2542 2028 2572 est
2043 2551 2108 2572 reus
2127 2549 2192 2570 non

1240 2583 1292 2613 suo
1303 2602 1312 2616 ,
1331 2582 1379 2612 sed
1395 2592 1465 2612 meo
1476 2585 1623 2612 nomine:
1644 2585 1696 2623 qui
1705 2582 1779 2613 cum
1789 2594 1915 2614 omnem
1926 2586 1990 2614 vim
2001 2584 2046 2614 sui
2059 2583 2194 2614 tribuna-

1240 2633 1286 2653 tus
1304 2626 1334 2653 in
1345 2634 1412 2653 mea
1430 2625 1520 2654 salute
1537 2624 1750 2655 consumserit:
1773 2623 1886 2655 neceffe
1900 2625 1942 2656 est
1960 2635 2058 2656 meam
2076 2624 2193 2654 causam

1238 2668 1377 2705 praeteriti
1388 2667 1530 2706 temporis
1541 2676 1610 2696 cum
1622 2666 1710 2705 hujus
1721 2666 1859 2706 p1··.1:senti
1870 2665 2042 2698 defensione
2050 2665 2108 2696 effe
2116 2674 2193 2699 con-

1239 2706 1385 2746 juns‘mm.
1409 2710 1478 2739 Erat
1499 2709 1588 2747 igitur
1606 2709 1639 2736 in
1657 2706 1739 2737 lustu
1757 2708 1889 2738 senatus:
1912 2708 2061 2750 squalebat
2076 2707 2192 2739 civitas,

1241 2749 1362 2788 publico
1378 2747 1502 2779 consilio
1512 2758 1624 2778 mutata
1635 2748 1713 2779 veste
1725 2759 1730 2778 :
1754 2750 1875 2779 nullum
1893 2759 1951 2780 erat
1961 2751 2051 2780 Italiae
2062 2748 2195 2777 munici-

1240 2793 1337 2830 pium,
1349 2791 1432 2822 nulla
1446 2791 1566 2820 colonia
1577 2810 1584 2823 ‚
1600 2791 1682 2820 nulla
1693 2790 1864 2830 praefeEtura
1873 2810 1882 2824 ,
1895 2791 1977 2820 nulla
1986 2793 2094 2820 Romae
2103 2789 2198 2818 socie-

1242 2841 1282 2862 tas
1307 2831 1517 2873 vestigalium,
1538 2832 1658 2861 nullum
1674 2833 1836 2872 collegium
1849 2853 1858 2865 ,
1878 2840 1927 2862 aut
1941 2831 2127 2862 concilium,
2148 2837 2198 2859 aut

1244 2875 1374 2904 omnino
1385 2874 1507 2914 aliquod
1515 2883 1681 2903 commune
1698 2872 1856 2903 consilium
1869 2893 1877 2906 ,
1897 2872 1979 2912 quod
1991 2882 2055 2902 turn
2068 2882 2130 2901 non
2141 2872 2198 2900 ho-

1243 2914 1501 2946 norificentiflime
1512 2912 1684 2945 decrevisset
1695 2914 1731 2945 de
1743 2924 1811 2945 mea
1820 2915 1927 2945 salute:
1939 2918 2010 2944 cum
2023 2912 2122 2944 subito
2131 2913 2197 2942 edi-

2125 2961 2199 2984 cunt

1246 3045 1313 3072 nim,
1326 3043 1395 3078 quod
1408 3043 1487 3069 haeret
1498 3041 1524 3067 in
1537 3043 1563 3067 S.
1574 3040 1690 3068 ViStoris
1702 3051 1708 3067 ς
1730 3040 1794 3066 adeo
1804 3040 1900 3066 littei-m
1911 3038 1969 3065 sunt
1980 3038 2074 3064 dubiae.

1284 3086 1310 3112 3.
1321 3081 1387 3104 lmus
1397 3078 1559 3112 diupo-nan]
1573 3078 1616 3102 Sic
1625 3077 1690 3102 citat
1703 3076 1769 3103 hune
1780 3077 1865 3102 locuni
1877 3075 2064 3110 Age-lilium.
2076 3080 2178 3109 cap.14.

1227 3115 1228 3128 ³
1281 3121 1309 3145 4.
1329 3114 1672 3146 N.l·1·la.·erl›imjbciiLatini
1689 3113 1750 3142 [ὲν-ιη.»
1760 3113 1912 3145 fizlttifimt.]
1933 3112 2014 3138 Vetus
2025 3110 2197 3142 editio,acer.

1224 3129 1228 3188 'l
1245 3150 1409 3184 blussoclelati
1418 3151 1583 3185 inseri-eseliti.
1604 3150 1630 3176 S.
1643 3149 1662 3175 V
1666 3146 1758 3175 litoris
1764 3148 1822 3182 sicii
1832 3150 1937 3174 Reatini.
2183 3180 2195 3190 r

2123 3188 2147 3207 ι.
2166 3182 2202 3205 Μ

2213 2715 2256 2746 14
