2295 3400
143 103 246 172 298³
565 101 633 151 Μ.
706 101 759 149 T
793 116 825 148 u
850 116 891 147 1,
929 118 960 149 L
999 115 1016 146 1
1052 113 1079 148 1'

140 195 173 216 63
182 196 212 216 re
223 184 286 215 indi
310 193 385 215 num
395 181 450 214 tibi
459 182 558 213 visum
569 182 611 212 est
624 204 631 216 ‚
644 182 805 223 quidquam
818 203 826 215 ‚
842 181 923 222 quod
934 182 989 212 tibi
1003 181 1101 222 place-

83 235 122 260 21
144 237 189 258 ret
199 248 206 261 ,
220 227 281 257 Cali
307 229 370 256 ium
381 228 482 266 potius
489 225 596 255 habere
605 244 613 258 ‚
623 230 713 265 quim
725 234 752 255 te
761 227 772 253 ?
781 223 876 265 Jae'tat
886 224 913 254 se
923 224 1102 263 jamdudum

80 1736 101 1760 μ

109 1736 127 1760 μ

147 269 184 300 de
195 268 312 300 Calidio
325 276 434 298 :narrat
442 267 598 299 omnibus,
610 267 637 297 se
649 265 763 296 emisse.
781 276 856 296 num
866 268 956 296 etiam
966 266 1003 296 de
1012 268 1104 296 L-Pa-

146 313 227 352 pi'rio
237 331 246 344 ,
266 313 331 340 viro
340 311 483 349 primario
491 328 501 341 ,
519 308 668 348 locuplete
677 326 688 341 ‚
708 306 896 348 honestoque
906 328 914 342 ,
934 310 1032 349 equite
1042 310 1108 338 Ro-

148 363 242 383 mano
251 350 412 381 turibulum
421 349 542 380 emisti?
562 351 612 391 qui
623 359 678 390 pro
689 348 867 379 testimonio
877 349 957 379 dixit
965 370 973 383 ‚
984 359 1023 383 te,
1035 348 1107 380 cum

148 393 372 434 inspiciendum
381 390 560 433 poposciss'es
569 412 578 425 ,
589 392 692 422 avulso
703 391 884 421 emblemate
894 390 1036 428 remisisse
1049 402 1054 420 2
1076 399 1110 421 ut

147 437 323 476 intelligaris
334 455 342 468 ‚
353 437 385 464 in
395 435 523 463 homine
532 433 766 474 intelligentiam
775 432 834 464 ess'e
846 453 854 466 ‚
866 443 930 464 non
939 435 1104 464 avaritiam:

147 476 267 508 artificii
278 475 433 516 cupidum,
446 485 510 505 non
521 477 635 516 argenti
645 473 741 504 fuifi'e.
761 477 793 505 N
795 485 828 505 66
838 474 938 505 solum
949 477 983 505 in
994 476 1110 515 Papirio

148 518 165 549 s
167 521 209 549 uit
219 520 272 549 hac
281 517 459 548 abstinentia
470 528 475 546 :
491 520 589 548 tenuit
599 518 657 547 hoc
666 515 838 548 institutum
849 519 881 547 in
892 517 1032 547 turibulis
1040 527 1110 547 om-

147 560 252 595 nibus,
261 569 457 601 quaecumque
467 561 500 589 in
509 559 610 591 Sicilia
618 558 749 589 fuerunt.
773 559 950 590 incredibile
958 558 1000 589 est
1009 567 1110 589 autem

148 612 241 642 quam
254 602 350 632 multa
359 621 367 635 ‚
389 602 421 632 &
432 611 521 642 quam
530 601 665 641 praeclara
674 599 793 632 fuerint.
827 600 923 631 Credo
934 610 998 631 turn
1009 621 1017 634 ,
1039 599 1110 630 cum

147 645 249 674 Sicilia
258 643 382 673 florebat
392 645 500 683 opibus
512 663 521 676 ‚
540 643 678 682 &copiis
687 663 696 676 ,
719 652 825 683 magna
833 642 960 680 artificia
977 641 1063 672 fuiss'e
1079 644 1112 671 in

146 695 183 716 ea
192 685 297 715 insula.
315 695 385 715 nam
397 685 507 715 domus
517 693 578 715 erat
588 694 655 715 ante
665 683 758 714 istum
769 694 926 724 praetorem
936 684 1018 714 nulla
1029 684 1112 723 paul-

148 728 182 758 lo
193 727 388 767 locupletior,
413 737 471 768 qua
482 728 515 756 in
526 726 622 757 domo
632 727 695 756 11366
705 736 768 756 11011
780 725 891 759 essent,
911 724 1023 756 etiarnsi
1039 735 1112 765 prae—

148 778 228 799 terea
236 769 316 799 nihil
330 767 538 810 effetargenti3
560 768 668 808 patella
676 767 795 808 grandis
805 777 877 798 curn
890 766 993 808 sigillis
1005 787 1014 801 ,
1034 777 1065 797 ac
1077 765 1112 796 si-

150 811 294 842 mulacris
306 810 434 841 deorum
445 822 455 845 3
470 819 569 851 patera
579 830 587 844 ‚
603 819 662 851 qua
670 810 812 839 mulieres
821 809 856 839 ad
867 819 911 839 res
920 809 1036 839 divinas
1048 817 1112 838 ute-

146 861 268 887 rentur3
292 852 473 883 turibulum.
503 853 569 882 haec
578 861 678 882 aurem
692 853 796 881 omnia
804 853 930 892 antiquo
949 860 1038 890 opere
1048 870 1057 883 ‚
1079 850 1111 879 δε

146 894 272 926 summo
290 893 416 925 artificio
431 892 525 925 fasta:
547 902 580 923 ut
594 894 653 923 hoc
663 893 764 922 liceret
781 893 940 932 suspicari,
961 890 1112 922 1111116311-

147 935 268 977 quando
285 935 364 976 apud
381 936 501 967 Siculos
525 939 535 955 ¹
555 944 691 975 peraequa
707 936 901 973 proportione
917 942 1013 964 cetera
1032 944 1038 962 :
1062 932 1112 963 scd

147 987 201 1018 Q
214 988 225 1007 1
238 989 256 1008 B
266 988 285 1008 u
297 989 309 1007 s
334 988 361 1008 M
373 988 391 1007 u
403 988 423 1007 L
433 988 453 1007 T
463 986 485 1007 A
510 976 632 1007 fortuna
647 974 820 1009 ademisset,
841 984 943 1006 tamen
963 974 1041 1016 apud
1062 984 1113 1005 eos

146 1018 316 1050 remansisse
334 1029 367 1050 ea
385 1039 394 1053 ‚
427 1029 494 1060 quae
519 1019 625 1059 religio
645 1015 822 1048 retinuisset.
860 1019 939 1048 Dixi
957 1037 966 1051 ,
985 1017 1112 1057 judices,

150 1062 246 1093 multa
268 1060 356 1092 fuisse
372 1060 436 1092 fere
458 1060 534 1100 apud
553 1059 672 1090 Siculos
690 1061 810 1091 omneis
830 1070 836 1088 :
864 1069 921 1100 ego
939 1059 1022 1089 idem
1038 1069 1114 1089 con—

151 1102 242 1133 firmo
252 1123 261 1137 ‚
285 1113 366 1133 nunc
375 1112 414 1132 ne
433 1112 531 1132 uuum
542 1101 665 1142 quidem
678 1099 745 1130 esl'e.
778 1100 859 1143 Qid
874 1103 933 1131 hoc
945 1100 1010 1131 est?
1030 1100 1113 1141 quod

148 1145 332 1178 monstrum,
343 1144 424 1184 quod
455 1143 609 1185 rodigium
620 1145 652 1173 in
662 1144 852 1182 provinciam
864 1142 1001 1173 misimus
1012 1146 1022 1172 ?
1032 1152 1113 1173 non-

148 1197 187 1217 ne
205 1187 294 1216 vobis
311 1185 342 1216 id
360 1187 406 1226 egi
434 1197 449 1215 e
459 1185 580 1215 videtur
593 1205 602 1219 ,
623 1194 654 1215 ut
668 1195 732 1214 non
742 1187 833 1214 unius
844 1185 1007 1215 libidinem
1019 1204 1027 1218 ,
1046 1195 1110 1214 non

151 1229 216 1258 suos
227 1228 331 1258 oculos
341 1247 350 1261 >
365 1227 414 1258 sed
425 1230 439 1247 ²
450 1229 594 1258 omnium
603 1225 863 1267 cupidiffimorum
880 1227 1007 1258 insanias
1015 1246 1025 1260 ,
1036 1225 1109 1257 cum

151 1272 286 1300 Romam
306 1268 486 1302 revertisset,
504 1269 660 1309 expleret?
676 1270 728 1309 qui
739 1267 827 1298 simul
844 1277 931 1309 atque
952 1272 965 1295 3
977 1271 1010 1298 in
1027 1270 1114 1308 oppi-

150 1311 225 1342 dum
235 1313 379 1352 quopiam
389 1320 511 1342 venerat
521 1331 530 1345 ,
549 1311 792 1341 immittebantur
801 1310 849 1339 illi
864 1309 1014 1341 contiuuo
1024 1311 1115 1350 Cybi-

152 1355 235 1384 ratici
245 1363 332 1384 canes
342 1373 350 1387 ‚
369 1355 421 1393 qui
432 1352 648 1395 investigabant
658 1373 666 1385 ,
690 1351 723 1382 δε
732 1352 987 1392 perscrutabantur
997 1354 1112 1382 omnia.

147 1397 179 1426 Si
195 1395 276 1436 quod
289 1404 347 1425 erat
352 1394 460 1435 grande
471 1405 521 1423 vas
530 1415 538 1428 ,
557 1394 589 1425 δε
600 1395 697 1433 majus
707 1403 782 1433 opus
791 1395 952 1424 inventum
963 1414 972 1428 ,
988 1393 1111 1424 13611311-

149 1436 294 1467 ferebant.
317 1435 338 1466 si
354 1439 456 1466 minus
474 1436 626 1476 ejusmodi
642 1437 797 1476 quippiam
815 1438 916 1466 venari
933 1444 1092 1476 potuerant
1102 1448 1113 1470 ·,

152 1479 204 1508 1113
213 1478 337 1519 quidem
349 1478 428 1508 certe
436 1488 490 1518 pro
501 1477 660 1518 lepusculis
669 1476 859 1517 capiebantur
869 1498 877 1511 ,
886 1478 1001 1517 patellae
1011 1497 1019 1511 ‚
1030 1486 1111 1518 pate-

150 1530 190 1550 rae
202 1540 211 1554 ,
233 1520 372 1550 turibula.
398 1519 458 1549 Hic
468 1530 544 1560 quos
558 1520 666 1560 putatis
685 1519 772 1549 fletus
783 1519 971 1549 mulierum?
987 1529 1060 1559 quas
1071 1519 1113 1550 la*

150 1564 353 1592 mentationes
372 1561 436 1591 fieri
452 1562 552 1591 solitas
570 1559 628 1591 esse
645 1563 680 1590 in
690 1561 768 1590 hisce
779 1560 889 1590 rebus?
906 1571 972 1602 quae
991 1559 1113 1591 forsitan

148 1604 238 1634 vobis
247 1614 343 1644 parvae
357 1601 415 1633 effe
424 1603 598 1633 videantur:
612 1602 659 1633 sed
671 1612 815 1642 magnum
827 1603 860 1633 &
869 1603 1008 1633 acerbum
1024 1603 1112 1634 dolo—

147 1656 215 1676 rem
225 1654 445 1680 commovent,
467 1644 654 1674 mulierculis
662 1645 822 1684 praesertim
833 1664 842 1678 ‚
862 1643 934 1674 cum
946 1647 1114 1685 eripiuntur

150 1688 293 1718 manibus
303 1697 347 1722 ea,
357 1687 468 1728 quibus
476 1686 514 1715 ad
522 1697 561 1715 res
570 1686 683 1715 divinas
695 1688 738 1715 uti
749 1686 1011 1727 consuerunt‚quae
1022 1686 1038 1716 ὲ
1050 1687 1109 1717 suis

149 1737 327 1769 acceperunt
335 1750 343 1763 ,
358 1739 424 1769 quae
432 1730 465 1758 in
474 1727 590 1758 familia
599 1728 716 1767 semper
724 1726 739 1756 f
741 1737 857 1758 uerunt.
882 1727 942 1758 Hic
950 1730 1048 1758 nolite
1058 1738 1112 1758 ex-

148 1771 278 1811 spectare
287 1792 296 1805 ‚
317 1770 391 1801 dum
405 1781 460 1811 ego
470 1771 528 1800 hoc
539 1772 655 1800 crimen
665 1780 748 1809 agam
759 1768 891 1800 ostiatim
903 1790 911 1803 ‚
922 1770 958 1800 ab
969 1770 1112 1810 AEschylo

148 1813 357 1853 Tyndaritano
378 1811 470 1842 istum
492 1820 623 1852 patei-am
642 1809 792 1841 abstuliss'e
803 1831 811 1845 ,
835 1811 851 1841 ἒι
861 1812 1016 1842 Thrasone
1036 1813 1111 1842 item

145 1855 356 1895 Tyndaritano
375 1854 514 1894 patellam
526 1873 535 1887 ‚
555 1853 571 1882 a
581 1853 807 1892 Nymphodoro
822 1855 1019 1895 Agrigentino
1037 1855 1111 1883 turi—

146 1897 266 1928 bulum.
289 1895 361 1927 cum
374 1895 472 1926 testeis
483 1905 520 1925 ex
530 1895 630 1925 Sicilia
640 1895 736 1932 dabo,
756 1905 847 1935 quem
863 1897 963 1929 volet,
982 1895 1035 1925 ille
1055 1895 1111 1925 eli-

142 1948 211 1979 gat,
233 1949 324 1979 quem
340 1948 396 1979 ego
418 1939 598 1979 interrogem
609 1936 645 1966 de
654 1937 788 1977 patellis,
806 1939 913 1976 pateris
924 1957 932 1970 ,
952 1936 1108 1967 turibulis:

143 1984 161 2008 4
174 1991 238 2011 non
249 1980 345 2010 modo
354 1980 502 2020 oppidum
514 1979 646 2012 nullum,
662 1978 710 2008 sed
720 1988 759 2008 ne
769 1978 879 2008 domus
889 1978 1013 2019 quidem
1025 1979 1109 2018 paul-

144 2023 177 2053 lo
193 2022 372 2062 locupletior
388 2031 493 2060 expers
507 2021 596 2061 hujus
607 2021 725 2059 injuriae
739 2022 907 2059 reperietur.
930 2022 982 2061 qui
993 2019 1064 2051 cuin
1074 2023 1109 2051 in

141 2066 324 2097 convivium
342 2061 488 2097 venisset,
508 2061 703 2103 siquidquam
720 2062 815 2091 coelati
832 2061 1022 2102 adspexerat,
1043 2073 1107 2093 ma-

144 2116 221 2136 num
241 2105 386 2136 abstinere
395 2125 404 2139 ‚
423 2105 538 2145 judices
548 2124 556 2138 ,
581 2114 646 2133 non
662 2112 784 2143 poterat.
818 2106 876 2134 Cn.
888 2105 1012 2144 Pompej
1017 2113 1051 2134 us
1067 2104 1110 2135 est

143 2148 232 2179 Philo
243 2168 251 2181 ‚
263 2149 315 2188 qui
325 2146 385 2177 fuit
394 2146 629 2187 Tyndaritanus.
653 2147 680 2174 is
688 2155 795 2175 cenam
804 2144 854 2175 issi
865 2145 950 2176 dabat
963 2146 1039 2186 apud
1049 2147 1108 2176 vil-

146 2190 209 2220 lam
219 2191 252 2219 in
263 2188 480 2229 Tyndaritano.
504 2187 575 2218 fecit
584 2208 595 2221 ,
606 2186 688 2228 quod
696 2187 788 2217 Siculi
797 2196 861 2216 non
870 2187 1028 2218 audebant.
1042 2188 1105 2222 ille,

147 2233 224 2261 civis
234 2234 393 2261 Romanus
401 2229 484 2271 quod
493 2238 572 2263 erat,
592 2227 750 2269 impunius
764 2228 796 2257 id
807 2228 835 2258 se
852 2227 1003 2259 13151111οω
1021 2238 1106 2269 puta-

145 2273 341 2313 vit.apposuit
350 2273 539 2312 patellam‚in
548 2281 606 2312 qua
619 2269 712 2312 sigilla
720 2279 802 2300 erant
811 2272 935 2311 egregia.
947 2270 1001 2300 iste
1010 2273 1110 2300 conti-

145 2313 212 2346 nuo
224 2324 256 2344 ut
266 2313 342 2344 vidit
350 2333 359 2347 ‚
372 2323 435 2343 non
446 2313 593 2343 dubitavit
602 2311 677 2342 illud
687 2309 801 2352 insigne
810 2313 965 2351 penatium
977 2332 988 2345 ,
1006 2313 1107 2352 hospi-

146 2358 314 2397 taliumque
327 2355 454 2386 deorum
466 2374 476 2388 ,
491 2365 525 2384 ex
535 2353 663 2393 hospitali
672 2354 765 2393 mensa
775 2353 891 2383 tollere.
914 2353 963 2384 sed
983 2362 1085 2384 tamen
1097 2376 1105 2388 ,

143 2398 227 2439 quod
237 2406 322 2428 antea
331 2397 367 2427 de
378 2396 464 2427 istius
471 2396 649 2427 abstinentia
659 2395 794 2425 dixeram
803 2415 813 2428 ,
832 2393 933 2437 sigillis
943 2394 1047 2425 avulsis
1061 2406 1107 2426 re-

143 2441 265 2481 liquum
276 2447 432 2481 argentum
449 2438 510 2468 fine
526 2439 585 2468 ulla
595 2439 715 2468 avaritia
725 2436 864 2467 reddidit.
898 2437 1000 2478 Qid?
1019 2440 1032 2464 5
1046 2440 1106 2467 Eu-

142 2483 269 2522 polemo
279 2479 450 2514 Calaehno,
471 2479 701 2510 homininobili
711 2499 720 2512 ‚
746 2479 946 2509 Lucullorum
955 2479 1065 2519 hospiti
1075 2491 1108 2511 ac

142 2522 349 2564 perfamiliari,
359 2525 413 2564 qui
423 2532 504 2553 nunc
513 2521 591 2563 apud
603 2522 773 2552 exercitum
781 2531 852 2552 cum
863 2522 898 2551 L.
909 2521 1042 2551 Lucullo
1052 2522 1106 2557 est,

183 2643 193 2660 1
201 2655 207 2661 .
225 2638 340 2669 'Peraequa
345 2639 488 2669 proportione
497 2637 599 2671 meras]
620 2637 662 2663 Sic
672 2635 826 2663 victoriana
838 2656 846 2668 ,
863 2636 891 2662 8<
901 2635 973 2672 seqq.
986 2645 1046 2663 nani
1058 2645 1107 2663 ex-

142 2671 222 2698 oleta:
233 2690 240 2702 ,
261 2680 326 2705 aequa
332 2679 399 2704 prop.
419 2672 527 2708 quod&
539 2673 566 2700 111
577 2673 634 2700 Pal.
645 2674 672 2698 &
683 2674 796 2700 Gruter.
817 2671 959 2699 Turnebus
975 2672 1022 2698 lib.
1034 2681 1106 2699 viii.

143 2716 200 2743 cap.
215 2716 256 2733 10.
270 2707 502 2742 malebatperaequb.

179 2752 209 2769 2.
227 2746 335 2769 Omnium
352 2744 543 2777 cupidiffimomm
559 2744 694 2779 lasani-ze]
719 2744 764 2771 Est
783 2743 815 2771 ab
834 2746 857 2771 C
861 2744 884 2780 uj
889 2753 927 2772 ae.
940 2745 968 2770 ὅ(
978 2744 1101 2781 Hittorp.

141 2786 220 2806 antea
228 2778 344 2815 impress‘.
354 2782 454 2805 omnium
464 2782 651 2814 marffmorum
659 2781 777 2814 irfiiniae.

182 2823 208 2850 3.
227 2818 256 2840 In
273 2815 378 2848 oppidum
395 2816 528 2850 quopiam]
553 2817 595 2842 lta
615 2815 721 2843 videtur
740 2816 935 2843 rescribendum
955 2816 1104 2843 Gulielmio

144 2849 217 2887 quod
228 2850 254 2876 ‘id
266 2849 399 2886 reperisset
410 2851 435 2877 iu
448 2851 633 2887 Hittorpiano:
646 2851 833 2889 alludebatque
844 2853 938 2888 Cujac.
949 2853 993 2888 qui
1005 2856 1104 2886 copiam,

145 2887 228 2922 vulgo
238 2889 369 2920 quoppiam.
389 2886 507 2922 illepide.

180 2930 209 2955 4.
229 2925 290 2956 f>Qu
299 2922 362 2946 modb
370 2923 475 2954 oppidum
483 2924 572 2948 nullam
583 2924 639 2956 ‚sed
645 2933 674 2950 ne
683 2924 763 2950 dmm
772 2925 864 2959 quidem
873 2925 921 2951 ulla
925 2924 1007 2958 paam
1018 2943 1026 2956 ‚
1036 2924 1103 2959 dra]

144 2956 217 2985 Illud
227 2960 276 2982 nlla
285 2956 374 2983 addidi
384 2958 453 2984 suasu
466 2959 557 2992 Cujac.
568 2969 597 2985 ae
607 2959 730 2996 Hittorp.
751 2960 819 2987 haud
839 2967 928 2988 tamen
946 2961 984 2987 ita
993 2959 1104 2987 absurde

144 2993 216 3054 Pulli.
227 2994 340 3020 Gruter.
349 2992 411 3020 edd.
424 3001 490 3021 vett.
500 2996 587 3021 nullum
598 3006 605 3020 :
619 2996 697 3021 domuc
706 2998 774 3022 nulla
778 2997 872 3030 paulli„
883 2997 982 3031 sinesed
988 3006 1028 3029 ne,
1038 2997 1103 3024 item

145 3039 187 3064 qut
205 3038 249 3055 em.

148 3102 169 3129 θ
183 3066 348 3133 ςΙ.βΕκχιοΙινηο
366 3065 515 3100 Calamam]
536 3067 617 3094 Forte
628 3069 750 3095 Calatino.
769 3067 838 3096 Pall.
855 3074 943 3096 tamen
954 3069 983 3095 &
993 3069 1108 3096 Gruter.

169 3109 186 3126 a
196 3111 212 3126 4
231 3110 278 3127 mo.

176 3136 207 3164 6.
224 3139 332 3166 Ῥνρνσυη
340 3138 477 3174 hominm]
490 3137 607 3176 Vulgata
616 3158 625 3174 ,
632 3142 779 3174 primariam
789 3160 799 3176 ,
809 3140 853 3170 scd
861 3148 954 3172 contra
964 3140 1026 3170 edd.
1037 3148 1104 3172 vett.
1145 3149 1286 3173 notaretur
1294 3141 1341 3180 qui
1351 3141 1482 3171 bonorum
1491 3140 1605 3179 publicae
1614 3141 1732 3180 praeeffet
1740 3141 1870 3171 auctioni.

381 3278 389 3292 4

1149 102 1681 160 (3163301118

1156 190 1220 210 non
1232 178 1313 210 idem
1325 178 1397 211 fecit
1406 185 1416 211 ?
1426 180 1548 211 cenabat
1556 179 1633 221 apud
1644 188 1728 210 eum.
1747 185 1902 220 argentum
1912 179 1957 210 1111
1968 186 2112 217 ceterum,

1155 232 1265 262 purum
1277 223 1464 263 apposuerat,
1477 233 1514 253 ne
1523 232 1613 262 purus
1624 222 1684 262 ipsc
1694 222 1931 262 relinqueretur;
1948 222 2009 253 duo
2018 233 2114 263 pocu-

1156 265 1183 294 la
1194 274 1258 293 non
1267 274 1374 307 magna
1383 285 1390 298 ,
1410 274 1624 295 verumtamen
1637 263 1709 293 curn
1719 263 1920 293 emblematis.
1942 265 1992 294 hic
2002 285 2010 298 ‚
2032 264 2114 306 quasi

1154 304 1298 336 festivum
1309 317 1442 337 acroama
1453 327 1461 339 ,
1476 306 1577 347 nefins
1586 306 1725 335 corollario
1739 304 1775 334 de
1784 307 1928 336 convivio
1939 306 2110 340 discederet,

1154 347 1269 377 ibidem
1288 350 1426 378 convivis
1438 347 1689 388 inspectantibus,
1709 347 1889 377 emblemata
1897 348 2052 378 avellenda
2061 359 2114 378 cu-

1155 392 1240 420 ravit.
1275 393 1383 431 Neque
1397 400 1452 431 ego
1462 400 1545 420 nunc
1556 389 1640 418 istius
1657 387 1733 419 faeta
1749 391 1854 419 omnia
1873 399 2048 420 enumerare
2062 400 2116 420 co-

1157 441 1229 461 nor:
1245 442 1342 472 neque
1353 442 1427 471 opus
1438 431 1479 461 est
1489 452 1497 466 ‚
1510 441 1564 461 nec
1576 430 1640 460 fieri
1650 431 1714 460 11110
1725 430 1818 460 modo
1828 430 1932 470 potest.
1963 434 2118 462 Tantum-

1158 472 1253 503 modo
1273 475 1409 513 uniuscuj
1416 473 1505 514 usque
1514 472 1551 503 de
1560 474 1640 502 varia
1659 472 1850 512 improbitate
1868 475 1984 514 generis
2002 474 2115 505 indicia

1156 515 1233 554 apud
1245 525 1298 544 vos
1309 534 1317 548 ,
1337 516 1370 546 &
1380 515 1519 555 exempla
1536 513 1667 554 profero.
1691 524 1789 554 neque
1805 517 1889 544 enim
1900 517 1938 544 ita
1949 516 1976 545 se
1986 515 2067 557 geffit
2081 518 2116 546 in

1157 558 1202 586 his
1215 556 1301 587 rebus
1310 577 1318 590 ,
1340 565 1480 597 tanquam
1491 557 1628 585 rationem
1642 555 1795 597 aliquando
1805 555 1866 593 fft
1873 556 2030 586 redditurus
2039 568 2050 584 .·
2067 556 2117 588 sed

1157 598 1275 638 prorsus
1286 600 1326 628 ita
1335 619 1344 632 ,
1356 597 1434 639 quasi
1445 608 1494 628 aut
1504 608 1570 628 reus
1580 607 1749 639 numquam
1762 596 1832 628 esl'et
1841 597 1970 632 futurus,
1982 608 2041 632 aut,
2051 598 2114 640 qul·

1157 640 1240 679 plura
1249 638 1411 673 abstulisset
1420 660 1428 674 ‚
1441 639 1478 670 eo
1489 641 1608 669 minore
1617 640 1752 679 periculo
1762 639 1951 679 injudicium
1962 638 2033 671 effer
2041 651 2120 671 ven-

1158 690 1240 711 turus
1254 692 1259 710 ;
1279 684 1331 722 qui
1342 682 1406 712 haec
1415 702 1424 715 ‚
1436 692 1502 722 quae
1513 681 1581 712 dico
1593 702 1602 714 ‚
1614 683 1674 720 jam
1685 691 1750 711 non
1761 682 1890 714 occulte,
1902 692 1966 712 non
1977 693 2028 723 per
2037 678 2114 713 amiss

1156 732 1208 752 cos
1220 743 1228 755 ,
1241 732 1327 763 atque
1338 725 1512 763 interpretes
1522 743 1530 757 ‚
1546 723 1595 753 sed
1604 723 1704 764 palam
1713 723 1828 753 deloco
1840 723 1988 763 superiore
1998 733 2094 766 ageret
2105 744 2121 758 .⁴

1152 774 1210 804 ‘pro
1227 766 1358 804 imperio
1368 785 1376 799 ‚
1399 766 1432 796 δε
1442 764 1597 805 potestate.
1626 767 1763 795 Catinam
1774 764 1846 796 cum
1865 764 1992 797 veniffet
2000 786 2007 799 ‚
2028 768 2114 807 oppi-

1155 806 1230 835 dum
1247 807 1400 846 locuples,
1419 806 1579 837 honestum
1592 827 1600 840 ‚
1619 807 1777 846 copiosum
1789 827 1797 840 ‚
1819 806 2070 847 Dionysiarchum
2080 808 2117 839 ad

1156 848 1184 878 se
1199 857 1377 888 proagorum
1387 869 1396 882 ‚
1409 849 1467 879 hoc
1477 847 1704 882 est‚—suirimum
1716 847 1919 889 magistratum
1931 869 1940 884 ,
1960 851 2117 890 vocariju—

1156 889 1216 919 bet.
1230 892 1263 919 ei
1272 890 1371 930 palam
1382 892 1518 931 imperat,
1530 898 1562 920 ut
1572 900 1649 919 omne
1658 898 1816 931 argentum,
1827 891 1910 931 quod
1919 893 1995 932 apud
2007 902 2115 933 quem-

1156 941 1214 972 que
1229 930 1301 962 esl'et
1314 934 1427 963 Catinae
1436 953 1444 966 ,
1459 932 1703 973 conquirendum
1713 942 1842 966 curaret,
1864 933 1940 964 &ad
1951 934 1979 964 se
1990 934 2116 965 transfe-

1156 973 1295 1004 rendum.
1318 974 1509 1006 Philarchum
1521 976 1754 1015 Centuripinum
1763 994 1772 1009 ‚
1785 971 1801 994 ⁶
1809 977 1943 1014 primum
1954 977 2117 1008 hominem

1155 1017 1396 1058 generervirtute
1407 1037 1418 1049 ,
1428 1018 1564 1057 pecunia,
1578 1026 1642 1046 non
1654 1017 1711 1046 hoc
1720 1016 1802 1046 idern
1814 1017 1947 1056 juratum
1955 1018 2053 1048 dicere
2062 1029 2114 1049 au-

1157 1056 1242 1087 distis
1252 1056 1325 1090 ,sibi
1340 1057 1433 1088 istum
1449 1060 1606 1099 negotium
1618 1057 1747 1091 dediffe,
1761 1068 1847 1099 atque
1858 1058 2046 1099 imperavisse
2057 1081 2065 1094 ,
2082 1069 2115 1091 ut

1157 1101 1362 1140 Centuripinis
1373 1120 1382 1134 ‚
1402 1102 1436 1130 in
1444 1103 1562 1130 civitate
1573 1101 1663 1130 totius
1679 1101 1787 1130 Sicilia:
1798 1101 1895 1131 multo
1908 1103 2044 1132 maxima
2054 1122 2062 1135 ‚
2081 1102 2115 1133 &2

1155 1140 1384 1181 locupletiffima
1394 1162 1403 1176 ,
1422 1152 1516 1171 omne
1525 1150 1680 1181 argentum
1689 1145 1878 1182 conquireret
1886 1163 1894 1176 ‚
1919 1143 1951 1173 &
1960 1143 2032 1182 ads}
2041 1154 2116 1173 com-

1153 1184 1262 1224 portari
1269 1183 1406 1223 juberet?
1430 1185 1542 1224 Agyrio
1550 1183 1688 1213 similiter
1696 1182 1781 1218 istius
1791 1185 1920 1224 imperio
1931 1185 1997 1215 vasa
2006 1188 2116 1216 Corin-

1156 1226 1218 1255 thia
1233 1230 1246 1253 7
1255 1235 1308 1265 per
1316 1225 1537 1265 Apollodorum
1550 1245 1558 1257 ,
1584 1235 1676 1265 quem
1687 1224 1792 1255 testem
1801 1225 1924 1256 audistis
1932 1247 1941 1260 ,
1963 1228 2115 1266 syracusas

1155 1266 1305 1307 deportata
1317 1267 1394 1297 sunt.
1424 1267 1479 1297 rua
1489 1265 1561 1296 vero
1571 1268 1686 1307 optima
1696 1287 1705 1301 ,
1724 1265 1805 1307 quod
1813 1286 1821 1300 ‚
1843 1262 1857 1286 8
1867 1267 1939 1298 cum
1948 1268 1983 1298 ad
1995 1269 2114 1299 Halun-

1155 1310 1232 1338 tium
1243 1307 1369 1340 veniffet
1384 1317 1492 1349 praetor
1501 1308 1665 1339 laboriosus
1675 1329 1683 1341 ,
1707 1308 1739 1338 &
1751 1308 1879 1350 diligens
1889 1329 1898 1343 ‚
1918 1314 1933 1337 9
1943 1310 2004 1350 ipsc
2014 1313 2047 1341 in
2056 1321 2114 1351 op-

1152 1350 1261 1391 pidum
1271 1351 1408 1381 accedere
1421 1351 1523 1380 noluit
1532 1370 1540 1383 ‚
1563 1349 1645 1391 quod
1655 1359 1713 1380 erat
1722 1349 1990 1383 difficiliadscensu
1999 1372 2008 1386 ‚
2025 1362 2114 1401 atque

1155 1392 1246 1422 arduo
1259 1404 1268 1426 3
1279 1393 1498 1434 Archagathum
1509 1392 1714 1422 Haluntinum
1725 1412 1734 1426 ‚
1750 1394 1911 1423 hominem
1928 1404 1998 1424 non*
2010 1394 2113 1425 solum

1154 1433 1241 1464 dorni
1255 1434 1313 1464 suae
1323 1454 1332 1468 ,
1353 1434 1401 1464 sed
1412 1443 1473 1464 tota
1482 1434 1583 1464 Sicilia
1595 1436 1628 1463 in
1637 1437 1745 1473 primis
1755 1434 1893 1466 nobilem
1906 1456 1915 1469 ‚
1935 1438 2035 1466 vocari
2047 1436 2112 1476 jus-

1155 1474 1205 1505 sit:
1224 1477 1252 1505 ei
1262 1485 1420 1517 negotium
1434 1475 1537 1509 dedit,
1554 1484 1604 1509 ut,
1624 1476 1770 1516 quidquid
1782 1477 1908 1508 Halunti
1919 1476 1989 1508 effet
1998 1479 2111 1518 argenti

1153 1518 1248 1548 caelati
1259 1538 1269 1551 ,
1288 1527 1338 1548 aut
1349 1539 1357 1551 ‚
1375 1516 1396 1547 si
1407 1517 1478 1558 quid
1489 1520 1578 1547 etiam
1591 1519 1820 1548 Corinthiorum
1832 1538 1841 1552 ‚
1859 1518 1991 1549 idomne
2008 1519 2110 1551 statim

1153 1559 1189 1589 ad
1199 1569 1281 1590 mare
1289 1570 1326 1589 ex
1335 1560 1448 1600 oppido
1457 1559 1671 1599 deportaretur.
1692 1559 1842 1590 adscendit
1851 1563 1882 1591 in
1896 1561 2043 1601 oppidum
2054 1564 2112 1593 Ar-

1151 1602 1311 1643 chagathus
1323 1603 1419 1631 homo
1430 1601 1542 1631 nobilis
1554 1621 1562 1634 ,
1574 1603 1626 1642 qui
1636 1601 1652 1631 a
1662 1602 1720 1632 suis
1730 1602 1763 1632 δε
1772 1604 1884 1636 amari,
1904 1604 1937 1633 &
1946 1603 2033 1644 diligi
2046 1604 2112 1634 vel-

1153 1643 1212 1673 let:
1232 1642 1346 1673 serebat
1357 1645 1500 1685 graviter,
1522 1642 1607 1673 illam
1623 1641 1675 1673 sibi
1688 1643 1724 1673 ab
1734 1642 1791 1673 isto
1800 1644 2106 1686 provinciamrdatams:

1153 1695 1210 1716 nec
1218 1705 1227 1719 ,
1238 1685 1310 1726 quid
1321 1685 1429 1716 faceret
1439 1705 1447 1719 ‚
1463 1685 1600 1715 habebat.
1622 1687 1798 1725 pronuntiat
1807 1705 1816 1719 ‚
1835 1686 1908 1727 quid
1917 1685 1971 1717 sibi
1981 1687 2111 1727 impera-

1155 1736 1218 1757 tum
1229 1725 1300 1757 ess'et
1312 1738 1316 1756 z
1326 1728 1410 1767 jubet
1421 1729 1541 1757 omneis
1550 1726 1693 1766 proferre,
1703 1737 1768 1767 quae
1780 1727 1929 1758 baberent.
1941 1737 2040 1758 metus
2050 1737 2112 1760 erat

1153 1769 1300 1799 summus.
1323 1770 1385 1809 ipse
1394 1772 1478 1799 enim
1491 1778 1633 1808 tyrannus
1644 1778 1709 1798 non
1718 1768 1885 1800 discedebat
1893 1769 2032 1811 longius:
2053 1773 2109 1801 Ar-

1153 1811 1328 1852 chagathum
1342 1832 1353 1844 ,
1373 1811 1405 1840 &
1415 1820 1570 1852 argentum
1589 1813 1623 1840 in
1642 1809 1746 1840 letffica
1764 1810 1874 1842 cubans
1894 1811 1930 1842 ad
1940 1822 2020 1842 mare
2034 1812 2113 1844 infra

1152 1853 1299 1892 oppidum
1318 1852 1513 1893 exspefihbat.
1535 1862 1627 1893 quem
1635 1853 1816 1883 concursum
1826 1854 1859 1882 in
1869 1854 1982 1893 oppido
1991 1853 2109 1885 saelum

1150 1896 1258 1934 putatis
1269 1897 1381 1936 ?quem
1392 1895 1555 1925 clamorem
1567 1899 1576 1924 ?
1597 1904 1691 1934 quem
1703 1894 1794 1934 porro
1802 1893 1909 1925 fletum
1920 1896 2085 1926 mulierum
2098 1899 2112 1926 ?

1152 1938 1204 1978 qui
1223 1936 1379 1970 videreiit3
1401 1939 1523 1977 EQuM
1543 1938 1731 1974 TROJANuM
1748 1937 1957 1967 introductum
1967 1958 1975 1971 ,
2001 1939 2109 1968 urbem

1150 1987 1265 2018 captam
1278 1977 1335 2009 esse
1346 1998 1354 2012 ‚
1376 1978 1523 2009 dicerent.
1546 1976 1644 2008 efferri
1655 1976 1717 2008 sine
1731 1979 1824 2008 thecis
1834 1979 1899 2009 vasa
1910 1999 1919 2012 ,
1937 1982 2109 2021 extorqueri

1149 2021 1205 2051 alia
1214 2020 1249 2051 de
1261 2021 1400 2050 manibus
1414 2020 1578 2050 mulierum
1589 2039 1598 2054 ‚
1621 2018 1743 2062 effringi
1754 2021 1923 2050 multorum
1930 2021 2023 2051 foreis
2034 2041 2042 2055 ,
2061 2032 2109 2052 re—

1150 2063 1222 2093 velli
1234 2061 1366 2093 claustra.
1390 2062 1473 2102 Qid
1487 2064 1571 2092 enim
1581 2064 1690 2102 putatis
1701 2065 1711 2091 ?
1722 2062 1807 2101 [bura
1816 2061 1837 2092 fi
1846 2063 1967 2102 quando
1977 2065 2106 2104 conqui-

1149 2114 1254 2135 runtur
1267 2104 1282 2134 a
1292 2106 1413 2144 privatis
1423 2107 1456 2134 in
1467 2104 1548 2134 bello
1558 2123 1567 2136 ‚
1586 2114 1619 2134 ac
1629 2105 1761 2133 tumultu
1773 2114 1778 2132 :
1792 2112 1894 2134 tamen
1905 2105 2048 2134 homines
2057 2107 2108 2135 in—

1149 2146 1304 2180 viridam,
1321 2144 1374 2176 etsi
1393 2145 1428 2175 ad
1448 2146 1572 2175 salutem
1591 2154 1793 2175 communem
1813 2145 1875 2175 dari
1894 2146 2041 2176 sentiunt:
2066 2157 2106 2177 ne

1149 2198 1240 2229 quem
1252 2190 1362 2228 putetis
1380 2186 1442 2217 fine
1458 2188 1596 2217 maximo
1607 2186 1711 2216 dolore
1720 2195 1876 2226 argentum
1896 2189 2033 2218 caeiatum
2051 2188 2107 2219 do-

1149 2240 1202 2259 mo
1213 2249 1221 2263 ‚
1232 2229 1314 2270 quod
1325 2229 1397 2259 alter
1406 2237 1542 2268 eriperet,
1556 2226 1719 2267 protulisse.
1735 2231 1839 2259 omnia
1848 2228 2035 2260 deferuntur.
2049 2233 2108 2271 Cy-

1151 2271 1248 2302 biratae
1259 2270 1362 2301 fratres
1371 2279 1514 2301 vocantur
1523 2281 1529 2299 ι
1539 2279 1631 2310 pauca
1639 2270 1813 2310 improbant
1827 2282 1832 2300 ;
1851 2281 1915 2312 quae
1926 2272 2086 2312 probarant
2094 2292 2105 2307 ,

1149 2315 1186 2343 iis
1197 2312 1299 2343 crustae
1308 2333 1316 2346 ‚
1328 2321 1377 2343 aut
1388 2312 1568 2342 emblemata
1576 2311 1780 2342 detrahuntur.
1804 2315 1852 2344 Sic
1859 2314 2021 2344 Haluntini
2033 2334 2042 2347 ‚
2059 2324 2109 2343 ex-

1149 2355 1227 2394 cuffis
1238 2354 1357 2388 delicia,
1368 2364 1439 2384 cum
1449 2363 1569 2395 argento
1582 2363 1657 2392 puro
1668 2353 1797 2383 domum
1807 2364 2001 2386 reverterunt.
2017 2356 2107 2398 Qod

1151 2406 1294 2437 umquam
1304 2416 1313 2430 ‚
1322 2396 1438 2436 judices
1447 2416 1456 2430 ,
1467 2395 1644 2435 hujusmodi
1665 2398 1695 2414 ¹0
1705 2397 1905 2427 everriculum
1922 2399 1956 2427 in
1973 2398 2026 2428 illa
2035 2408 2107 2438 pro-

1150 2441 1250 2469 vincia
1260 2437 1319 2468 fuit
1331 2441 1341 2466 ?
1355 2447 1484 2468 avertere
1497 2437 1610 2478 aliquid
1622 2437 1658 2468 de
1667 2438 1790 2477 publico
1801 2438 1891 2479 quarn
1901 2438 2109 2470 obscurislime

1152 2484 1176 2500 ¹¹
1188 2490 1241 2520 per
1255 2479 1458 2520 magistratum
1470 2479 1617 2509 solebant:
1630 2482 1721 2510 etiam
1731 2481 1844 2520 aliquid
1855 2481 1891 2511 de
1899 2483 2016 2522 privato
2025 2492 2108 2513 non-

1150 2532 1318 2564 numquam
1328 2522 1444 2553 occulte
1455 2521 1642 2552 auferebant:
1654 2522 1686 2553 &
1696 2522 1744 2552 illi
1752 2530 1854 2552 tamen
1863 2523 2111 2554 condemnabam»-

2050 2575 2111 2602 tuf.

1149 2637 1177 2699 ίδς
1190 2636 1246 2699 Ἓξ.
1258 2638 1326 2665 Pali.
1337 2637 1430 2671 Cujac.
1441 2637 1553 2664 Gruter.

1161 2682 1197 2698 cri
1243 2694 1248 2699 .

1187 2717 1213 2743 7.
1233 2713 1281 2734 Per
1288 2709 1458 2742 melodorum
1469 2728 1477 2742 ‚
1486 2719 1553 2744 quem
1561 2709 1662 2745 testem]
1682 2709 1806 2736 Lambini
1817 2709 1948 2738 editiones
1958 2710 2108 2739 excludunt

1149 2746 1320 2778 ‹Apolladorum
1330 2764 1338 2776 ‚
1350 2745 1428 2772 male.

1184 2781 1211 2808 8.
1232 2785 1289 2807 Cum
1299 2782 1332 2807 ad
1339 2783 1481 2808 Haluntium
1488 2782 1588 2814 vemffit
1598 2801 1606 2813 ,
1623 2782 1691 2817 Cyn]
1713 2782 1756 2809 Est
1767 2783 1782 2809 ὲ
1793 2782 1861 2809 Pali.
1871 2784 1953 2810 Grut.
1964 2782 2025 2810 edd.
2036 2783 2109 2810 anti-

1148 2817 1216 2853 quis.
1239 2817 1426 2844 mediaeaetat'is
1436 2817 1498 2843 edd.
1508 2817 1623 2851 abjicere
1633 2818 1674 2844 ad.

1183 2862 1212 2888 9.
1233 2854 1282 2887 lpse
1290 2857 1317 2880 in
1326 2854 1431 2887 oppidum
1441 2853 1547 2880 accedere
1563 2855 1663 2887 nolum]
1684 2853 1779 2880 Habeo
1789 2861 1876 2881 totum
1887 2853 1954 2881 istud
1963 2864 2012 2891 pro
2021 2864 2111 2891 panno

1146 2888 1317 2916 librariorum
1329 2909 1338 2921 ‚
1358 2888 1451 2916 adliito
1469 2898 1591 2926 purpura:
1610 2889 1751 2916 Tullianae.
1771 2891 1895 2916 Gifanius
1916 2898 2003 2918 tamen
2023 2892 2112 2918 locum

1146 2925 1216 2952 hunc
1228 2926 1317 2952 laudat
1329 2945 1340 2958 ,
1349 2925 1509 2962 quo-probet
1519 2945 1527 2958 ‚
1547 2926 1653 2952 accedere
1661 2926 1714 2952 dici
1724 2935 1773 2962 pro
1783 2927 1915 2960 ascendere,
1927 2927 1967 2962 cuj
1972 2937 2002 2954 us
2013 2926 2108 2954 :idean-

1145 2968 1190 2988 tur
1200 2961 1416 2988 Observationes.

1185 3007 1227 3024 10.
1248 2999 1415 3024 Evcrriculum
1424 3000 1450 3023 in
1458 2997 1659 3032 illaprmincia]
1680 2997 1768 3024 Miror
1778 3007 1829 3023 non
1840 2996 1992 3025 obsecutum
2005 2999 2034 3026 P.
2047 2999 2106 3028 Mu-

1146 3034 1251 3061 nutium
1263 3035 1432 3065 Hommano,
1446 3032 1553 3067 jubenti
1563 3041 1690 3069 reponere
1700 3033 1765 3060 banc
1776 3033 1931 3061 lethonem.

1185 3079 1195 3096 1
1203 3079 1212 3096 1
1220 3091 1226 3096 .
1246 3074 1294 3097 'Per
1303 3070 1489 3103 magistratum]
1502 3070 1544 3096 Sic
1553 3069 1660 3105 quidem
1675 3069 1836 3096 iiiisltalica.
1848 3069 1889 3096 sed
1902 3071 2035 3097 Gallicum
2046 3073 2103 3098 Cu-

1139 3105 1204 3140 jacii
1211 3114 1254 3140 per
1262 3108 1396 3140 magistrum
1405 3117 1415 3138 ‚-
1424 3104 1496 3141 quod
1505 3115 1557 3132 non
1572 3105 1708 3132 videbatui·
1718 3105 1854 3141 displicere
1864 3106 2011 3135 Gulielmio
2023 3127 2031 3140 ‚
2043 3114 2072 3134 ut
2081 3107 2105 3134 in

2025 3178 2113 3212 ΒΜ.

1583 2636 1680 2664 Forsan
1689 2636 1802 2664 adfitum
1812 2639 1923 2664 hominem
1932 2639 1967 2666 est
1978 2638 2111 2667 emblem

2159 772 2173 806 νδ

2130 771 2151 818 ,ῃ
