2316 3395
164 2103 208 2136 ¹5

235 134 329 195 156
665 131 1163 182 MTunnxt

235 213 380 244 omnibus
391 213 443 255 qui
456 222 602 254 umquam
613 215 761 244 oiaticnes
770 214 948 253 attigerunt,
959 220 1008 242 aut
1019 233 1027 246 ‚
1039 210 1060 242 si
1069 219 1198 243 conten-

235 263 282 285 tus
291 257 336 285 hii
348 266 412 286 :zon
421 255 511 286 fuerit
522 276 529 288 ‚
551 256 657 285 divino
674 256 775 296 aliquo
794 256 890 285 animi
901 264 989 284 motu
999 255 1111 294 majora
1122 263 1197 283 con-

235 298 373 338 cupiscat.
398 297 478 327 Inest
489 299 572 327 enim
585 306 685 327 natura
696 297 887 337 philosophia
896 298 929 327 in
938 297 1028 336 hujus
1038 297 1096 326 viri
1107 305 1194 325 men-

233 348 262 368 te
273 339 406 379 qziaedatn
414 361 420 368 .
458 341 528 368 Hccc
539 339 575 369 de
585 339 771 368 adolescente
781 341 913 369 Socrates
923 347 1089 378 auguratur.
1113 340 1153 367 At
1162 347 1194 367 ea

233 380 270 410 de
282 382 396 411 leniore
409 381 599 411 scribitl'lsito
612 400 619 413 ‚
642 380 675 410 Sc
685 380 785 410 scribit
795 380 916 421 aequalis
927 400 936 414 ,
955 381 1121 420 &quidem
1139 388 1193 409 cx-

231 424 356 464 agitstor
366 424 508 452 omnium
518 423 681 452 rhetorum.
705 422 786 452 hunc
804 425 928 452 miratur
945 432 1062 452 unum:
1080 431 1129 452 me
1141 431 1192 451 au-

232 474 293 494 rem
305 485 312 497 ‚
324 466 375 504 qui
386 464 543 494 Isocratem
553 473 615 493 reon
625 464 766 505 diligunt,
779 463 919 494 unacum
930 467 1048 494 Socrate
1057 483 1066 498 ‚
1078 463 1191 493 &cum

233 506 356 536 Platone
375 516 464 534 errave
473 507 628 544 patiantur.
653 506 752 535 Dulce
771 507 862 547 igitur
871 507 1015 536 orationis
1024 515 1117 547 genus
1128 525 1136 538 ,
1158 504 1191 534 &c

234 547 366 577 solutum
379 567 387 581 ‚
411 547 444 577 δε
455 546 581 577 effluens
591 567 600 581 ,
621 548 777 577 sententiis
786 556 921 589 argutum
932 567 941 581 ,
962 547 1060 578 verbis
1071 548 1190 580 sonans,

234 588 278 618 est
288 591 319 618 in
331 589 386 619 illo
401 588 564 629 epidic'hco
574 599 682 630 genere
703 599 708 618 ε
731 589 812 630 quod
823 589 959 620 diximus
970 591 1125 631 proprium
1144 589 1192 618 so-

231 630 398 670 phistarum
411 642 416 659 :
435 640 555 671 pompae
567 651 575 664 ‚
596 631 686 672 quarn
697 641 804 673 pugnae
815 633 910 671 aptius
932 642 937 660 :
960 629 1119 673 gymnasiis
1131 650 1139 663 ,
1160 630 1192 659 &

231 671 362 712 palestrae,
373 672 506 703 dicatum
519 684 523 702 2
535 674 678 713 spretum,
690 673 724 703 &
732 673 853 713 pulsum
864 672 940 703 foro.
962 673 1017 704 Sed
1028 671 1110 714 quod
1121 671 1194 702 edu-

231 723 294 744 cata
305 715 392 754 liujus
401 716 596 745 nutrimentis
606 715 779 755 eloquentia
789 735 797 748 ,
808 715 869 755 ipsa
878 716 906 745 se
915 714 1015 755 postea
1024 715 1147 747 colorat,
1161 713 1192 743 &

234 755 354 786 roborat
365 776 374 790 ‚
396 766 460 786 non
470 757 605 787 alienum
613 756 672 786 fuit
688 756 724 786 de
734 758 858 787 oratoris
868 755 946 797 quasi
966 755 1137 786 incunabulis
1147 755 1193 784 di-

232 807 310 827 cere.
334 797 450 828 Verum
461 799 544 832 haec,
563 798 708 828 ludorum
720 818 728 832 ,
751 807 836 839 atque
852 808 972 839 pompa:
993 809 999 827 ε
1023 808 1080 827 nos
1090 806 1190 827 autem

233 839 341 879 jamin
351 842 444 870 aciem
456 861 465 874 ‚
483 840 774 881 dimicationemque
782 843 951 870 veniamus.
975 841 1130 881 Qoniam
1140 840 1194 868 tria

233 881 364 912 videnda
374 882 442 912 sunt
451 884 561 912 oratori
574 902 582 915 ‚
601 882 673 923 quid
685 882 762 912 dicat
771 902 780 914 ‚
802 881 834 911 δεῖ
844 891 905 922 quo
913 881 1044 922 quidque
1053 882 1120 910 loco
1132 900 1140 913 ,
1160 880 1193 909 &

231 923 407 964 quomodo:
419 924 583 954 dicendum
595 925 725 954 omnino
736 923 787 956 est,
799 924 872 964 quid
881 922 915 952 sit
925 925 1081 963 optimum
1093 924 1126 951 in
1135 920 1194 950 sin-

230 966 309 1008 gulis
320 985 328 999 ‚
342 966 390 996 sed
400 966 552 1007 aliquanto
564 967 646 996 secus
658 986 666 1000 ‚
677 975 762 1006 atque
773 967 805 995 in
816 964 956 995 tradenda
966 973 1025 995 arte
1036 964 1095 994 dici
1107 964 1192 993 solet.

231 1007 318 1038 nulla
333 1017 477 1048 praecepta
493 1018 644 1048 ponemus
664 1007 772 1048 (neque
783 1008 867 1036 enim
886 1006 917 1036 id
930 1005 1123 1047 suscepimus)
1145 1004 1193 1034 sed

231 1050 409 1080 excellentis
430 1050 610 1090 eloquentiae
636 1050 766 1089 speciem
786 1049 819 1079 &
840 1047 973 1079 formam
1000 1046 1192 1078 adumbrabi-

235 1100 321 1121 mus:
342 1102 396 1122 nec
408 1112 415 1125 ς
427 1092 536 1132 quibus
546 1091 633 1121 rebus
643 1101 677 1120 ea
684 1099 801 1131 paretur
810 1110 818 1124 ,
831 1100 1037 1131 exponemus:
1058 1089 1108 1119 sed·
1117 1099 1191 1129 qua-

231 1133 270 1162 lis
282 1133 371 1163 nobis
388 1133 445 1163 csse
464 1133 607 1163 videatur.
631 1135 675 1163 Ac
694 1133 756 1162 duo
766 1133 895 1162 breviter
904 1134 1010 1172 prima.
1028 1132 1096 1162 sunt
1106 1132 1189 1160 enirn

232 1185 298 1204 non
317 1184 378 1205 tam
389 1174 515 1215 insignia
530 1175 565 1205 ad
583 1176 752 1204 maximam
762 1174 882 1204 laudem
894 1194 902 1208 ‚
922 1174 1014 1215 quam
1024 1171 1189 1205 necessaria,

235 1217 269 1245 δε
280 1227 383 1246 tamer.
395 1215 464 1247 cuin
478 1217 583 1246 multis
599 1216 684 1257 paene
700 1218 887 1246 communia.
905 1226 975 1245 narn
995 1216 1027 1245 δε
1038 1216 1188 1246 invenire,

235 1259 407 1298 &judicet-e
420 1281 429 1292 ,
452 1258 524 1300 quid
535 1258 613 1289 dicas
624 1279 632 1292 ‚
657 1268 763 1299 magna
771 1258 824 1288 illa
832 1258 958 1298 quidem
969 1258 1038 1288 sunt
1048 1277 1057 1291 ,
1082 1257 1114 1286 δι’.
1124 1265 1190 1286 tan-

231 1310 323 1342 quam
333 1301 424 1330 animi
433 1301 518 1337 ιἠβιιν
526 1303 559 1331 in
569 1310 691 1340 corpore
705 1311 710 1329 2
723 1299 899 1340 sedpropiia
910 1301 1002 1341 magis
1012 1299 1187 1339 prudentiae,

232 1343 322 1383 quium
333 1343 512 1384 eloquentia:
532 1353 538 1372 2
563 1347 573 1361 ¹
591 1353 648 1383 qua
656 1351 759 1372 tamen
776 1345 809 1372 in
819 1342 902 1372 causa
912 1341 954 1371 est
962 1351 1050 1372 vacua
1060 1340 1190 1380 pruden-

232 1388 272 1414 tia
286 1388 295 1414 ?
319 1387 450 1415 Noverit
467 1387 558 1427 igitur
575 1385 624 1414 hic
642 1384 768 1425 quidem
789 1392 905 1417 orator,
922 1393 1013 1424 quem
1033 1384 1189 1413 summum

231 1424 289 1456 ess'e
300 1427 444 1457 volumus
457 1447 465 1460 ‚
486 1435 733 1468 argumentorum
745 1446 754 1459 ,
776 1427 970 1457 &rationum
986 1425 1082 1455 locos.
1106 1427 1187 1454 Nam

231 1471 381 1509 quoniam
393 1490 400 1502 ‚
413 1468 559 1510 quidquid
569 1467 609 1498 est
620 1489 628 1502 ‚
644 1467 726 1509 quod
736 1471 769 1498 in
778 1466 976 1498 controversia
987 1487 994 1501 ‚
1013 1476 1062 1497 aut
1071 1469 1103 1496 in
1113 1475 1189 1496 con-

231 1513 368 1541 tentione
379 1511 519 1544 versetur,
533 1512 565 1540 in
577 1521 612 1540 eo
622 1519 672 1540 aut
681 1531 689 1544 ,
701 1508 773 1540 sitne
785 1518 850 1540 :aut
859 1530 867 1543 ‚
877 1509 951 1551 quid
962 1508 995 1539 sit
1008 1520 1012 1538 :
1023 1518 1090 1542 aut,
1102 1508 1188 1549 quale

230 1550 266 1582 fit
275 1573 284 1586 ,
297 1555 454 1594 quaeritur:
466 1551 558 1585 sitne»,
570 1551 659 1594 signis
672 1551 761 1592 :quid
771 1551 804 1582 sit
815 1571 824 1585 ,
835 1551 1064 1582 definitionibus
1077 1562 1081 1580 z
1102 1550 1188 1591 quale

229 1593 275 1628 fit,
287 1594 371 1629 recti,
383 1597 524 1636 pravique
534 1595 664 1634 partibus
675 1605 681 1623 ·.
692 1594 800 1634 quibus
811 1602 843 1624 ut
853 1596 896 1624 uti
907 1592 994 1634 possit
1002 1601 1109 1625 orator⁷
1123 1602 1187 1622 non

227 1636 283 1666 ille
293 1637 422 1679 vulgaris
433 1657 442 1671 ,
454 1637 503 1667 sed
515 1638 565 1666 hic
572 1636 734 1670 excellens,
746 1635 762 1666 ὲ
771 1638 898 1677 propriis
909 1635 1053 1676 personiS,
1066 1635 1099 1665 &
1109 1643 1187 1664 tem-

227 1678 355 1719 poribus
364 1680 498 1719 semper,
510 1677 531 1708 si
540 1678 638 1718 potest
648 1699 655 1712 ‚
668 1688 770 1709 avocat
779 1676 1025 1712 controversiam,
1046 1676 1148 1716 (latius
1157 1687 1188 1706 e-

228 1723 297 1750 nirn
308 1721 344 1751 de
353 1731 459 1763 genere
469 1741 478 1754 ‚
501 1731 592 1762 quam
602 1720 639 1751 de
650 1730 731 1761 parte
743 1720 902 1761 disceptare
913 1721 983 1750 licet
995 1721 1014 1760 2)
1031 1729 1064 1750 ut
1074 1740 1083 1753 ,
1105 1718 1186 1760 quod

229 1763 263 1792 in
275 1764 415 1793 universo
426 1762 461 1793 sit
470 1763 639 1803 probatum,
650 1763 681 1793 id
692 1765 724 1793 in
733 1772 813 1804 parte
823 1762 856 1793 sit
860 1761 974 1806 probari
983 1761 1105 1792 neceffe.
1117 1764 1189 1792 Haec

226 1815 237 1833 J
262 1806 319 1834 itui·
329 1804 453 1846 quaestio
463 1805 478 1835 a
488 1807 615 1845 propriis
626 1805 760 1845 personis
771 1805 803 1835 &
813 1805 1011 1845 temporibus,
1022 1805 1058 1835 ad
1068 1806 1189 1834 univer-

228 1815 260 1875 fig
261 1850 377 1887 generis
387 1849 556 1877 orationem
567 1846 697 1877 tradueta
708 1868 716 1881 ‚
729 1847 889 1887 appellatur
899 1847 985 1888 tliefis.
1009 1850 1046 1877 In
1057 1848 1110 1877 hac
1120 1848 1188 1877 Ari-

231 1887 353 1919 stoteles
371 1889 584 1920 adolescenteis
594 1909 602 1922 ‚
625 1899 689 1919 non
699 1889 736 1919 ad
752 1889 1003 1930 philosophorum
1014 1899 1133 1919 morem
1145 1897 1189 1918 te-

229 1932 330 1960 nuiter
346 1930 525 1965 differendi,
545 1931 594 1961 sed
613 1931 649 1960 ad
658 1933 776 1971 copiam
796 1932 951 1961 rhetorum
962 1951 970 1965 ,
989 1933 1022 1961 in
1032 1939 1188 1971 utramque

228 1981 355 2012 partem,
367 1982 399 2003 ut
410 1972 556 2006 ornatius,
568 1973 601 2003 δε
611 1972 733 2003 uberius
743 1973 803 2002 dici
812 1972 910 2013 poffir,
922 1974 1055 2003 exercuit
1068 1983 1072 2001 :
1084 1973 1188 2003 Idem—

228 2024 288 2055 que
307 2014 377 2044 locos
398 2013 448 2054 (sic
466 2017 552 2045 enim
570 2016 706 2056 appellat)
726 2013 805 2056 quafi
822 2023 1070 2056 argumentorum
1090 2023 1186 2049 notas,

229 2056 349 2086 tradidit
357 2077 366 2090 ,
388 2057 468 2087 unde
487 2058 590 2087 omnis
610 2059 643 2086 in
654 2066 811 2098 utramque
825 2066 939 2097 partem
953 2058 1114 2088 traheretur
1122 2066 1187 2087 ora-

228 2100 284 2129 tio.
306 2102 320 2118 ²
331 2099 429 2129 Facile
440 2100 531 2139 igitur
539 2100 588 2129 hic
597 2098 697 2129 noster
707 2097 784 2137 (non
793 2101 877 2129 enim
889 2099 1120 2129 declamatorem
1132 2099 1187 2128 ali-

228 2150 320 2181 quem
332 2140 451 2170 deludo
463 2161 471 2174 ,
493 2148 543 2170 aut
552 2140 686 2170 rabulam
697 2141 734 2170 de
744 2139 811 2170 foro
821 2160 829 2173 ‚
841 2140 891 2170 sed
901 2139 1108 2170 dostiffirnum
1119 2161 1128 2173 ‚
1151 2140 1184 2169 &

226 2179 476 2222 perfectiffimum
486 2183 661 2223 quaerimus)
682 2183 828 2222 quoniam
842 2182 902 2211 loci
923 2184 995 2211 certi
1019 2182 1184 2215 traduntur,

225 2233 377 2264 percurret
386 2226 506 2254 omneis
518 2245 525 2258 ‚
537 2232 636 2254 utetur
654 2226 728 2264 aptis
738 2225 902 2264 generatim
913 2243 921 2256 ‚
932 2223 1023 2253 discet
1032 2233 1071 2253 ex
1080 2232 1142 2263 quo
1153 2232 1186 2251 e-

226 2274 353 2295 manent
369 2267 460 2295 etiam
478 2268 531 2306 qui
549 2275 731 2295 communes
750 2265 934 2305 appellantur
950 2265 1019 2294 loci.
1038 2274 1093 2294 nec
1111 2262 1184 2294 vero

225 2316 327 2337 utetur
335 2307 544 2346 imprudenter
552 2308 605 2337 hac
614 2309 699 2347 copia
710 2327 719 2341 ,
739 2308 756 2337 s
753 2307 788 2337 ed
799 2308 905 2336 omnia
914 2305 1064 2346 expendet
1073 2325 1081 2339 ,
1099 2305 1132 2335 δε
1141 2305 1185 2335 se-

224 2349 310 2391 liget.
334 2358 397 2379 non
408 2351 492 2379 enim
504 2349 628 2389 semper,
640 2351 738 2379 necin
747 2348 892 2378 omnibus
901 2346 989 2378 causis
1000 2368 1008 2381 ‚
1031 2357 1068 2377 ex
1076 2347 1184 2377 iisdem

227 2390 334 2421 eadem
343 2400 591 2432 argumentorum
602 2399 759 2421 momenta
771 2391 846 2420 sunt.
866 2390 1024 2432 Judicium
1035 2390 1123 2431 igitur
1133 2388 1185 2418 ad-

225 2432 344 2463 hibebit
355 2443 360 2461 :
372 2443 428 2463 nec
436 2435 572 2463 inveniet
583 2432 684 2463 solum
694 2432 766 2473 quid
774 2431 915 2466 dicat,sed
924 2433 1015 2461 etiam
1025 2430 1184 2471 expendet.

226 2477 341 2504 Ninii,
361 2476 447 2504 enim
457 2474 500 2505 est
507 2474 633 2505 feracius
643 2476 774 2516 ingeniis
785 2494 793 2508 ,
813 2476 850 2504 iis
861 2474 1023 2514 praesertim
1034 2493 1043 2506 ,
1063 2482 1128 2514 quae
1139 2472 1186 2502 di-

225 2517 360 2556 sciplinis
379 2517 497 2548 exculta
508 2517 584 2548 sunt.
607 2517 663 2548 Sed
675 2525 708 2546 ut
717 2517 826 2557 segetes
836 2515 985 2546 foecundae
995 2534 1004 2548 ,
1025 2515 1058 2545 δι’,
1067 2515 1183 2547 uberes,

225 2567 293 2588 non
311 2556 411 2588 solum
421 2557 519 2599 fruges
529 2579 537 2592 ,
556 2557 665 2588 verum
683 2558 787 2588 herbas
804 2559 894 2588 etiam
905 2555 1068 2587 effundunt
1076 2557 1185 2586 inii-ni—

224 2597 354 2630 ciffimas
363 2598 498 2640 frugibus
510 2611 515 2629 :
526 2599 564 2630 fic
574 2600 728 2630 interdum
738 2610 776 2630 ex
786 2600 846 2630 illis
856 2599 931 2629 locis
941 2619 950 2633 ,
960 2607 1009 2629 aut
1017 2599 1095 2628 levia
1102 2607 1184 2639 quae—

226 2640 296 2671 dam
307 2661 315 2674 ‚
336 2649 386 2671 aut
394 2640 483 2671 causis
493 2643 588 2672 aliena
598 2662 606 2675 ‚
626 2651 749 2672 autnon
760 2642 845 2672 utilia
853 2643 1015 2682 gignuntur
1026 2651 1032 2669 τ
1053 2649 1182 2681 quorum

225 2682 264 2712 ab
274 2684 397 2712 oratoris
410 2683 527 2722 judicio
538 2683 670 2714 delectus
687 2693 813 2725 magnus
823 2683 1012 2713 adhibebitur
1034 2685 1046 2709 3
1057 2682 1182 2722 alioqui.

225 2734 361 2766 quonam
371 2724 466 2755 modo
476 2726 528 2759 ille¹
534 2727 568 2755 in
577 2725 667 2756 bonis
678 2726 801 2756 haerebit
809 2745 818 2760 ,
837 2726 871 2757 δε
881 2724 1023 2755 habitabit
1032 2724 1091 2755 suis
1102 2726 1113 2753 ?
1135 2731 1185 2754 aut

265 2845 275 2863 1
284 2856 290 2862 .
309 2838 364 2870 Qu
373 2844 451 2864 tamen
459 2841 484 2864 t'n
493 2839 565 2872 causti
573 2841 609 2864 cf?
615 2839 833 2871 vacnaprudentia
843 2838 877 2872 ἕ]
897 2838 975 2864 Nihil
986 2837 1084 2863 abeunt
1094 2835 1126 2862 ab
1136 2836 1183 2862 hac

225 2871 354 2908 scriptur-i
365 2873 431 2899 Pau.
442 2877 527 2909 neque
538 2875 715 2900 Meminimus
728 2883 736 2904 3
749 2874 796 2900 nisi
805 2874 875 2909 quod
886 2875 907 2901 is
917 2875 946 2905 ὼ
954 2882 1049 2899 vacua.
1076 2871 1182 2899 Pisanus

226 2907 304 2934 hubct
318 2928 324 2939 ‚
335 2919 383 2941 1721ae
393 2913 453 2935 enim
463 2910 534 2942 causti
546 2929 554 2941 ,
563 2911 615 2940 ὡς.
634 2910 779 2936 Lambinus
792 2929 800 2941 ,
810 2920 859 2944 qua
868 2917 947 2936 tamen
959 2929 966 2942 ,
976 2910 1029 2940 dyc.

264 2953 292 2970 2.
314 2946 390 2970 Facile
398 2947 470 2977 Igitur
481 2964 489 2976 ,
499 2946 549 2976 ὡς.
560 2949 670 2979 quoniam
679 2948 721 2971 loci
730 2950 788 2972 certi
796 2947 929 2972 ‘traduntur
940 2966 948 2978 ‚
954 2951 1080 2979 percurret
1087 2954 1162 2970 omnes
1175 2964 1183 2977 ,

225 2987 307 3005 teretur
318 2981 378 3013 apiir
391 2999 399 3012 ‚
413 2984 543 3013 generatim
552 2982 620 3014 distet
632 3001 639 3012 3
650 2992 679 3007 ex
687 2992 730 3015 quo
739 2989 846 3007 emanent
857 3002 865 3015 ,
875 2983 941 3016 (ly-c]
954 2982 997 3008 sic
1006 2980 1182 3016 distinguunt.

226 3015 289 3042 libri
302 3023 403 3042 veteres
414 3017 494 3043 etiam
504 3016 620 3043 scribunt
633 3036 641 3049 ‚
660 3025 834 3053 praeterquam
849 3018 920 3049 quod
931 3017 1011 3044 iidem
1022 3017 1163 3053 praeferant
1175 3036 1183 3049 ,

225 3059 254 3077 m
263 3055 372 3086 quoniam
384 3071 391 3084 ‚
401 3053 453 3083 εἶχε.
469 3059 596 3085 percurrat
614 3062 689 3078 omncs
700 3073 708 3085 ,
726 3061 812 3079 utatur
820 3051 871 3085 (lsi.
891 3053 961 3081 unde
971 3053 1132 3081 Gulielmius
1145 3053 1184 3079 fa-

226 3087 312 3114 tiebat
322 3099 329 3114 ι
350 3091 431 3114 Faciet
438 3091 511 3122 igitur
522 3108 530 3119 ‚
539 3089 590 3119 ὅγε.
610 3096 638 3114 ut
646 3093 755 3122 quoniam
766 3109 774 3120 ‚
783 3091 834 3119 dyc.
850 3097 978 3123 percurrat
987 3100 1063 3116 omnes
1074 3109 1082 3122 ‚
1099 3096 1186 3115 utatur

224 3125 288 3162 aptis
301 3127 432 3157 generatim
443 3144 451 3156 ,
470 3124 543 3157 distat
559 3125 610 3155 (lyr.
630 3125 744 3151 tentavit
754 3126 781 3151 C<
794 3127 861 3155 hunc
877 3126 966 3157 locum
976 3126 1080 3163 Liplius
1098 3126 1185 3156 noster

226 3158 274 3189 lib.
289 3168 332 3189 u.
341 3160 447 3189 Vax-ior.
458 3168 512 3197 cap.
523 3169 552 3196 7.
571 3160 616 3197 qui
626 3160 787 3190 consulatur.

1243 132 1772 180 C1cEnours

1241 212 1362 243 molliet
1371 213 1442 243 dura
1453 233 1461 246 ,
1480 222 1530 243 aut
1539 212 1697 244 occultabit
1706 223 1771 253 quae
1781 211 1857 242 dilui
1869 219 1933 242 non
1942 217 2084 252 poterunt
2094 231 2102 246 ,
2113 222 2198 257 atque

1242 256 1373 285 omnino
1385 257 1544 295 opprimet,
1557 254 1578 285 si
1588 255 1700 287 licebit,
1712 263 1761 284 aut
1771 254 1896 284 abducet
1904 255 2025 283 animos
2038 256 2108 284 ?aut
2115 257 2197 288 aliud

1239 295 1357 331 afferet,
1369 297 1450 338 quod
1461 295 1633 337 oppofitum
1644 296 1831 336 probabilius
1843 294 1874 325 sit
1886 316 1893 329 ,
1905 295 1996 336 quam
2007 295 2082 325 illud
2093 318 2101 332 ‚
2114 299 2197 339 qimd

1239 338 1387 369 obstabit?
1406 340 1475 381 jam
1484 337 1557 369 vero
1568 349 1600 369 ea
1609 359 1617 372 ,
1639 349 1704 379 quae
1715 339 1883 371 invenerit,
1901 348 1958 378 qua
1968 337 2123 378 diligentia
2132 341 2198 370 col..

1237 381 1347 411 locabit
1362 383 1373 410 ?
1395 382 1540 422 quoniam
1560 380 1591 411 id
1603 380 1768 410 secundum
1780 388 1838 409 erat
1848 379 1884 409 de
1897 379 2000 409 tribus.
2023 383 2040 407 4
2058 380 2197 417 Vestibula

1237 425 1387 453 nimirum
1405 421 1531 452 honesta
1540 442 1549 455 ‚
1573 422 1727 462 aditusque
1746 421 1783 451 ad
1804 421 1920 451 causam
1939 420 2027 451 faciet
2044 422 2195 454 illustreis:

1235 474 1365 505 cumque
1375 465 1494 494 animos
1502 465 1599 503 prima
1607 461 1786 505 aggressione
1797 464 1984 502 occupaverit
1996 484 2004 496 ,
2017 463 2194 501 infirmabit,

1235 505 1433 546 excludetque
1443 507 1588 535 contraria
1600 515 1605 533 :
1617 505 1652 534 de
1662 503 1839 534 firmiffimis
1847 505 1903 535 alia
1910 507 2008 544 prima
2017 515 2127 546 ponet,
2138 507 2197 539 alia

1234 547 1402 588 postrema,
1422 546 1645 587 inculcabitque
1663 547 1785 576 leviora.
1808 550 1905 587 Atque
1922 549 1954 577 in
1964 549 2070 587 primis
2081 548 2196 580 duabus

1235 590 1356 620 dicendi
1374 589 1504 629 partibus
1514 588 1611 629 qualis
1618 587 1689 618 efl'et
1699 608 1707 621 ‚
1728 588 1902 619 summatim
1914 608 1922 622 ,
1944 589 2130 631 breviterque
2141 591 2195 622 de-

1233 630 1412 672 scripsimus
1433 630 1489 661 Sed
1501 651 1510 663 ,
1530 639 1563 660 ut
1580 630 1649 660 ante
1665 629 1783 660 dietum
1793 629 1855 664 est,
1876 632 1908 660 in
1918 631 1964 660 his
1973 632 2105 671 partibus
2126 632 2189 672 (etfi

1232 684 1334 716 graves
1345 694 1354 708 ,
1373 681 1460 713 atque
1479 682 1594 713 magnae
1604 672 1683 712 sunt)
1702 674 1806 702 minus
1823 673 1935 702 &artis
1945 673 2007 707 est,
2029 674 2190 705 &laboris.

1236 715 1316 746 Cum
1326 725 1427 746 autem
1439 734 1447 748 ,
1459 714 1532 755 quid
1544 734 1552 747 ,
1564 714 1598 744 δε
1607 724 1669 755 quo
1678 714 1748 744 loco
1758 734 1766 747 ,
1779 714 1857 744 dicat
1867 734 1875 747 ,
1888 716 2048 749 invenerit,
2061 716 2137 746 illud
2147 717 2191 748 est

1236 757 1325 799 longe
1336 758 1518 789 maximum,
1530 755 1643 789 videre,
1654 766 1787 796 quonam
1798 756 1906 786 modo.
1917 759 2033 787 Scitum
2043 757 2198 797 estenim‚.

1234 799 1316 840 quod
1327 798 1490 830 Carneades
1501 797 1600 827 noster
1609 797 1707 828 dicere
1724 798 1852 832 solebat,
1874 798 2078 828 Clitomachum
2087 800 2192 832 eadem

1234 843 1332 871 dicere
1350 861 1359 875 ‚
1382 845 1395 868 5
1409 839 1600 869 Charmidam
1618 847 1718 870 autem
1736 839 1846 869 eodem
1862 842 1952 870 etiam
1971 841 2066 872 modo
2081 842 2192 873 dicere.

1236 881 1326 924 Qod
1338 882 1400 913 siin
1408 881 1598 921 philosophia
1614 881 1879 916 tantuminterest,
1898 883 2131 924 quemadmodum
2149 885 2196 914 di—

1235 935 1278 953 cas
1291 943 1300 956 ‚
1320 925 1373 954 ubi
1382 933 1427 954 res
1437 921 1582 963 speciatur
1592 943 1601 957 ,
1614 933 1679 953 nori
1687 923 1775 953 verba
1784 924 1957 963 penduntur
1969 936 1974 954 :
1986 925 2058 966 quid
2069 925 2192 956 tandem

1235 968 1268 995 in
1277 965 1367 996 causis
1376 964 1614 996 existimandum
1625 964 1669 995 est
1677 985 1685 999 ,
1706 965 1814 1005 quibus
1824 968 1894 996 totis
1904 966 2076 997 moderatur
2084 970 2194 999 oratio?

1235 1007 1325 1048 Qod
1336 1008 1460 1049 quidem
1471 1016 1525 1048 ego
1537 1026 1545 1040 ‚
1566 1008 1654 1036 Brute
1664 1027 1672 1040 ,
1692 1017 1731 1037 ex
1740 1009 1799 1037 tuis
1807 1008 1912 1038 littei-is
1922 1009 2088 1039 sentiebam
2099 1030 2107 1044 ,
2127 1020 2193 1040 non

1234 1058 1262 1079 te
1280 1049 1311 1079 id
1322 1051 1437 1082 scitari,
1456 1048 1575 1090 qualem
1585 1059 1641 1089 ego
1657 1052 1691 1078 in
1701 1049 1888 1079 inveniendo
1898 1069 1907 1084 ,
1926 1051 2001 1080 &in
2011 1051 2192 1082 collocando

1233 1091 1388 1122 summum
1400 1091 1457 1122 esse
1467 1098 1617 1121 oratorem
1627 1091 1738 1120 vellem
1749 1111 1757 1125 ‚
1778 1091 1827 1121 sed
1835 1091 1865 1121 id
1877 1093 1953 1121 mihi
1962 1102 2092 1132 quaerere
2108 1093 2195 1123 vide-

1232 1132 1395 1174 bare,quod
1404 1143 1498 1175 genus
1507 1130 1596 1171 ipslus
1607 1134 1753 1162 orationis
1761 1135 2098 1172 optimumjudicarem.
2109 1137 2191 1166 Rem

1233 1173 1391 1205 difficilem
1409 1195 1418 1209 ‚
1444 1175 1499 1213 (dii
1517 1174 1707 1204 immortales
1721 1176 1726 1202 !
1739 1175 1748 1214 )
1771 1175 1857 1214 at'que
1879 1177 2021 1205 omnium
2045 1175 2192 1207 difficilli-

1235 1226 1325 1246 mam.
1350 1219 1432 1247 Nam
1442 1216 1515 1246 cum
1525 1215 1567 1245 est
1576 1215 1664 1245 oratio
1674 1216 1778 1245 mollis
1788 1235 1797 1250 ,
1817 1216 1850 1246 &
1861 1225 1960 1247 tenera
1969 1237 1977 1250 ‚
1999 1218 2033 1247 &
2043 1219 2084 1248 ita
2101 1217 2194 1249 flexi-

1233 1258 1302 1288 bilis
1311 1279 1319 1292 ‚
1334 1267 1367 1288 ut
1376 1260 1513 1299 sequatur
1523 1267 1717 1298 quocumque
1727 1266 1880 1298 torqueas:
1899 1267 1965 1288 tum
1977 1259 2010 1289 δε
2018 1268 2128 1290 naturae
2140 1271 2194 1291 va-

1232 1301 1282 1330 riae
1292 1321 1301 1334 ,
1316 1301 1349 1330 Sc
1357 1301 1539 1333 voluntates,
1551 1299 1684 1329 multum
1696 1301 1772 1329 inter
1782 1300 1813 1329 fe
1820 1299 1958 1331 distantia
1968 1300 2132 1332 effecerunt
2139 1312 2193 1343 ge-

1231 1352 1300 1372 nera
1310 1342 1441 1373 dicendi.
1467 1343 1597 1372 Flumen
1606 1341 1671 1371 aliis
1678 1341 1841 1372 verborum
1852 1362 1861 1376 ‚
1879 1342 2112 1384 volubilitasque
2124 1354 2192 1375 cor-

1233 1384 1263 1414 di
1274 1384 1317 1414 est
1327 1404 1335 1418 ‚
1347 1386 1399 1425 qui
1409 1393 1529 1425 ponunt
1537 1386 1571 1413 in
1579 1384 1724 1413 orationis
1733 1384 1880 1414 celeritate
1889 1384 2106 1425 eloquentiam.
2130 1388 2192 1416 Di-

1234 1425 1339 1456 stin<sta
1347 1427 1422 1456 alios
1432 1447 1441 1460 ‚
1461 1426 1495 1456 ὃς
1505 1424 1692 1465 inteipun&a
1701 1426 1856 1456 intervalla
1864 1446 1872 1459 ‚
1892 1436 1985 1456 morae
1993 1447 2001 1460 ‚
2021 1427 2190 1467 respiratio-

1231 1468 1342 1509 nesque
1353 1467 1511 1499 delectant.
1526 1467 1608 1510 Qid
1617 1466 1714 1507 potest
1723 1465 1781 1496 effe
1791 1477 1849 1497 tam
1860 1467 2026 1498 diversum?
2036 1477 2136 1499 tamen
2146 1469 2191 1500 est

1231 1512 1263 1540 in
1280 1519 1406 1550 utroque
1422 1510 1536 1551 aliquid
1546 1510 1709 1540 excellens.
1732 1509 1954 1539 Elaborantalii
1973 1513 2006 1540 in
2024 1511 2144 1541 lenitate
2155 1511 2190 1541 δε

1229 1551 1427 1593 aequabilitate
1438 1572 1446 1585 ,
1460 1552 1493 1582 δε
1502 1561 1579 1591 puro
1588 1549 1667 1591 quasi
1676 1550 1810 1590 quodam
1821 1570 1829 1584 ,
1842 1551 1874 1581 δε
1884 1551 2013 1582 candido
2022 1553 2129 1592 geneie
2140 1553 2189 1583 di-

1229 1593 1326 1624 cendi.
1350 1597 1426 1624 Ecce
1436 1593 1528 1634 aliqui
1539 1593 1710 1626 duritatem,
1722 1592 1755 1622 &
1770 1593 1954 1623 severitatem
1964 1594 2112 1634 quandam
2122 1605 2191 1625 ver-

1229 1635 1332 1669 bisr&
1342 1637 1484 1666 orationis
1493 1633 1573 1676 quasi
1584 1632 1758 1664 moestitiam
1769 1635 1942 1675 sequuntur:
1952 1635 2191 1676 quodque-paul-

1231 1679 1262 1708 lo
1283 1677 1352 1708 ante
1370 1675 1526 1708 divisimus
1538 1698 1547 1707 .
1569 1685 1601 1706 ut
1611 1677 1662 1706 alii
1673 1686 1775 1717 graves
1785 1696 1793 1710 ‚
1811 1677 1863 1706 alii
1873 1685 1975 1707 tenues
1985 1697 1993 1711 ,
2012 1678 2062 1708 alii
2073 1687 2190 1718 tempe-

1229 1722 1283 1751 rati
1300 1719 1519 1750 vellentvideri
1533 1729 1539 1747 :
1556 1727 1632 1759 quot
1649 1720 1823 1749 orationum
1841 1729 1948 1760 genera
1958 1718 2014 1749 efle
2032 1719 2182 1754 diximus,

1232 1762 1360 1794 totidem
1372 1770 1525 1794 oratorum
1534 1762 1728 1803 reperiuntur.
1753 1763 1791 1793 Et
1801 1782 1808 1796 ‚
1820 1763 1966 1803 quoniam
1976 1764 2054 1802 coepi
2061 1762 2125 1802 jam
2134 1773 2188 1793 cu-

1231 1807 1374 1837 mulatius
1384 1808 1442 1836 hoc
1451 1816 1565 1837 munus
1575 1815 1679 1847 augere
1689 1825 1698 1838 ,
1709 1803 1800 1845 quam
1810 1803 1826 1834 ὲ
1834 1812 1862 1834 te
1870 1803 2054 1844 postulatum
2064 1804 2107 1834 est
2117 1804 2187 1844 (tibi

1229 1851 1314 1879 enim
1325 1856 1442 1879 tantum
1450 1848 1486 1877 de
1497 1849 1641 1877 orationis
1651 1856 1756 1889 genere
1767 1848 1928 1887 quaerenti,
1946 1845 2085 1886 respondi
2093 1848 2187 1878 etiam

1230 1891 1359 1921 breviter
1367 1890 1403 1920 de
1414 1889 1614 1922 inveniendo,
1624 1889 1657 1919 δε
1667 1888 1857 1929 collocando)
1866 1898 1905 1917 ne
1915 1898 1995 1917 nunc
2005 1887 2130 1928 quidem
2138 1889 2189 1919 so-

1229 1931 1297 1963 lum
1307 1932 1343 1963 de
1353 1934 1497 1963 orationis
1508 1931 1603 1962 modo
1613 1931 1713 1961 dicam
1724 1951 1732 1964 ,
1745 1929 1794 1960 sed
1812 1932 1903 1959 etiam
1922 1929 1958 1959 de
1977 1929 2105 1959 aetionis
2116 1940 2121 1959 :
2145 1932 2187 1961 ita

1228 1972 1420 2015 praetermiffa
1429 1983 1493 2013 pars
1503 1973 1587 2004 nulla
1597 1974 1662 2003 erit.
1672 1971 1920 2013 quandoquidem
1931 1971 1967 2001 de
1977 1973 2127 2002 memoria
2136 1974 2188 2002 ni-

1230 2018 1274 2046 hil
1293 2016 1335 2047 cst
1345 2017 1402 2046 'noc
1420 2016 1489 2046 loco
1499 2015 1664 2045 dicendum
1677 2034 1684 2048 ,
1705 2024 1770 2055 quae
1779 2015 1956 2044 communis
1966 2012 2011 2043 est
2020 2014 2186 2045 multarum

1226 2060 1347 2089 artium.
1371 2060 1442 2099 Qio
1460 2057 1555 2087 niodo
1565 2066 1665 2087 autem
1676 2055 1790 2086 dicatur
1799 2076 1808 2089 ,
1833 2054 1917 2085 idest
1935 2058 1969 2084 in
1980 2055 2104 2085 duobus
2114 2076 2124 2089 ,
2148 2058 2184 2087 in

1226 2101 1328 2141 agendo
1339 2120 1348 2134 ‚
1371 2100 1446 2129 &in
1457 2098 1611 2140 eloquendo.
1634 2098 1686 2128 Est
1695 2099 1778 2127 enim
1789 2095 1865 2124 aerio
1873 2094 1952 2136 quasi
1961 2099 2094 2136 corporis
2103 2107 2186 2137 quae-

1227 2143 1296 2171 darn
1306 2142 1495 2181 eloquentia,
1514 2139 1586 2169 cum
1596 2138 1711 2169 constet
1728 2138 1744 2168 ὲ
1762 2147 1836 2168 voce
1847 2157 1855 2171 ,
1874 2146 1959 2178 atque
1971 2146 2067 2167 motu.
2090 2140 2185 2170 Vocis

1225 2185 1408 2213 mutationes
1428 2181 1554 2211 totidem
1573 2181 1641 2210 sunt
1651 2200 1659 2214 ,
1680 2188 1756 2220 quot
1768 2180 1944 2209 animorum
1955 2199 1964 2212 ,
1982 2181 2034 2220 qui
2044 2180 2183 2211 maxime

1225 2234 1300 2253 voce
1317 2232 1564 2253 commoventur.
1588 2224 1690 2262 Itaque
1698 2221 1752 2250 ille
1760 2220 1909 2261 perfectus
1921 2241 1930 2254 ,
1950 2231 2040 2261 quern
2055 2222 2186 2262 jamdu-

1225 2265 1299 2295 dum
1317 2264 1418 2294 nostra
1433 2264 1546 2294 indicat
1563 2265 1658 2293 oratio
1669 2283 1677 2297 ,
1696 2272 1858 2303 utcumque
1875 2263 1903 2292 se
1914 2261 2058 2293 affectum
2074 2263 2182 2298 videri,

1226 2307 1259 2336 δε
1268 2308 1407 2336 animum
1417 2305 1565 2336 audientis
1576 2306 1694 2335 moveri
1703 2305 1796 2338 volet,
1808 2307 1847 2334 ita
1856 2312 1971 2334 certum
1981 2307 2064 2335 vocis
2073 2305 2180 2336 admo⁴

1223 2349 1306 2378 vebit
1314 2349 1433 2378 sonum:
1443 2347 1479 2377 de
1489 2357 1549 2388 quo
1559 2347 1642 2387 plura
1651 2347 1795 2379 dicerem,
1805 2344 1826 2375 si
1836 2347 1894 2376 hoc
1902 2346 2094 2386 praecipiendi
2103 2356 2184 2378 tem-

1224 2400 1279 2430 pus
1297 2388 1385 2424 esset,
1408 2399 1457 2419 aut
1476 2388 1496 2419 fi
1508 2399 1538 2420 tu
1549 2390 1608 2418 hoc
1620 2399 1772 2430 quaereres.
1791 2388 1923 2418 dicerem
1933 2390 2027 2418 etiam
2039 2388 2076 2418 de
2085 2388 2180 2430 gestu,

1224 2442 1294 2462 cum
1304 2442 1365 2472 quo
1373 2430 1495 2471 junftus
1507 2431 1549 2461 est
1561 2431 1675 2461 vultus.
1686 2430 1950 2470 quibusomnibus
1962 2450 1971 2464 ,
1991 2430 2053 2460 dici
2061 2433 2117 2461 vix
2125 2440 2189 2471 po*

1222 2473 1288 2506 test,
1299 2482 1446 2514 quantum
1457 2472 1570 2503 intersit
1579 2493 1587 2506 ,
1599 2471 1862 2513 quemadmodum
1870 2480 1968 2502 utatur
1977 2480 2085 2502 orator.
2097 2475 2181 2504 Nam

1225 2515 1388 2553 &infantes
1396 2535 1404 2549 ‚
1425 2514 1554 2545 astionis
1572 2514 1716 2555 dignitate
1725 2534 1734 2548 ,
1753 2514 1934 2554 eloquentia:
1953 2514 2027 2554 saepe
2043 2513 2178 2544 frustum

1223 2557 1354 2587 tulerunt
1375 2567 1381 2586 t
1405 2557 1545 2596 &difi’rti
1557 2577 1565 2590 ,
1585 2555 1777 2586 deformitate
1787 2554 1912 2595 agendi,
1924 2556 2033 2589 multi,
2049 2555 2180 2586 infantes

1228 2601 1322 2638 putati
1333 2600 1399 2629 sunt
1412 2609 1417 2627 :
1439 2607 1471 2628 ut
1487 2600 1551 2638 jam
1562 2608 1627 2628 non
1637 2596 1698 2627 fine
1707 2598 1792 2627 causa
1801 2596 2022 2627 Demosthenes
2032 2598 2180 2632 tribuerit,

1227 2641 1398 2680 &primas³
1424 2640 1456 2670 &
1473 2640 1635 2674 secundas,
1660 2639 1801 2670 &tertias
1819 2637 1941 2668 actioni.
1971 2641 2003 2669 Si
2019 2641 2103 2670 enim
2115 2640 2180 2670 elo-

1223 2685 1345 2722 quentia
1354 2682 1441 2712 nulla
1455 2680 1515 2711 fine
1533 2684 1605 2714 hac,
1624 2682 1687 2711 haec
1704 2688 1805 2711 autem
1815 2678 1877 2710 sine
1895 2680 2082 2720 eloquentia,
2103 2689 2184 2712 tanta

1223 2723 1285 2759 est3
1304 2725 1382 2755 certe
1400 2721 1572 2765 plurimum
1588 2725 1623 2755 in
1641 2723 1772 2754 dicendo
1780 2720 1886 2763 potest.
1909 2722 2101 2763 Voletigitur
2117 2723 2181 2758 ille,

2129 2775 2184 2806 qui

1266 2845 1292 2872 3.
1311 2839 1416 2871 Alioqui.
1443 2847 1528 2863 uanam
1536 2837 1622 2872 mutim]
1634 2837 1666 2863 P.
1676 2835 1790 2864 vietorii
1801 2835 1950 2869 edit‘io‚n0n
1959 2835 2039 2862 habet
2047 2835 2115 2862 illud
2126 2838 2187 2862 alin-

1229 2882 1287 2907 (ἴω,-
1299 2883 1382 2908 neque
1394 2874 1418 2899 vi
1431 2881 1484 2900 itui·
1494 2873 1520 2899 in
1532 2873 1601 2899 Pall.

1264 2916 1293 2941 4.
1313 2911 1428 2942 testibula
1437 2908 1629 2943 nimirum,&c.]
1642 2908 1762 2935 Illustrat
1771 2907 1907 2935 Victorius
1918 2907 1965 2934 lib.
1977 2915 2070 2934 xxxii.
2079 2916 2151 2944 capa
2158 2915 2186 2942 5.

1229 2945 1367 2972 Variarum
1380 2945 1537 2972 lectionum.

1267 2990 1293 3014 5.
1312 2982 1467 3007 Charmidam
1483 2988 1562 3007 aurem
1578 2980 1650 3006 eodem
1666 2980 1754 3014 modo]
1772 2980 1817 3006 Est
1837 2980 1852 3006 ὲ
1871 2978 2041 3011 ςοῐήεᾶαηεο
2051 2978 2166 3006 νίθεοῐὶί
2177 2998 2188 3011 ,

1230 3025 1289 3042 cum
1309 3016 1458 3043 offendisset
1476 3017 1503 3043 in
1521 3016 1566 3043 suo
1580 3023 1669 3043 vetere
1687 3016 1842 3042 charmadam
1853 3035 1861 3047 ,
1880 3024 1938 3050 quae
1947 3014 2074 3051 scriptura
2083 3015 2186 3042 iteruin

1231 3053 1288 3079 Pal.
1299 3053 1459 3089 quint.iian1
1470 3060 1559 3089 quart.
1568 3052 1726 3079 Carniadam.
1746 3051 1814 3077 sext.
1825 3052 1992 3078 charniadam.
2013 3048 2120 3086 vulgata
2130 3060 2188 3077 car-

1229 3089 1334 3115 neadem.
1355 3090 1423 3115 male
1435 3089 1472 3116 uti
1483 3088 1618 3116 doceberis
1628 3090 1644 3115 ἐι
1654 3087 1804 3114 desummo
1821 3087 1870 3113 illo
1881 3087 2009 3114 Italorum
2029 3087 2076 3113 lib.
2087 3095 2189 3114 xxxxr.

1230 3126 1293 3151 Var.
1304 3124 1368 3151 lect.
1379 3134 1436 3161 cap.
1447 3132 1494 3158 24,
1505 3135 1586 3163 porro
1595 3124 1666 3157 Pau.
1674 3125 1702 3152 ὃς
1713 3125 1826 3154 Memm.
1843 3131 1971 3161 praterea
1980 3123 2077 3152 habent
2086 3142 2096 3158 ‚
2113 3123 2188 3149 codem

1228 3164 1299 3190 ctiam
1308 3162 1379 3190 modo.
1400 3160 1486 3190 reSte.
2155 3196 2160 3199 .
2175 3195 2182 3200 .

1484 3199 1487 3200 ν
2094 3198 2191 3223 1.Dm²

2217 636 2260 671 16

2210 1769 2252 1805 ¹7
