2295 3400
592 165 659 212 M.
741 161 1103 209 TULL11

174 170 286 231 <464

1186 157 1730 204 C1c.ERoN1s

189 252 321 283 consang
343 255 352 271 τ
365 259 426 281 non
446 247 678 278 instrumentum
692 266 700 279 ,
718 254 767 276 aut
777 252 952 274 ornamenta
969 242 1067 274 villae,
1094 238 1142 270 sed
1181 241 1297 270 veritati
1312 237 1528 273 amicissimus,
1547 242 1582 271 L.
1592 243 1696 276 Cotta,
1715 241 1767 282 qui
1788 240 1885 283 legem
1905 240 1942 272 de
1962 251 2033 274 meo
2044 242 2140 274 reditu

191 297 278 324 eriam
290 294 406 323 mboies
418 288 682 320 transferebantur:
703 287 775 317 cum
794 286 853 326 ipsa
864 285 936 314 villa
954 294 1019 314 non
1038 281 1145 322 praedae
1182 281 1336 312 ferendam
1349 291 1414 311 non
1430 281 1562 312 censuit:
1585 285 1637 323 qui
1647 293 1696 314 me
1705 282 1886 314 consuluiss‘c
1897 285 2024 323 reipubl.
2041 284 2140 316 cessis-

189 335 349 375 cupiditate
365 333 449 373 (quid
460 332 543 361 enim
554 339 613 360 erat
622 329 726 370 praedae
738 330 770 368 2)
790 327 838 358 scd
849 327 907 356 odio
918 347 926 360 ,
939 326 973 358 &-
983 323 1148 370 crudelitate

190 376 264 406 fund
273 385 327 404 :tus
338 382 523 404 everteretur.
546 372 656 401 domus
668 370 785 400 ardebat
797 372 827 399 in
838 369 947 408 palatio
959 377 1023 398 non
1039 365 1146 396 fortui-

191 418 222 446 ti*-
236 438 243 451 ,
257 417 304 447 sed
316 417 416 446 oblato
428 414 588 444 inccndio:
610 413 746 443 consules
756 411 970 451 epulabantur,
989 409 1064 439 &in
1074 416 1142 438 con-

192 459 355 492 iuratorum
367 456 561 498 gratulatione
572 454 776 486 versabantur,
795 451 866 483 cum
878 453 949 482 alter
968 451 996 482 se
1014 449 1149 481 Catilinae

190 496 331 533 delicias,
350 501 421 529 alter
435 498 557 537 Cethegi
578 496 796 526 consobrinum
817 491 904 524 fuili'e
923 493 1043 523 diceret.
1066 493 1151 521 Hanc

193 552 248 583 ego
259 544 321 572 vim
335 562 342 573 ,
365 536 523 580 pontifices
534 559 542 572 ,
560 540 617 568 hoc
628 538 720 568 scelus
731 556 740 570 ,
762 538 843 566 hunc
857 535 990 566 furorem
1002 543 1072 563 meo
1086 541 1152 562 cor-

192 594 264 624 pore
275 582 410 623 opposito
421 603 429 615 ,
441 581 477 611 ab
490 582 634 610 omnium
645 579 797 609 bonorum
807 577 973 607 cervicibus
984 575 1085 615 depuli
1098 594 1105 606 ,
1117 583 1151 602 o-

196 635 363 658 mnemque
373 626 524 664 impetum
534 621 749 653 discordiarum
764 639 773 653 ,
793 629 920 650 omnem
932 618 982 648 diu
993 615 1151 648 colle-&am

194 668 261 697 vim
273 659 484 706 improborum
496 685 504 698 ,
528 674 594 705 quae
605 665 765 693 inveterata
779 682 787 694 .
810 658 978 700 compresso
997 659 1088 691 odio,
1109 665 1152 687 at-

193 719 252 749 que
263 717 351 738 tacito
362 729 369 741 ‚
388 708 450 747 jum
463 705 654 746 erumpebat,
678 707 693 724 ²
706 702 791 733 nasta
810 712 871 733 tam
890 701 1025 732 audaceis
1043 700 1131 729 duces
1143 718 1152 731 ‚

195 752 298 790 excepi
311 760 381 779 meo
396 758 530 789 corpore⁴
555 757 588 777 in
598 756 647 776 me
657 756 719 775 uno
729 745 895 776 consulares
906 742 982 773 faces
994 741 1078 782 jastae
1091 749 1153 769 ma-

196 792 287 822 nibus
305 791 489 822 tribunitiis:
511 791 544 819 in
564 798 612 818 me
630 789 750 821 omnia,
775 796 841 826 qua:
857 795 913 826 ego
932 783 1087 831 quondam
1108 791 1151 810 re-

194 833 330 864 tuderam
342 853 350 866 ,
369 832 587 871 conjurationis
599 829 709 859 nefaria
723 829 781 858 tela
790 827 982 857 adhaeserunt.
1006 823 1097 866 Qod
1108 821 1132 869 *sl
1143 842 1152 856 ,

197 885 232 905 ut
241 875 347 905 multis
357 872 523 904 fortiffimis
532 874 602 903 viris
612 872 740 910 placuit,
761 871 791 899 vi
807 869 839 898 ὃς
858 868 949 898 armis
965 876 1068 896 contra
1085 873 1149 894 Vim

192 918 341 947 decertare
351 914 529 946 voluissem:
555 922 603 943 aut
615 910 737 948 viciffim
758 921 831 941 cum
851 919 956 950 magna
977 907 1153 938 internicio-

195 969 233 988 ne
244 958 454 998 improborum
466 977 474 990 ‚
487 956 535 987 sed
546 964 644 985 tamen
655 955 771 983 civium
784 963 789 981 z
800 960 848 981 aut
859 971 868 985 ,
887 948 1054 980 interfec‘tis
1065 948 1154 977 bonis

195 1000 342 1031 omnibus
353 1020 361 1032 ,
372 999 453 1040 quod
462 998 525 1028 illis
535 993 747 1036 optatiffimum
759 1002 818 1025 erat
828 1013 836 1027 ‚
855 992 915 1023 una
925 1001 995 1021 cum
1003 989 1154 1031 republica

191 1040 373 1078 ‹uncidiffem
411 1039 558 1069 Videbam
569 1058 577 1070 ,
596 1039 668 1067 vivo
679 1037 779 1066 senatu
790 1056 798 1070 ,
818 1034 993 1075 populoque
1010 1035 1153 1063 Romano

194 1084 323 1113 celerem
336 1083 412 1112 mihi
426 1082 542 1111 summa
552 1088 621 1110 cum
636 1077 779 1117 dignitate
789 1077 929 1107 reditum:
939 1085 993 1106 nec
1004 1073 1152 1114 intellige-

196 1125 267 1155 bam
279 1124 341 1154 fieri
350 1121 465 1154 diutius
476 1120 558 1162 poss'e
570 1141 577 1154 ,
599 1128 631 1150 ut
641 1121 718 1149 mihi
730 1129 792 1149 non
802 1119 904 1148 liceret
913 1116 968 1148 esse
977 1119 1009 1146 in
1021 1126 1053 1146 ca
1062 1124 1150 1186 re‘pu-

194 1167 290 1200 blica,
314 1175 405 1206 quam
425 1164 485 1204 ipse
502 1160 667 1193 servassem.
690 1160 771 1202 quod
791 1159 811 1190 si
828 1170 893 1190 non
906 1160 1029 1189 liceret:
1050 1167 1086 1187 au
1110 1158 1152 1186 ie-

194 1217 259 1238 ram
270 1228 278 1240 ‚
299 1207 468 1246 &legeram
482 1224 490 1238 ,
510 1202 684 1235 clarissimos
702 1202 810 1233 nostrae
819 1203 946 1232 civitatis
955 1202 1056 1233 viros,
1081 1199 1152 1228 sein

196 1249 315 1278 medios
326 1247 435 1278 hosteis
444 1247 478 1277 ad
492 1247 677 1286 perspicuam
687 1254 818 1274 mortem
833 1253 886 1283 pro
896 1243 991 1282 salute
1008 1242 1154 1271 exercitus

196 1289 339 1329 injecisse.
362 1300 417 1326 ego
428 1299 482 1330 pro
496 1289 588 1319 salute
599 1287 770 1326 reipublicae
787 1285 931 1315 universae
957 1287 969 1311 3
985 1283 1152 1313 dubitarem

194 1334 255 1362 hoc
273 1324 398 1362 meliore
419 1330 597 1361 conditione
614 1327 690 1362 effe,
711 1328 804 1368 quam
823 1327 933 1356 Decii?
954 1324 1037 1366 quod
1054 1324 1102 1353 illi
1116 1334 1154 1353 ne

152 1376 156 1377 ⁷
195 1374 345 1404 auditores
361 1373 486 1415 quidem
504 1372 562 1402 suae
579 1372 699 1411 gloriae‚
723 1379 778 1409 ego
803 1370 893 1398 etiam
916 1367 1061 1407 spectator
1078 1375 1154 1396 rneae

195 1416 293 1446 laudis
312 1414 367 1446 ess'e
381 1412 556 1455 potuissem.
579 1415 708 1453 4Itaque
727 1410 871 1441 innatans
887 1408 971 1439 furor
981 1417 1068 1441 tuus,
1089 1409 1153 1438 ina-

195 1460 261 1488 neis
271 1457 396 1487 faciebat
412 1458 553 1496 impetus.
576 1463 704 1485 omnem
714 1454 798 1483 enim
816 1453 882 1482 vim
901 1452 1044 1481 omnium
1064 1449 1153 1480 scele-

196 1508 327 1529 ratorum
339 1499 477 1529 acerbitas
485 1499 547 1528 mei
557 1497 638 1527 casus
648 1502 813 1534 exceperat.
837 1503 900 1523 non
910 1495 1011 1523 eratin
1022 1493 1152 1522 tarnim-

131 1546 174 1577 25
196 1540 562 1580 inaniinjui·ia‚tant11que
572 1539 668 1568 ruinis
678 1546 764 1567 novae
774 1535 941 1566 crudelitati
953 1535 1046 1564 locus.
1057 1537 1071 1560 5
1079 1535 1151 1563 Cato

196 1583 291 1614 fuerat
300 1584 468 1622 proximus.
492 1580 564 1621 quid
575 1581 693 1621 ageres?
707 1588 770 1608 non
781 1585 887 1610 erat‚ut
895 1578 948 1622 qui
959 1576 1070 1605 modus
1083 1584 1151 1604 mo-

197 1626 280 1656 ribus
289 1625 402 1656 fuerat.»
420 1623 502 1654 idem
512 1620 581 1652 effe:
590 1623 719 1661 injuriaz.
743 1618 815 1660 quid
825 1621 835 1647 ?
844 1617 940 1658 posses
950 1617 1108 1647 extrudere
1117 1615 1152 1646 ad

197 1669 337 1706 Cypriam
348 1666 517 1705 pecuniam.
540 1663 637 1703 praeda
646 1664 774 1702 perierit.
797 1661 852 1691 alia
864 1670 928 1690 non
938 1659 1048 1690 deerit:
1071 1660 1151 1688 hunc

198 1707 296 1738 modo
307 1706 529 1737 amandandum
540 1703 607 1735 ess'e.
630 1707 678 1735 Sic
696 1706 740 1733 M.
751 1705 823 1734 Cato
834 1722 842 1736 ‚
859 1702 974 1732 invisus
985 1721 993 1735 ,
1010 1699 1088 1741 quasi
1105 1708 1152 1741 per

197 1748 377 1788 beneficium,
400 1751 532 1788 Cyprum
541 1747 694 1786 relegatur.
719 1746 879 1784 ejiciuntur
897 1743 978 1777 duo,
997 1752 1073 1784 quos
1093 1744 1151 1771 im-

198 1792 286 1832 probi
296 1790 398 1820 videre
409 1799 472 1820 non
482 1798 626 1829 poterant:
636 1788 708 1818 alter
717 1797 768 1827 per
777 1788 926 1819 honorem
938 1783 1152 1824 turpissimum:

197 1834 270 1863 alter
279 1841 329 1872 per
339 1829 574 1861 honestiffimam
585 1829 796 1859 calamitatem.
820 1831 918 1868 Atque
928 1836 960 1857 ut
969 1827 1075 1858 sciatis,
1088 1835 1152 1870 non

198 1873 381 1905 hominibus
403 1872 494 1903 istum
506 1891 514 1905 ‚
536 1871 584 1902 sed
596 1871 760 1901 virtutibus
777 1869 895 1900 hostem
914 1869 1029 1908 semper
1045 1866 1151 1897 fuisse:

201 1926 253 1946 me
262 1914 387 1955 expulso
399 1935 407 1948 ,
427 1917 538 1944 Catone
547 1912 706 1943 amandato
717 1932 725 1946 ‚
747 1913 779 1941 in
789 1922 860 1941 eum
869 1911 967 1951 ipsum
978 1910 1006 1940 se
1023 1918 1153 1940 conver-

195 1961 232 1988 tit
243 1977 251 1991 ,
272 1967 333 1998 quo
343 1955 454 1985 auster:
463 1976 471 1989 ,
491 1965 552 1996 quo
561 1954 694 1995 adjutore
706 1974 713 1986 ,
734 1955 765 1983 in
776 1952 975 1984 concionibus
986 1972 995 1985 ,
1020 1960 1053 1982 ea
1067 1971 1076 1984 ‚
1089 1960 1154 1991 quae

196 1999 333 2041 gerebat,
353 2000 478 2030 omnia,
497 2006 622 2037 quaeque
630 1994 770 2038 gesserat,
794 1993 810 2014 ⁶
821 1995 848 2025 se
864 1992 984 2027 fecisse,
1006 1993 1039 2023 &
1058 1992 1152 2022 facere

199 2041 326 2072 dicebat.
349 2043 405 2070 Cn.
422 2040 601 2079 Pompejum
617 2058 626 2072 ‚
653 2047 747 2078 quem
766 2038 908 2066 omnium
926 2035 1042 2075 judicio
1058 2034 1151 2075 longe

200 2084 370 2124 principem
380 2080 439 2112 esse
447 2083 575 2111 civitatis
584 2080 720 2113 videbat,
739 2078 853 2108 diutius
860 2077 955 2108 furori
966 2078 1018 2108 suo
1029 2078 1150 2107 veniam

196 2125 338 2155 daturum
352 2133 415 2153 non
424 2122 624 2153 arbitrabatur.
648 2123 700 2161 qui
713 2131 751 2150 ex
762 2121 824 2160 ejus
840 2119 973 2150 custodia
983 2140 991 2153 ,
1014 2129 1065 2159 per
1080 2116 1151 2148 insi-

198 2167 262 2196 dias
273 2168 348 2206 regis
359 2166 449 2195 amici
463 2163 562 2194 filium
574 2184 583 2198 ,
603 2163 720 2193 hostem
731 2182 739 2196 ,
757 2173 791 2192 ca
815 2164 912 2192 tivum
922 2181 931 2195 ‚
951 2159 1133 2200 surripuisset
1143 2180 1151 2194 ‚

198 2208 392 2245 &eainjuria
401 2208 501 2236 virum
514 2203 708 2235 fortissimum
719 2205 790 2234 lacel
800 2202 882 2234 'sset2
907 2204 1031 2243 speravit
1042 2202 1150 2232 iisdem

196 2250 227 2280 se
236 2250 330 2289 copiis
340 2258 410 2278 cum
421 2248 475 2277 illo
485 2246 564 2287 poss'e
573 2245 736 2287 confligere
747 2266 755 2279 ‚
775 2245 955 2286 quibuscum
974 2255 1028 2286 ego
1040 2244 1154 2274 noluis-

199 2292 263 2322 sem
279 2310 288 2324 ‚
315 2290 465 2320 bonorum
482 2288 636 2328 periculo,
655 2288 816 2317 dimicare:
839 2287 872 2316 &
896 2285 997 2326 primo
1015 2285 1150 2326 quidem,

197 2331 385 2372 adjutoribus
405 2330 595 2360 consulibus:
618 2327 918 2369 posteafregitfoedus
929 2328 1092 2358 Gabinius:
1105 2328 1153 2356 Pi-

195 2374 233 2404 so
243 2383 345 2404 tamen
355 2375 387 2403 in
401 2370 458 2402 fide
469 2370 582 2402 manfit.
602 2373 685 2411 Qus
696 2369 748 2399 iste
759 2379 825 2398 tum
836 2368 951 2402 caedeis‚
962 2378 1033 2408 quas
1044 2367 1153 2407 lapida—

200 2417 299 2446 tiones
311 2434 319 2448 ‚
330 2424 401 2455 quus
410 2412 492 2462 fugas
503 2412 606 2443 fecerit
619 2423 624 2440 z
646 2411 735 2452 quam
747 2409 834 2440 facil&
846 2409 925 2439 ferro
936 2429 944 2443 ‚
955 2408 1150 2450 quotidianis·

201 2468 258 2498 que
269 2455 385 2487 insidiis
396 2475 405 2489 ‚
422 2454 589 2494 cumjama
602 2451 773 2483 firmissimo
792 2451 897 2482 robore
915 2453 1068 2491 copiarum
1089 2449 1152 2479 sua-

201 2510 270 2530 rum
281 2497 404 2530 reliEtus
414 2495 504 2530 ess'et,
525 2499 579 2527 Cn.
592 2495 771 2535 Pompejum
790 2493 876 2527 foro,
900 2501 1038 2533 curiaque
1057 2493 1152 2532 priva—

199 2551 258 2574 rit,
279 2540 468 2580 domumque
480 2538 666 2577 conjecerit,
689 2535 814 2566 vidistis.
837 2545 875 2564 ex
887 2544 948 2576 quo
961 2534 1152 2573 judicarepo-

201 2581 297 2614 testis,
321 2590 428 2622 quanta
446 2583 491 2610 vis
505 2580 555 2610 illa
573 2578 663 2610 fuerit
680 2580 797 2612 oriens,
819 2577 852 2606 &
871 2584 1035 2617 congregata
1047 2596 1056 2609 ,
1080 2574 1152 2604 cum

201 2625 264 2654 haec
274 2626 326 2653 Cn.
348 2623 529 2662 Pompejum
543 2614 902 2660 terrueritjam'distrffla
914 2639 922 2652 ‚
945 2619 978 2648 δε
996 2616 1152 2648 exstincta.

139 2663 182 2696 26
205 2667 271 2695 Hoc
282 2664 356 2694 vidit
366 2667 397 2694 in
408 2663 552 2693 sententia
564 2667 578 2691 7
589 2662 715 2692 dicenda
723 2660 866 2691 Kalendis
873 2661 1020 2701 Januariis
1030 2661 1076 2689 vir
1084 2668 1154 2698 pru·

202 2705 411 2740 dentissimus,
432 2705 464 2736 &
477 2704 550 2736 cum
568 2704 758 2747 reipublicae‚
779 2712 846 2733 cum
864 2702 961 2736 mihi,
981 2710 1046 2731 tum
1065 2702 1154 2730 etiam

1185 324 1213 354 se
1224 321 1378 361 tempestati
1387 334 1398 350 .·
1410 324 1585 353 amiciorem
1597 325 1684 355 vobis
1696 345 1704 358 ‚
1719 325 1828 355 ceteris
1845 336 1880 355 ue
1897 326 2015 356 civibus
2027 347 2035 360 ‚
2046 326 2137 367 quam

1187 365 1263 394 mihi
1275 384 1282 398 ‚
1293 375 1324 394 ac
1335 366 1410 394 meis
1422 363 1576 394 existitiss'e
1586 375 1592 394 z
1602 367 1633 395 vi
1647 386 1656 400 ‚
1666 369 1756 396 armis
1768 386 1776 400 ,
1786 336 1964 397 didi-risione
1975 369 2142 398 hominum

1186 407 1221 436 ad
1233 406 1344 436 coedcm
1357 405 1490 436 instituta
1504 425 1512 439 ,
1532 416 1614 437 novo
1637 417 1674 437 ue
1683 408 1841 439 dominatu
1852 409 1970 448 pulsum
1982 408 2039 440 ess'e
2053 408 2143 440 dixit:

1189 448 1267 478 nihil
1278 448 1395 492 dc-meo
1406 449 1500 487 capite
1517 450 1603 488 potui
1630 459 1645 479 e
1661 449 1747 479 ferri:
1771 444 1873 480 ⁸nihil
1884 449 1942 481 ess'c
1953 451 2142 491 inscriptum,

1189 500 1239 520 aut
1249 488 1329 530 posse
1339 490 1434 519 valere
1446 499 1453 517 2
1470 491 1576 519 onmia
1597 500 1700 521 contra
1709 492 1787 532 leges
1799 511 1807 525 ‚
1827 493 1983 532 moresque
1993 495 2144 532 majorum

1190 531 1315 563 temere,
1327 530 1497 561 turbulente
1505 551 1514 565 ,
1527 540 1578 571 per
1587 534 1650 561 vim
1661 552 1669 565 ‚
1681 542 1732 572 per
1748 533 1882 562 furorem
1893 533 1950 564 ess'e
1963 534 2051 575 gesta.
2062 533 2147 575 quod

1193 572 1212 603 si
1231 574 1282 603 illa
1299 573 1348 602 lex
1368 571 1438 602 css'et
1456 592 1464 607 ,
1497 583 1554 602 nec
1569 574 1676 603 referre
1694 573 1729 603 ad
1749 574 1881 604 senatum
1900 577 2037 606 consules
2056 596 2064 610 ‚
2087 585 2143 606 nec

1192 615 1368 645 sententiam
1388 614 1485 645 dicere
1500 613 1553 644 fibi
1568 615 1654 645 licere
1668 625 1673 643 z
1692 625 1823 655 quorum
1838 624 1996 657 utrumque
2005 616 2076 646 cum
2091 616 2145 647 fie-

1191 666 1234 686 ret
1245 677 1254 689 ,
1270 666 1333 686 non
1343 665 1479 696 oportere
1493 677 1500 689 ‚
1513 665 1545 686 ut
1555 655 1590 686 de
1601 666 1651 686 me
1662 656 1710 686 lex
1719 656 1843 687 ferretur
1852 678 1860 690 ,
1875 657 1994 688 decerni
2008 669 2013 687 :
2034 668 2072 688 ne
2083 659 2146 692 illa.

1190 708 1256 738 quae
1267 698 1347 728 null:
1357 696 1427 728 esset
1436 718 1444 731 ,
1457 696 1513 728 csse
1524 698 1573 727 lex
1580 698 1769 737 judicaretur.
1793 701 1945 730 Sententia
1954 702 2067 733 verior,
2081 709 2149 741 gra-

1192 743 1258 770 vior
1267 760 1275 773 ,
1287 740 1390 769 utilior
1399 760 1408 773 ‚
1422 740 1531 770 melior
1539 739 1709 779 reipublicae
1721 740 1803 770 nulla
1811 738 1869 770 effe
1878 743 1986 781 potuit.
2009 742 2147 771 hominis

1168 783 1169 787 ’
1191 783 1273 811 enim
1286 781 1392 811 scelere
1405 802 1413 814 ,
1433 781 1465 811 ὃς
1475 780 1575 811 furore
1585 789 1688 811 notato
1700 802 1708 815 ,
1724 780 1829 811 sunilis
1840 782 1855 812 a
1866 783 2015 823 republica
2024 783 2103 814 labes
2113 784 2146 813 in

1190 821 1343 862 posterum
1362 823 1586 853 demovebatur.
1611 825 1718 863 Neque
1738 824 1795 854 hoc
1815 825 2045 865 Cn.Pompejus
2063 845 2071 859 ‚
2094 826 2148 866 qui

1191 862 1407 895 ornatiffimam
1418 864 1455 895 de
1465 875 1514 894 me
1526 864 1704 895 sententiam
1716 865 1794 895 dixit
1804 886 1813 898 .
1829 867 1940 907 vosque
1951 886 1960 901 ‚
1976 865 2147 906 pontifices.

1190 908 1243 945 qui
1264 916 1312 935 me
1332 905 1435 936 vestris
1452 907 1608 937 sententiis
1627 927 1635 939 ,
1658 905 1942 949 au6koritatibusque
1960 907 2148 942 defendistis.

1192 956 1256 976 non
1267 946 1383 977 vidistis
1393 967 1401 980 .
1413 948 1496 977 illam
1509 946 1567 977 effe
1578 948 1691 978 nullam
1702 968 1710 982 ‚
1723 957 1809 989 atque
1821 947 1878 979 effe
1887 949 1988 990 potius
1995 950 2149 987 flammant

1191 995 1316 1030 tempora
1326 1009 1334 1022 ‚
1349 989 1545 1019 interdiRum
1559 990 1691 1024 sceleris,
1708 1000 1814 1020 vocem
1824 990 1932 1021 furoris
1945 1002 1950 1020 :
1970 991 2019 1022 sed
2029 991 2151 1032 prospe-
2179 1013 2182 1015 >

1191 1029 1277 1060 xistis
1292 1051 1300 1063 ,
1321 1040 1417 1071 nequa
1425 1031 1576 1071 popularis
1589 1033 1622 1061 in
1634 1041 1690 1061 vos
1703 1032 1865 1072 aliquando
1875 1032 1991 1063 invidia
2001 1032 2150 1063 redunda-

1190 1080 1235 1101 ret
1247 1091 1255 1105 ‚
1274 1070 1294 1101 si
1313 1071 1373 1102 fine
1389 1073 1494 1112 populi
1505 1073 1622 1111 judicio
1636 1073 1761 1104 restituti
1777 1074 1957 1104 videremur.
1981 1074 2150 1115 eodemque

1191 1112 1337 1145 confilio.
1359 1115 1404 1143 M.
1417 1113 1516 1144 Bibuli
1529 1135 1536 1148 ,
1556 1112 1706 1144 fortiffimi
1724 1117 1783 1145 viri
1798 1135 1807 1149 ,
1831 1117 1947 1146 senatus
1966 1116 2147 1146 sententiam

1193 1154 1309 1184 secutus
1317 1154 1362 1185 est
1372 1175 1381 1188 .
1394 1164 1426 1185 ut
1436 1165 1492 1185 vos
1501 1155 1538 1185 de
1549 1165 1614 1186 mea
1624 1156 1720 1186 domo
1731 1155 1910 1187 statueretis:
1923 1168 1988 1187 non
1997 1157 2081 1198 quod
2091 1157 2149 1187 du-

1194 1195 1299 1226 bitaret
1309 1217 1316 1229 .
1335 1198 1409 1236 quin
1420 1197 1455 1226 ab
1465 1196 1521 1226 isto
1532 1198 1610 1226 nihii
1620 1198 1737 1238 legibus
1748 1218 1756 1232 ,
1776 1199 1854 1228 nihil
1863 1200 2061 1239 religionibus
2072 1219 2080 1233 ,
2099 1200 2149 1229 ni-

1192 1238 1236 1267 hil
1244 1240 1312 1277 jure
1322 1237 1395 1268 esset
1404 1237 1504 1268 aetum
1517 1249 1522 1266 z
1542 1238 1592 1268 sed
1602 1241 1709 1279 nequis
1720 1241 1846 1270 oriretur
1855 1240 2016 1280 aliquando
2027 1242 2060 1269 in
2071 1249 2150 1271 tanta

1192 1277 1320 1310 ubertate
1329 1280 1537 1319 improborum
1550 1300 1558 1313 ,
1578 1282 1630 1321 qui
1649 1283 1682 1310 in
1700 1284 1776 1310 meis
1795 1280 1907 1311 aedibus
1926 1282 2057 1322 aliquam
2078 1281 2151 1311 reli-

1191 1323 1314 1362 gionem
1330 1320 1450 1352 residere
1464 1321 1584 1351 diceret-
1608 1331 1680 1352 nam
1696 1323 1793 1363 legem
1812 1323 1936 1363 quidem
1953 1323 2038 1354 istam
2051 1344 2061 1357 ‚
2080 1323 2151 1353 nul-

1194 1364 1253 1393 lam
1264 1362 1323 1393 effe
1333 1383 1341 1398 ‚
1363 1364 1609 1404 quotiescumque
1626 1363 1663 1393 de
1677 1374 1727 1393 me
1745 1365 1860 1395 senatus
1870 1365 2048 1395 sententiam
2059 1365 2148 1398 dixit,

1193 1407 1281 1435 toties
1297 1405 1460 1444 judicavit:
1480 1408 1625 1446 quoniam
1636 1405 1760 1446 quidem
1771 1406 1880 1446 scripto
1890 1407 1944 1436 illo
1955 1406 2058 1440 istius,
2081 1407 2150 1437 sen-

1194 1449 1318 1477 tentiam
1328 1447 1425 1478 dicere
1435 1446 1598 1477 vetabatur.
1621 1450 1719 1488 Atque
1730 1449 1804 1478 hanc
1816 1458 1880 1478 rem
1889 1458 1940 1488 par
1949 1448 2026 1479 illud
2037 1447 2150 1482 simile.

1193 1489 1278 1522 Piso,
1298 1488 1330 1519 &
1342 1489 1506 1522 Gabinius,
1525 1488 1613 1519 vidit.
1646 1491 1797 1519 Homines
1808 1490 1907 1531 legum
1921 1510 1930 1523 ‚
1946 1490 2151 1530 judiciorum-

1192 1540 1249 1571 que
1261 1539 1447 1564 metuentes,
1468 1529 1540 1560 cum
1560 1529 1815 1571 frequentiffimus
1833 1533 1949 1562 senatus
1969 1541 2039 1566 eos,
2060 1540 2093 1561 ut
2111 1531 2150 1561 de

1192 1582 1243 1602 mc
1253 1571 1415 1606 referrent,
1435 1572 1572 1613 quotidie
1587 1571 1745 1614 flagitaret,
1767 1582 1832 1603 non
1851 1573 1879 1603 se
1896 1582 1962 1603 rem
1981 1572 2150 1613 improbare

1192 1614 1348 1647 dicebant,
1371 1614 1420 1644 sed
1439 1615 1497 1654 lege
1514 1613 1598 1643 istius
1618 1614 1768 1654 impediri.
1792 1617 1859 1644 Erat
1869 1615 1927 1644 hoc
1937 1625 2053 1645 verum.
2076 1624 2151 1645 nam

1191 1656 1451 1695 impediebantur,
1472 1654 1579 1685 verum
1593 1665 1625 1685 ea
1635 1656 1699 1696 lege
1709 1675 1717 1689 ‚
1741 1666 1830 1697 quam
1844 1655 1926 1686 idem
1936 1656 1992 1687 iste
2002 1656 2040 1686 de
2049 1659 2151 1686 Mace-

1191 1697 1283 1727 donia
1294 1716 1303 1731 ‚
1321 1699 1462 1738 Syriaque
1473 1697 1587 1727 tulerat.
1632 1699 1758 1727 Hanctu
1770 1700 1800 1727 P.
1811 1698 1939 1727 Lentule
1949 1717 1958 1731 ‚
1979 1707 2075 1739 neque
2088 1699 2150 1738 pri·

1192 1748 1275 1768 vatus
1290 1759 1300 1772 ‚
1319 1749 1415 1779 neque
1426 1738 1531 1768 consul
1542 1739 1639 1779 legem
1651 1737 1707 1768 effe
1719 1748 1864 1779 umquam
1873 1738 1992 1778 putasti.
2015 1748 2086 1769 nam
2096 1740 2150 1769 tri·—

1194 1781 1283 1810 bunis
1303 1780 1400 1820 plebis
1417 1779 1614 1810 referentibus
1627 1799 1636 1813 ,
1661 1780 1840 1810 sententiam
1860 1780 1896 1810 de
1916 1790 1965 1809 me
1983 1779 2151 1821 designatus

1193 1822 1299 1852 consul
1309 1822 1383 1861 saepe
1395 1821 1514 1852 dixisti:
1529 1831 1567 1851 ex
1576 1821 1876 1862 KalendisJanuariis
1887 1840 1895 1855 ‚
1911 1821 2009 1862 quoad
2020 1820 2150 1862 perfefflz

1195 1873 1239 1893 res
1250 1862 1292 1893 est
1301 1883 1310 1897 ‚
1331 1863 1368 1893 de
1379 1873 1428 1893 me
1437 1862 1562 1894 retulisti
1573 1884 1581 1897 ,
1602 1863 1699 1904 legem
1710 1861 1902 1905 promulgasti
1913 1883 1922 1896 ‚
1942 1862 2036 1893 tulisti
2048 1873 2054 1892 :
2070 1873 2150 1904 quo-

1194 1905 1328 1935 rumtibi
1341 1924 1350 1939 ‚
1371 1903 1392 1934 fi
1413 1904 1484 1935 ess'et
1500 1905 1552 1935 illa
1564 1905 1633 1938 lex,
1653 1905 1732 1934 nihil
1748 1906 1859 1935 liceret.
1882 1906 2021 1935 Aretiam
2033 1908 2150 1943 QMe-

1193 1947 1282 1987 tellus
1293 1966 1301 1980 ‚
1321 1946 1434 1988 collega
1445 1955 1512 1976 tuus
1522 1967 1532 1980 ‚
1549 1948 1597 1976 vir
1606 1945 1781 1976 clariffimus
1791 1966 1799 1980 ,
1812 1956 1904 1987 quam
1917 1947 2013 1989 legem
2023 1945 2081 1977 ess'e
2091 1947 2150 1977 ho·-

1195 1990 1293 2020 mines
1309 1988 1480 2020 alieniffimi
1498 1988 1513 2018 a
1533 1991 1563 2019 P.
1574 1987 1701 2021 Clodio,
1722 1988 1889 2028 judicarant
1902 2009 1910 2022 ,
1931 1989 1997 2019 Piso
2011 1988 2150 2019 &Gabi-

1195 2032 1264 2062 nius
1275 2051 1285 2064 ,
1306 2040 1371 2063 eam
1382 2031 1499 2060 nullam
1510 2029 1567 2060 effe
1578 2029 1663 2061 frater
1674 2030 1807 2060 P.Clodii
1820 2051 1829 2064 ,
1849 2029 1920 2060 cum
1932 2029 1969 2060 de
1983 2040 2034 2060 me
2049 2029 2086 2060 ad
2105 2030 2150 2061 se-

1195 2081 1299 2102 natum
1317 2072 1496 2104 tecum=una
1514 2072 1635 2105 retulit,
1652 2072 1808 2112 judicavit.
1832 2071 1888 2102 Sed
1902 2071 1968 2106 isti,
1987 2071 2152 2113 quiClodii

1194 2115 1272 2156 leges
1283 2116 1466 2148 timuerunt,
1483 2113 1743 2156 quemadmodum
1752 2123 1860 2144 ceteras
1869 2113 2081 2144 observarunt?
2099 2116 2153 2144 Se-

1195 2165 1281 2186 natus
1295 2156 1419 2197 quidem
1432 2177 1441 2190 ,
1460 2157 1506 2196 cuj
1513 2166 1546 2186 us
1557 2155 1599 2186 est
1609 2153 1971 2197 graviffimumjudicium
1982 2155 2092 2194 dejure
2105 2155 2149 2183 le-

1193 2208 1266 2239 gum
1277 2218 1285 2233 ‚
1303 2199 1552 2239 quotiescumque
1562 2197 1598 2229 de
1610 2207 1659 2227 me
1667 2197 1822 2228 consultus
1832 2197 1875 2227 est
1885 2217 1893 2231 ,
1912 2199 1998 2227 toties
2009 2206 2074 2226 earn
2085 2195 2152 2224 nul-

1194 2240 1253 2269 lam
1262 2239 1471 2280 qffejtidicavit.
1493 2239 1576 2280 quod
1585 2239 1669 2270 idem
1680 2249 1712 2269 tu
1725 2259 1732 2271 ,
1750 2239 1878 2269 Lentule
1889 2258 1898 2271 ‚
1909 2237 2010 2267 vidisti
2021 2239 2053 2267 in
2063 2247 2095 2267 ea
2105 2238 2151 2267 le-

1193 2292 1228 2322 ge
1239 2302 1248 2315 ,
1268 2292 1358 2322 quam
1369 2281 1405 2311 de
1415 2291 1466 2312 me
1474 2280 1578 2310 tulisti.
1600 2290 1672 2310 nam
1690 2289 1755 2309 non
1771 2279 1814 2309 est
1832 2281 1872 2309 ita
1889 2279 1981 2309 latum
1993 2298 2002 2312 ,
2024 2288 2056 2308 ut
2070 2280 2152 2309 mihi

1194 2326 1326 2353 Romam
1345 2324 1448 2353 venire
1465 2322 1586 2354 liceret,
1608 2320 1657 2351 secl
1674 2329 1706 2351 ut
1726 2323 1873 2350 venirem.
1899 2330 1964 2350 non
1987 2322 2070 2350 enim
2096 2330 2152 2351 vo-

1195 2363 1293 2396 luisti,
1317 2363 1348 2393 id
1361 2383 1369 2396 ‚
1389 2363 1471 2403 quod
1483 2363 1608 2396 licebat,
1627 2361 1722 2395 ferre,
1742 2370 1773 2392 ut
1787 2362 1904 2392 liceret:
1925 2362 1972 2392 sed
1983 2360 2151 2392 meitaeffe

1194 2406 1226 2433 in
1240 2404 1389 2444 republica
1400 2424 1408 2437 ‚
1429 2405 1523 2445 magis
1543 2413 1575 2433 ut
1592 2401 1742 2433 arcessitus
1758 2405 1887 2444 imperio
1901 2404 2004 2443 populi
2015 2404 2152 2434 Romani

1193 2446 1310 2475 viderer
1330 2466 1338 2479 ‚
1371 2444 1461 2487 quam
1481 2445 1516 2475 ad
1536 2444 1802 2475 administrandam
1819 2447 1971 2475 civitatem
1989 2444 2154 2475 restitutus.

1196 2489 1287 2517 Hunc
1298 2496 1328 2517 tu
1339 2490 1428 2518 etiam
1441 2507 1449 2521 ,
1467 2487 1660 2527 portentuosa
1670 2486 1758 2526 pestis
1768 2507 1777 2521 ‚
1798 2488 1933 2517 exsulem
1949 2488 2093 2527 appellare
2101 2497 2155 2517 au-

1195 2529 1243 2558 sus
1263 2539 1294 2559 es
1306 2549 1314 2563 ‚
1337 2528 1408 2560 cum
1429 2531 1518 2559 tantis
1538 2528 1696 2559 sceleribus
1713 2527 1804 2562 effes,
1825 2528 1953 2558 &fauts
1962 2538 2100 2563 notatus,
2120 2536 2155 2558 ut

1196 2581 1324 2603 omnem
1335 2572 1437 2601 locum
1449 2591 1457 2604 ,
1479 2569 1541 2611 quo
1551 2568 1654 2600 adisses
1665 2590 1675 2604 ,
1693 2569 1789 2600 exsilii
1800 2569 1992 2601 simillimum
2002 2570 2154 2601 redderes?

1196 2614 1269 2655 quid
1281 2613 1325 2644 est
1335 2616 1417 2643 enim
1429 2612 1529 2652 exfiil?
1540 2612 1638 2652 ipsum
1648 2622 1699 2652 per
1709 2613 1737 2642 se
1747 2622 1862 2643 nomen
1871 2632 1879 2646 ,
1892 2612 2075 2646 calamitatis,
2086 2621 2152 2642 non

1196 2657 1387 2699 turpitudinis.
1411 2654 1539 2695 Qando
1549 2653 1690 2695 igiturest
1701 2657 1805 2693 turpe?
1824 2665 1854 2684 re
1871 2664 1957 2688 vera,
1978 2653 2099 2694 quando
2109 2651 2154 2683 est

1199 2709 1288 2740 poena
1307 2698 1417 2739 peccati
1439 2707 1444 2726 :
1460 2697 1613 2737 opinione
1633 2704 1732 2726 autem
1751 2697 1916 2726 hominum
1933 2716 1945 2730 ‚
1964 2698 2054 2726 etiam
2073 2693 2093 2724 fi
2110 2693 2154 2725 est

2066 2744 2156 2776 poena

241 2843 263 2859 1.
284 2838 334 2859 Nun
343 2838 368 2859 in
390 2842 518 2860 rumentum
537 2842 580 2860 aur
589 2841 728 2860 ornamenta
734 2833 754 2867 ζ.
781 2834 822 2860 Ita
833 2832 864 2858 :id
884 2840 965 2858 unum
984 2839 1076 2856 omnes
1087 2829 1155 2856 Pall.

201 2869 230 2896 S.
242 2869 313 2895 Vici.
323 2870 354 2896 ed
379 2891 384 2896 .
395 2872 520 2906 antiquat.
543 2880 601 2897 nani
613 2870 717 2896 mustea:
728 2878 737 2900 3
757 2869 871 2895 nonmndo
881 2869 1067 2901 lnstmmenmm.

203 2929 205 2931 ,
239 2913 267 2931 2.
288 2909 368 2931 Ναίία
377 2914 426 2931 tam
435 2907 543 2932 audactis
553 2907 648 2940 ducein]
673 2904 831 2931 Emendatio
842 2904 956 2930 manavit
967 2904 982 2929 ii
994 2903 1102 2928 Mureto
1122 2901 1155 2926 li-

200 2940 249 2968 bro
262 2950 300 2967 vi.
312 2943 373 2967 Var.
385 2942 447 2968 icti.
458 2952 514 2978 cap.
528 2951 569 2977 ¹9.
590 2951 636 2968 nec
647 2941 746 2968 recedit
758 2940 814 2966 Pal.
826 2949 909 2967 nonus
921 2958 929 2970 ,
949 2939 1029 2974 quam
1040 2936 1110 2973 quod
1121 2938 1154 2968 is,

199 2979 298 3003 ’tuffam
308 2978 404 3002 audam
415 2979 487 3003 deltis.
510 2979 633 3011 Vulgata,
644 2988 669 3002 m
680 2980 758 3003 ac'lum
768 2984 817 3002 lam
827 2975 936 3002 audaci-is
947 2976 1001 3000 duc.

237 3021 251 3047 3
260 3033 266 3038 .
285 3015 422 3040 nummum
431 3015 469 3037 ho:
478 3016 566 3038 meiiorc
583 3014 708 3039 conditione
724 3013 764 3045 cſjk
774 3021 845 3046 quam
856 3014 920 3038 Decii·
929 3014 939 3031 ⁷
949 3011 963 3045 ]
985 3008 1127 3036 Distinffio
1139 3009 1154 3034 a

200 3057 244 3075 mc
258 3048 304 3074 cst.
325 3048 468 3076 Lambinus
481 3058 530 3074 non
543 3048 565 3074 st·
575 3049 695 3084 expediit
707 3048 758 3074 sine
770 3047 916 3074 mutatione
927 3046 1009 3072 vocis.

234 3092 263 3116 4.
280 3087 366 3117 ltaque
374 3085 492 3117 Just-afim
503 3086 574 3117 furor
591 3092 647 3109 rum
655 3085 746 3110 inaneis
761 3085 863 3115 llicit-bat
883 3081 1010 3116 impetun]
1032 3080 1075 3106 sic
1086 3080 1154 3106 Pau.

196 3129 271 3146 omn.
283 3119 412 3146 sententia
424 3129 473 3146 non
484 3119 662 3145 incommoda.
673 3119 714 3145 scd
724 3120 785 3146 esim
797 3120 823 3146 in
837 3119 977 3145 veterrima
986 3117 1099 3144 exstaret
1111 3115 1153 3141 ed.

189 3159 263 3189 juror
274 3164 329 3180 mm
337 3157 446 3181 immanis
460 3176 465 3183 ,
478 3157 585 3187 faciebat
594 3157 638 3190 spfi:
647 3159 756 3189 impetur.
776 3155 896 3183 mutabat
905 3154 931 3182 id
942 3153 1103 3183 Gulielmius
1113 3152 1154 3184 in,

188 3192 318 3228 fatiscebat
327 3192 372 3225 ipse
393 3195 502 3224 impune.

1238 2837 1263 2861 5.
1283 2830 1569 2862 Catofueratproximus,
1579 2826 1646 2860 dnn]
1669 2826 1830 2853 Adhaesimus
1841 2826 1899 2853 mss‘.
1911 2825 2002 2852 nostris
2014 2823 2081 2851 Pali.
2092 2824 2154 2860 qui-

1199 2863 1245 2890 bus
1264 2865 1338 2901 paria
1357 2864 1414 2891 ferte
1433 2863 1563 2890 faciebant
1585 2863 1709 2889 vetustius
1729 2862 1787 2888 cusa
1806 2861 1987 2897 exemplaria,
2006 2860 2152 2886 Lambinus

1199 2900 1283 2927 multa
1301 2900 1439 2927 admiscuit
1475 2908 1569 2926 uorum
1589 2898 1655 2925 niliil
1674 2898 1758 2924 exstat
1777 2898 1802 2923 in
1824 2897 1928 2924 nostris.
1947 2896 2027 2922 sed&
2040 2896 2152 2923 Henrici

1198 2937 1242 2962 Ste
1263 2937 1320 2963 liani
1333 2935 1380 2962 ms.
1392 2935 1455 2962 inihi
1472 2935 1522 2961 ieic
1533 2934 1644 2961 nimium
1657 2935 1737 2969 quam
1748 2932 1876 2969 suspctstus
1888 2933 1934 2959 est.

1256 2993 1261 2999 .
1281 2977 1309 2997 Se
1320 2973 1401 3005 set-Iffe
1419 2972 1449 3002 ἁ*
1460 2971 1569 3005 facere]
1591 2969 1646 2996 Pal.
1658 2979 1741 2996 nonus
1753 2970 1778 2995 &
1792 2970 1818 2995 S.
1830 2969 1901 2996 Viti.
1912 2968 1980 2995 liber
1991 2987 2000 3000 ,
2014 2969 2039 3002 fi
2051 2968 2152 3002 {ffl‘iffi-

1199 3007 1262 3034 facit
1273 3007 1335 3035 inde
1345 3007 1538 3039 Gulielmius-se
1547 3006 1668 3040 &fislffi'r
1678 3006 1801 3039 &facet-t.

1232 3051 1260 3077 7.
1280 3044 1384 3070 Dicenda
1394 3045 1449 3069 Kal.
1468 3042 1625 3076 Jamxariis]
1646 3041 1704 3068 Pal.
1722 3050 1806 3067 nonus
1817 3040 1845 3066 Sc
1859 3038 1970 3066 Erfurd.
1990 3040 2089 3067 dicen-{a
2100 3047 2152 3066 ιη.

1197 3081 1252 3104 Kal.
1263 3082 1374 3112 Janunr.
1385 3080 1413 3105 &
1425 3087 1515 3105 verum
1527 3077 1643 3104 videtur.

1233 3114 1260 3140 8.
1279 3117 1360 3150 mhi!
1374 3116 1448 3148 csfein
1459 3113 1664 3148 scriptum,&c.]
1693 3112 1786 3139 Potior
1804 3111 1890 3138 forsan
1909 3111 2037 3148 scriptura
2055 3120 2154 3138 eorun-

1197 3149 1257 3212 lie‘m
1271 3169 1279 3182 ,
1294 3152 1459 3186 proscriptum.
1479 3158 1540 3177 nam
1559 3148 1726 3176 Lambiniani
1740 3150 1798 3183 jure
1807 3149 1944 3183 scriptum,
1964 3157 2016 3176 non
2037 3147 2072 3174 est
2091 3148 2107 3173 'a
2120 3145 2155 3172 li·
2193 3176 2199 3183 ὁ

1217 3194 1262 3214 ris.

2024 3227 2048 3246 ι·
2067 3220 2157 3252 'K‘we
