2316 3395
802 145 1158 193 TULL'rr

235 148 299 195 62
661 149 732 196 M.

1240 142 1768 190 Cxcznours

166 230 213 261 42
234 231 282 259 Ex
292 228 399 268 scripto
411 228 442 259 &
455 228 597 259 sententia
608 225 806 258 controversia
815 223 957 257 consistit,
967 222 1038 254 611111
1049 223 1122 254 alter
1129 231 1197 252 ver·
1236 223 1341 252 omnia
1351 221 1526 254 confiteatur
1536 243 1544 257 ,
1556 232 1621 254 tum
1630 223 1764 264 judicem
1776 222 1834 265 legi
1843 223 1943 264 parere
1953 244 1962 259 ,
1974 233 2038 256 non
2048 223 2192 266 interpre-

161 1827 204 1860 43

235 269 282 300 bis
293 269 360 310 ipsis
370 291 378 304 ,
413 281 456 301 ua:
467 271 571 311 scripta
582 271 657 303 sunt,
672 272 783 300 utitur:
798 267 915 297 alter-ad
926 266 968 299 id,
979 265 1061 306 quod
1074 265 1195 312 scripto-

236 322 301 342 rem
314 282 429 342 sensiil'e
439 313 519 343 dicer
528 333 535 346 ‚
548 322 675 342 omnem
686 307 1010 350 adjungitdiffionem.
1040 309 1196 347 scriptoris

235 363 336 384 autern
347 355 494 385 sententia
503 355 538 385 ab
550 365 596 387 eo,
609 356 661 394 qui
672 353 817 382 sententia
826 351 855 381 se
865 349 1009 380 defendet
1018 370 1026 383 ,
1037 359 1105 379 tum
1115 349 1194 379 sem—

233 405 285 435 per
295 396 329 426 ad
343 396 424 427 idem
437 396 564 437 spectare
575 416 583 429 ‚
605 397 638 425 86
648 394 731 424 1116111
741 394 818 422 velle
838 391 1107 423 demonstrabitur:
1127 400 1193 421 tum

232 447 281 468 3111
292 448 330 468 ex
341 437 420 468 facto
433 459 440 472 ‚
461 447 510 468 aut
519 448 556 467 ex
568 446 677 466 eventu
687 436 788 476 aliquo
798 435 834 465 ad
846 444 963 474 tempus
973 433 1003 464 id
1015 454 1024 467 ,
1042 432 1124 475 quod
1145 435 1187 463 in-

233 479 327 510 stituit
337 500 346 514 ‚
369 479 656 510 accommodabitur.
689 481 813 517 Semper
822 476 856 507 ad
867 477 950 507 idem
970 474 1095 516 spthare
1106 495 1114 509 ,
1135 476 1194 504 hoc

235 522 346 551 modo:
369 519 582 551 Paterfamilias
600 519 670 550 curn
691 519 857 549 liberorum
867 519 946 549 nihil
955 518 1075 548 haberet
1085 537 1094 551 ,
1116 527 1194 546 uxo-

232 573 296 592 rem
308 573 408 593 autem
421 563 540 593 haberet
550 582 558 595 ,
581 563 613 592 in
625 561 802 592 testamento
821 563 862 591 ita
881 557 1006 600 scripsit:
1028 563 1037 578 ¹
1051 562 1085 589 Si
1108 568 1192 588 Mim

233 614 350 635 FILIUS
365 614 510 634 GENITUS
521 613 611 634 uxos
622 625 630 637 ,
642 613 816 634 pnunssvr.
827 624 834 637 ‚
849 613 878 632 rs
891 611 975 632 Miirr
988 611 1092 631 nanas
1104 610 1191 630 asro>

233 646 356 676 Deinde
365 657 430 687 quae
439 645 575 676 assolent.
607 645 709 676 Postea
719 666 727 679 ,
745 648 779 676 S1
791 655 907 675 Frnms
919 654 1010 674 ANTE
1021 652 1191 675 mom-run,

234 696 336 726 QAM
350 698 388 717 m
397 697 564 718 TUTELAM
576 697 669 718 soAM
682 697 844 721 vauaair,
859 697 902 716 Tu
916 695 1000 715 Mun
1012 706 1020 719 ,
1032 694 1191 717 01661131,

236 739 406 760 SECUNDUS
426 739 531 760 HERES
552 739 639 760 Esro.
663 730 756 760 Filius
775 739 839 759 non
856 728 898 758 est
916 737 1014 758 natus.
1037 727 1195 768 ambigunt

236 774 331 811 agnati
342 782 413 802 cum
425 782 461 802 co
472 792 480 806 ,
501 774 553 813 qui
563 771 605 802 est
615 773 699 801 heres
709 792 717 804 ,
739 769 758 800 si
770 769 849 800 filius
860 770 926 800 ante
938 790 946 803 ,
967 768 1059 810 quam
1069 771 1101 798 in
1111 769 1193 798 suam

233 814 358 843 tutelam
369 816 487 847 veniat,
508 823 646 844 mortuus
656 811 700 843 sit.
725 815 761 842 111
771 814 830 842 1106
840 822 947 853 genere
957 821 1020 841 non
1031 809 1128 851 potest
1138 810 1195 839 hoc

232 855 292 885 dici
305 876 312 889 ,
325 855 360 886 ad
372 865 490 896 tempus
501 876 509 889 ,
531 865 579 885 aut
588 855 623 886 ad
634 864 777 884 eventum
790 855 920 895 aliquem
933 853 1112 883 sententiam
1123 852 1193 881 scri-

233 899 326 937 ptoris
347 907 483 938 oportere
494 897 716 928 accommodari
732 907 736 924 :
756 905 909 936 propterea
918 893 1001 935 quod
1021 904 1053 924 ea
1071 893 1132 923 sola
1144 892 1195 922 de-

230 938 422 972 monstratur.
439 950 497 981 qua
506 938 598 969 fretus
610 939 671 971 ille,
682 939 735 979 qui
746 947 849 967 contra
860 938 1000 976 scriptum
1013 935 1097 968 dicit,
1109 935 1191 964 suam

230 979 289 1011 ess'e
301 981 495 1012 hereditatem
506 980 650 1010 defendit.
663 983 799 1010 Alterum
809 988 908 1009 autem
918 987 1011 1019 genus
1021 976 1064 1007 est
1074 986 1191 1009 eorum,

229 1025 282 1064 qui
293 1023 471 1053 sententiam
482 1022 637 1052 inducunt.
649 1024 681 1051 in
691 1031 752 1062 quo
761 1031 825 1050 non
835 1019 962 1060 fimplex
971 1019 1109 1049 voluntas
1121 1019 1191 1048 scri-

229 1067 324 1105 ptoris
335 1065 511 1098 ostenditur,
523 1074 588 1105 qua:
599 1066 631 1093 in
642 1073 734 1093 omne
745 1072 873 1102 tempuS,
886 1063 961 1092 &in
971 1071 1064 1091 omne
1073 1059 1189 1091 factum

230 1107 313 1136 idem
324 1107 434 1137 valeat.
455 1106 504 1136 sed
519 1115 557 1135 ex
577 1105 710 1146 quodam
728 1104 808 1134 facto
818 1125 827 1139 ‚
848 1113 897 1134 aut
908 1113 1016 1133 eventu
1027 1102 1061 1133 ad
1073 1111 1192 1142 tempus

230 1148 448 1184 interpretanda
468 1148 585 1177 dicitur.
628 1150 670 1178 Ea
685 1147 816 1186 partibus
832 1146 1010 1186 juridicialis
1027 1143 1192 1175 affunitivae

231 1185 368 1220 maxime
379 1189 545 1220 sustinetur.
570 1191 652 1219 Nam
663 1198 728 1219 tum
742 1187 894 1218 inducitur
902 1189 1084 1227 comparatio
1095 1206 1103 1220 ,
1115 1188 1191 1215 utin

231 1242 301 1262 eum
313 1253 321 1266 ,
341 1234 412 1273 qui,
433 1230 505 1261 cum
525 1232 575 1261 lex
594 1231 697 1273 aperiri
708 1238 804 1272 portas
819 1228 903 1259 ηοὸῗιι
918 1237 1029 1259 vetaret
1048 1249 1056 1262 ‚
1076 1230 1190 1268 aperuit

228 1273 359 1314 quodam
371 1277 403 1303 in
414 1274 494 1303 bello
505 1293 513 1306 ‚
537 1273 569 1303 &
579 1273 689 1303 auxilia
698 1272 834 1313 quaedam
853 1273 886 1302 in
901 1271 1048 1312 oppidum
1059 1272 1170 1309 recepit
1181 1290 1188 1303 ,

228 1325 268 1345 ne
279 1316 315 1345 ab
325 1314 459 1345 hostibus
470 1317 711 1355 opprimerentur
720 1334 728 1347 ,
749 1312 770 1343 fi
779 1314 852 1343 foris
864 1312 957 1344 effent
967 1333 975 1347 ‚
995 1311 1077 1354 011ὸά
1096 1321 1187 1351 prope

229 1367 334 1387 muros
352 1356 451 1387 hostes
469 1357 557 1387 castra
567 1356 719 1387 haberent.
744 1358 828 1386 Tum
838 1356 943 1385 relatio
951 1356 1089 1385 criminis
1103 1374 1110 1386 ‚
1132 1357 1145 1372 ²
1158 1362 1190 1382 ut

230 1401 263 1429 in
273 1409 310 1429 eo
321 1420 329 1433 ,
343 1401 413 1440 qui,
426 1397 498 1428 cum
509 1400 685 1429 communis
695 1398 744 1427 lex
754 1398 896 1428 omniurn
907 1398 1067 1427 hominem
1076 1395 1192 1426 occidere

229 1450 359 1475 vetaret,
373 1440 530 1471 tribunum
541 1441 677 1470 militum
688 1440 775 1470 suum
787 1460 795 1473 ,
814 1441 866 1480 qui
878 1442 942 1469 vim
953 1437 1006 1468 sibi
1015 1437 1126 1468 inferre
1135 1448 1187 1467 co-

229 1491 348 1513 naretur
358 1503 366 1517 ‚
379 1481 500 1513 occidit.
534 1485 617 1513 Tum
629 1483 759 1512 remotio
768 1483 907 1511 criminis
918 1501 926 1515 ,
950 1482 1024 1510 utin
1035 1490 1070 1510 eo
1081 1500 1090 1514 ‚
1113 1481 1164 1520 qui
1177 1499 1185 1512 ,

228 1524 363 1556 etim-lex
373 1545 381 1558 ‚
393 1525 502 1565 quibus
511 1525 616 1555 diebus
627 1526 660 1554 in
672 1524 697 1553 16
719 1525 851 1553 ationem
861 1522 1103 1564 proficisceretur,
1114 1531 1188 1561 prae-

229 1565 359 1597 stituerat
371 1577 376 1596 :
397 1568 466 1608 quia
476 1567 609 1596 sumtum
619 1576 685 1607 qua:
714 1575 747 1595 or
756 1574 820 1595 non
830 1565 913 1595 dedit
923 1585 931 1599 ‚
951 1563 1102 1605 profectus
1122 1573 1187 1592 non

227 1607 281 1639 est.
294 1611 379 1639 Tum
388 1607 535 1639 concessio
544 1619 596 1648 per
604 1610 824 1649 purgationem,
837 1607 869 1637 &
878 1617 930 1647 per
940 1606 1185 1646 imprudentiam,

228 1653 305 1681 utin
316 1651 404 1681 vituli
415 1651 628 1681 immolatione
641 1661 646 1678 :
658 1650 691 1679 &
701 1651 838 1689 pervim,
846 1651 920 1679 utin
929 1651 999 1679 navi
1008 1646 1128 1678 rostrata
1139 1657 1144 1675 ·.
1156 1647 1188 1676 86

228 1702 280 1732 per
290 1693 389 1723 casum
401 1712 408 1726 ,
422 1701 455 1722 ut
467 1694 499 1722 in
510 1696 628 1722 Eurotae
638 1690 774 1721 fluminis
784 1691 1002 1732 magnitudine.
1038 1730 1045 1735 .
1066 1699 1132 1719 uase
1141 1697 1191 1718 aut

227 1736 267 1765 ita
278 1736 422 1765 sententia
433 1733 592 1765 inducetur
601 1754 609 1766 ‚
623 1743 654 1763 ut
664 1743 760 1763 unum
772 1733 917 1774 quiddam
928 1730 1053 1763 voluisse
1077 1733 1187 1771 criptoi·

228 1775 465 1806 demonstretur:
488 1784 538 1806 aut
546 1774 584 1806 sic
593 1796 601 1810 ‚
623 1777 699 1806 utin
709 1774 858 1815 ejusmodi
868 1785 897 1804 re
910 1795 918 1808 ‚
940 1774 973 1805 &
983 1782 1118 1814 tempore
1128 1774 1187 1802 1106

227 1817 355 1849 voluiss'e
365 1818 513 1848 doceatur.
540 1820 617 1859 Ergo
628 1820 653 1848 is
663 1837 671 1851 ,
691 1818 743 1859 qui
753 1817 895 1856 scriptum
907 1815 1043 1846 defendit
1051 1835 1059 1849 ‚
1082 1816 1128 1844 his
1141 1815 1186 1843 lo-

226 1862 268 1891 cis
278 1860 454 1901 plerumque
465 1859 609 1890 omnibus
619 1879 628 1893 ,
650 1861 764 1898 maJore
773 1868 871 1888 aurem
886 1867 966 1899 parte
975 1858 1092 1897 semper
1100 1865 1186 1896 pote-

227 1903 266 1932 rit
278 1903 339 1932 uti:
362 1900 501 1932 Primiim
512 1902 660 1942 scriptoris
671 1900 889 1931 collaudatione
901 1920 908 1934 ,
924 1900 957 1930 δὲ
965 1900 1033 1930 1060
1042 1908 1185 1929 commu-

225 1945 260 1974 ni
272 1964 280 1977 ,
293 1944 371 1974 nihil
380 1953 431 1973 eos
442 1963 451 1978 ‚
462 1945 514 1984 qui
528 1944 661 1980 judicent
670 1963 678 1976 ,
691 1940 746 1973 nifi
756 1941 786 1971 id
798 1963 805 1974 ,
819 1941 900 1982 quod
913 1942 1054 1981 scriptum
1065 1938 1108 1973 sit,
1121 1940 1185 1979 spe-

227 1985 306 2016 &are
318 1995 454 2026 oportere
466 1996 471 2013 z
488 1985 521 2015 &
531 1985 589 2014 hoc
598 1995 635 2014 eo
645 1986 749 2026 magis,
763 1982 782 2013 fi
793 1984 955 2023 legitimum
965 1984 1106 2025 scriptum
1116 1991 1185 2021 pro—

226 2026 348 2061 feretur,
360 2027 389 2057 id
400 2026 453 2060 est,
466 2036 514 2057 aut
526 2027 575 2056 lex
586 2027 653 2066 ipsa,
666 2036 714 2056 aut
724 2036 761 2055 ex
772 2026 834 2066 lege
846 2025 968 2066 aliquid.
992 2024 1095 2055 Postea
1102 2022 1184 2064 quod

226 2066 524 2099 vehementiffimum
533 2067 586 2103 est,
598 2067 686 2101 13811,
699 2077 748 2098 3111
758 2069 936 2097 11116111101115
947 2066 1184 2097 adversariorum

227 2120 298 2140 cum
309 2111 372 2150 ipso
384 2111 491 2150 scripto
501 2111 696 2139 contentione
708 2129 716 2143 ‚
737 2109 810 2149 quid
822 2110 963 2148 scriptum
978 2107 1029 2142 sit,
1049 2106 1123 2148 quid
1142 2105 1186 2136 fa-

226 2151 311 2182 &um
323 2172 330 2185 ,
352 2152 545 2192 quidjuratus
554 2151 664 2190 judex:
685 2160 777 2191 quem
796 2151 898 2179 locum
910 2150 1014 2179 multis
1024 2148 1124 2178 modis
1133 2158 1185 2177 va-

226 2195 300 2224 riare
310 2193 469 2234 oportebit.
493 2195 577 2223 Tum
589 2193 685 2233 ipsum
697 2193 798 2222 secum
810 2191 1022 2223 admirantem,
1039 2189 1185 2231 quidnam

227 2234 329 2265 contra
341 2235 401 2264 dici
411 2232 496 2275 poffit
508 2246 512 2263 :
533 2243 599 2264 tum
609 2233 645 2264 ad
653 2233 762 2274 judicis
773 2230 912 2262 officium
923 2240 1132 2263 revertentem,
1152 2230 1184 2259 &

226 2277 263 2307 ab
274 2287 309 2306 eo
320 2285 503 2317 qtiaerentem
517 2296 524 2309 ,
536 2275 606 2316 quid
617 2285 755 2316 praeterea
764 2274 867 2312 audire
875 2294 883 2307 ‚
897 2283 947 2304 aut
955 2272 1121 2313 exspectare
1133 2271 1185 2301 de-

227 2319 309 2357 beat:
324 2328 390 2348 tum
404 2318 453 2357 ips
451 2328 502 2347 11111
513 2318 710 2348 adversarium
721 2337 729 2350 ,
743 2313 821 2357 quasi
831 2317 1004 2345 intentantis
1017 2316 1085 2344 loco
1096 2333 1104 2346 ,
1115 2322 1185 2359 prof

227 2360 366 2391 ducendo
377 2381 385 2393 ,
397 2361 456 2389 hoc
465 2359 524 2393 est,
536 2358 757 2399 interrogando,
769 2367 869 2387 utrum
880 2357 1022 2397 scriptum
1032 2365 1120 2396 neget
1128 2353 1186 2384 esse

227 2412 264 2431 eo
277 2402 370 2431 modo
381 2421 389 2434 ,
404 2411 442 2431 an
453 2401 489 2431 ab
500 2402 527 2431 se
539 2400 640 2430 contra
649 2399 763 2430 13510111
775 2398 832 2429 esse
843 2419 852 2433 ‚
873 2407 921 2428 aut
930 2397 1032 2428 contra
1042 2395 1186 2427 contendi

229 2453 316 2485 neget
329 2454 333 2471 z
345 2452 445 2472 utrum
456 2452 560 2484 negare
569 2443 653 2472 ausus
664 2440 698 2472 sit
707 2462 715 2475 ‚
729 2442 757 2471 se
767 2441 863 2470 dicere
875 2439 1049 2470 desiturum.
1072 2441 1101 2469 Si
1112 2448 1187 2467 neu·

229 2494 309 2514 trum
321 2493 426 2526 neget,
441 2485 474 2515 δε
484 2485 587 2515 contra
597 2492 698 2513 tamen
709 2483 804 2513 dicat:
824 2482 901 2512 nihil
912 2480 969 2512 effe
981 2502 989 2515 ,
1010 2479 1071 2523 qub
1082 2481 1186 2510 homi-

229 2536 302 2556 nem
313 2526 568 2566 impudentiorem
583 2525 739 2566 quisquam
759 2525 787 2554 se
807 2524 941 2554 visurum
961 2523 1125 2553 arbitretur.
1149 2524 1186 2550 In

228 2569 286 2597 hoc
297 2570 336 2597 ita
345 2570 527 2598 commorati
536 2570 698 2597 conveniet
707 2587 714 2599 ,
735 2564 814 2607 quasi
832 2565 910 2596 nihil
927 2574 1064 2606 praeterea
1082 2563 1186 2593 dicen-

229 2610 246 2638 (1
252 2619 303 2638 um
315 2607 358 2641 sit,
372 2611 403 2638 ὃς
413 2608 490 2649 quasi
500 2608 603 2639 contra
613 2609 673 2638 dici
682 2609 760 2638 nihil
769 2605 856 2648 poffit
864 2628 873 2641 ,
886 2608 959 2647 saepe
970 2607 1011 2640 id,
1023 2605 1104 2647 quod
1115 2605 1186 2634 scri—

230 2660 315 2690 prum
336 2650 378 2680 est
396 2651 566 2685 recitando,
586 2651 661 2690 saepe
680 2660 750 2680 cum
771 2650 877 2690 scripto
894 2648 1008 2679 factum
1028 2647 1183 2678 adversarii

230 2691 442 2732 ionfiigendffi
463 2701 547 2733 atque
558 2691 710 2722 interdum
720 2693 824 2722 acriter
833 2691 868 2721 ad
877 2690 1012 2730 judicem
1030 2690 1128 2729 ipsum
1139 2698 1184 2717 re-

227 2734 382 2763 vertendo.
416 2737 485 2773 Qio
507 2736 539 2763 in
558 2734 624 2763 loco
641 2733 736 2773 judici
747 2732 1017 2763 demonstrandum
1027 2730 1070 2761 est
1081 2751 1089 2763 ,
1111 2729 1183 2771 quid

224 2777 340 2812 juratus
352 2773 393 2808 sit,
405 2775 477 2816 quzd
491 2776 572 2815 sequi
583 2775 702 2804 debeat:
719 2774 832 2804 duabus
842 2774 878 2805 de
888 2772 977 2805 causis
984 2772 1118 2813 judicem
1128 2771 1185 2801 du-

230 2818 486 2856 113116011011616,
507 2815 586 2846 siaut
598 2817 736 2856 scriptum
748 2814 781 2845 fit
790 2816 933 2849 obscure,
959 2823 1008 2845 aut
1026 2823 1113 2856 neget
1130 2814 1185 2842 ali-

165 2870 185 2898 4
193 2869 211 2900 4
227 2860 299 2899 quid
310 2858 500 2888 adversarius.
515 2857 594 2889 Csim
605 2858 637 2888 &
648 2858 788 2899 scripturn
800 2858 895 2900 aperte
907 2857 949 2891 sit,
961 2857 995 2888 &
1004 2856 1184 2888 adversarius

1236 265 1289 294 tari
1299 264 1395 306 legem
1406 274 1552 305 epeitere.
1576 267 1646 295 Hoc
1657 267 1726 296 1060
1737 269 1918 297 confirmato
1927 287 1935 301 ,
1949 276 2014 298 tum
2026 267 2138 298 diluere
2148 278 2192 302 ea,

1235 309 1300 347 quae
1310 307 1414 337 contra
1423 308 1482 337 dici
1492 315 1637 347 poterant,
1650 308 1811 347 oportebit.
1835 309 1946 339 Contra
1954 318 2054 339 autem
2066 309 2192 343 dicetur,

1236 350 1257 377 11
1266 357 1316 378 301
1324 349 1443 388 prorsus
1453 348 1533 378 aliud
1545 348 1659 379 sensisse
1678 350 1819 389 scriptor,
1841 350 2023 392 &scripsisse
2042 351 2122 381 aliud
2141 351 2195 381 de-

1236 390 1465 422 monstrabitur:
1486 392 1562 420 utin
1580 391 1632 421 illa
1641 390 1678 421 de
1687 391 1884 426 testamento,
1905 403 1995 434 quarn
2015 394 2193 433 posuimus.
2239 423 2243 426 ,

1234 431 1448 466 controversia,
1472 442 1521 462 aut
1538 433 1621 463 causa
1639 431 1797 465 afi'umtiva
1812 433 1972 469 inferetur,
1992 435 2193 476 quamobrem

1234 474 1342 513 scripto
1361 484 1425 504 non
1445 476 1574 515 potuerit
1586 494 1593 507 ,
1613 484 1734 505 autnon
1745 477 1910 516 oportuerit
1919 476 2130 517 obtemperari.
2162 477 2194 507 Si

1233 515 1314 545 aliud
1326 514 1440 546 sensisse
1452 516 1582 556 scriptor,
1595 516 1676 546 aliud
1688 516 1826 557 scripfiffe
1838 517 1962 551 dicetur,
1975 520 2010 552 is,
2022 521 2074 559 qui
2084 519 2194 558 scripto

1235 565 1342 591 utetur,
1355 559 1414 587 hoc
1425 557 1503 588 dicet
1513 578 1520 591 ,
1533 567 1597 588 non
1609 567 1746 598 oportere
1755 558 1791 588 de
1804 569 1818 588 e
1818 559 1866 598 jus
1877 560 2030 590 voluntate
2041 569 2097 589 nos
2109 569 2195 601 argu-

1214 617 1215 622 =
1236 602 1371 633 mentari,
1384 602 1448 641 qui,
1459 610 1497 629 ne
1507 599 1537 629 id
1547 598 1639 630 facere
1649 598 1802 640 poffemus
1813 620 1821 634 ,
1836 604 1848 627 3
1859 601 2008 640 judicium
2019 601 2109 631 nobis
2120 603 2192 631 reli-

1256 643 1332 671 uerit
1343 641 1399 672 suae
1409 642 1572 672 voluntatis
1587 652 1592 670 z
1613 642 1915 672 multaincommoda
1923 643 2064 684 consequi
2077 663 2085 677 ,
2105 641 2125 672 fi
2143 645 2191 673 in-

1235 650 1389 716 1111031111,
1410 693 1443 713 ut
1459 682 1475 713 3
1493 684 1600 724 scripto
1610 683 1768 714 recedatur.
1792 694 1862 714 nam
1874 684 1906 713 &
1917 694 1968 714 eos
1981 704 1989 718 ,
2008 687 2060 726 qui
2078 684 2192 726 aliquid

1235 724 1371 758 scribant,
1383 735 1447 756 non
1457 724 1690 759 existimaturos,
1702 726 1743 759 id,
1757 726 1837 767 quod
1848 726 2025 766 scripserint,
2036 735 2132 756 ratum
2143 726 2192 756 fu-

1234 774 1349 796 turum:
1367 767 1400 796 86
1409 777 1473 801 eos,
1484 769 1535 808 qui
1545 767 1689 807 judicent,
1701 777 1828 801 certum,
1838 767 1921 808 quod
1932 768 2101 809 sequantur,
2113 768 2191 798 nihil

1234 808 1386 838 habituros
1397 829 1405 841 ,
1427 807 1448 838 si
1459 809 1575 839 semela
1586 811 1693 849 scripto
1703 809 1838 840 recedere
1848 810 2066 840 consueverint.
2098 808 2191 852 de

1233 847 1253 877 fi
1264 850 1402 879 voluntas
1414 851 1562 890 scriptoris
1572 851 1775 881 conservanda
1784 844 1817 882 sit
1826 872 1834 885 ,
1848 852 1876 881 se
1886 872 1893 885 ,
1916 861 1980 881 non
1989 852 2167 882 adversarios
2179 871 2188 885 ,

1232 890 1247 919 a
1259 891 1411 921 voluntate
1423 893 1485 931 ejus
1498 891 1585 922 stare:
1607 903 1679 922 nam
1689 894 1787 923 multo
1798 895 1919 934 propius
1928 893 2064 923 accedere
2074 893 2109 924 ad
2122 894 2193 924 scri-

1230 934 1323 971 ptoris
1333 934 1521 964 voluntatem
1531 954 1538 967 ,
1560 944 1632 964 eum
1643 954 1651 969 ,
1672 937 1724 976 qui
1734 945 1773 965 ex
1784 933 1871 975 ipsius
1881 945 1948 965 eam
1970 936 2076 966 litteris
2096 937 2191 965 inter-

1230 983 1359 1013 pretetur
1368 995 1375 1008 ‚
1397 976 1488 1016 quarn
1500 976 1591 1006 illum
1602 996 1610 1010 ,
1630 979 1682 1017 qui
1701 977 1880 1007 sententiam
1899 977 2047 1017 scriptoris
2066 987 2130 1007 non
2149 986 2190 1007 ex

1231 1014 1318 1055 ipsius
1329 1017 1437 1057 scripto
1446 1017 1556 1058 spesltet
1565 1038 1574 1052 ‚
1595 1018 1677 1059 quod
1689 1018 1740 1048 ille
1750 1019 1808 1049 suae
1816 1020 1980 1049 voluntatis
1991 1017 2071 1060 quasi
2082 1019 2190 1059 imagi-

1230 1067 1292 1086 nem
1309 1059 1480 1099 reliquerit,
1502 1059 1550 1090 sed
1560 1059 1734 1090 domesticis
1745 1060 1965 1101 suspicionibus
1983 1062 2187 1101 perscrutetur.

1230 1102 1282 1130 Sin
1301 1101 1418 1130 causam
1429 1099 1530 1132 afferet
1542 1104 1566 1131 is
1579 1122 1588 1135 ,
1610 1105 1662 1143 qui
1672 1102 1688 1132 a
1700 1102 1844 1133 sententia
1853 1102 1958 1137 stabit,
1977 1101 2113 1143 primum
2133 1104 2190 1133 erit

1229 1142 1333 1172 contra
1342 1143 1506 1172 dicendum
1520 1154 1525 1172 1
1545 1144 1636 1184 quam
1647 1144 1807 1174 absurdum
1821 1165 1829 1177 ,
1842 1155 1905 1174 non
1917 1155 2022 1186 negare
2032 1153 2134 1174 contra
2144 1144 2188 1174 le-

1228 1193 1298 1223 gem
1317 1183 1417 1214 feciss'e
1428 1205 1435 1218 ,
1457 1185 1506 1214 sed
1517 1195 1605 1225 quare
1614 1185 1718 1215 fecerit
1728 1206 1736 1219 ,
1757 1186 1874 1216 causam
1885 1187 2015 1227 aliquam
2037 1188 2185 1218 invenire.

1229 1225 1350 1255 Deinde
1359 1226 1500 1256 conversa
1510 1229 1615 1256 omnia
1623 1225 1682 1256 effe
1696 1238 1700 1255 z
1720 1228 1788 1257 ante
1808 1228 1910 1258 solitos
1929 1227 1985 1257 effe
2004 1228 2186 1258 accusatores

1223 1267 1377 1305 judicibus
1386 1267 1557 1307 persuadere
1568 1288 1575 1301 ,
1589 1267 1713 1298 affinem
1723 1267 1780 1299 effe
1791 1269 1917 1309 alicujus
1927 1271 2022 1310 culpae
2030 1279 2100 1300 eum
2112 1290 2121 1303 ,
2132 1271 2186 1311 qui

1225 1309 1405 1339 accusaretur
1416 1321 1420 1338 ;
1433 1310 1550 1340 causam
1560 1310 1691 1350 proferre
1703 1330 1711 1344 ,
1722 1321 1788 1352 quae
1799 1321 1871 1341 eum
1881 1311 1916 1341 ad
1927 1311 2111 1352 peccandum
2122 1313 2186 1341 im·

1226 1349 1344 1389 pulifl'et
1355 1361 1360 1378 t
1381 1361 1462 1381 nunc
1473 1351 1572 1391 ipsum
1582 1362 1668 1382 reum
1677 1353 1794 1383 causam
1802 1351 1905 1383 afferre
1917 1373 1926 1386 ,
1946 1363 2035 1394 quare
2046 1353 2182 1394 delique·-

1225 1393 1271 1421 rit.
1296 1392 1417 1423 Deinde
1437 1394 1513 1423 hanc
1534 1393 1673 1424 inducere
1684 1397 1878 1434 partitionem
1890 1414 1899 1428 ,
1918 1397 1964 1435 cuj
1970 1405 2002 1424 us
2012 1397 2046 1425 in
2057 1393 2183 1436 singulas

1224 1436 1331 1473 parteis
1342 1435 1445 1464 multae
1455 1437 1638 1466 convenient
1647 1438 1930 1476 argumentationes.
1951 1435 2088 1467 Primum
2100 1436 2185 1468 nulla

1224 1486 1257 1505 in
1276 1476 1339 1517 lege
1359 1477 1453 1507 ullam
1471 1477 1587 1507 causam
1606 1487 1708 1508 contra
1726 1479 1867 1518 scriptum
1886 1480 1979 1518 accipi
1999 1480 2177 1509 convenire:

1224 1518 1345 1548 Deinde
1356 1516 1376 1547 si
1387 1520 1419 1548 in
1430 1520 1533 1549 ceteris
1542 1519 1657 1560 legibus
1668 1523 1838 1554 conveniat,
1849 1521 1925 1550 hanc
1935 1518 1993 1550 effe
2005 1519 2180 1560 hujusmodi

1224 1560 1320 1600 legem
1333 1579 1341 1593 ‚
1354 1569 1387 1590 ut
1397 1562 1429 1590 in
1439 1571 1472 1591 ea
1481 1571 1544 1592 11011
1554 1569 1698 1601 oporteat.
1722 1561 1879 1592 Postremo
1896 1560 1917 1591 si
1937 1564 1970 1591 in
1989 1563 2044 1592 hac
2060 1571 2183 1604 quoque

1224 1602 1288 1643 lege
1298 1611 1448 1641 oporteat,
1467 1603 1544 1632 hanc
1555 1603 1679 1643 quidem
1691 1604 1805 1634 causam
1816 1605 1909 1643 accipi
1919 1603 2051 1634 minime
2060 1613 2182 1644 oporte-

1224 1653 1263 1672 re.
1287 1646 1384 1674 Psima
1392 1654 1456 1684 pars
1466 1645 1512 1674 his
1522 1644 1584 1675 fere
1597 1645 1671 1675 locis
1681 1643 1909 1675 confirmabitur
1918 1665 1926 1679 ,
1938 1646 2073 1685 scriptori
2082 1655 2181 1686 neque
2198 1655 2244 1687 45

1225 1687 1381 1726 ingenium
1394 1707 1402 1719 ‚
1414 1696 1511 1726 neque
1522 1696 1643 1726 operam
1653 1707 1660 1721 ,
1677 1697 1774 1728 neque
1785 1687 1880 1717 ullam
1889 1686 2059 1717 facultatem
2068 1685 2182 1718 defuis-

1224 1727 1251 1757 se
1265 1747 1272 1759 ,
1285 1737 1345 1767 quo
1355 1730 1457 1758 minus
1467 1726 1562 1768 poss‘et
1570 1729 1667 1769 aperte
1678 1729 1855 1770 perscribere
1866 1729 1896 1759 id
1907 1749 1915 1763 ‚
1927 1729 2008 1770 quod
2019 1731 2160 1770 cogitaret
2171 1739 2178 1759 ε

1224 1779 1289 1798 11011
1297 1768 1384 1799 fuiss'e
1397 1772 1424 1800 ei
1438 1780 1524 1810 grave
1534 1790 1543 1803 ‚
1564 1780 1620 1800 nec
1637 1769 1760 1801 difficile
1771 1790 1779 1804 ,
1799 1780 1866 1800 eam
1884 1771 2000 1801 causam
2019 1773 2156 1811 excipere
2168 1791 2178 1804 ,

1224 1821 1313 1851 quam
1332 1811 1487 1842 adversarii
1504 1811 1672 1852 proferant,
1695 1810 1716 1842 si
1726 1815 1888 1853 quicquam
1898 1812 2114 1852 excipiendum
2126 1822 2183 1853 pu-

1224 1851 1323 1882 tass'et:
1344 1852 1498 1883 consuesse
1508 1863 1570 1887 603,
1581 1856 1633 1894 001
1645 1854 1723 1894 leges
1734 1854 1870 1887 scribant,
1883 1854 2114 1894 exceptionibus
2124 1856 2179 1885 uti.

1223 1894 1344 1924 Deinde
1354 1903 1472 1935 oportet
1481 1897 1602 1926 recitare
1621 1896 1700 1936 leges
1710 1905 1780 1925 cum
1793 1896 2021 1936 exceptionibus
2040 1896 2158 1936 scriptas
2171 1916 2181 1930 ,

1225 1937 1258 1966 &
1268 1938 1404 1967 maxime
1414 1937 1516 1967 videre
1526 1957 1535 1970 ‚
1547 1935 1568 1966 si
1577 1939 1677 1978 quain
1686 1947 1719 1968 ea
1728 1937 1788 1977 ipsa
1797 1938 1860 1978 lege
1870 1957 1879 1971 ‚
1903 1947 1960 1978 qua
1969 1937 2006 1967 de
2016 1940 2110 1978 agitur
2119 1958 2127 1972 ,
2147 1937 2183 1968 fit

1223 1980 1361 2018 exceptio
1380 1979 1480 2019 aliquo
1498 1981 1531 2008 in
1550 1982 1643 2019 capite
1654 1999 1664 2012 ,
1683 1987 1733 2009 3111
1743 1979 1819 2019 apud
1828 1979 1961 2009 eundem
1970 1980 2044 2020 legis
2055 1979 2179 2020 scripto-

1222 2030 1287 2050 rem
1298 2040 1306 2054 ,
1327 2030 1389 2061 quo
1399 2022 1493 2061 magis
1503 2030 1574 2050 eum
1583 2020 1725 2061 probetur
1733 2018 1821 2051 fuiss‘e
1832 2030 2026 2061 excepturum
2037 2041 2046 2056 ‚
2067 2019 2089 2051 fi
2107 2021 2182 2063 quid

1223 2062 1436 2102 excipiendum
1468 2071 1576 2092 utarct:
1589 2063 1622 2092 &
1631 2061 1785 2093 ostendere
1798 2082 1807 2096 ,
1818 2062 1933 2092 causam
1944 2065 2073 2102 accipere
2083 2082 2091 2097 ,
2102 2063 2184 2093 nihil

1223 2104 1306 2135 aliud
1316 2102 1374 2133 ess'e
1384 2124 1392 2137 ,
1405 2106 1436 2133 ni
1449 2114 1458 2133 1
1468 2104 1566 2145 legem
1576 2104 1680 2133 tollere
1692 2114 1697 2132 τ
1718 2102 1788 2133 ideo
1798 2102 1881 2146 011ὸά
1891 2123 1899 2137 ,
1912 2102 1985 2133 cum
1995 2104 2087 2134 semel
2097 2105 2182 2135 causa

1223 2143 1425 2175 consideretur
1433 2165 1441 2178 ‚
1453 2146 1531 2174 nihil
1540 2147 1662 2175 attineat
1670 2154 1737 2175 earn
1747 2154 1785 2174 ex
1795 2146 1859 2186 lege
1869 2143 2061 2179 considerare,
2072 2148 2184 2187 quippe

1224 2196 1289 2227 quae
1301 2188 1334 2215 in
1345 2187 1408 2227 lege
1418 2187 1521 2225 scripta
1531 2196 1595 2216 non
1604 2184 1646 2215 fit.
1659 2185 1748 2227 Qod
1759 2184 1780 2215 fi
1791 2185 1824 2216 sit
1833 2186 2006 2217 institutum
2019 2198 2024 2216 τ
2037 2189 2183 2218 omnibus

1225 2228 1341 2257 causam
1352 2227 1412 2257 dari
1425 2247 1433 2261 ‚
1454 2228 1487 2257 &
1497 2227 1672 2267 potestatem
1682 2228 1823 2267 peccandi
1835 2248 1844 2262 ,
1865 2227 1937 2258 curn
1955 2230 2161 2260 intellexerint
2171 2249 2181 2264 ,

1225 2278 1280 2298 vos
1289 2278 1327 2298 ex
1338 2270 1462 2310 ingenio
1472 2271 1535 2307 ejus
1546 2289 1555 2303 ,
1567 2271 1619 2310 qui
1629 2279 1730 2299 contra
1740 2270 1837 2310 legem
1847 2269 1950 2300 fecerit
1960 2291 1968 2303 ,
1984 2281 2048 2301 non
2057 2271 2182 2313 exlege,

1224 2313 1258 2340 in
1268 2313 1456 2350 quamjurari
1466 2309 1524 2340 sitis
1537 2331 1545 2344 ‚
1565 2321 1629 2340 rem
1639 2311 1778 2351 judicare.
1810 2312 1930 2342 Deinde
1942 2312 1975 2343 &
1986 2311 2054 2353 ipsis
2069 2313 2185 2354 judici-

1228 2353 1282 2382 bus
1289 2352 1444 2391 judicandi
1455 2372 1463 2385 ‚
1483 2353 1514 2382 &
1524 2355 1629 2382 ceteris
1639 2354 1755 2383 civibus
1765 2354 1888 2384 vivendi
1898 2356 2027 2384 rationes
2035 2353 2182 2397 perturba-

1227 2401 1289 2422 tum
1304 2395 1352 2426 iri,
1365 2392 1384 2423 si
1396 2394 1488 2424 semel
1497 2394 1514 2424 a
1523 2394 1638 2435 legibus
1649 2394 1792 2425 recessum
1804 2394 1845 2425 sit.
1867 2398 1950 2426 Nam
1961 2396 2117 2436 &judices
2127 2406 2184 2426 ne-

1226 2445 1282 2476 que
1293 2435 1365 2476 quid
1376 2436 1533 2477 sequantur
1545 2456 1552 2469 ,
1565 2436 1714 2466 habituros
1728 2457 1735 2470 ,
1747 2435 1768 2466 fi
1778 2437 1814 2467 ab
1823 2447 1870 2470 eo,
1883 2437 1964 2478 quod
1975 2438 2117 2478 scriptum
2128 2436 2163 2468 fit
2171 2457 2182 2472 ‚

1227 2480 1363 2507 recedant
1375 2487 1380 2505 :
1400 2487 1496 2518 neque
1507 2498 1514 2511 ,
1527 2482 1544 2504 4
1555 2488 1614 2519 quo
1623 2478 1710 2518 paeto
1720 2479 1785 2508 aliis
1795 2481 1963 2519 improbare
1972 2478 2092 2520 poffint,
2101 2479 2184 2521 quod

1206 2534 1208 2543 ·
1226 2528 1329 2549 contra
1339 2520 1606 2560 legemjudicarint
1617 2531 1621 2548 :
1635 2521 1668 2550 &
1678 2529 1790 2551 ceteros
1800 2522 1904 2554 civeis,
1914 2522 1987 2562 quid
1996 2531 2082 2563 agant
2090 2531 2186 2563 igno·v

1225 2569 1338 2590 saturos
1351 2580 1358 2594 ‚
1372 2559 1392 2590 fi
1403 2571 1440 2591 ex
1451 2562 1503 2591 suo
1512 2562 1636 2603 quisque
1646 2561 1772 2592 consilio
1780 2583 1787 2596 ‚
1802 2563 1835 2592 &
1846 2572 1884 2592 ex
1895 2573 1928 2592 ea
1937 2565 2062 2598 latione,
2072 2573 2139 2604 quae
2150 2564 2184 2593 in

1229 2611 1364 2632 mentem
1375 2623 1383 2636 ,
1396 2612 1444 2632 aut
1456 2603 1659 2637 inlibidinem
1668 2607 1785 2634 venerit
1795 2625 1803 2638 ‚
1816 2614 1881 2634 non
1889 2614 1928 2634 ex
1938 2614 2098 2635 communi
2108 2615 2183 2645 prae-

1228 2645 1335 2684 scripto
1353 2647 1479 2674 civitatis
1498 2655 1739 2687 unamquamque
1750 2656 1813 2676 rem
1824 2645 2052 2676 administrabit.
2081 2645 2183 2677 Postea

1226 2696 1354 2727 quaerei‘e
1373 2685 1389 2715 a
1405 2687 1557 2726 judicibus
1570 2686 1635 2727 ipfis
1647 2708 1654 2721 ,
1675 2698 1763 2728 quare
1774 2690 1807 2718 in
1816 2688 1922 2718 alienis
1932 2688 2119 2718 detineantur
2129 2690 2189 2718 ne-'

1225 2730 1316 2769 gotiis
1328 2738 1334 2757 τ
1355 2738 1406 2757 601
1416 2730 1488 2768 reip.
1504 2739 1628 2758 munere
1640 2730 1844 2770 impediantur
1853 2750 1861 2763 ,
1882 2733 1895 2756 5
1906 2727 1977 2759 cum
1989 2730 2092 2770 saepius
2103 2730 2186 2760 seriis

1227 2771 1286 2799 suis
1297 2769 1384 2799 rebus
1397 2770 1430 2799 &
1439 2770 1611 2800 commodis
1631 2771 1738 2801 servire
1757 2769 1882 2811 possint:
1904 2773 1999 2801 curin
2010 2781 2087 2801 certa
2094 2771 2185 2801 verba

1223 2820 1327 2850 jurent
1338 2831 1345 2843 ,
1359 2821 1410 2841 cur
1420 2821 1501 2842 certo
1512 2821 1647 2852 tempore
1657 2815 1849 2846 conveniant,
1861 2822 1942 2843 certo
1952 2813 2106 2843 discedant
2117 2823 2122 2842 :
2136 2814 2184 2842 ni·-

1228 2854 1271 2882 hil
1282 2853 1439 2894 quisquam
1451 2851 1551 2884 afferat
1568 2855 1659 2885 causae
1676 2864 1737 2897 quo
1755 2857 1858 2884 minus
1875 2854 2045 2896 frequenter
2061 2864 2183 2895 operam

2068 2896 2184 2936 reipub.

268 2964 275 2981 1
285 2975 290 2980 .
309 2959 333 2980 „vi
343 2966 398 2980 nti-:1
403 2958 470 2989 fildas
478 2962 571 2987 ¹genuus
580 2965 643 2981 unus
655 2975 663 2986 ‚
673 2956 739 2990 &rc-3]
752 2957 792 2982 lta
805 2955 857 2981 l’all
865 2975 871 2981 .
882 2956 908 2980 &
921 2954 1088 2981 Lmnb'iniaui
1100 2973 1107 2985 ,
1119 2962 1177 2979 nam

226 2990 308 3017 editio
319 2991 404 3026 prima
415 3010 422 3021 ‚
441 2994 466 3016 si
476 2993 532 3016 mibi
535 2994 629 3023 genitus
631 2993 737 3025 sttfi.'1'.·ts
746 3000 819 3016 umas.
839 2990 974 3027 sequentes
987 3010 995 3022 ,
1016 2993 1040 3016 Si
1050 2991 1107 3015 mihi
1110 2991 1180 3023 filius

220 3030 313 3060 gmina
322 3029 394 3058 sinz-it
404 3036 476 3052 unus.
489 3026 582 3052 Lamb.
594 3026 684 3057 finxit,
689 3028 758 3060 filius
765 3030 858 3060 genitur
868 3036 940 3060 1111111,-
950 3036 1002 3053 non
1013 3025 1164 3052 necessario.

264 3071 292 3088 2.
313 3066 340 3087 L't
350 3066 374 3088 in
386 3073 407 3088 :o
417 3065 468 3096 qui,
479 3073 500 3093 ς,-
508 3072 528 3087 c.
538 3064 658 3088 tribunum
668 3063 920 3096 militren1Jiszim‚&c.]
933 3061 993 3088 Mis.
1006 3062 1034 3087 8(
1045 3062 1111 3087 011111
1124 3060 1182 3086 vul-

228 3099 283 3132 gati
295 3117 303 3130 ‚
314 3108 336 3123 ec·
345 3101 417 3124 mifiri-
426 3101 484 3132 φάς
505 3106 533 3123 111
542 3107 633 3134 putem
646 3097 837 3124 rescribendum
851 3117 859 3130 ,
879 3106 905 3123 ut
915 3101 942 3124 in
952 3109 973 3124 eo
983 3100 1054 3123 milite
1063 3100 1105 3132 qui
1115 3117 1123 3129 ,
1133 3097 1184 3128 ὼε.

225 3127 348 3160 iil-mum
358 3135 422 3164 (imm
435 3153 443 3165 ,
454 3144 504 3164 (ys.

265 3178 290 3206 3.
310 3171 431 3203 jeminum
448 3171 513 3195 nti-is
533 3170 653 3203 reliquerit
663 3170 712 3202 suae
728 3170 887 3204 voluntaria]
909 3169 1186 3199 Palaesccundsert.

1226 2951 1426 2979 Crevenbmch.
1439 2952 1552 2976 Indicium
1563 2971 1571 2983 ,
1583 2952 1668 2977 liaereo
1678 2952 1703 2977 111
1716 2951 1850 2987 eligendo.

1262 2996 1290 3020 4.
1310 2989 1359 3020 Qu
1374 2990 1443 3019 pat-'lo
1454 2981 1510 3012 amr*
1519 2989 1648 3019 improbare
1653 2988 1743 3021 sffn]
1765 2986 1918 3013 Vie‘toriana
1927 2988 1985 3011 alios
1996 2998 2005 3019 ‚-
2015 2985 2150 3016 Lambini,
2160 2988 2187 3011 in

1228 3026 1285 3050 aliis
1294 3025 1424 3056 improbare
1435 3032 1442 3053 3
1463 3022 1620 3049 membrana:
1631 3022 1740 3049 Suflridi
1759 3023 1813 3049 nost
1818 3023 1838 3048 ri
1853 3024 1986 3056 probarem.
2005 3031 2037 3048 an
2050 3021 2101 3048 fuit
2112 3023 2122 3049 ἓ
2139 3024 2187 3047 im-

1226 3068 1352 3093 properare
1363 3066 1407 3085 aut
1419 3059 1576 3091 exprobrat-c!
2187 3074 2192 3077 -

1269 3105 1294 3129 5.
1304 3097 1362 3119 Cum
1366 3095 1525 3127 saepius-striis
1528 3094 1583 3127 ficis
1592 3093 1687 3128 rebus]
1700 3093 1793 3128 Adjcci
1805 3102 1894 3120 vocem
1901 3093 1984 3126 striis,
1994 3092 2046 3119 fide
2057 3092 2125 3119 Pau.
2137 3091 2187 3119 sec.

1233 3139 1296 3158 tert.
1307 3140 1336 3156 ac
1345 3129 1480 3156 tii-evenb.
1490 3130 1511 3165 ej
1517 3140 1544 3157 us
1557 3131 1614 3157 loco
1624 3138 1679 3157 erat
1689 3131 1715 3156 in
1726 3140 1767 3166 pr.
1777 3130 2189 3166 neceffhriis,interpretamentum
2200 3154 2203 3156 .

1234 3167 1332 3196 stilicct
1342 3166 1461 3194 alterius.
2097 3182 2101 3183 γ
2154 3201 2156 3203 ¹
2182 3167 2194 3174 ⁴

2093 3209 2116 3227 1.
2127 3203 2187 3234 Esss
