2337 3400
134 462 173 494 18

130 1646 172 1680 19

193 175 290 206 sistere
306 196 314 210 ,
328 186 376 206 aut
396 175 511 215 ingredi
530 179 542 194 ‘¹
554 172 612 204 sine
623 175 802 215 casualiquo
813 195 821 209 ,
842 184 891 204 aut
901 173 1076 215 prolaesione
1090 175 1145 203 vix

191 217 306 259 posset,
327 220 358 248 ἃ
372 221 537 247 multarum
557 227 654 246 rerum
677 215 957 254 jucundissimarum
977 223 1148 245 verteratem

192 260 276 289 dedit
287 279 294 292 ‚
308 270 363 300 qua
374 269 436 288 non
448 259 541 288 modo
553 260 615 288 haec
624 268 692 288 aetas
704 279 712 292 ‚
734 259 781 289 sed
792 261 881 288 etiam
891 261 951 298 jam
961 258 1148 288 corroborata

191 311 350 340 capt-retur.
366 301 574 341 Qarnobrem
586 299 698 341 siquem
708 300 786 331 forte
798 300 1148 340 inveneritis,quiasper-

191 352 280 372 netur
293 342 387 371 oculis
397 342 654 381 pulchritudinem
669 353 767 372 rerum
780 363 788 377 ,
802 352 866 372 non
876 342 970 372 odore
982 342 1045 372 ullo
1056 362 1064 375 ,
1085 351 1148 371 non

192 383 284 416 metu,
298 394 360 413 non
372 384 471 423 sapore
481 386 628 423 capiatur,
640 385 779 414 excludat
788 384 906 415 auribus
916 394 1043 413 ornnem
1052 384 1150 413 suavi-

191 434 282 454 titem
293 436 298 453 ;
309 426 379 455 huic
388 427 510 455 homini
521 436 575 467 ego
585 424 750 459 fortasse&
761 427 858 466 pauci,
869 425 930 455 deos
940 426 1149 467 propitios,ple-

191 469 275 507 rique
293 477 394 497 :tutem
413 469 502 497 iratos
513 468 668 507 putabunt.
695 471 770 509 Ergo
785 468 969 498 haecdeserta
977 470 1022 498 via
1033 487 1043 501 ,
1058 468 1090 497 ὃς
1101 469 1148 496 in-

190 510 269 539 culta
279 529 286 541 ,
300 518 387 550 atque
397 510 557 540 interclusa
570 510 627 547 jam
637 508 797 540 frondibus
807 530 816 544 ,
837 510 870 540 δεῖ
880 510 1015 552 virgultis
1028 530 1036 542 ,
1056 510 1148 539 relin—

191 560 297 591 quatur
309 561 314 579 z
336 551 544 592 detur-aliquid
554 553 632 581 aetati
648 562 653 580 :
677 550 915 582 fitadolescentia
925 553 1045 582 liberior
1058 561 1062 580 :
1083 561 1147 580 non

191 595 297 622 omnia
315 593 520 632 voluptatibus
531 592 728 635 denegentur:
748 605 813 624 non
822 594 938 634 semper
953 594 1069 633 superet
1082 603 1149 622 vera

190 634 243 664 illa
253 655 261 668 ,
275 635 307 664 &
318 635 429 665 directa
440 637 515 665 tatio
527 645 532 663 t
543 637 643 665 vincat
651 636 813 677 aliquando
823 636 969 676 cupiditas
980 655 987 668 ,
1000 634 1150 674 volupms—

190 686 248 716 que
265 678 411 706 rationem
424 697 432 710 ,
453 677 626 707 dummodo
644 678 694 708 illa
711 680 743 708 in
763 680 820 708 hoc
836 688 942 719 genere
958 676 1149 716 praescriptio,

190 718 420 759 moderatioque
430 728 581 749 teneatur:
601 730 616 748 P
627 728 649 749 A
661 729 682 749 R
693 730 711 749 c
722 730 744 750 A
755 731 774 749 τ
794 730 807 758 J
819 730 840 749 υ
851 730 871 749 v
881 730 901 748 r„
910 730 929 748 N
942 730 961 748 T
972 729 995 748 U
1007 729 1019 748 s
1031 717 1150 758 pudici-

192 761 243 789 tia:
254 760 311 790 sua:
323 780 331 794 ,
344 770 381 790 ne
393 760 652 800 spolietalienam:
671 772 707 791 nc
716 761 848 792 effundat
858 762 1076 801 patrimonium
1090 780 1097 792 ,
1111 769 1147 789 ne

190 800 306 832 faenore
323 803 505 836 trucidetur,
526 813 564 833 ne
581 805 709 833 incurrat
727 804 885 833 inalterius
894 803 1024 832 domum
1037 822 1045 834 ,
1063 809 1148 841 atque

194 843 309 874 famam
322 855 326 873 :
339 854 377 874 ne
387 845 533 884 probrum
543 844 626 875 castis
639 866 646 878 ‚
663 845 761 875 labem
772 846 895 885 integris
905 865 912 878 ,
924 843 1083 874 infamiam
1094 844 1148 873 bo-

193 888 241 914 nis
253 885 360 916 inferat
371 897 377 916 ·.
387 890 401 906 ²
413 897 452 916 ne
461 897 553 927 quem
564 889 595 916 vi
605 896 725 916 terreat:
744 897 782 916 ne
792 885 904 916 intersit
916 885 1029 916 insidiis
1041 896 1046 914 z
1060 885 1148 915 scele—

189 936 221 956 τε
240 937 349 958 careat:
371 927 525 968 postremo
537 949 544 962 ‚
556 939 627 958 cum
648 930 775 968 paruerit
792 928 1013 968 voluptatibus,
1033 926 1150 957 dederit

190 969 305 1010 aliquid
322 972 467 1011 temporis
484 970 519 1000 ad
535 970 641 1000 ludum
655 972 765 1003 aetatis,
782 980 869 1011 atque
878 970 913 1001 ad
928 972 1043 1000 inaneis
1063 969 1147 998 hasce

190 1012 400 1043 adolescentia:
410 1012 583 1051 cupiditates
598 1023 603 1040 :
620 1020 728 1041 revocet
740 1013 768 1042 st
776 1012 937 1054 aliquando
948 1011 983 1042 ad
994 1021 1093 1041 curam
1106 1012 1147 1040 rei

192 1054 377 1087 domesticae,
387 1056 428 1083 rei
441 1052 574 1086 forensis,
587 1054 757 1093 reipublicae
769 1065 773 1083 2
786 1064 819 1085 ut
828 1065 861 1084 ea
873 1075 880 1088 ‚
892 1064 956 1094 quae
967 1055 1082 1083 ratione
1095 1062 1148 1082 an-

191 1106 236 1128 tea
247 1106 310 1126 non
330 1096 531 1135 perspexerat,
548 1096 686 1135 fittietate
702 1095 839 1133 abiecisse
850 1116 858 1130 ‚
880 1095 1065 1136 experiendo
1074 1104 1148 1124 con—

190 1137 317 1169 temsisse
328 1137 467 1167 videatur.
490 1141 533 1167 Ac
544 1138 676 1167 multi&
687 1138 795 1171 nostra,
809 1139 841 1168 δε
849 1138 1148 1178 pitrum‚majorutn-

189 1190 248 1221 que
262 1181 419 1212 memoria,
431 1178 558 1219 judices,
571 1180 683 1209 summi
694 1181 834 1210 homines
847 1200 854 1214 ,
867 1181 900 1209 &
911 1177 1149 1210 clariffimicives

188 1223 328 1254 fuerunt,
350 1231 478 1262 quorum
497 1221 570 1251 cuin
587 1220 793 1254 adolescentiae
809 1222 984 1261 cupiditates
1005 1219 1150 1249 defervis-

187 1264 387 1297 scnueximssae
399 1262 715 1303 virtutes,firmatajam
726 1273 820 1297 aetate,
832 1262 1020 1292 exstiterunt.
1034 1271 1073 1291 ex
1083 1262 1151 1301 qui-

190 1306 248 1336 bus
262 1307 421 1335 neminem
441 1307 518 1336 mihi
531 1304 646 1335 neceffe
662 1304 876 1336 est'nominare
892 1315 898 1333 t
918 1304 1035 1333 vosmet
1047 1301 1152 1332 vobis-

188 1358 261 1378 cum
275 1347 482 1378 recordamini.
510 1347 585 1377 nolo
599 1349 682 1376 enim
701 1348 877 1388 cujusquam
887 1345 972 1376 fortis
988 1365 996 1378 ,
1016 1354 1101 1384 atque
1112 1344 1150 1373 il-

188 1389 291 1419 lustris
311 1391 368 1419 viri
386 1399 425 1423 ne
444 1390 613 1419 minimum
633 1389 757 1429 quidem
776 1397 906 1419 erratum
924 1398 995 1418 curn
1014 1388 1149 1416 maxima

188 1431 276 1461 laude
286 1433 477 1472 conjungere.
497 1431 580 1472 quod
592 1430 612 1460 fi
621 1430 716 1460 facere
728 1431 838 1461 vellem
853 1450 861 1464 ,
881 1430 973 1460 multi
982 1428 998 1459 ai
1008 1438 1057 1458 me
1068 1428 1150 1458 sum-

190 1475 235 1502 mi
248 1494 255 1507 ,
272 1482 358 1514 atque
371 1472 872 1512 ornatiffimiviripraedicarenturz
891 1481 1023 1512 quorum
1040 1472 1148 1510 partim

190 1517 288 1545 nimia
306 1514 420 1544 iiber-tas
438 1517 471 1544 in
489 1515 689 1545 adolescentia
706 1535 715 1548 ‚
736 1516 844 1555 partim
862 1513 981 1554 profusa
999 1513 1146 1545 luxuries,

190 1557 369 1598 magnitudo
379 1559 443 1587 aeris
452 1557 553 1590 alieni,
569 1560 580 1583 3
598 1557 723 1589 sumtus,
739 1556 892 1589 libidines,
903 1557 1150 1586 nominarentur:

190 1608 256 1639 quae
274 1600 378 1628 multis
394 1597 496 1638 postea
516 1597 677 1628 virtutibus
696 1597 833 1632 obtecta,
851 1598 1056 1628 adolestentiae
1068 1618 1075 1631 ,
1095 1597 1147 1636 qui

191 1641 300 1673 vellet,
319 1641 511 1671 excusatione
522 1640 705 1671 defenderet.
731 1643 769 1670 At
779 1639 850 1671 vero
862 1643 894 1671 in
914 1642 959 1669 M.
974 1639 1072 1669 Coelio
1091 1638 1150 1677 (di-

192 1692 258 1713 cam
271 1684 353 1712 enim
366 1684 427 1722 jam
440 1681 645 1712 confidentius
658 1682 695 1712 de
712 1681 817 1712 studiis
831 1683 894 1722 ejus
909 1681 1041 1712 honestis
1052 1701 1060 1715 ,
1073 1690 1148 1722 quo-

191 1724 380 1755 niam-tideo
390 1724 536 1765 qumi-am,
552 1724 643 1754 fretus
655 1724 748 1755 vestra
759 1726 909 1764 sapientia,
922 1723 1014 1755 libere
1022 1722 1148 1754 confite-

190 1767 228 1807 ri)
241 1767 324 1796 nulla
336 1767 468 1796 luxuries
481 1767 650 1806 reperietur,
664 1767 741 1796 nulli
752 1767 867 1796 sumtus
879 1788 887 1800 ,
899 1767 1019 1796 nullum
1030 1775 1070 1795 aes
1079 1765 1150 1794 alie-

191 1809 366 1841 nummulla
377 1810 637 1841 conviviorum‚ac
647 1807 809 1838 lustrorum
820 1808 1013 1849 libido.quod
1023 1807 1145 1847 quidem

189 1854 208 1878 4
218 1852 326 1879 vitium
338 1852 449 1879 ventris
471 1850 504 1879 &
519 1852 646 1890 gutturis
657 1869 666 1883 ,
688 1860 752 1879 non
764 1850 859 1879 modo
880 1860 944 1880 non
962 1850 1069 1878 minuit
1082 1857 1151 1877 aetas

193 1892 383 1924 hominibus,
396 1891 444 1921 sed
455 1893 543 1921 etiam
554 1900 648 1933 auget.
672 1895 800 1921 Amores
811 1901 923 1925 autem,
936 1892 967 1921 &
982 1893 1026 1920 hae
1035 1890 1151 1920 deliciae

192 1944 258 1975 qua:
269 1942 431 1967 vocantur,
451 1943 514 1974 quae
532 1932 665 1964 firmiore
684 1936 790 1963 animo
801 1935 932 1974 praeditis
950 1931 1064 1963 diutius
1079 1942 1148 1961 mo-

192 1975 273 2007 lestae
291 1986 355 2005 non
368 1975 464 2005 solent
477 1972 534 2005 effe
551 1975 678 2014 (mature
694 1985 778 2005 enim
791 1996 798 2009 ,
820 1977 995 2006 &celeriter
1010 1972 1151 2005 deflores—

190 2018 277 2058 cunt)
297 2028 466 2058 numquam
484 2018 564 2047 hunc
578 2027 775 2057 occupatum,
796 2018 1038 2058 impeditumque
1049 2026 1153 2046 tenue-

191 2068 274 2091 runt.
298 2059 449 2093 Audistis,
469 2058 540 2089 cum
554 2069 608 2099 pro
628 2060 656 2089 se
666 2059 795 2090 diceret:
813 2059 935 2090 audistis
954 2060 1057 2091 antea,
1078 2057 1149 2088 cum

193 2101 544 2140 accusaret(defendendi
560 2104 621 2131 haec
636 2102 721 2132 causa
737 2121 744 2135 ‚
766 2112 829 2132 non
840 2101 990 2143 gloriandi
1005 2102 1128 2143 loquor:
1141 2101 1158 2140 )v

191 2152 288 2184 genus
307 2145 450 2173 orationis
461 2163 469 2176 ‚
489 2142 673 2177 facultatem,
684 2146 803 2183 copiam
817 2144 1028 2174 sententiarum
1039 2164 1047 2177 ‚
1065 2152 1152 2184 atque

193 2185 368 2218 verborum,
379 2195 445 2226 qua:
455 2185 548 2215 vestra
555 2184 712 2224 prudentia
721 2184 773 2219 eff,
784 2185 984 2226 perspexistis.
1009 2189 1106 2226 Atque
1118 2186 1150 2214 in

194 2237 233 2256 eo
244 2236 307 2256 non
320 2226 417 2257 solum
430 2228 587 2267 ingenium
598 2227 713 2256 elucere
722 2227 787 2266 ejus
797 2228 941 2258 videbatis
954 2239 959 2256 2
982 2228 1064 2269 quod
1075 2228 1148 2266 saepe

194 2270 287 2298 etiam
298 2267 318 2296 sl
329 2268 472 2298 industria
481 2279 543 2298 non
555 2268 645 2297 alitur
659 2290 667 2301 ‚
687 2269 765 2298 valet
778 2277 877 2299 tamen
895 2270 993 2309 ipsum
1004 2270 1062 2299 suis
1077 2269 1151 2298 viri-

196 2310 268 2340 bus:
293 2310 342 2340 seu
352 2311 445 2339 inerat
455 2330 463 2342 ‚
476 2309 531 2339 nisi
541 2320 589 2339 me
598 2319 718 2349 propoer
730 2310 968 2340 benivolentiam
979 2310 1056 2340 forte
1065 2309 1150 2339 falle—

197 2351 264 2385 bat,
278 2353 379 2381 5i‘atio
395 2351 427 2380 &
445 2351 534 2381 bonis
553 2352 664 2381 artibus
681 2351 834 2385 instituta,
857 2353 890 2381 &
907 2362 976 2381 cura
994 2352 1149 2391 &vigiliis

195 2393 353 2423 elaborata.
375 2397 473 2434 Atque
483 2394 596 2425 scitote,
606 2394 614 2432 j
620 2392 729 2426 udices,
741 2403 786 2423 eas
796 2394 980 2433 cupiditates,
992 2403 1057 2433 quae
1071 2393 1149 2431 obji-

197 2437 319 2466 ciuntur
330 2436 428 2466 Coelio
438 2454 446 2469 ,
457 2444 544 2477 atque
555 2436 618 2466 haec
628 2434 722 2466 studia
730 2456 739 2471 ,
760 2435 797 2466 de
813 2435 921 2479 quibus
933 2435 1051 2476 disputo
1061 2454 1070 2469 ‚
1085 2443 1150 2464 non

240 2567 260 2584 ῖ.
273 2562 387 2592 ἀΰτει-(ΨΜ
397 2562 474 2593 a'zyzso
483 2561 683 2595 autproktjionc]
697 2560 776 2587 Hand
787 2561 861 2596 potui
872 2561 998 2587 omittere
1009 2559 1152 2586 lefflionem
1179 2571 1181 2573 ¹

202 2594 275 2633 ἱὶῖξῑῑιῑ
288 2604 455 2630 reportamur
473 2597 530 2622 l’al.
541 2596 591 2622 sec.
603 2604 667 2623 tert.
679 2607 760 2629 nouo,
771 2598 835 2623 item
847 2598 873 2624 in
887 2596 995 2624 izi-furui.
1010 2597 1036 2622 Sc
1047 2596 1158 2623 Gembl.

202 2639 210 2652 “
220 2639 355 2665 ¹¹*S«²‘-«¹Ps⁶
362 2634 454 2666 '⁷11pfionc
465 2644 473 2664 ;
492 2631 560 2667 quod
572 2643 663 2668 parum
675 2633 733 2659 sane
743 2633 820 2660 distat
833 2636 846 2659 ξι
859 2634 923 2666 casti.

235 2675 265 2692 2.
276 2671 311 2691 Nc
320 2678 384 2700 μου]
394 2672 421 2693 τι·
430 2669 545 2702 :ersi-an]
558 2670 600 2694 bic
610 2669 718 2695 (jembl.
729 2669 831 2696 S.Vi&.
842 2671 869 2695 &
882 2670 948 2696 l’all.
960 2665 1050 2696 oinnes
1063 2676 1158 2705 praeter
1179 2655 1181 2681 l

205 2712 302 2728 nntium
315 2712 340 2729 tu
354 2713 406 2738 quo
418 2723 425 2735 ,
440 2714 467 2729 n:-
477 2714 543 2738 quem
553 2707 663 2731 intereat.
685 2715 744 2732 iiam
756 2707 974 2732 Gi·11t.int:rrcat.
994 2706 1022 2731 δε
1032 2715 1095 2731 vero
1110 2715 1158 2731 uo-

203 2748 252 2763 rw}
264 2738 343 2764 lectio
353 2740 437 2765 exstat
449 2748 526 2766 etiam
539 2742 564 2766 in
576 2741 692 2768 editione
704 2743 804 2768 Veneta
813 2742 873 2768 anui
883 2749 936 2767 'cm
946 2750 1144 2767 ccccnxxxiri
1153 2761 1158 2766 .
1180 2764 1182 2774 ,

205 2784 211 2809 3
224 2775 374 2807 ulteriores,
384 2786 411 2800 m
422 2785 486 2809 qima
495 2780 617 2802 interimar
630 2789 637 2809 ἱ
655 2777 724 2814 quod
738 2779 850 2804 nimium
861 2779 896 2804 est
907 2777 1030 2813 profefiio
1040 2790 1050 2810 ,-
1061 2778 1159 2804 miror..

205 2820 256 2845 que
269 2820 317 2836 uon
329 2811 432 2847 improb
441 2820 506 2838 itum
520 2813 662 2840 Lambiuo.

247 2853 272 2880 3.
292 2851 398 2878 Sumtus,
407 2849 516 2873 libidines
527 2850 731 2884 mmmm-omum]
754 2849 863 2876 Habent
873 2850 899 2875 S<
912 2849 1028 2876 nostrum
1041 2849 1162 2885 plerique

207 2916 322 2943 arbitrer
333 2928 375 2944 eos
387 2920 540 2955 scripturam
554 2929 642 2947 veteru
649 2931 672 2947 m
684 2922 766 2957 sequi.

245 2962 273 2985 4.
295 2956 381 2994 Vlmfm
391 2956 481 2980 vomi!
502 2957 531 2986 d*
543 2959 673 2992 guma-in]
697 2960 723 2984 Si
742 2957 937 2993 obsequendum
961 2958 997 2984 est
1008 2957 1162 2983 melioribus

208 2989 370 3016 membr-iuis
382 2990 438 3016 Pal.
450 3000 490 3026 pr.
501 2991 549 3018 sec,
560 3001 648 3028 quart.
660 3004 722 3021 non.
735 2994 842 3021 Gembl.
862 2996 889 3021 S.
901 2994 973 3020 Viet.
987 3003 1024 3020 rei
1033 2992 1161 3019 ocaudum

203 3029 316 3060 gm'ctstw.

244 3071 269 3093 5.
296 3065 365 3087 Ratio
381 3063 410 3093 (9
427 3064 490 3088 hams
506 3066 600 3089 artibm
617 3065 751 3099 instituta]
782 3066 866 3092 Malui
885 3066 951 3093 istud
972 3075 1029 3092 cum
1042 3064 1164 3091 omnibus

202 3097 275 3137 Pali.
287 3107 365 3134 quam
388 3098 525 3135 irrigatum
545 3104 635 3133 manso,
655 3101 723 3135 quod
742 3109 876 3131 tamenne
895 3103 922 3130 in
946 3102 1044 3130 vetuste
1053 3100 1163 3138 quidem

208 3142 282 3165 eigils-

1197 95 1741 145 CICERoNrs

1192 175 1322 207 facilein
1336 176 1445 206 eodem
1455 178 1581 207 homine
1602 177 1659 208 ess'e
1670 176 1760 218 posse.
1784 180 1884 208 Fient
1906 187 1996 209 13le
2017 179 2080 212 non
2093 178 2149 222 poe

1195 217 1250 248 test
1261 239 1269 252 ,
1291 218 1584 248 utanimuslibidini
1594 219 1730 254 deditus3
1749 230 1867 259 amore,
1881 220 2043 256 desiderio,
2063 227 2162 264 cupi--

1197 260 1297 293 ditate,
1311 260 1382 300 saepe
1395 261 1490 289 nimia
1499 262 1584 300 copia
1594 281 1603 294 ‚
1623 263 1725 301 inopia
1735 264 1823 292 etiam
1845 272 2079 304 nonnumquam
2090 268 2150 296 im-

1197 301 1316 342 peditus
1328 322 1335 335 ,
1349 305 1406 331 hoc
1416 301 1562 342 quidquid
1574 301 1617 332 est
1627 322 1635 336 ‚
1650 304 1731 344 quod
1746 314 1802 333 nos
1812 303 1940 334 facimus
1957 307 1990 334 in
2004 306 2144 340 dicendo,

1197 342 1212 364 ⁶
1222 354 1286 373 non
1297 343 1392 373 modo
1401 343 1527 384 agendc),
1537 342 1641 373 verum
1653 347 1743 374 etiam
1754 346 1915 386 cogitando
1925 345 2011 387 possit
2022 348 2150 379 sustine-

1170 407 1173 418 .
1195 396 1235 416 re.
1263 389 1311 415 An
1322 395 1376 415 vos
1386 386 1475 415 aliam
1491 385 1607 414 causam
1615 384 1672 416 effe
1683 387 1775 416 ullam
1787 390 1895 427 putatis
1909 409 1917 422 ,
1941 399 1994 418 cur
2009 392 2042 420 in
2061 393 2150 420 tantis

1198 429 1330 468 praemiis
1339 428 1518 467 eloquentiae
1529 447 1537 460 ‚
1554 435 1631 458 tanta
1641 429 1790 468 voluptate
1800 429 1937 464 dicendi,
1956 440 2034 462 tanta
2051 432 2149 465 laude,

1198 479 1276 499 tanta
1285 471 1374 510 gratia
1385 489 1392 502 ,
1405 477 1486 498 tanto
1496 469 1611 498 honore
1623 489 1631 502 ‚
1654 478 1714 499 tam
1726 468 1782 499 sint
1791 473 1875 509 pauci
1896 473 2069 514 semperque
2085 474 2151 504 fue-

1198 514 1267 544 rint,
1280 512 1331 551 qui
1343 514 1375 540 in
1387 512 1447 540 hoc
1457 510 1555 540 labore
1566 512 1740 541 versentur?
1761 517 1776 540 7
1785 512 1954 543 obterendae
1965 515 2035 545 sunt
2042 526 2151 547 omnes

1196 554 1361 592 voluptates
1373 552 1585 592 ,relinquenda
1596 548 1611 571 8
1621 552 1716 582 studia
1724 552 1929 584 dele-{lationis
1939 574 1947 588 ‚
1960 556 2071 593 judices
2082 577 2090 592 ,
2102 558 2150 588 lu-

1197 595 1263 628 dus,
1272 596 1357 635 jocus
1367 615 1376 628 ,
1388 596 1567 624 convivium
1581 614 1589 627 ‚
1603 594 1699 624 sermo
1709 593 1845 634 estpaene
1861 595 2055 627 familiarium
2067 599 2152 629 dese—

1197 637 1268 666 rend
1274 647 1315 667 us.
1339 647 1405 677 quae
1414 646 1460 666 res
1469 638 1502 666 in
1513 637 1570 665 hoc
1578 646 1685 677 genere
1694 636 1836 666 homines
1846 636 1862 667 a
1870 637 1981 671 labore,
1993 638 2152 681 studioque

1197 679 1319 708 dicendi
1329 679 1446 707 deterret
1457 691 1465 712 3
1485 688 1548 708 non
1559 688 1619 718 quo
1629 686 1679 707 aut
1688 679 1808 719 ingenia
1817 678 1966 713 deficiant,
1977 690 2027 712 aut
2036 681 2152 712 (1οᾶιά-

1196 730 1234 750 na
1249 721 1380 760 puerilis.
1404 723 1452 750 An
1466 721 1532 753 hic,
1556 719 1644 749 sisese
1655 718 1702 749 isti
1715 722 1783 750 vitae
1800 719 1942 755 dediffet,
1961 724 2149 754 consularem

1194 763 1355 792 hominem
1376 761 1544 792 admodum
1561 761 1729 791 adolescens
1746 763 1780 791 in
1802 762 1952 801 judicium
1971 765 2152 796 vocavisset?

1196 804 1246 833 hic
1256 823 1264 838 ‚
1281 803 1307 835 ,fi
1319 804 1455 833 laborem
1465 803 1579 844 fugeret
1589 823 1597 836 ‚
1617 801 1637 832 fi
1651 802 1809 833 obstrusius
1821 805 2024 844 voluptatibus
2036 816 2151 837 tenere-

1197 854 1262 878 tur,
1274 847 1307 875 in
1318 847 1370 876 hac
1381 847 1442 875 acie
1452 845 1588 886 quotidie
1595 845 1758 874 versaretur
1769 848 1778 874 ?
1794 855 1942 885 appeteret
1951 850 2125 879 inimicitias
2139 853 2153 879 ?

1196 887 1389 926 injudicium
1407 893 1545 918 vocaret?
1567 887 1678 916 subiret
1695 888 1864 926 periculum
1882 891 1984 928 capitis
2001 892 2010 919 ?
2027 891 2152 931 ipsoin-

1195 928 1344 969 {incitante
1352 930 1465 969 populo
1476 931 1619 959 Romano
1631 937 1676 958 tot
1686 929 1803 958 menses
1816 939 1867 959 aut
1876 930 1912 960 de
1931 931 2019 961 salute
2030 953 2038 965 ‚
2057 942 2107 963 aut
2116 933 2153 963 de

1194 971 1289 1013 gloria
1305 971 1484 1003 dimicaret?
1506 971 1595 1006 Nihil
1614 972 1705 1011 igitur
1719 971 1772 1000 illa
1789 972 1925 1002 vicinitas
1944 973 2078 1004 redolet?
2101 977 2151 1005 ni—

1196 1014 1239 1043 hil
1251 1015 1415 1043 hominum
1424 1012 1524 1044 fama?
1543 1013 1620 1042 nihil
1640 1012 1716 1052 Bajae
1731 1012 1860 1053 denique
1877 1015 1944 1054 ipsae
1963 1016 2152 1056 loquuntur?

1196 1055 1256 1084 illae
1267 1055 1337 1084 vero
1347 1064 1411 1084 non
1420 1055 1585 1094 loquuntur
1596 1054 1708 1087 solum,
1720 1054 1825 1084 verum
1837 1058 1926 1086 etiam
1935 1058 2153 1098 persbnanr‚huc

1196 1099 1287 1126 unius
1299 1096 1436 1126 mulieris
1447 1096 1609 1125 libidinem
1617 1094 1674 1125 ess'e
1684 1097 1847 1135 prolapsam
1860 1117 1868 1130 ‚
1889 1108 1921 1128 ut
1931 1109 1962 1128 ea
1982 1109 2045 1129 non
2055 1101 2152 1131 modo

1198 1137 1414 1170 solitudinem,
1433 1147 1466 1167 ac
1478 1137 1630 1169 tenebras,
1650 1146 1736 1177 atque
1755 1139 1818 1167 haec
1836 1138 2018 1179 flagitiorum
2032 1144 2153 1182 integu-

1199 1188 1301 1209 menta
1310 1189 1374 1209 non
1384 1188 1491 1219 quaerat
1502 1198 1510 1211 ,
1529 1177 1620 1208 sedin
1630 1177 1804 1218 turpiffimis
1818 1180 1904 1209 rebus
1919 1181 2154 1222 frequentiffima

1198 1221 1366 1252 celebritate
1378 1242 1385 1253 ,
1408 1221 1440 1250 &
1457 1218 1611 1250 clariffima
1622 1220 1688 1249 luce
1707 1220 1830 1250 laetetur.
1854 1222 1968 1253 Verum
1984 1222 2004 1252 si
2021 1226 2088 1264 quis
2099 1224 2152 1259 est,

1198 1265 1250 1304 qui
1260 1264 1350 1293 eriam
1365 1263 1544 1292 meretriciis
1563 1261 1715 1291 amoribus
1737 1262 1917 1292 interdictum
1928 1265 2083 1304 juventuti
2096 1276 2156 1306 pu-

1200 1314 1254 1334 tet:
1283 1304 1326 1334 est
1343 1305 1396 1334 ille
1408 1303 1534 1345 quidem
1552 1303 1638 1333 valde
1657 1304 1775 1333 severus
1791 1315 1796 1332 2
1819 1315 1924 1346 negare
1940 1317 2004 1337 non
2014 1306 2154 1348 poffum:

1199 1346 1249 1377 sed
1260 1347 1396 1377 abhorret
1414 1356 1480 1376 non
1498 1344 1593 1375 mode>
1611 1345 1647 1375 ab
1664 1346 1755 1385 hujus
1773 1346 1873 1377 saeculi
1886 1348 2007 1379 licentia
2019 1369 2027 1382 ,
2045 1349 2155 1381 verum

1198 1391 1288 1418 etiam
1299 1389 1313 1419 a
1325 1390 1477 1426 majorum
1486 1387 1704 1417 consuetudine
1717 1408 1726 1420 ‚
1743 1397 1830 1428 atque
1851 1389 2003 1420 concessis.
2035 1392 2156 1432 quando

1200 1432 1285 1460 enim
1299 1432 1356 1460 hoc
1368 1429 1483 1460 fastum
1494 1439 1559 1460 non
1571 1428 1634 1458 est?
1656 1430 1777 1469 quando
1787 1432 1998 1470 reprehensum
2012 1433 2154 1474 ?quando

1198 1482 1262 1502 non
1276 1471 1474 1512 permissum?
1496 1470 1617 1512 quando
1627 1470 1757 1511 denique
1766 1470 1834 1505 fuit,
1848 1481 1892 1507 ut,
1904 1474 2076 1514 quodlicet,
2091 1485 2157 1507 non

1182 1543 1184 1545 .
1198 1514 1320 1545 liceret?
1344 1513 1403 1543 Hic
1413 1524 1468 1555 ego
1478 1524 1536 1553 ,am
1546 1522 1610 1542 rem
1621 1512 1766 1543 definiam
1778 1524 1782 1542 z
1795 1516 1956 1545 mulierem
1970 1517 2086 1547 nullam
2097 1527 2157 1547 no·-

1200 1556 1343 1586 minabo:
1366 1565 1483 1586 tantum
1504 1557 1536 1584 in
1554 1554 1655 1584 medio
1668 1555 1846 1595 relinquam.
1870 1559 1967 1597 Siquae
1988 1568 2052 1588 non
2063 1568 2156 1599 nupta

1200 1598 1310 1627 mulier
1320 1598 1450 1628 domum
1469 1597 1552 1627 suam
1569 1596 1732 1637 patefecerit
1748 1599 1891 1627 omnium
1911 1598 2084 1638 cupiditati,
2103 1610 2157 1640 pa-

1199 1640 1319 1681 lamque
1334 1640 1393 1670 sese
1404 1641 1435 1668 in
1447 1639 1612 1668 meretric1a
1622 1641 1681 1668 vita
1699 1638 1853 1669 collocarit
1862 1659 1870 1674 ‚
1889 1641 2025 1670 virorum
2035 1642 2169 1673 alienis--

1198 1681 1344 1712 simorum
1352 1683 1502 1712 conviviis
1515 1682 1557 1710 uti
1566 1679 1729 1710 instituerit
1745 1691 1750 1709 :
1775 1679 1795 1710 si
1805 1683 1905 1711 hocin
1919 1682 2003 1716 urbe,
2015 1682 2035 1712 fi
2044 1685 2077 1713 in
2085 1685 2157 1713 hor-

1200 1726 1237 1755 tis
1247 1745 1256 1758 ‚
1281 1723 1302 1753 fi
1311 1727 1343 1754 in
1354 1724 1490 1763 Eajarum
1500 1723 1551 1752 illa
1561 1722 1730 1751 celebritate
1743 1721 1847 1752 faciet:
1870 1722 1890 1752 fi
1899 1723 2030 1764 denique
2044 1727 2084 1755 ita
2095 1725 2156 1756 sese

1197 1775 1278 1808 geret
1288 1786 1296 1799 ,
1308 1776 1371 1795 non
1381 1763 1494 1794 incess'u
1503 1763 1601 1793 solum
1613 1783 1621 1796 ,
1633 1763 1682 1793 sed
1692 1772 1798 1793 ornatu
1807 1773 1892 1805 atque
1903 1768 2048 1796 comitatu
2060 1778 2069 1800 3
2091 1776 2158 1797 non

1200 1807 1351 1848 flagrantia
1369 1807 1527 1837 oculorum
1538 1825 1546 1838 ,
1570 1814 1635 1834 non
1658 1804 1790 1835 libertate
1810 1806 1957 1839 sermonis
1968 1819 1977 1841 ;
1997 1807 2046 1837 sed
2063 1810 2157 1839 etiam

1197 1849 1375 1889 complexu.
1386 1848 1582 1880 osculatione,
1597 1848 1697 1887 aquis,
1711 1848 1901 1888 navigatione
1912 1869 1921 1882 ‚
1940 1851 2090 1880 conviviis
2100 1870 2108 1884 ,
2122 1859 2158 1881 ut

1199 1896 1214 1919 9
1224 1901 1287 1921 non
1295 1891 1394 1921 solum
1407 1891 1549 1919 meretrix
1558 1909 1566 1922 ‚
1579 1889 1627 1919 sed
1637 1890 1727 1919 etiam
1736 1899 1847 1929 procax
1856 1890 1991 1921 videatur
2003 1902 2008 1920 :
2020 1902 2092 1922 cum
2102 1892 2158 1923 hac

1203 1932 1223 1963 si
1236 1934 1303 1974 quis
1312 1932 1482 1963 adolescens
1490 1930 1568 1961 forte
1579 1930 1670 1961 fuerit
1678 1951 1686 1964 ‚
1699 1931 1800 1961 utrum
1812 1933 1861 1976 hic
1869 1932 1925 1962 tibi
1936 1953 1944 1967 ‚
1958 1934 1992 1962 L.
2005 1935 2156 1968 Herenni,

1201 1975 1311 2004 adulter
1320 1996 1328 2009 ,
1343 1985 1380 2005 an
1390 1981 1502 2003 amator
1513 1984 1523 2000 .·
1545 1982 1713 2015 expugnare
1721 1973 1898 2013 pudicitiam
1910 1994 1918 2008 ,
1942 1985 1980 2004 an
1989 1976 2108 2016 explere
2119 1976 2159 2005 li-

1202 2018 1339 2048 bidinem
1349 2014 1476 2048 voluiss'e
1494 2015 1645 2047 videatur?
1668 2015 1838 2045 Obliviscor
1847 2016 1911 2056 jam
1921 2017 2045 2056 injurias
2056 2038 2064 2051 ,
2086 2018 2159 2048 Clo-

1200 2059 1248 2090 dia
1260 2070 1265 2088 t
1290 2059 1411 2099 depono
1425 2059 1607 2088 memoriam
1617 2057 1732 2087 doloris
1750 2059 1829 2087 mei:
1855 2068 1920 2099 quae
1931 2058 1981 2089 abs
1991 2067 2019 2089 te
2029 2060 2159 2090 crudeli-

1201 2111 1244 2132 ter
1255 2105 1287 2131 in
1298 2111 1394 2134 meos,
1409 2111 1459 2130 me
1470 2100 1599 2133 absente,
1612 2098 1689 2129 fa&a
1701 2099 1779 2133 sunt,
1790 2101 1920 2141 negligo.
1944 2111 1982 2130 ne
1991 2099 2045 2131 sint
2053 2103 2115 2131 haec
2123 2103 2158 2132 in

1201 2153 1228 2174 te
1243 2143 1333 2177 dista,
1345 2154 1409 2184 quae
1419 2143 1495 2173 dixi.
1519 2141 1567 2171 sed
1577 2152 1614 2171 ex
1624 2150 1653 2171 te
1670 2142 1730 2181 ipsa
1738 2144 1858 2182 requiro
1870 2163 1878 2175 ,
1898 2145 2043 2183 quoniam
2055 2143 2088 2172 ὃς
2098 2144 2158 2173 cri-

1202 2195 1275 2216 men
1284 2186 1464 2216 accusatores
1474 2183 1525 2214 abs
1536 2193 1574 2217 te,
1587 2182 1733 2214 &testem
1744 2185 1808 2222 ejus
1822 2186 1958 2213 criminis
1969 2193 1997 2213 te
2006 2185 2098 2224 ipsam
2110 2184 2158 2213 di-

1200 2236 1273 2258 cunt
1282 2228 1309 2258 se
1326 2228 1448 2257 habere:
1473 2225 1552 2266 fiqua
1569 2225 1680 2255 mulier
1696 2224 1731 2254 sit
1747 2225 1940 2265 hujusmodi,
1961 2226 2081 2265 qualem
2102 2236 2157 2266 ego

1199 2270 1301 2309 paullo
1311 2269 1378 2299 ante
1388 2266 1523 2307 descripfi
1534 2287 1543 2301 ,
1558 2269 1601 2297 tui
1611 2265 1760 2296 diffimilis
1768 2286 1776 2299 ‚
1792 2268 1853 2295 vita
1863 2286 1871 2299 ‚
1882 2265 2081 2307 institutoque
2090 2277 2157 2297 me-

1201 2312 1320 2341 retricio
1332 2322 1341 2344 3
1356 2320 1425 2340 cum
1436 2311 1489 2339 hac
1498 2308 1610 2348 aliquid
1622 2307 1840 2337 adolescentem
1851 2309 2010 2337 hominem
2023 2307 2157 2339 habuifl'e

1201 2354 1326 2382 rationis
1336 2371 1344 2384 ,
1360 2361 1436 2380 num
1451 2350 1506 2379 tibi
1519 2358 1667 2389 perturpe,
1679 2358 1728 2378 aut
1735 2348 1970 2390 perflagitiosum
1983 2349 2041 2379 effe
2055 2350 2157 2381 videa-

2171 983 2218 1008 20

1201 2394 1267 2422 tur?
1290 2395 1331 2422 Ea
1342 2391 1361 2420 si
1371 2401 1402 2421 tu
1415 2401 1478 2421 non
1486 2401 1516 2420 es
1529 2411 1537 2424 ,
1557 2389 1627 2421 sicut
1636 2400 1691 2430 ego
1701 2391 1783 2421 malo
1795 2402 1799 2419 z
1824 2391 1897 2431 quid
1912 2390 1954 2421 est
1965 2411 1972 2425 ‚
1985 2392 2066 2432 quod
2077 2393 2158 2433 obji-
2190 2388 2195 2391 ³

1201 2436 1280 2465 ciant
1293 2434 1413 2465 Coelio?
1435 2431 1479 2464 sin
1489 2442 1554 2464 eam
1565 2442 1594 2464 te
1602 2434 1711 2464 volunt
1721 2431 1778 2462 effe
1791 2443 1797 2462 2
1819 2432 1891 2474 quid
1904 2432 1946 2463 est
1954 2453 1963 2468 ,
1974 2443 2025 2464 cur
2033 2444 2090 2465 nos
2100 2436 2161 2465 cri-

2086 2486 2160 2508 men

1237 2562 1265 2588 6.
1286 2565 1337 2588 Non
1347 2562 1408 2587 mado
1417 2561 1527 2596 agenda]
1549 2561 1656 2588 Gembl.
1667 2562 1695 2587 δε
1707 2560 1774 2587 Pali.
1785 2561 1865 2588 nostri
1877 2569 1968 2587 omnes
1981 2579 1990 2592 ‚
2001 2559 2066 2586 item
2077 2560 2160 2586 Grut.

1200 2608 1287 2632 <stimplo
1297 2599 1357 2623 modo
1371 2599 1464 2631 agenda.

1238 2642 1254 2668 7
1261 2655 1266 2659 .
1285 2634 1477 2667 Obtercndaefimt
1486 2643 1562 2659 omnes
1571 2634 1732 2668 voluptates]

1757 2633 1799 2660 Est
1810 2634 1825 2659 :i
1836 2631 1966 2669 plerisque
1977 2632 2034 2658 mss'.
2045 2640 2159 2668 quorum

1204 2671 1247 2696 vix
1260 2679 1325 2697 uuus
1337 2670 1447 2696 babebat
1457 2669 1524 2695 illud
1534 2670 1671 2695 omittenda.
1691 2670 1717 2695 in
1731 2669 1786 2695 Pal.
1797 2676 1855 2695 erat
1865 2668 2014 2700 conterende,
2023 2671 2097 2703 aeque
2110 2667 2175 2693 bo-‘

1203 2715 1276 2732 nuni.
1297 2706 1367 2741 prius
1379 2713 1466 2732 tamen
1475 2706 1595 2741 nostruin
1608 2705 1728 2731 firmabat
1741 2705 1852 2731 Erfurd.
1863 2704 1971 2730 Genibl.
1983 2705 2009 2730 S.
2026 2703 2097 2730 Vi&-

1239 2742 1265 2768 8.
1285 2743 1370 2767 Studia
1380 2742 1632 2775 ‹ieleffrationisjndices
1641 2752 1646 2766 :
1657 2742 1820 2775 l11d115‚,j0clb5,
1831 2744 1976 2771 convivium,
1981 2740 2055 2772 sermo
2064 2739 2164 2774 erlpena

1201 2780 1279 2808 fiam-l.
1290 2779 1357 2812 [yn]
1380 2778 1455 2803 Nihil
1468 2778 1519 2803 abii
1531 2788 1545 2803 ιι
1557 2778 1614 2803 Pal.
1626 2787 1697 2803 nono
1710 2797 1717 2809 ,
1728 2787 1807 2813 quein
1819 2776 1948 2802 stabilibat
1962 2775 2046 2801 codex
2058 2775 2160 2800 Turiu-

1181 2821 1183 2850 ζ
1203 2816 1287 2849 gicus.
1308 2814 1490 2850 publicabatur
1504 2813 1575 2849 prius
1590 2813 1673 2845 studia
1691 2813 1865 2841 ‹lelci‘lationi53
1880 2812 1950 2836 ludm
1960 2830 1968 2842 ,
1979 2813 2048 2844 jocus·
2060 2830 2067 2842 ‚
2079 2814 2159 2835 cmm-

298 2882 301 2885 ,
1182 2872 1183 2879 ,
1205 2854 1271 2875 *rium
1284 2869 1291 2881 ,
1304 2851 1379 2884 firmo
1388 2850 1526 2882 etiampaen&
1536 2852 1636 2874 omnium
1644 2851 1813 2883 familiarium.
1833 2847 1909 2883 plane
1919 2852 2012 2873 contra
2023 2845 2080 2872 mss'.
2092 2845 2172 2872 Pall..

207 2880 411 2908 Lanibiuiamiin
430 2884 496 2909 illud
510 2886 604 2916 fimum
621 2887 742 2918 [midjaim
761 2886 801 2912 sed
813 2886 877 2913 nihil
898 2885 958 2912 ideo
973 2892 1068 2916 muto,
1090 2884 1161 2921 quod
1181 2883 1183 2891 ¹

1208 2887 1251 2922 qui
1264 2894 1310 2912 uec
1328 2890 1398 2912 ctiam
1408 2886 1504 2913 habent
1515 2894 1560 2911 nec
1570 2888 1669 2910 omnium
1680 2904 1687 2916 ,
1709 2894 1760 2910 nou
1772 2885 1854 2919 inagis
1865 2892 1942 2918 quam
1955 2883 2060 2909 Nonius
2081 2882 2106 2908 in
2117 2885 2162 2915 Jo-

1181 2935 1183 2942 <
1207 2933 1264 2948 cns.-
1284 2921 1327 2947 ubi
1348 2930 1433 2948 tamen
1445 2921 1549 2948 fallitur
1560 2919 1706 2946 Lambinus
1724 2919 1787 2946 dum
1807 2927 1886 2955 negat
1899 2918 1985 2945 eidem
2004 2917 2086 2945 abesse
2097 2919 2162 2945 item

1201 2959 1276 2991 pem&-
1296 2957 1408 2993 ideoque
1419 2958 1536 2984 editione
1546 2955 1588 2982 sua
1599 2955 1719 2982 exclusit.

1241 3003 1271 3028 9.
1291 2997 1342 3019 Non
1359 2996 1433 3027 fialam
1452 2996 1580 3024 meretrix,
1595 2993 1717 3024 fidutiam
1732 2999 1822 3024 procax
1838 2991 1979 3024 viduarum]
2002 2990 2027 3015 Si
2038 2989 2163 3025 sequendi

1206 3029 1266 3055 sunt
1276 3030 1394 3056 melioris
1406 3037 1474 3055 notre
1485 3028 1542 3054 mss.
1554 3027 1623 3054 l'all.
1633 3027 1681 3053 sec.
1694 3035 1756 3053 tert.
1768 3035 1857 3062 quart.
1869 3025 2169 3058 nonus,resc1·ibemlum·

1207 3069 1320 3090 meretrix
1335 3066 1593 3099 procaxqm‘vidcatur
1605 3083 1613 3095 ,
1632 3062 1729 3089 omiffis
1741 3062 1906 3089 intermediis
1922 3071 1978 3097 quae
1988 3071 2033 3088 nec
2050 3062 2075 3087 in
2088 3062 2163 3087 Gru-

1208 3103 1319 3126 ter-iano.
1333 3102 1389 3128 Bal.
1400 3111 1440 3137 pr.
1460 3100 1631 3128 nihilomiuus
1642 3099 1719 3127 habet
1731 3119 1739 3133 ,
1757 3109 1802 3126 nvn
1813 3100 1889 3135 filum
1897 3101 2009 3126 meretrix
2018 3117 2026 3131 ,
2040 3098 2085 3131 fid
2091 3100 2163 3122 etiam

1203 3145 1317 3170 proterva
1324 3145 1467 3173 procaxque,
