2360 3400
383 202 524 243 M.T.C.
546 201 800 234 D.BRUTO‚
824 203 924 232 IMP.
946 202 1028 232 s.D.

231 246 308 322 L
318 250 417 278 Aram
434 257 498 278 uno
507 248 651 277 omnium
662 246 889 278 familiai-iffime
904 256 981 278 utor.
1004 249 1113 288 Magna
1123 247 1186 286 ejus

273 300 278 301 ⁷
316 291 350 320 in
360 299 411 320 me
420 309 429 324 ‚
444 299 508 320 non
517 288 587 319 dico
597 287 697 324 officia
709 310 718 323 ,
733 289 782 319 sed
791 292 898 321 merita
907 309 916 324 ,
932 299 1024 330 eaque
1033 289 1101 319 sunt
1110 297 1182 328 pop.

230 333 325 362 Rom.
345 330 503 362 notiffima.
532 333 561 361 Is
579 330 874 372 magnificentiffimo
892 340 1019 362 munere
1038 329 1187 360 aedilitatis

227 372 402 414 perfunditis
412 384 422 408 3
440 374 517 414 petit
532 382 687 412 praeturam
704 384 710 402 :
731 374 895 415 omnesque
911 372 1105 413 intelligunt,
1129 381 1186 400 nec

230 414 405 455 dignitatern
424 417 453 445 ei
466 414 561 445 deefl'e
572 435 580 449 ‚
599 425 655 445 nec
663 417 795 457 gratiam.
818 415 874 447 Sed
885 417 910 445 is
919 414 1049 445 ambitus
1058 414 1185 443 excitare

225 456 356 491 videtur,
369 465 402 487 ut
414 466 470 498 ego
482 458 588 488 omnia
600 457 806 497 pertimescam
817 477 826 491 ,
838 466 991 498 totamque
1003 456 1183 496 petitionem

226 498 342 529 Lamiae
359 499 439 529 mihi
459 498 660 530 sustinendam
677 508 792 539 putem.
815 502 853 529 In
869 508 902 530 ea
919 508 949 528 re
967 505 1114 539 quantum
1133 505 1183 525 me

226 537 318 579 poffis
327 540 466 580 adjuvare
476 561 485 575 ,
504 540 591 572 facile
603 541 749 581 perspicio
761 552 767 571 z
786 551 842 572 nec
851 538 922 571 vero
933 559 941 574 ,
960 547 1105 580 quantum
1116 547 1183 568 mea

223 581 308 612 causa
318 582 393 612 velis
403 603 411 617 ‚
433 583 548 613 dubito.
573 583 675 613 Velim
686 585 778 623 igitur
788 603 797 616 ‚
817 584 862 613 mi
870 585 960 613 Brute
969 601 978 615 ,
998 580 1053 611 tibi
1063 579 1180 620 persua·

224 622 294 653 deas
302 643 311 657 ‚
327 625 406 654 nihil
417 635 466 654 me
478 625 591 665 majore
602 624 700 655 studio
710 625 726 655 a
736 632 764 655 te
772 633 871 665 petere
879 643 888 658 ‚
901 623 980 654 nihil
991 631 1018 653 te
1028 623 1106 652 mihi
1117 631 1180 662 gra-

222 666 282 695 tius
290 664 385 696 facere
394 665 475 707 pofle
488 686 496 701 ,
516 666 606 707 quam
617 665 638 696 si
648 666 793 697 omnibus
805 667 863 696 tuis
871 665 979 705 opibus
988 683 997 698 ‚
1019 665 1108 694 omni
1118 662 1179 693 stu-

220 706 284 740 dio,
294 709 434 739 Lamiam
443 711 476 739 in
484 710 632 750 petitione
636 708 761 749 juveris,
771 707 853 749 quod
864 716 895 737 ut
901 706 1001 740 facias,
1011 706 1179 736 vehemen—

223 757 266 778 ter
276 758 304 780 te
314 759 398 791 rogo.
887 766 894 769 -

298 797 343 830 M.
355 799 394 827 T.
405 799 437 828 C.
461 798 501 826 D.
516 798 659 827 BRUTO
670 816 679 829 ,
701 797 784 825 IMP.
809 795 888 824 COS.
911 795 997 824 DES.
1019 795 1048 824 S.
1060 795 1100 823 D.

300 840 362 868 Ts1
376 848 414 868 ex
424 837 570 868 mandatis
581 857 590 871 ,
610 847 675 877 quae
688 836 790 866 Galbae
800 854 809 870 ,
830 835 1061 876 Volumnioque
1079 834 1114 865 ad
1131 834 1175 865 se-

300 889 404 910 natum
415 878 540 912 dedisti,
551 878 623 919 quid
633 877 807 908 timendum
819 896 828 911 ,
839 877 1108 917 suspicandumque
1118 886 1174 916 pu-

218 929 292 951 tares
301 941 310 955 ,
322 920 555 961 suspicabamur:
567 929 667 950 tamen
675 918 830 949 timidiora
838 919 976 949 mandata
983 918 1173 953 videbantur,

216 972 308 1002 quam
319 971 378 992 erat
387 962 515 1002 dignum
527 970 574 992 tua
583 981 591 995 ,
609 961 773 1002 populique
783 962 877 991 Rom.
890 960 1025 991 vi&oria.
1048 963 1172 991 Senatus

215 1012 317 1034 autem
329 1023 337 1037 ,
350 1005 394 1033 mi
404 1006 490 1033 Brute
502 1023 510 1036 ,
522 1001 610 1033 fortis
619 1003 663 1033 est
672 1023 680 1036 ‚
693 1002 725 1033 &
736 1001 936 1033 habetforteis
945 1002 1045 1033 duces.
1069 1005 1172 1044 Itaque

218 1044 345 1075 moleste
355 1044 467 1075 ferebat
476 1065 484 1078 ,
500 1045 528 1075 se
539 1045 555 1075 a
565 1053 592 1075 te
604 1065 612 1078 ‚
627 1054 717 1086 quem
729 1046 872 1075 omnium
882 1064 891 1078 ,
903 1046 1086 1086 quicumque
1096 1044 1170 1075 fuis-

211 1085 296 1120 sent,
311 1085 504 1116 fortiffimum
512 1085 658 1126 judicaret
667 1106 675 1121 ‚
692 1086 837 1117 timidum
849 1106 858 1121 ‚
872 1095 959 1127 atque
968 1088 1112 1128 ignavum
1120 1088 1170 1126 ju-

210 1127 314 1158 dicari.
338 1130 459 1159 Etenim
474 1127 543 1160 cum
556 1148 564 1162 ,
586 1137 614 1159 te
628 1128 746 1159 incluso
758 1148 767 1162 ,
785 1129 869 1168 spem
884 1129 1049 1159 maximam
1061 1138 1168 1160 omnes

212 1168 383 1200 habuissent
392 1172 425 1200 in
434 1179 481 1200 tua
489 1171 599 1200 virtute
611 1190 620 1203 ‚
636 1169 763 1201 florente
774 1172 929 1201 Antonio:
948 1171 1019 1211 quis
1028 1178 1106 1205 erat,
1117 1172 1169 1212 qui

207 1211 374 1252 quidquam
385 1214 522 1246 timeret,
541 1210 699 1253 profligato
713 1212 768 1242 illo
779 1231 788 1245 ‚
810 1221 838 1242 te
852 1211 975 1243 liberato
988 1215 999 1241 ?
1021 1215 1087 1243 Nec
1096 1212 1168 1243 vero

209 1253 363 1292 Lepidum
373 1253 566 1284 timebamus.
590 1256 666 1294 Qiis
675 1256 760 1284 enim
771 1251 861 1288 esset,
879 1255 932 1294 qui
948 1254 1036 1284 illum
1047 1263 1107 1285 tam
1119 1253 1167 1285 fu-

207 1295 325 1325 riosum
335 1295 538 1329 arbitraretur,
560 1304 592 1325 ut
630 1297 660 1325 ui
678 1297 710 1325 in
729 1297 869 1325 maximo
882 1296 964 1326 bello
973 1306 1075 1336 pacem
1088 1296 1167 1326 velle

208 1337 238 1367 se
247 1335 389 1371 dixisset,
409 1339 434 1366 is
453 1338 486 1367 in
505 1338 597 1377 optati
621 1347 682 1367 ima
698 1347 768 1376 pace
780 1337 896 1367 bellum
916 1339 989 1378 reip.
1003 1338 1166 1368 indiceret?

210 1381 277 1409 Nec
287 1378 393 1408 dubito
403 1397 412 1412 ‚
423 1380 497 1419 quin
509 1387 540 1408 tu
550 1378 616 1418 plus
626 1379 794 1418 provideas.
813 1379 869 1409 Sed
881 1388 981 1409 tamen
992 1388 1052 1410 tam
1062 1390 1166 1410 recen-

207 1421 230 1450 ti
241 1420 434 1460 gratulatione
444 1438 453 1453 ,
472 1429 561 1461 quam
580 1429 632 1450 tuo
645 1422 773 1450 nomine
786 1420 821 1450 ad
835 1422 941 1451 omnia
950 1421 1076 1452 deorum
1088 1430 1165 1452 tem-

206 1462 259 1502 pla·
268 1460 397 1491 fecimus
407 1481 415 1495 ‚
435 1463 591 1492 renovatio
602 1463 721 1492 timoris
731 1471 867 1502 magnam
880 1462 1050 1493 molestiam
1063 1462 1166 1494 affere-

207 1503 265 1534 bat.
288 1504 385 1544 Qare
394 1503 487 1533 velim
499 1502 639 1544 equidem
653 1523 662 1538 ‚
681 1503 712 1534 id
723 1504 805 1544 quod
816 1504 898 1544 spero
909 1525 917 1539 ,
938 1514 971 1534 ut
983 1505 1072 1545 plane
1086 1505 1166 1545 abje-

207 1544 274 1574 &us
286 1564 296 1578 ,
310 1545 344 1575 δε
352 1543 462 1576 Ὲηῑᾶιιε
472 1543 506 1575 fit
516 1544 681 1576 Antonius.
704 1548 757 1576 Sin
766 1546 880 1586 aliquid
890 1548 1003 1577 virium
1014 1546 1091 1577 forte
1101 1548 1165 1578 col-

205 1586 328 1628 legerit:
347 1586 454 1616 sentiet
465 1607 474 1620 ,
494 1597 549 1618 nec
559 1586 672 1617 senatui
680 1586 840 1618 confilium
852 1608 861 1622 2
881 1598 936 1618 nec
945 1589 1058 1629 populo
1068 1591 1164 1619 Rom.

202 1630 348 1659 virtutem
359 1627 526 1663 deefl‘emec
535 1630 607 1670 reip.
620 1637 648 1660 te
657 1631 741 1664 vivo,
751 1631 973 1671 imperatorem.
984 1640 1038 1661 xri
1045 1641 1072 1661 11
1079 1632 1159 1662 .Kal.

223 1679 274 1701 un.
569 1679 575 1683 ’

144 1670 221 1754 19J
394 1715 658 1745 D.BRUTUS
682 1715 821 1744 M.·1·.c.
845 1716 973 1745 S.P.D.

236 1753 265 1828 q
295 1757 327 1784 D
341 1754 474 1785 senatum
493 1765 565 1796 quas
583 1757 694 1786 litteras
713 1754 780 1786 mifi
790 1775 799 1790 ,
819 1756 912 1786 velim
926 1755 1009 1797 prius
1017 1757 1160 1798 perlegas:

297 1796 330 1826 &
348 1795 369 1825 si
407 1806 443 1826 ua
460 1797 515 1827 tibi
532 1797 716 1827 videbuntur
733 1817 742 1832 ,
771 1806 956 1828 commutes.
987 1798 1160 1830 Necessario

208 1846 258 1866 me
269 1806 407 1877 scripsisti}
417 1857 426 1871 ,
437 1838 498 1878 ipse
509 1838 737 1869 animadvertes.
752 1849 823 1869 nam
835 1838 906 1869 cum
917 1848 1062 1879 putarem,
1074 1850 1160 1881 quar-

203 1886 263 1908 tam
273 1897 282 1910 ‚
294 1879 327 1909 Sc
338 1881 477 1910 Martiam
488 1880 622 1921 legiones
633 1890 753 1910 mecum
764 1880 890 1914 futuras,
904 1889 937 1911 ut
945 1882 1046 1911 Druso
1055 1901 1062 1915 ‚
1075 1883 1158 1912 Paul-

205 1919 294 1960 loque
305 1921 460 1960 placuerat,
471 1922 559 1951 vobis
568 1920 793 1952 assentientibus
804 1933 809 1951 :
820 1921 925 1952 minus
935 1923 971 1953 de
980 1923 1102 1964 reliquis
1113 1934 1157 1954 re—

204 1962 260 1991 bus
270 1962 466 1992 laborandum
477 1962 656 1994 existimavi.
681 1966 773 1994 Nunc
786 1963 858 1994 vero
872 1963 944 1994 cum
960 1963 1014 1994 {im
1032 1975 1103 1995 cum
1121 1967 1158 1995 ti-

202 2003 328 2034 ronibus
340 2003 532 2045 egentissimis
544 2026 552 2039 ,
570 2005 656 2036 valde
670 2005 702 2036 &
712 2015 812 2036 meam
824 2006 856 2036 δε
866 2005 992 2036 vestram
1009 2008 1106 2037 vicem
1122 2009 1159 2037 ri-

203 2055 302 2075 meam
311 2066 321 2078 ,
341 2045 456 2076 necesse
467 2046 518 2077 ost.
543 2048 675 2078 Vicetini
686 2057 735 2077 me
748 2067 756 2082 ,
775 2048 808 2078 &
819 2049 863 2077 M.
874 2050 998 2078 Brutum
1008 2049 1155 2089 praecipue

199 2086 364 2118 observant.
389 2090 447 2118 His
466 2098 503 2118 ne
522 2098 612 2129 quam
631 2091 739 2129 patiare
757 2090 901 2128 injuriam
921 2088 985 2119 fieri
1002 2092 1034 2120 in
1056 2092 1156 2121 senatu

196 2137 358 2159 vernarum
369 2130 452 2160 causa
462 2150 469 2163 ‚
490 2131 504 2160 a
515 2140 541 2160 te
551 2140 631 2171 peto.
655 2132 777 2162 Causam
788 2131 897 2161 habent
906 2133 1052 2171 optimam
1064 2153 1073 2166 ‚
1085 2131 1155 2162 offi-

196 2171 280 2200 cium
293 2172 325 2200 in
336 2172 472 2211 rempub.
485 2172 640 2202 summum
653 2193 661 2206 ,
675 2177 683 2191 ¹
694 2183 787 2214 genus
798 2174 962 2203 hominum
972 2174 1153 2204 adversario-

196 2221 265 2241 rum
275 2211 467 2246 seditiosum,
480 2213 512 2244 δε
524 2214 749 2246 inertissimum.
769 2225 807 2245 X1
817 2225 827 2245 1
836 2236 843 2244 .
853 2214 1063 2257 Kalend.Jun.
1077 2219 1152 2246 Ver-

196 2254 290 2284 cellis.

249 2297 289 2325 D.
302 2297 467 2328 BRUTUS
488 2299 570 2329 IMP-
594 2301 673 2330 COS.
697 2301 783 2329 DES.
808 2300 852 2328 M.
864 2301 903 2329 T.
915 2301 947 2329 C.
971 2301 999 2330 S.
1011 2301 1043 2330 P.
1055 2302 1095 2329 D.

194 2370 197 2373 ,
290 2341 363 2369 Uon
380 2349 434 2379 pro
447 2349 498 2369 me
508 2349 571 2370 non
581 2339 659 2371 facio
670 2361 678 2375 ,
699 2341 731 2371 id
747 2342 802 2380 pro
818 2349 846 2370 te
861 2339 956 2371 facere
969 2351 1056 2370 meus
1075 2343 1107 2371 in
1121 2349 1149 2371 te

291 2389 377 2410 amor
385 2401 394 2415 ‚
406 2390 514 2422 tuaque
524 2380 624 2412 officia
633 2391 745 2425 cogunt
755 2402 764 2416 ,
776 2390 808 2412 ut
818 2383 952 2412 timeam.
971 2385 1053 2423 Saepe
1063 2385 1147 2413 enim

195 2422 273 2451 mibi
286 2421 355 2451 cum
366 2420 563 2459 effetdiElmm
574 2444 583 2457 ,
602 2434 700 2466 neque
709 2424 725 2455 a
735 2434 784 2455 me
794 2433 984 2454 contemtum
996 2444 1005 2458 ‚
1024 2424 1149 2455 novissi-

194 2462 245 2492 me
257 2463 357 2493 Labeo
369 2465 504 2505 Segulius
513 2485 521 2499 ‚
543 2467 640 2496 homo
659 2465 712 2497 sibi
732 2464 905 2497 simillimus
916 2486 925 2500 ‚
945 2475 1040 2496 narrat
1059 2468 1148 2501 mihi,

190 2504 269 2543 apud
280 2505 423 2535 Caesarem
434 2506 462 2536 se
472 2505 559 2537 fuisse
570 2527 580 2540 ‚
601 2509 795 2549 multumque
807 2508 979 2538 sermonem
994 2507 1031 2547 de
1051 2517 1078 2538 te
1097 2509 1149 2539 ha-

192 2546 290 2576 bitum
301 2545 358 2576 effe
374 2557 379 2575 :
399 2548 496 2587 ipsum
506 2549 650 2579 Caesarem
662 2551 739 2580 nihil
750 2549 817 2580 sane
829 2549 903 2579 dete
913 2548 1053 2590 questum
1067 2569 1076 2583 ,
1093 2549 1148 2580 nisi

189 2587 306 2618 diEtum
320 2609 328 2621 ‚
344 2586 426 2629 qued
436 2588 546 2620 diceret
555 2599 582 2620 te
592 2589 710 2626 dixisse,
722 2590 902 2622 laudandum
914 2590 1145 2626 adolescentem,

190 2630 360 2660 ornandum
374 2650 381 2664 ‚
391 2630 564 2661 tollendum
576 2643 581 2661 :
593 2633 619 2662 se
632 2643 694 2663 non
705 2632 762 2663 effe
772 2630 1003 2662 commissurum
1015 2652 1023 2666 ,
1036 2642 1067 2664 ut
1079 2635 1145 2664 tolli

187 2669 286 2710 poffit.
312 2674 380 2702 Hoc
390 2682 445 2713 ego
455 2672 628 2703 Labeonem
640 2675 728 2705 credo
738 2674 783 2704 illi
793 2671 925 2704 retulisse
935 2693 944 2707 ,
964 2682 1014 2704 aut
1025 2673 1144 2706 finxisse

187 2711 302 2744 di&um
314 2733 322 2747 ,
335 2724 398 2744 non
409 2714 444 2744 ab
454 2714 638 2745 adolescente
648 2717 808 2755 prolatum.
823 2717 986 2745 Veteranos
996 2715 1068 2745 verb
1099 2718 1141 2747 es—

188 2752 259 2785 fime
272 2755 374 2796 loqui,
385 2755 505 2786 volebat
514 2757 614 2787 Labeo
626 2768 675 2788 me
683 2757 800 2789 credere
811 2776 820 2790 ³
833 2756 866 2786 &
877 2756 931 2786 tibi
941 2757 976 2787 ab
986 2759 1023 2787 iis
1035 2759 1082 2788 ins
1095 2768 1141 2788 are

185 2797 350 2833 periculum
365 2808 370 2827 ;
385 2800 579 2839 maximeque
588 2799 748 2841 indignari,
760 2798 842 2841 quod
853 2800 885 2828 in
896 2798 1073 2829 decemviris
1085 2810 1140 2830 ne—

186 2845 243 2874 que
252 2839 344 2869 Caesar
353 2859 362 2872 ,
383 2849 478 2880 neque
487 2850 542 2881 ego
552 2841 645 2871 habiti
656 2841 785 2873 essemus
798 2853 802 2870 :
821 2849 907 2881 atque
920 2842 1026 2871 omnia
1038 2841 1073 2871 ad
1087 2851 1138 2871 ve-

185 2878 278 2908 strum
288 2880 441 2911 arbitrium
453 2880 667 2914 essentcollata.
692 2887 763 2915 Haec
774 2883 845 2914 cum
857 2881 999 2912 audissem
1012 2903 1020 2915 ²
1034 2882 1134 2922 &jam

184 2918 218 2948 in
232 2920 336 2951 itinere
352 2921 462 2956 estem,
480 2926 739 2957 committendum
755 2925 894 2956 nondum
912 2927 1012 2964 putavi
1026 2944 1033 2957 ‚
1052 2925 1136 2964 pmis

183 2969 217 2992 nt
227 2960 326 3001 Alpeis
337 2965 547 3005 transgrederer
556 2986 564 3001 ‚
577 2967 665 3008 quam
678 2988 687 3003 ‚
698 2968 770 3010 quid
781 2967 844 2999 istic
855 2976 987 3008 ageretur
996 2986 1005 3000 ,
1017 2967 1132 2997 scirem.
1157 2961 1159 2986 Ι

159 795 199 828 18

471 120 680 166 Ense.
708 133 782 164 An
821 119 1216 173 D.-Bau·ntuM‚
1242 131 1319 165 ΕΤ
1347 120 1676 173 CETEROS,
1704 123 1827 170 [ΑΒ.
1857 124 1944 172 ΧΙ.

2088 140 2177 189 731

1231 202 1311 230 Nam
1328 200 1366 231 de
1383 209 1435 232 tuo
1451 203 1603 242 periculo,
1622 202 1709 234 crede
1720 205 1818 238 mihi,
1833 204 1997 244 jaeiatione
2005 204 2180 238 verborum,

1230 241 1263 271 &
1280 241 1509 274 denuntiatione
1526 246 1669 284 periculi,
1689 246 1799 285 sperare
1815 256 1867 277 eos
1879 266 1889 281 ,
1911 257 1940 277 te
1955 247 2178 287 pertimesafikm

1226 282 1552 326 adolescenteimpulso
1562 306 1570 321 ,
1581 286 1663 327 posse
1673 297 1779 329 magna
1787 289 1930 330 consequi
1938 291 2061 329 praemia
2072 300 2077 319 z
2090 290 2123 321 ὃς
2132 299 2179 320 to-

1228 332 1288 354 tam
1298 324 1383 356 istam
1394 328 1574 359 cantilenam
1588 338 1625 359 ex
1635 330 1691 359 hoc
1700 329 1828 369 pendere
1839 350 1847 365 ,
1868 340 1899 361 ut
1908 331 1999 372 quam
2009 332 2178 372 plurimum

1227 365 1428 398 lucrifaciant.
1445 371 1551 410 Neque
1560 379 1660 401 tamen
1671 381 1736 402 non
1746 380 1774 402 te
1783 381 1902 402 cautum
1914 372 1972 403 effe
1981 374 2056 404 volo
2066 393 2073 406 ,
2087 373 2120 403 &
2130 375 2178 404 in—

1227 405 1310 438 fidias
1320 409 1474 440 vitantem.
1498 412 1587 442 Nihil
1601 414 1682 443 enim
1702 421 1749 444 tua
1765 415 1842 444 mihi
1860 415 1921 445 vita
1938 414 2036 455 potest
2052 413 2110 446 esse
2128 425 2178 455 Ju-

1224 449 1352 479 cundius
1363 469 1371 484 ‚
1388 461 1485 492 neque
1496 455 1600 484 carius.
1623 454 1702 484 Illud
1713 455 1781 486 vide
1791 475 1800 488 ,
1814 465 1853 486 ne
1862 456 2001 487 timendo
2012 476 2021 490 ,
2037 460 2129 497 magis
2140 460 2178 488 ti-

1226 499 1311 520 mere
1320 501 1434 532 cogare.
1457 496 1505 528 Et,
1516 494 1625 534 quibus
1635 496 1723 526 rebus
1733 496 1829 537 potest
1836 500 1949 528 occurri
1960 508 2115 530 veteranis¹
2127 509 2178 529 oc-

1222 541 1331 562 curras.
1353 535 1432 563 Prim
1440 533 1490 565 tim
1505 555 1514 568 ‚
1532 537 1613 576 quod
1628 535 1790 569 desiderant
1803 539 1838 569 de
1854 539 2033 571 decemviris
2045 561 2052 574 ,
2070 540 2176 572 facias:

1222 572 1332 620 deinde
1343 573 1378 603 de
1391 578 1531 613 praemiis.
1555 579 1584 607 Si
1595 578 1650 607 tibi
1661 579 1797 615 videtur,
1815 591 1900 621 agros
1909 592 2013 612 eorum
2026 584 2174 616 miiitum,

1222 624 1353 661 quicum
1365 619 1502 647 Antonio
1512 621 1642 649 veterani
1652 619 1774 652 fuerunt
1784 642 1791 655 ‚
1814 623 1859 653 his
1878 623 1991 654 dandos
2004 625 2122 654 cerasta<¹
2136 625 2171 654 ab

1222 656 1350 696 utrisque
1361 657 1460 688 nobis.
1483 661 1531 689 De
1542 662 1690 694 nummis,
1701 662 1780 693 lente
1792 684 1799 697 ,
1812 674 1843 694 ac
1852 667 1965 696 ratione
1975 666 2075 696 habita
2084 676 2174 699 uecti-

1221 699 1279 728 niae
1290 717 1299 731 ,
1315 698 1448 729 senatum
1459 700 1496 730 de
1505 710 1538 731 ea
1547 711 1578 730 re
1587 702 1819 734 constituturum
1835 717 1840 734 z
1853 716 1992 746 quattuor
2002 701 2171 749 legionen:

1219 740 1256 768 iis
1267 759 1276 772 ,
1296 740 1407 780 quibus
1416 751 1500 782 agros
1510 742 1624 773 dandos
1633 744 1787 775 censuistis
1798 767 1805 779 ‚
1828 749 1917 778 video
1927 749 2094 779 facultatem
2105 749 2171 779 fore

1218 790 1256 811 ex
1272 784 1346 822 agris
1362 783 1487 818 Sillani,
1507 784 1540 814 &
1557 793 1626 825 agro
1638 788 1800 826 Campano.
1824 790 1989 830 AEqualiter
2001 811 2008 823 ‚
2029 800 2078 821 ati:
2097 793 2172 821 {orte

1217 832 1300 863 agros
1310 824 1481 866 legionibus
1493 825 1628 867 assignari
1639 835 1712 867 puto
1726 837 1871 869 oportere.
1896 834 1967 861 Haec
1977 842 2025 861 me
2037 834 2089 862 tibi
2102 834 2172 863 scri-

1216 864 1284 895 bere
1295 876 1359 896 non
1370 867 1525 907 prudentia
1535 878 1602 899 mea
1611 870 1744 900 hortatui·
1753 870 1830 908 „sed
1843 881 1928 902 amor
1937 876 1967 903 in
1980 884 2024 907 te,
2044 875 2075 904 δε
2086 877 2172 914 cupi-

1213 905 1290 937 ditas
1300 909 1356 938 otii
1367 909 1465 950 :quod
1475 908 1535 940 fine
1545 918 1573 940 te
1582 910 1739 942 consistere
1750 922 1811 942 non
1820 913 1924 952 potest.
1950 915 2094 955 Eg-22n1s:
2108 917 2170 946 val<

1215 948 1256 978 ἀὲ
1271 949 1386 981 necesse
1395 950 1486 982 fuerit
1496 972 1504 986 ,
1526 962 1564 982 ex
1573 953 1659 983 Italia
1671 963 1733 983 non
1750 955 1903 985 excedam.
1927 956 2061 996 legiones
2071 967 2167 991 armo,

1212 999 1300 1030 paro:
1320 993 1403 1032 spero
1422 1003 1471 1024 me
1491 1004 1556 1024 non
1576 993 1736 1034 pessimum
1756 998 1922 1027 exercitum
1943 999 2113 1028 habitiztum
2134 1000 2170 1029 ad

1213 1035 1334 1064 omneis
1343 1035 1440 1069 casus,
1461 1035 1633 1076 &impetus
1644 1038 1821 1068 hominum.
1845 1041 1892 1069 De
1904 1042 2037 1070 exercitu
2049 1060 2057 1074 ,
2078 1051 2168 1080 quem

1212 1075 1301 1106 Pansa
1318 1076 1441 1112 habuit,
1460 1077 1614 1119 legionem
1634 1080 1814 1111 mihiCaesar
1823 1091 1886 1111 non
1902 1084 2038 1112 remittit.
2061 1082 2107 1111 Ad
2118 1083 2189 1121 has,

1209 1115 1321 1148 litteras
1331 1117 1430 1150 statim
1442 1122 1520 1150 mihi
1530 1121 1653 1151 rescribe
1666 1141 1674 1155 ,
1693 1130 1871 1163 tuorumque
1881 1123 2010 1164 aliquem
2023 1132 2108 1153 mitte
2120 1144 2127 1157 ,
2148 1122 2167 1153 fi

1209 1159 1282 1199 quid
1291 1161 1481 1192 reconditum
1494 1164 1589 1204 magis
1599 1165 1655 1193 exit
1665 1183 1673 1195 ι
1686 1173 1794 1205 meque
1804 1165 1875 1195 scire
1887 1175 1963 1205 opus
1973 1163 2029 1196 esse
2040 1167 2162 1206 putaris.

1209 1200 1294 1231 Vale.
1307 1204 1379 1232 IIX.
1392 1204 1534 1245 KaI.Jan.
1547 1205 1707 1245 Eporedia.

1356 1251 1400 1279 M.
1413 1252 1453 1280 T.
1466 1252 1498 1281 C.
1523 1252 1562 1280 D.
1581 1252 1765 1285 BRUTQ
1788 1253 1871 1282 IMP-
1894 1254 1912 1283 S
1933 1255 1962 1283 P.
1976 1255 2015 1283 D.

1301 1292 1331 1320 ΙΙ
1349 1290 1399 1322 isti
1416 1292 1539 1333 Segulio
1559 1292 1764 1326 malefaciant,
1786 1295 1908 1324 homini
1928 1293 2110 1335 nequissimo
2126 1304 2160 1324 o-

1303 1334 1437 1367 mnium,
1449 1334 1588 1374 quisunt,
1600 1337 1651 1376 qui
1660 1334 1854 1377 fuerunt,qui
1864 1335 1956 1366 futuri
1967 1338 2044 1366 sunt.
2066 1337 2163 1378 Qid?

1208 1383 1238 1404 tu
1249 1376 1338 1405 illum
1351 1384 1449 1406 tecum
1460 1375 1559 1407 solum
1570 1397 1578 1411 ‚
1589 1385 1640 1407 aut
1648 1387 1720 1407 cum
1729 1378 1850 1412 Caesare,
1859 1380 1910 1418 qui
1922 1380 2078 1408 neminem
2090 1388 2166 1417 prze-

1207 1417 1384 1451 termiserit,
1405 1416 1529 1459 quicum
1540 1419 1780 1459 loquipotuerit,
1804 1421 1853 1452 eui
1864 1429 1929 1449 non
1939 1419 2043 1450 eadem
2054 1418 2107 1449 ista
2118 1420 2166 1449 di-

1207 1460 1304 1488 xerit?
1317 1462 1364 1489 Te
1374 1468 1475 1490 tamen
1485 1479 1493 1493 ,
1505 1462 1548 1490 mi
1558 1463 1646 1491 Brute
1658 1482 1666 1494 ‚
1678 1460 1716 1491 sic
1724 1471 1795 1491 amo
1804 1481 1812 1494 ,
1826 1469 1859 1491 ut
1868 1461 1964 1491 debeo
1974 1481 1981 1494 ,
1992 1460 2074 1502 quod
2084 1460 2165 1491 istud

1206 1500 1353 1541 quidquid
1370 1500 1441 1531 ess'et
1459 1511 1604 1542 nugarum
1617 1523 1625 1536 ,
1647 1512 1697 1532 me
1706 1503 1777 1533 scire
1785 1502 1917 1533 voluisti.
1942 1505 2068 1543 Signum
2079 1505 2163 1533 enim

1209 1551 1353 1583 magnum
1367 1541 1477 1573 amoris
1490 1544 1607 1574 dedisti.
1632 1546 1712 1574 Nam
1723 1544 1804 1585 quod
1814 1544 1897 1574 idem
1908 1545 2044 1585 Segulius
2054 1564 2064 1577 ,
2081 1554 2165 1574 vete·

1206 1593 1293 1614 ranos
1305 1587 1391 1625 queri
1403 1604 1411 1619 ‚
1431 1583 1515 1626 quod
1530 1594 1561 1616 tu
1572 1606 1581 1620 ,
1603 1585 1635 1616 &
1645 1586 1740 1616 Caesar
1748 1588 1780 1615 in
1791 1585 1970 1616 decemviris
1979 1596 2044 1616 non
2054 1585 2163 1619 effetis,

1206 1628 1323 1657 utinam
1336 1636 1374 1656 ne
1387 1636 1442 1668 ego
1455 1627 1580 1668 quidem
1592 1626 1694 1657 efl‘em.
1717 1627 1798 1669 Qid
1809 1630 1892 1657 enim
1905 1627 2084 1658 molestius?
2105 1629 2162 1658 Sed

1207 1676 1307 1698 tamen
1317 1688 1325 1703 ,
1340 1667 1411 1698 cum
1422 1679 1477 1710 ego
1489 1668 1636 1699 sensissem
1649 1689 1656 1703 ‚
1671 1669 1707 1699 de
1718 1671 1754 1699 iis
1763 1689 1771 1704 ,
1787 1671 1840 1710 qui
1849 1672 1998 1700 exercitus
2008 1670 2160 1703 haberent,

1205 1711 1382 1741 sententiam
1392 1709 1463 1741 ferri
1473 1720 1610 1752 oportere
1623 1722 1627 1740 z
1641 1711 1736 1741 iidem
1747 1712 1793 1741 illi
1805 1731 1814 1745 ,
1824 1714 1877 1752 qui
1887 1712 1984 1742 solent
1995 1731 2002 1745 ‚
2016 1712 2159 1743 reclama-

2183 1275 2198 1281 ..
2214 1272 2221 1283 Δ

1203 1761 1282 1783 runt.
1314 1755 1415 1793 Itaque
1434 1755 1552 1794 excepti
1570 1755 1660 1784 etiam
1680 1753 1767 1787 estis,
1792 1763 1842 1783 me
1859 1755 2054 1784 vehementer
2069 1761 2180 1793 repa-0

1201 1803 1319 1835 gnante.
1347 1796 1496 1835 roirca
1513 1795 1666 1837 Segulium
1687 1795 1874 1836 negligamus
1892 1815 1900 1828 ‚
1929 1797 1981 1835 qui
1999 1805 2045 1824 res
2066 1804 2162 1825 novas

1201 1838 1321 1876 quaerit:
1337 1846 1401 1866 non
1411 1836 1473 1876 quo
1484 1845 1614 1867 veterem
1626 1837 1804 1867 comederit:
1823 1837 1939 1866 nullam
1951 1838 2034 1866 enim
2046 1836 2161 1867 habuit:

1201 1877 1249 1907 sed
1268 1879 1346 1907 hanc
1362 1878 1457 1917 ipsam
1475 1886 1628 1908 recentem
1644 1887 1755 1908 novam
1769 1878 1933 1908 devoravit.
1957 1877 2047 1917 de
2058 1887 2159 1909 autem

1200 1918 1302 1949 scribis
1313 1938 1322 1952 ,
1338 1927 1366 1948 te
1377 1938 1385 1952 ,
1400 1919 1480 1959 quod
1490 1928 1544 1959 pro
1555 1919 1657 1959 teipso
1668 1929 1732 1949 non
1743 1918 1831 1949 facias
1841 1939 1849 1953 ,
1865 1923 1879 1939 ²
1889 1919 1919 1949 id
1928 1929 1982 1959 pro
1992 1929 2043 1949 me
2053 1939 2061 1953 ‚
2078 1929 2110 1950 ut
2120 1920 2158 1950 de

1200 1969 1251 1990 me
1261 1962 1367 1991 timeas
1376 1960 1490 2002 aliquid
1503 1971 1508 1989 ε
1527 1963 1615 1990 omni
1627 1970 1654 1990 te
1667 1980 1676 1994 ,
1694 1963 1741 1990 vir
1750 1963 1864 2000 optime
1875 1981 1884 1995 ,
1905 1962 2041 2002 mihique
2049 1960 2158 1991 cariffi·-

1201 2011 1250 2031 me
1259 2004 1348 2032 Brute
1358 2022 1366 2036 ,
1387 2002 1422 2033 de
1437 2012 1487 2032 me
1500 2011 1582 2032 metu
1597 2002 1703 2032 libero.
1728 2006 1791 2043 Ego
1801 2005 1884 2033 enim
1897 2023 1904 2037 ‚
1927 2013 1993 2044 quae
2003 2002 2155 2043 provideri

1199 2052 1362 2084 potuerunt
1371 2063 1379 2077 ,
1396 2054 1460 2075 non
1470 2043 1553 2074 fallar
1562 2045 1595 2074 in
1606 2046 1644 2074 iis
1652 2064 1661 2078 ,
1671 2054 1737 2085 quae
1747 2046 1918 2075 cautionem
1929 2055 1994 2075 non
2005 2044 2156 2075 habebunt

1198 2086 1234 2116 de
1254 2086 1300 2115 his
1318 2095 1383 2116 non
1401 2088 1439 2116 ita
1455 2085 1540 2116 valde
1551 2085 1663 2116 laboro.
1688 2088 1751 2116 Sim
1763 2088 1847 2116 enim
1857 2086 2037 2126 impudens,
2058 2085 2156 2126 siplubs

1197 2126 1358 2167 postulem,
1369 2127 1458 2168 quam
1471 2126 1618 2158 hominia
1627 2137 1725 2158 rerum
1737 2137 1837 2158 natura
1846 2128 1936 2158 tribui
1946 2127 2052 2168 potest.
2064 2128 2155 2170 Qi'od

1197 2169 1274 2199 mihi
1284 2171 1418 2209 praecipis
1430 2190 1440 2203 ‚
1458 2178 1491 2199 ut
1501 2179 1619 2199 caveam
1630 2189 1638 2203 ‚
1660 2179 1697 2199 ne
1707 2170 1846 2200 timendo
1857 2190 1865 2204 ‚
1881 2173 1976 2211 magis
1987 2172 2093 2200 timere
2102 2180 2155 2200 co-

1194 2221 1258 2252 gar:
1285 2211 1491 2251 &sapienter,
1513 2209 1734 2241 &amicissime
1743 2213 1887 2252 praecipis.
1910 2211 1967 2242 Sed
1985 2213 2077 2241 velim
2097 2212 2153 2242 tibi

1195 2253 1382 2293 persuadeas,
1402 2252 1474 2284 cum
1495 2262 1524 2283 te
1541 2252 1654 2283 constet
1669 2254 1813 2284 excellere
1831 2255 1889 2284 boc
1901 2263 2008 2294 genere
2022 2256 2150 2285 virtutis,

1195 2304 1227 2324 ur
1239 2304 1406 2336 numquam
1420 2295 1613 2328 extimescas,
1637 2304 1804 2335 numquam
1814 2296 1983 2335 perturbere
1996 2307 2001 2324 .·
2023 2305 2071 2325 me
2082 2296 2151 2325 huic

1195 2345 1252 2366 tuae
1263 2338 1365 2366 virtuti
1375 2337 1515 2377 proxime
1526 2336 1670 2367 accedere.
1690 2338 1896 2378 Qamobrem
1908 2347 2004 2377 neque
2017 2345 2149 2366 metuam.

1193 2380 1355 2419 quicquam
1367 2399 1374 2412 ,
1396 2378 1429 2409 &
1447 2378 1560 2409 cavebo
1577 2380 1692 2409 omnia.
1714 2378 1771 2409 Sed
1781 2378 1871 2413 vide,
1892 2388 1930 2409 ne
1944 2388 1991 2408 tua
2003 2379 2082 2417 jam,
2106 2380 2150 2408 mi

1195 2422 1284 2450 Brute
1294 2440 1302 2453 ‚
1313 2421 1399 2460 culpa
1406 2418 1505 2450 futura
1515 2418 1548 2450 sit
1557 2440 1565 2453 ,
1577 2419 1596 2449 s1
1608 2430 1662 2461 ego
1672 2421 1834 2461 quidquam
1846 2423 1969 2450 timeam
1996 2430 2053 2450 tuis
2065 2429 2149 2450 euim

1193 2462 1303 2502 opibus
1315 2482 1323 2495 ,
1339 2462 1534 2493 &consulatu
1544 2471 1596 2492 tuo
1606 2482 1616 2495 ,
1636 2471 1724 2492 etiam
1736 2461 1756 2492 sl
1769 2462 1869 2492 timidi
1879 2460 2006 2491 essemus
2017 2482 2025 2494 ,
2046 2470 2148 2491 tamen

1193 2513 1320 2534 ornnem
1334 2506 1478 2534 timorem
1491 2503 1702 2542 abjiceremus:
1724 2504 1884 2543 praesertim
1894 2502 1966 2533 cum
1977 2503 2149 2543 persuasum

1192 2546 1339 2576 omnibus
1354 2544 1445 2580 esset,
1463 2547 1600 2588 mihique
1613 2545 1748 2574 maxime
1760 2565 1769 2578 ‚
1786 2544 1802 2575 a
1819 2554 1847 2575 te
1865 2554 1921 2574 nos
1941 2544 2030 2576 unice
2048 2544 2145 2586 diligi.

1192 2586 1332 2618 Consiliis
1342 2589 1417 2621 tuis,
1436 2597 1502 2627 quae
1520 2586 1621 2617 scribis
1640 2586 1676 2616 de
1689 2595 1829 2626 quattuor
1841 2586 2029 2628 legionibus:
2050 2586 2146 2627 deque

1189 2631 1264 2670 agris
1272 2628 1450 2670 assignandis
1458 2629 1494 2658 ab
1505 2628 1635 2668 utrisque
1643 2626 1987 2661 vestrum,vehementer
1993 2626 2143 2659 assentior.

1189 2674 1288 2712 Itaque
1307 2672 1378 2700 cum
1397 2670 1519 2711 quidam
1538 2669 1574 2699 de
1591 2669 1714 2710 collegis
1731 2669 1841 2700 nostris
1856 2671 1997 2711 agrariam
2015 2672 2145 2700 curatio-

1188 2723 1259 2742 nem
1270 2713 1455 2754 ligurrirent:
1468 2710 1629 2741 disturbavi
1641 2721 1702 2741 rem
1715 2731 1723 2745 ‚
1735 2720 1888 2752 totamque
1899 2711 1987 2742 vobis
1998 2714 2144 2754 integram

1185 2756 1339 2784 reservavi.
1363 2756 1392 2784 Si
1403 2753 1474 2794 quid
1483 2755 1539 2783 erit
1548 2753 1705 2786 occultius,
1718 2753 1751 2783 &
1761 2752 1805 2792 (ut
1815 2753 1927 2794 scribis)
1939 2754 2141 2788 reconditum.

1185 2805 1325 2826 meorum
1339 2796 1469 2836 aliquem
1486 2797 1605 2825 mittam
1619 2814 1627 2828 ‚
1645 2794 1706 2836 quo
1718 2793 1880 2827 fideliusad
1893 2804 1920 2826 te
1930 2795 2035 2826 litterae
2044 2794 2142 2837 perfe-

1185 2847 1295 2868 rantur.
1322 2838 1419 2868 Pridie
1431 2838 1638 2877 NonasJunii.

1315 2885 1454 2913 M.T.C.
1479 2885 1519 2912 D.
1534 2884 1710 2914 BRUTO
1725 2904 1734 2917 .
1759 2885 1858 2914 IMP.
1881 2885 2006 2915 S.P.D.

1279 2928 1309 2955 U
1319 2935 1345 2954 M
1365 2927 1463 2965 Appio
1474 2924 1600 2955 Claudio
1612 2945 1621 2958 ‚
1643 2927 1676 2956 C.
1689 2927 1719 2955 F.
1732 2926 1850 2956 summa
1862 2927 1941 2956 mihi
1955 2923 2141 2956 necess'itudo

1273 2966 1315 2997 est
1326 2987 1334 3001 ,
1358 2967 1463 2997 multis
1473 2968 1535 3007 ejus
1546 2965 1655 2998 officiis
1666 2987 1675 3002 ,
1699 2967 1732 2998 &
1746 2969 1823 2998 meis
1842 2969 1956 2998 mutuis
1971 2967 2140 2998 constituta.

2066 3013 2138 3040 Peto

220 3073 243 3090 1.
262 3068 340 3090 Genus
351 3068 466 3092 hominum
476 3068 665 3099 adversariorum
678 3069 811 3102 seditiosum
831 3071 860 3100 (ἶ)-
876 3068 1061 3102 ίηεντζῌῐιηκιη.]
1084 3069 1132 3094 Li·
1153 3079 1154 3086 ¹
1174 3069 1268 3105 pisinus
1280 3068 1392 3096 scribant
1402 3072 1584 3103 mcertiffimum.
1603 3069 1646 3096 sed
1662 3070 1729 3097 male
1740 3080 1842 3097 omnes.

180 3100 282 3127 beritius
293 3100 450 3134 deleverim,
458 3102 491 3128 de
502 3103 630 3131 sententia
640 3105 754 3131 Palatini
766 3106 852 3136 tertii,
865 3115 894 3130 το
905 3107 1020 3130 hominnm
1032 3117 1039 3137 ,-
1061 3104 1131 3140 quod

1211 3114 1238 3131 2.
1259 3106 1333 3138 Idpro
1343 3115 1388 3136 me,
1399 3113 1425 3130 ut
1435 3105 1460 3131 dc
1471 3115 1505 3130 me
1515 3109 1598 3132 timeat
1607 3107 1725 3141 aliquid]
1748 3107 1856 3134 Editum
1868 3107 1903 3133 est
1916 3117 1921 3133 ;
1938 3107 2011 3139 idpro
2022 3107 2141 3137 mtfiissrs

178 3136 305 3170 injetffrum
318 3138 381 3164 milii
396 3137 428 3164 ab
437 3139 525 3174 aliquo
537 3140 672 3167 luxurioso
685 3140 799 3167 videtur.
821 3141 895 3168 Idem
909 3141 990 3168 codex
1004 3141 1081 3167 habet
1094 3142 1135 3174 sc-
1152 3135 1156 3184 l
1173 3148 1200 3166 ut
1210 3142 1236 3166 Ae
1247 3151 1281 3166 me
1290 3145 1373 3167 timeat
1382 3143 1484 3176 aliquid.
1506 3141 1547 3168 sed
1561 3142 1755 3177 verbumfarere
1769 3163 1777 3175 ,
1788 3153 1872 3178 neque
1884 3142 1968 3169 exstat
1980 3143 2004 3168 in
2018 3142 2137 3167 Palmino

177 3174 233 3199 ditio
244 3183 283 3199 “m
292 3174 504 3208 &jncpnffimum-
523 3178 584 3203 cum
604 3176 738 3204 Palatinus
748 3177 848 3214 primus
865 3197 873 3211 ,
891 3178 1011 3214 itemque
1025 3178 1135 3205 klittor-
1152 3190 1155 3202 ι
1173 3178 1271 3214 primo,
1284 3179 1376 3210 tertio,
1388 3187 1473 3214 neque
1483 3177 1549 3206 adeo
1562 3178 1679 3205 editione
1691 3180 1816 3216 primaria
1828 3186 1874 3206 aut
1885 3177 2049 3205 ViStoi-iana.

1549 3215 1692 3243 Zzzzz
2048 3215 2135 3239 rf-{e

2157 2888 2197 2898 a«

2157 2902 2202 2916 bb
