2360 3400
410 134 623 181 Ense.
661 146 736 178 AD
775 129 1214 188 TERENT1AM‚
1250 145 1326 177 ET
1365 133 1683 189 Lrnenos,
1717 134 1843 180 Lm.
1873 133 2012 180 XIV.
2101 146 2196 191 75¹7

243 214 316 257 quid
329 215 417 246 nobis
433 213 603 245 faciendum
615 211 658 243 fit.
683 215 732 243 Tu
755 212 849 243 modo
868 213 903 244 ad
924 222 972 243 me
982 213 1076 244 velim
1097 214 1201 243 omnia
1244 222 1331 252 quam
1341 212 1463 243 ferenda
1474 223 1537 243 non
1550 214 1636 247 sunt,
1656 213 1797 245 feramus.
1822 218 2004 256 Atqueego,
2022 214 2114 255 quite
2123 216 2199 242 con-

244 255 467 298 diligentiffime
476 255 652 295 perscribas:
673 253 724 285 etsi
736 265 830 295 magis
842 256 905 294 jam
916 265 978 284 rem
988 275 996 288 ,
1016 264 1106 295 quam
1119 255 1199 283 litte-

243 308 299 330 ras,
311 299 405 328 debeo
415 298 543 337 spectare
578 300 652 327 Cura
666 316 674 329 ,
688 306 719 326 ut
729 297 823 326 valeas
833 316 841 329 ‚
863 297 895 326 δε
905 299 941 326 ita
951 297 1005 326 tibi
1015 295 1196 335 persuadeas,

245 341 323 369 mihi
335 348 362 369 te
371 341 466 369 carius
477 339 554 368 nihil
564 337 632 371 effe,
644 348 699 368 nec
710 348 851 379 umquam
863 337 963 367 fuiffe..
978 338 1049 366 Vale
1061 346 1127 366 mea
1137 339 1197 366 Te-

246 382 341 410 rentia
353 401 362 413 ,
371 390 461 419 quam
473 390 527 421 ego
539 380 638 409 videre
649 380 765 410 videor.
789 382 887 420 itaque
900 379 1042 409 debilitor
1051 378 1198 417 lacrymis.

249 422 330 451 Vale.
354 422 452 451 Pridie
465 421 611 452 Kalendas
621 421 780 451 Decembr.

210 474 476 512 4TULL1US
498 474 801 502 TERENTIAE.
818 474 881 502 ET
902 471 1198 503 TULL10LAE,

203 530 208 539 ·«
398 516 465 544 ET
487 516 741 544 CICERONI
764 514 1046 546 SUIS‚-S.P.D.

233 558 363 634 ·EGo
383 559 486 589 mimis
499 561 569 600 saepe
579 560 614 590 ad
624 570 677 589 vos
687 559 726 589 do
736 560 845 589 litteras
859 558 965 599 ‚quam
977 556 1092 597 possum
1107 578 1115 590 ,
1129 566 1199 596 pro-

321 611 418 641 Pterca
433 602 514 642 quod
527 612 596 632 cum
616 603 719 631 omnia
738 602 815 630 mihi
835 609 970 639 tempora
989 600 1055 629 sunt
1081 599 1197 630 misera,

244 652 310 672 tum
322 644 392 673 vero
402 653 472 673 cuin
484 653 532 674 aut
545 643 639 673 scribo
650 643 685 672 ad
695 653 748 672 vos
760 663 768 675 ,
779 651 828 672 aut
839 642 945 672 vestras
956 642 1021 682 lego
1031 660 1038 673 ,
1050 638 1197 670 conficior

231 685 382 724 ⁴lacrymis
393 705 400 717 ‚
422 684 459 714 sic
470 706 478 718 ‚
500 694 532 715 ut
549 684 623 714 ferre
636 695 696 714 non
714 683 830 723 poffim.
853 683 945 722 Qud
957 692 1079 712 utinam>
1094 683 1197 711 minus

244 729 315 756 vitae
325 727 425 766 cupidi
436 726 603 756 fuissemus.
622 726 699 755 certe
712 726 803 758 nihil,
815 733 863 754 aut
877 733 940 753 non
951 724 1083 753 multum
1095 725 1126 752 in
1138 732 1197 751 vita

231 769 318 798 ·mali
336 767 524 798 vidiss‘emus.
547 768 638 806 Quod
656 766 676 796 si
696 776 751 796 nos
764 766 799 795 ad
820 766 948 804 aliquam
966 765 1092 802 alicujus
1110 773 1195 793 com—

230 810 329 839 'modi
341 808 702 850 aliquandorecuperandi
715 808 795 846 spem
804 806 923 836 fortuna
934 806 1112 835 reservavit:
1135 807 1195 833 mi-

241 861 300 881 nus
311 851 353 881 est
367 861 495 881 erratum
505 850 519 880 a
529 851 630 879 nobis.
654 848 673 878 si
684 851 746 878 haec
756 849 833 877 mala
844 846 903 876 fixa
913 847 995 876 sunt:
1020 857 1074 888 ego
1084 846 1156 876 veio
1168 856 1195 876 te

229 893 332 933 >quarn
350 894 501 932 primum,
523 900 589 920 mea
610 892 669 919 vita
681 909 691 923 ‚
712 891 799 928 cupio
810 887 910 918 videre
924 907 932 921 ,
952 888 1027 917 &in
1046 898 1098 917 tuo
1108 898 1194 918 corn-

239 936 332 975 plexu
343 935 440 963 emori
454 943 460 960 τ
474 941 571 973 quum
585 941 681 972 neque
693 931 748 963 dii,
760 940 835 970 quos
846 939 876 959 tu
887 929 1043 960 castissime
1054 929 1192 959 coluisti:

243 981 253 995 ¹
263 985 361 1015 neque
369 976 521 1007 homines,
532 973 640 1013 quibus
653 982 707 1014 ego
720 974 838 1006 servivi,
852 972 940 1001 nobis
949 975 1073 1012 gratiam
1085 972 1193 1001 retule-

238 1026 320 1047 runt.
344 1018 410 1045 Nos
420 1014 566 1045 Brundisii
580 1014 657 1054 apud
670 1017 714 1044 M.
725 1016 858 1044 Lenium
877 1014 1016 1043 Flaccum
1037 1014 1100 1043 dies
1112 1023 1194 1043 xin-

237 1057 354 1088 fuimus
365 1077 373 1090 ,
387 1059 486 1087 virum
502 1059 673 1097 optimum:
697 1059 748 1097 qui
758 1054 1125 1095 periculumfortunarum
1139 1075 1146 1087 ,
1162 1055 1194 1084 δε

237 1101 342 1139 capitis
360 1099 404 1129 sui
419 1109 477 1138 prae
500 1108 568 1128 mea
587 1098 678 1128 salute
696 1099 846 1140 neglexit:
870 1107 967 1137 neque
987 1098 1060 1138 legis
1079 1099 1193 1136 impro-

238 1139 362 1171 biffimae
373 1150 461 1180 poena
470 1139 615 1170 dedufiffls
629 1139 670 1169 est
682 1161 690 1173 ,
706 1150 766 1180 quo
777 1141 880 1169 minus
891 1139 1033 1178 hospitii,
1047 1139 1078 1168 ὃς
1090 1140 1193 1168 amici-

237 1183 353 1222 tiaejus,
368 1181 564 1222 officiumque
574 1181 728 1222 praestaret.
744 1183 824 1211 Huic
834 1184 949 1211 utinam
961 1180 1121 1221 aliquando
1131 1190 1194 1221 gra—

236 1227 310 1255 tiam
321 1223 428 1254 referre
438 1222 590 1263 possimus.
615 1220 936 1263 Habebimus‘quidem
948 1222 1071 1262 semper.
1097 1224 1193 1251 Brun-

235 1264 311 1296 disio
321 1264 448 1308 profedh
458 1266 561 1296 sumus
569 1265 604 1296 ad
617 1275 647 1295 v.
668 1265 818 1295 Kalendas
827 1266 898 1304 Maj.
919 1274 970 1304 per
982 1264 1191 1294 Macedoniam

238 1310 385 1347 Cyzicum
403 1308 586 1348 petebamus.
626 1311 641 1327 2
661 1309 687 1337 O
704 1317 754 1337 me
772 1307 921 1347 perditum
937 1309 942 1335 l
977 1309 1003 1336 O
1020 1305 1168 1336 afflic‘tum
1185 1308 1190 1335 ἔ

235 1349 310 1390 quid
323 1359 405 1381 nunc
419 1359 523 1391 rogem
534 1359 560 1379 te
571 1369 580 1382 ,
593 1358 625 1379 ut
635 1352 736 1379 venias
746 1368 754 1382 ,
766 1350 925 1379 mulierem
938 1358 1043 1389 aegram
1055 1369 1063 1381 ‚
1085 1348 1190 1378 &cor-

233 1401 306 1432 pore
318 1392 350 1421 &
359 1393 463 1421 animo
474 1390 642 1421 confe&am
657 1393 666 1420 ?
682 1400 745 1420 non
765 1394 888 1432 rogem?
911 1390 971 1420 fine
982 1392 1106 1431 teigitur
1115 1388 1168 1419 sim
1182 1393 1192 1419 ?

237 1434 364 1473 Opinor‚
376 1431 414 1462 fic
422 1442 514 1473 agam.
538 1431 559 1461 fi
571 1431 613 1462 est
623 1433 685 1472 spes
695 1431 787 1461 nostri
798 1432 907 1462 reditus
919 1453 927 1465 ,
939 1442 1003 1462 eam
1015 1430 1189 1464 confirmes,

234 1475 269 1505 δε
279 1484 342 1504 rem
355 1474 485 1514 adjuves.
509 1471 551 1503 fin
562 1494 570 1508 ‚
582 1483 614 1504 ut
623 1475 681 1503 eho
689 1483 793 1508 metuo
804 1473 981 1504 transac‘tum
994 1472 1035 1503 est
1046 1494 1053 1507 ,
1066 1483 1190 1514 quoquo

235 1516 332 1546 modo
341 1525 425 1556 potes
435 1535 443 1549 ,
459 1515 494 1546 ad
509 1525 558 1545 me
573 1514 618 1545 fac
627 1517 737 1546 venias.
761 1518 868 1545 Unum
881 1517 939 1545 hoc
954 1516 1042 1545 scito:
1069 1515 1088 1544 fi
1100 1525 1127 1545 te
1139 1517 1188 1545 ha-

231 1557 330 1591 bebo,
353 1567 417 1587 non
430 1559 508 1587 mihi
522 1557 648 1587 videbor
657 1557 743 1598 plane
762 1556 876 1597 periss'e.
899 1558 955 1587 Sed
969 1557 1043 1598 quid
1054 1557 1190 1587 Tulliola

233 1609 302 1629 mea
317 1597 389 1629 fiet?
407 1600 470 1640 jam
488 1599 519 1629 id
533 1609 586 1629 vos
604 1599 720 1630 videte:
739 1601 817 1629 mihi
837 1598 918 1629 deest
936 1597 1108 1629 consilium.
1132 1599 1187 1629 Sed

232 1641 337 1675 certe,
357 1651 481 1682 quoquo
494 1642 590 1671 modo
600 1642 627 1672 se
637 1651 682 1672 res
694 1641 813 1672 habebit
824 1662 833 1675 ,
851 1642 933 1671 illius
945 1641 1068 1671 misellae
1079 1642 1112 1671 &
1123 1651 1188 1671 ina-

232 1685 399 1716 trimonio,
418 1684 451 1713 &
469 1682 556 1713 famae
573 1684 766 1714 serviendum
779 1683 829 1714 est.
854 1683 958 1724 Qid?
981 1686 1085 1713 Cicero
1103 1693 1189 1713 meus

223 1724 307 1765 quid
317 1728 399 1766 aget?
421 1724 479 1755 Iste
489 1725 560 1755 vero
570 1724 604 1755 sit
613 1727 646 1755 in
657 1724 719 1756 finu
730 1727 845 1765 semper
853 1745 861 1758 ‚
884 1726 917 1755 &
925 1726 1089 1766 complexu
1107 1735 1187 1755 meo.

234 1769 309 1797 Non
324 1776 402 1807 queo
416 1767 500 1806 plura
510 1767 572 1806 jam
591 1768 715 1797 scribere
730 1778 736 1796 :
759 1767 1023 1807 impeditmoeror.
1047 1770 1097 1798 Tu
1115 1767 1187 1808 quid

231 1810 346 1848 egeris,
366 1809 483 1838 nescio:
503 1816 603 1838 utrum
625 1809 738 1849 aliquid
756 1818 875 1842 teneas,
895 1818 953 1842 an,
973 1808 1054 1849 quod
1069 1818 1185 1842 metuo,

231 1850 320 1890 plane
333 1848 368 1879 fis
382 1850 515 1889 spoliata.
537 1851 676 1880 Pisonem
688 1870 696 1884 ,
715 1859 749 1881 ut
759 1850 877 1884 sci-ibis,
897 1851 981 1890 spero
992 1849 1057 1880 fore
1072 1851 1188 1890 semper

223 1890 385 1921 nostrum.
408 1894 456 1921 De
472 1891 740 1925 familialiberata,
757 1890 908 1925 nihilest,
925 1891 1009 1932 quod
1018 1900 1045 1922 te
1056 1901 1185 1922 moveat.

222 1934 383 1966 ·Primum‚
394 1935 453 1963 tuis
463 1935 503 1963 ita
514 1932 692 1973 promiffiin'i
703 1933 746 1963 est
755 1954 768 1967 ,
778 1942 805 1964 te
815 1932 961 1964 fafifflram
972 1931 1031 1963 effe
1042 1954 1054 1966 ‚
1063 1942 1096 1963 ut
1107 1934 1188 1974 quis—

220 1984 289 2015 1que
306 1973 378 2005 esset
400 1977 534 2005 meritus.
566 1975 618 2006 Est
633 1984 732 2005 autem
750 1978 785 2005 in
800 1973 903 2005 officio
919 1975 1016 2005 adbuc
1033 1976 1186 2015 Orpheus:

222 2025 368 2057 -praeterea
387 2027 565 2058 magnopere
574 2026 668 2047 nemo
686 2027 852 2048 ceterorum
863 2017 1030 2047 servorum.
1053 2020 1095 2048 Ea
1104 2018 1186 2047 causa

232 2057 288 2091 est,
299 2068 341 2091 ut,
354 2057 374 2088 si
383 2068 428 2088 res
439 2062 454 2089 a
464 2060 553 2089 nobis
562 2058 680 2093 abesset,
691 2059 790 2090 liberti
801 2058 894 2089 nostri
902 2057 1007 2092 essent,
1019 2056 1039 2088 sl
1048 2059 1185 2089 obtinere

227 2099 408 2141 potuissent:
432 2099 474 2130 fin
484 2100 520 2131 ad
535 2110 589 2131 nos
597 2103 797 2141 pertinerent,
815 2101 976 2135 servirent,
990 2100 1183 2142 praeterquam

227 2142 342 2182 oppido
357 2145 452 2182 pauci.
476 2142 533 2173 Sed
551 2143 614 2173 haec
628 2145 747 2173 minora
760 2143 837 2173 sunt.
861 2145 910 2173 Tu
920 2142 1002 2184 quod
1020 2152 1070 2173 me
1084 2144 1183 2173 horta-

226 2185 277 2217 ris,
291 2193 323 2214 ut
331 2186 436 2214 animo
447 2182 499 2213 fim
510 2194 621 2226 magno
633 2205 641 2218 ‚
654 2185 685 2215 &
694 2185 776 2225 spem
787 2185 911 2215 habeam
921 2184 1128 2225 recuperandae
1139 2185 1182 2215 sa-

223 2225 364 2257 lutis:'id
379 2226 472 2256 velim
491 2224 526 2256 fit
543 2226 711 2266 ejusmodi,
741 2235 773 2257 ut
791 2226 872 2257 reete
889 2227 999 2267 sperare
1027 2225 1180 2267 poffimus.

227 2271 336 2302 Nunc,
348 2268 457 2302 miser,
476 2268 596 2309 quando
606 2277 667 2299 tuas
683 2269 748 2308 jam
761 2269 872 2299 litteras
880 2270 1046 2308 accipiam?
1067 2270 1135 2309 quis
1145 2269 1180 2299 ad

218 2320 276 2342 me
285 2309 431 2350 perferet?
452 2319 524 2348 quas
533 2320 592 2351 ego
601 2308 814 2350 exspe&ass·em
826 2309 971 2341 Brundisii
983 2331 992 2344 ,
1004 2309 1024 2340 si
1035 2309 1106 2340 ess'et
1115 2311 1181 2342 lici-

225 2361 292 2384 tum
301 2361 353 2391 per
361 2360 463 2382 nautas
474 2371 482 2385 ‚
494 2353 545 2392 qui
555 2349 761 2392 tempestatem
770 2354 993 2393 praetermittere
1004 2353 1177 2383 noluerunt.

227 2398 241 2423 3
253 2393 344 2432 Quod
355 2394 507 2434 reliquum
517 2390 560 2423 est
570 2413 578 2427 ,
591 2393 719 2424 sustenta
728 2403 756 2424 te
765 2414 773 2428 ,
786 2403 852 2425 mea
862 2397 1003 2428 Terentia
1012 2415 1020 2428 ,
1042 2403 1074 2424 ut
1083 2403 1176 2434 potes.

223 2433 428 2466 honestiffime
448 2436 601 2465 viximus:
616 2434 788 2466 floruimus.
811 2446 880 2470 non,
896 2438 1008 2466 vitium
1028 2437 1176 2469 nostrum,

224 2477 274 2509 sed
293 2478 387 2507 virtus
403 2475 503 2508 nostra
518 2487 574 2507 nos
593 2476 712 2508 afflixit.
734 2487 888 2518 peccatum
904 2477 946 2509 est
962 2479 1082 2508 nullum
1095 2499 1103 2511 ‚
1124 2478 1177 2508 nisi

223 2518 307 2561 quod
319 2527 381 2548 non
394 2517 452 2548 una
460 2520 596 2549 animam
610 2529 680 2549 cum
701 2521 888 2552 ornamentis
897 2518 1061 2550 amisimus.
1084 2521 1139 2551 Sed
1157 2519 1177 2550 si

221 2563 281 2593 hoc
290 2559 350 2590 fuit
361 2559 462 2591 liberis
471 2559 579 2591 nostris
591 2563 702 2604 gratius
713 2581 721 2596 ,
733 2571 791 2593 nos
805 2564 923 2592 vivere:
947 2571 1040 2594 cetera
1050 2582 1058 2596 ,
1070 2572 1177 2604 quam-

1241 255 1341 287 hrmm
1356 255 1414 294 ipse
1429 265 1478 284 me
1491 265 1553 284 non
1569 254 1695 294 piisl'iim.
1721 256 1863 286 Clodium
1874 257 2099 288 Philhetaerum,
2114 253 2197 295 quod

1240 296 1403 327 valitudine
1414 297 1514 326 oculoi
1523 307 1573 326 uin
1585 297 1812 337 impediebatur,
1827 300 1985 328 hominem
1997 296 2118 328 fidelem
2129 316 2137 329 ,
2149 306 2196 325 re·-

1241 335 1315 365 mifi.
1339 337 1491 367 Sallustius
1503 337 1606 368 officio
1618 348 1717 368 vincet
1727 342 1856 369 omneis.
1881 340 2060 370 Pescennius
2073 337 2115 368 cst
2128 347 2192 377 per-

1239 378 1399 408 benivolus
1416 380 1520 408 nobis:
1544 391 1634 420 quem
1649 381 1764 420 semper
1785 381 1868 420 spero
1888 383 1928 411 tui
1952 380 2017 411 fore
2034 380 2194 410 observan-

1242 428 1312 448 tem.
1335 423 1415 449 Sicca
1429 420 1542 451 dixerat
1554 423 1580 451 se
1592 432 1712 452 mecum
1724 422 1804 452 fore:
1829 423 1874 452 sed
1888 421 2044 452 Brundisio
2056 420 2192 452 discessit..

1241 463 1315 489 Cura
1326 480 1334 494 ,
1345 461 1442 500 quoad
1452 472 1535 501 potes
1547 483 1554 496 ‚
1568 472 1600 492 ut
1613 465 1728 493 valeas:
1752 464 1785 494 &
1799 463 1836 494 sic
1849 464 2002 494 existimes
2015 485 2024 497 ,
2038 474 2088 493 me
2101 464 2193 493 vehe-

1241 502 1373 531 mentius
1385 511 1432 532 tua
1445 503 1561 533 miseria
1572 524 1580 537 ,
1593 507 1681 544 quim
1694 515 1761 535 mea
1770 508 1972 536 commoveri.
1999 509 2067 535 Mea
2076 507 2194 535 Teren·

1239 552 1289 575 tia,
1303 541 1438 572 fidiffima
1447 563 1454 577 ,
1475 553 1560 584 atque
1569 556 1683 584 optima
1693 557 1769 576 uxor
1779 567 1788 580 ,
1809 548 1843 577 &
1853 557 1918 577 mea
1931 546 2076 577 carissima
2087 545 2190 578 filiola,

1238 583 1342 655 {spes
1354 585 1466 654 ls‘f‘liqua
1477 585 1583 619 nostra>
1595 590 1709 621 Cicero,
1724 589 1827 619 valete.
1851 590 1948 620 Pridie
1957 588 2106 619 Kalendas
2116 589 2190 618 Mai.

1263 635 1318 655 run
1343 637 1351 654 i
1366 636 1405 654 io.

1344 676 1483 704 M.T.C.
1519 678 1808 709 TERENTIAE
1839 684 1902 711 ET
1933 681 2084 711 TULL.

1550 720 1568 748 S
1579 721 1608 748 U
1619 721 1632 747 Ι
1642 722 1659 748 S
1671 741 1679 753 ‚
1723 723 1754 750 S.
1777 725 1806 751 P.
1831 725 1871 751 D.

1295 764 1308 790 I
1327 771 1356 791 tn
1368 782 1376 796 ‚
1397 761 1430 792 &
1441 762 1542 792 Tullia
1554 782 1561 795 ,
1583 763 1635 792 lux
1648 764 1745 795 nostra
1756 767 1875 799 vale-[isi
1892 779 1946 808 ego
1957 768 1989 798 δε
2001 765 2190 799 suavissimus

1296 805 1398 834 Cicero
1413 824 1420 837 ‚
1437 804 1582 833 valemus.
1607 805 1702 835 Pridie
1723 807 1789 836 idus
1800 808 1955 839 Oelobreis
1967 811 2094 839 Athenas
2107 812 2192 840 veni-

1236 854 1302 874 mus
1314 865 1323 878 ,
1342 855 1412 876 cum
1423 846 1491 875 sane
1505 845 1632 876 adversis
1645 850 1742 877 ventis
1766 848 1805 878 usi
1818 848 1944 880 essemus
1956 871 1964 884 ,
1982 851 2122 891 tardeque
2132 871 2140 884 ‚
2157 851 2190 880 δε

1235 887 1432 917 incommode
1445 886 1670 928 navigassemus.
1681 892 1729 919 De
1739 900 1813 920 nave
1824 893 2002 922 exeuntibus
2015 893 2103 922 nobis
2114 896 2190 922 Aca-

1236 927 1296 957 stus
1312 939 1380 958 cum
1394 930 1499 959 litteris
1509 929 1612 968 praesto
1626 929 1683 961 fuit
1697 942 1760 962 uno
1771 932 1804 962 &
1814 931 1957 963 vicesimo
1967 934 2026 967 die,
2038 934 2105 964 sane
2117 934 2190 965 stre-

1237 970 1307 1000 nue.
1330 974 1440 1010 Accepi
1451 980 1513 1000 tuas
1524 971 1643 1005 litteras,
1655 975 1764 1013 quibus
1775 975 1926 1008 intellexi,
1939 984 1966 1005 te
1977 978 2080 1009 vereri,
2094 986 2130 1005 ne
2142 976 2189 1005 su-

1234 1014 1363 1051 periores
1385 1013 1463 1042 'mihi
1483 1012 1602 1042 redditae
1623 1024 1684 1044 non
1703 1014 1805 1046 effent.
1833 1019 1947 1047 Omnes
1957 1017 2024 1046 sunt
2043 1018 2164 1047 redditae
2179 1029 2185 1045 τ

1233 1052 1546 1095 diligentiffimequea
1565 1064 1592 1084 te
1603 1056 1758 1097 perscripta
1778 1059 1845 1088 sunt
1865 1061 1985 1088 omnia:
2008 1058 2098 1099 idque
2110 1061 2188 1088 milii

1233 1094 1431 1137 gratissimum
1441 1095 1508 1125 fuit.
1534 1098 1640 1137 Neque
1654 1098 1719 1128 sum
1731 1099 1892 1130 admiratus
1905 1121 1913 1133 ,
1923 1101 2004 1130 hanc
2017 1099 2187 1140 eprstoiaim,

1231 1147 1321 1178 quarn
1333 1136 1454 1168 Acastus
1471 1138 1588 1172 attulit,
1610 1139 1729 1170 brevem
1748 1140 1844 1171 fuiss'e.
1858 1142 1920 1182 jam
1931 1144 2015 1172 enim
2027 1142 2187 1181 meipsum

1233 1178 1393 1219 exspectas,
1404 1177 1462 1209 five
1473 1189 1528 1210 nos
1539 1182 1629 1219 ipsos,
1640 1183 1828 1223 quiquidem
1838 1184 1928 1224 quam
1939 1183 2074 1223 primum
2085 1184 2120 1214 ad
2132 1193 2188 1213 vos

1234 1223 1336 1251 venire
1346 1231 1501 1261 cupimus:
1532 1221 1581 1263 etsi
1599 1225 1728 1263 inquam
1741 1235 1833 1265 remp.
1855 1228 2014 1259 venimus,
2034 1226 2186 1266 intelligo.

1232 1265 1363 1303 cognovi
1374 1266 1456 1293 enim
1479 1273 1516 1293 ex
1529 1265 1697 1295 multor'um
1709 1269 1877 1297 amicorum
1890 1269 1995 1297 litteris
2005 1287 2013 1300 ,
2029 1277 2099 1308 quas
2112 1276 2189 1297 atiu-

1233 1305 1269 1334 lit
1283 1304 1403 1335 Acastus
1413 1325 1421 1339 2
1435 1306 1469 1336 ad
1481 1316 1560 1336 arma
1570 1317 1631 1336 rem
1644 1307 1788 1347 spestare:
1810 1318 1841 1339 ut
1851 1310 1928 1339 milii
1943 1329 1951 1343 ,
1972 1308 2045 1340 cum
2063 1318 2186 1339 veneto,

1233 1345 1417 1377 dissimulare
1428 1358 1490 1378 non
1502 1348 1597 1382 liceat,
1608 1349 1679 1390 quid
1690 1351 1827 1381 sentiam.
1850 1351 1916 1385 Sed,
1931 1360 2026 1391 quum
2037 1351 2189 1380 subeunda

1233 1388 1353 1432 fortuna
1363 1389 1415 1423 est,
1429 1400 1464 1420 eo
1478 1390 1567 1419 citius
1577 1391 1716 1421 dabimus
1726 1402 1847 1432 operam
1861 1414 1869 1426 ,
1882 1401 1914 1423 iit
1929 1394 2084 1423 veniamus
2095 1411 2104 1425 ‚
2124 1391 2193 1432 qub-

1231 1432 1347 1460 tacilius
1358 1431 1394 1461 de
1406 1441 1467 1462 tota
1478 1442 1507 1461 re
1518 1432 1728 1463 deliberemus.
1752 1437 1803 1464 Tu
1812 1436 1917 1468 velim,
1928 1434 2010 1475 quod
2019 1433 2188 1464 commodo

1234 1473 1409 1503 valitudinis
1429 1482 1485 1503 tuae
1502 1472 1569 1507 fiat,
1586 1475 1702 1515 *equam
1722 1475 1895 1517 longiss'ime
1912 1478 2041 1515 poteris,
2060 1474 2187 1505 obviam

1234 1514 1321 1544 nobis
1335 1525 1486 1554 properes.
1510 1517 1558 1544 De
1568 1517 1727 1547 hereditate
1739 1520 1886 1551 Preciana,
1897 1527 1963 1557 quae
1972 1516 2095 1558 quidem
2110 1517 2189 1545 mihi

1234 1566 1344 1597 magno
1358 1556 1458 1586 dolori
1467 1556 1508 1586 est
1517 1577 1526 1590 ,
1539 1557 1634 1596 (valde
1645 1560 1729 1588 enim
1739 1559 1829 1588 illum
1843 1561 1954 1598 amavi)
1965 1558 2013 1588 sed
2025 1559 2189 1593 hocvelim.

1230 1608 1330 1627 cures:
1346 1597 1365 1627 fi
1375 1597 1474 1628 auffio
1484 1608 1550 1628 ante
1567 1608 1673 1628 meum
1682 1599 1845 1630 adventum
1857 1599 1908 1630 fiet
1918 1621 1926 1634 ,
1947 1609 1979 1630 ut
1989 1601 2187 1639 Pomponius,

1231 1649 1289 1674 aut,
1300 1639 1319 1669 si
1330 1642 1353 1669 is
1369 1643 1471 1669 minus
1480 1642 1608 1680 poterit,
1621 1642 1766 1671 Camillus
1780 1641 1915 1672 nostrum
1927 1643 2084 1684 negotium
2096 1650 2188 1671 curet.

1233 1684 1299 1711 Nos
1313 1681 1384 1711 cum
1395 1682 1467 1712 salvi
1478 1684 1651 1712 venerimus
1663 1704 1672 1716 ‚
1683 1684 1796 1724 reliqua
1805 1694 1857 1723 per
1866 1694 1922 1714 nos
1932 1693 2064 1725 agemus.
2091 1684 2143 1713 Sin
2154 1692 2188 1713 tu

1227 1725 1289 1763 jam
1302 1726 1403 1754 Roma
1421 1723 1556 1763 profecta
1574 1727 1650 1758 eris,
1671 1735 1772 1755 tamen
1791 1726 1924 1760 curabis,
1946 1735 1979 1756 ut
1996 1726 2055 1755 hoc
2073 1726 2110 1754 ita
2127 1722 2185 1755 fiat-

1233 1765 1342 1803 Nos‚rsi
1354 1766 1397 1796 dii
1407 1766 1598 1804 adjuvabunt,
1610 1769 1727 1796 circiter
1736 1767 1803 1797 idus
1814 1767 1970 1798 Novemb.
1982 1768 2015 1796 in
2025 1767 2107 1796 Italia
2120 1766 2188 1806 spe-

1230 1817 1330 1837 ramus
1339 1808 1414 1837 fore.
1441 1810 1504 1837 Vos
1518 1818 1584 1838 mea
1595 1807 1764 1838 liiaviss'ima
1774 1829 1782 1841 ,
1796 1809 1827 1839 ὃς
1838 1807 2020 1848 optatissima
2028 1809 2186 1841 Terentia,

1232 1848 1264 1878 ὃς
1278 1849 1414 1878 Tulliola
1425 1869 1433 1881 ‚
1455 1847 1475 1878 si
1489 1859 1545 1878 nos
1555 1852 1659 1879 amatis
1669 1869 1677 1884 ,
1688 1860 1786 1881 curate
1797 1860 1828 1880 ut
1838 1851 1968 1881 valeatis.
1984 1850 2132 1884 Athenis,
2148 1849 2187 1880 ad

1230 1899 1286 1926 xv-⁴
1296 1890 1446 1920 Kalendas
1456 1892 1488 1920 N
1491 1891 1625 1938 ovefflltvi·¹

1287 1948 1426 1979 M.T.c.
1460 1946 1770 2023 TERENSTIiai),
1798 1952 1861 1981 ET
1889 1951 2126 1985 TULLII&

1338 2046 1363 2075 E
1374 2053 1393 2073 c
1416 2043 1488 2084 saepe
1504 2043 1547 2075 est
1558 2065 1565 2078 ‚
1586 2048 1633 2075 cui
1648 2047 1758 2077 litteras
1776 2046 1904 2077 demus:
1925 2058 1983 2078 nec
2003 2057 2067 2078 rem
2090 2045 2183 2078 habe-

1329 2096 1397 2116 mus
1407 2087 1499 2117 ullam
1512 2108 1520 2120 ‚
1539 2098 1628 2129 quain
1640 2088 1764 2118 scribere
1777 2089 1917 2119 velimus.
1938 2092 1985 2120 Ex
1995 2089 2182 2122 tuislitteris,

1224 2137 1295 2168 quas
1313 2128 1453 2168 proxime
1463 2139 1561 2168 accepi
1572 2149 1580 2161 ,
1605 2133 1755 2170 cognovi,
1775 2131 1921 2171 praedium
1933 2131 2055 2161 nullum
2072 2132 2184 2161 vaenire

1225 2168 1365 2209 potuisse.
1394 2172 1491 2211 Qare
1502 2171 1627 2201 videatis
1639 2172 1730 2201 velim
1743 2192 1751 2205 ‚
1762 2172 1919 2212 quomodo
1930 2171 2048 2203 satisfiat
2063 2173 2106 2206 ei,
2130 2173 2181 2203 cui

1225 2212 1304 2241 scitis
1314 2221 1363 2242 me
1374 2211 1506 2242 satisfieri
1526 2213 1612 2242 velle.
1642 2214 1733 2251 Qod
1753 2212 1851 2245 nostra
1860 2214 1917 2245 tibi
1925 2216 2031 2255 gratias
2048 2216 2129 2255 agit,
2148 2212 2180 2243 id

1225 2262 1278 2294 ego
1288 2263 1351 2283 non
1365 2255 1459 2283 miror
1469 2263 1497 2283 te
1508 2256 1617 2284 meteri
1630 2275 1638 2287 ‚
1651 2265 1684 2285 ut
1694 2265 1725 2286 ea
1737 2255 1792 2285 tibi
1804 2257 1913 2286 merito
1923 2265 1975 2286 tuo
1983 2258 2087 2297 gratias
2097 2264 2180 2295 agere

1224 2293 1322 2335 possit.
1337 2296 1493 2328 Pollicem,
1506 2293 1526 2324 fi
1536 2295 1631 2326 adhuc
1642 2307 1707 2327 non
1718 2296 1760 2327 est
1768 2297 1932 2337 proselitus,
1943 2307 2032 2339 quarn
2042 2298 2179 2338 primurn

1223 2336 1268 2367 fac
1278 2337 1428 2367 extrudas.
1449 2339 1535 2371 Cura,
1549 2347 1580 2368 ut
1593 2338 1698 2369 valeas.
1719 2339 1818 2369 idibus
1829 2340 1957 2381 Qintil.

1264 2387 1401 2417 M.T.C.
1426 2389 1875 2461 TERENglffgUAE,
1894 2390 1960 2419 ET
1984 2387 2134 2417 TULL.

1325 2490 1430 2510 ΜΝειε
1449 2479 1610 2514 molestias,
1623 2481 1656 2510 δε
1669 2480 1883 2511 sollicitudines
1895 2500 1902 2513 ,
1916 2480 2024 2520 quibus
2037 2479 2108 2510 &te
2119 2480 2180 2509 mi-

1323 2522 1477 2552 serrimam
1496 2523 1603 2555 habui,
1624 2522 1654 2552 id
1668 2522 1749 2562 quod
1769 2523 1848 2551 mihi
1867 2520 2113 2552 molestissimum
2124 2520 2177 2555 est,

1221 2563 1450 2605 Tulliolamque
1460 2584 1467 2598 ,
1479 2574 1544 2606 quae
1556 2564 1646 2595 nobis
1654 2562 1753 2594 nostra
1764 2566 1823 2594 vita
1836 2563 1953 2613 dulcior
1962 2562 2004 2594 est
2014 2583 2022 2598 ‚
2039 2562 2177 2604 deposui,

2142 2604 2179 2638 ὃς

217 2702 219 2705 “
259 2716 269 2734 ι
277 2727 283 2733 .
294 2711 374 2742 Neque
382 2709 495 2740 homines,
504 2711 590 2743 quibus
600 2710 744 2743 egofirvi'wi,
754 2710 817 2735 nobis
823 2713 931 2743 grfln'am
942 2712 1098 2745 retulerunt]
1113 2712 1179 2738 Haec

1201 2731 1203 2742 .
1218 2713 1265 2739 bus
1275 2721 1381 2749 apparet
1391 2723 1443 2739 non
1454 2713 1684 2740 inconvenientem
1694 2711 1746 2738 esse
1756 2712 1821 2738 lianc
1832 2711 1998 2747 scripturam.
2018 2711 2111 2739 Paulli,
2123 2712 2176 2738 ite-

220 2742 255 2769 est
266 2743 387 2770 codicum
406 2745 587 2780 antiquiorum
598 2755 627 2771 ac
647 2746 788 2772 meliorum
807 2745 954 2780 scriptura,
973 2747 1087 2773 Palatini
1098 2747 1179 2779 sexti,
1201 2745 1203 2776 i*
1221 2759 1279 2775 rum
1299 2750 1353 2784 post
1365 2769 1372 2780 ,
1393 2749 1459 2775 nihil
1471 2748 1624 2775 mutandum
1639 2759 1644 2774 :
1666 2757 1760 2774 omnes
1777 2748 1847 2774 enim
1867 2748 1946 2774 libi-i:
1961 2750 2000 2782 fin
2010 2756 2036 2774 ut
2047 2758 2081 2781 ego
2090 2755 2176 2781 metuo,

219 2779 302 2806 trium
312 2779 461 2806 Gulielinio
471 2780 662 2817 inspeStorum,
673 2782 805 2808 Vaticani.
830 2782 964 2808 Palatinus
975 2783 1074 2818 primus
1087 2784 1180 2811 vocula

219 2813 340 2842 aufilior:
361 2818 448 2850 quibui·
457 2826 491 2850 ego
504 2818 597 2851 semper·
607 2819 718 2850 servi-vi:
738 2818 764 2844 &
777 2819 894 2844 Venetus
912 2829 917 2844 :
936 2820 1023 2851 quibui-
1040 2828 1074 2851 ego
1086 2820 1181 2852 fir'vivi

1199 2781 1202 2815 J'
1219 2786 1367 2818 transitivum
1377 2788 1420 2810 efY.
1441 2786 1484 2811 Sic
1494 2786 1648 2816 Tei-entius,
1659 2787 1727 2816 aiffa,
1737 2785 1862 2818 transaHa
1870 2787 1956 2810 omnia.

1257 2829 1283 2855 3.
1303 2822 1370 2853 Qud
1377 2823 1490 2855 reliquum
1500 2824 1535 2846 cf?
1545 2840 1551 2852 ,
1565 2822 1672 2853 sustenta
1679 2828 1702 2845 re
1714 2839 1722 2852 ,
1732 2829 1783 2845 mea
1791 2821 1927 2855 Terentia]
1948 2819 2104 2856 Elegantius
2115 2829 2176 2846 meo

202 2844 314 2882 ’ἵναμὴ
332 2850 376 2877 sed
388 2853 502 2879 nostram
522 2862 627 2889 quoque
648 2854 791 2880 lectionem
813 2853 1010 2889 rcpraeseiitavit
1019 2854 1156 2881 vitiorius
1168 2866 1174 2882 :
1218 2857 1308 2883 animo
1319 2856 1412 2883 abesset
1423 2856 1629 2892 proi-ocabulum
1639 2863 1661 2881 te
1671 2876 1680 2888 ‚
1691 2856 1761 2892 quod
1774 2856 1850 2882 viden
1859 2863 1931 2883 cei-te
1945 2856 2053 2883 excludi
2063 2856 2096 2882 ab
2105 2856 2178 2892 opti-

220 2883 308 2912 blenui
318 2885 378 2914 sunt
390 2906 398 2920 ‚
417 2889 518 2915 etiamsi
533 2889 617 2915 valide
627 2894 703 2916 :iente
715 2889 803 2917 fecisse
815 2889 898 2916 videi-i
911 2890 1016 2922 volunt,
1027 2891 1073 2925 qui
1084 2890 1176 2918 referi·
1220 2893 1269 2918 mis
1283 2892 1356 2919 libris
1369 2912 1376 2922 ,
1396 2893 1516 2918 Palatino
1535 2892 1610 2918 sexto
1622 2893 1649 2917 &
1673 2893 1857 2927 Hittorpiano.
1878 2892 1986 2919 Plautus
1999 2903 2004 2918 z
2019 2893 2177 2926 ficstenratum

221 2919 337 2954 pserunt,
348 2932 405 2958 quos
415 2933 448 2957 ego
453 2925 556 2957 finam*
567 2926 668 2960 fiisiper.

233 2978 242 2983 ,
255 2963 284 2996 2..
304 2959 490 2991 emperdieum
501 2964 510 2986 Ξ
526 2962 538 2986 ὀ
548 2963 689 2996 afflz'c‘lum]
711 2961 805 2998 Ejexsto
825 2963 873 2989 illo
892 2962 1071 2999 provocabulo
1084 2973 1118 2988 me
1127 2972 1176 2999 po·
1218 2965 1304 2990 Stew.
1316 2965 1397 2990 l'cck.
1419 2973 1478 2989 cura
1487 2966 1548 2998 quod
1562 2971 1625 2996 potes
1634 2971 1661 2989 ut
1671 2967 1766 2991 valeat.
1787 2965 1859 2991 Nam

218 2989 325 3018 steriore
337 3012 345 3024 ,
356 2993 517 3022 Gulielmius
527 3006 560 3023 ex
573 2998 746 3035 Hittorpiano
757 2999 839 3035 legit:
862 3002 873 3024 ὁ
883 3009 915 3024 mc
926 3002 1039 3033 qfflifficm
1050 3019 1058 3031 ‚
1078 3000 1175 3025 trahit·
1217 3000 1244 3025 in
1257 3000 1332 3026 sexto
1345 3001 1381 3027 cst
1391 2999 1484 3035 glossa,
1494 3008 1621 3034 quatenus.

218 3035 269 3061 que
288 3027 338 3054 huc
355 3027 422 3055 illud
440 3032 600 3059 mihivi‘debor
612 3037 685 3067 pssane
698 3036 791 3069 perisse.
812 3037 871 3062 Nos
882 3037 961 3062 unico
973 3035 1042 3061 libro
1052 3035 1173 3068 adducoti,

1211 2929 1291 2961 scdulo
1301 2931 1344 2954 eff.
1364 2929 1457 2955 Infinc
1477 2937 1582 2963 quoquc
1595 2928 1718 2963 Epistolae
1736 2927 1900 2954 scribendum
1920 2938 1953 2954 ex
1971 2929 2038 2954 l‘all.
2050 2929 2174 2963 Hittnrp.

1877 2965 1940 2999 quod
1949 2963 2077 3000 fignificat
2086 2964 2173 2998 quoad.

1251 3044 1279 3068 4.
1299 3036 1377 3068 Qaim
1385 3036 1501 3069 longijffim'l
1507 3043 1592 3068 potem
1603 3055 1611 3067 ,
1629 3038 1723 3062 chriam
1732 3036 1795 3062 nobis
1801 3035 1934 3070 pmperes]
1956 3036 2020 3062 Non
2032 3034 2106 3062 ausus
2117 3034 2173 3061 siim

216 3063 371 3090 mutationis
382 3065 419 3090 rei
429 3073 474 3092 :int
484 3069 642 3096 temeritatis
661 3070 711 3097 effe
724 3071 858 3098 nolumus.
878 3072 920 3098 Sic
931 3072 1021 3108 paullo
1066 3072 1084 3098 st
1097 3072 1172 3098 Pali·
1193 3088 1195 3113 Ι
1216 3080 1276 3096 cum
1288 3072 1410 3097 victorio
1429 3074 1494 3098 hanc
1513 3081 1620 3098 movere
1641 3072 1784 3099 lectionem
1798 3092 1806 3104 ,
1826 3072 1987 3098 restitantem
2006 3073 2032 3098 in
2054 3072 2175 3097 Palatino

216 3098 288 3124 tinus
299 3098 387 3126 sextus
398 3099 465 3135 legit
474 3119 484 3133 ,
501 3103 530 3133 <5-
539 3111 628 3137 corpore
646 3107 675 3136 ὠ·
694 3110 770 3132 animo
789 3108 907 3140 afflflam.
929 3116 957 3135 ut
968 3118 1015 3144 apii
1047 3107 1170 3134 Plautini

214 3133 302 3165 cffiffa
311 3138 399 3162 amica.
419 3137 446 3162 &
459 3137 591 3167 Nasonem
603 3159 611 3172 ,
622 3142 667 3168 ibit
676 3149 702 3167 ut
713 3143 822 3176 affiHam
834 3163 842 3175 ‚
851 3154 900 3177 φωρ
909 3154 953 3170 non
963 3146 1081 3177 languebit
1094 3163 1101 3174 a
1112 3154 1174 3169 ‘¹0⁷¹-

211 3178 277 3211 cam,
287 3171 327 3204 &⁶
333 3191 338 3199 ·
349 3172 376 3199 ὃ(
386 3172 726 3221 Propert.J1⁴ppis‘›-affiqae
733 3179 829 3208 tandem
838 3181 949 3216 mtstrare
958 3181 1051 3210 Puella
1070 3188 1103 3209 ex
1114 3181 1175 3216 qui-

1213 3108 1301 3142 primo
1314 3127 1322 3138 ‚
1343 3108 1370 3134 Sc
1381 3106 1527 3134 editionum
1537 3107 1724 3143 antiquiffima.
1744 3107 1889 3134 Lambinus
1908 3108 1983 3134 illico
1994 3107 2174 3133 Victorinum

1216 3142 1359 3170 icffioncm
1378 3144 1477 3180 recepit
1489 3163 1497 3175 ‚
1511 3145 1631 3178 prodi-as,
1648 3153 1729 3180 quam
1749 3152 1837 3174 tamen
1856 3144 1986 3181 conspicio
2003 3144 2031 3173 iii
2050 3142 2174 3171 Pal-irino

1214 3180 1303 3221 seam,
1313 3181 1340 3208 &t
1353 3180 1537 3218 Hittorpiaiio.

1572 3217 1723 3254 Ccccc3
2091 3215 2169 3242 1:2³0
