2316 3395
225 151 287 214 78
649 144 1146 197 M.Tt51.1.11

219 231 327 272 ‘inquit
336 231 421 261 Cotta
432 252 440 264 ,
452 228 468 261 *a
478 237 505 261 te
515 236 584 270 peto
596 249 603 262 ,
616 228 747 260 Scaevola
759 227 830 267 (me
839 225 935 258 enirn,
948 223 981 254 ὃς
992 224 1075 254 hunc
1084 223 1184 263 Sulpi-

225 275 308 303 cium
320 293 327 306 ‚
352 273 469 315 impedit
479 273 568 314 pudor
584 271 619 301 ab
630 272 757 300 homine
769 269 911 298 omnium
922 263 1091 313 gravfflirno
1102 285 1110 299 ‚
1131 266 1184 306 qui

223 325 319 356 genus
329 316 505 351 huiusmodi
522 313 729 353 disputationis
747 311 863 350 semper
871 308 1082 342 contemserit,
1103 308 1183 341 haec,

225 366 292 397 quae
303 356 349 387 isti
359 351 478 387 forsitan
492 364 640 398 puerorum
657 352 790 382 elementa
805 351 981 384 videantur,
999 360 1038 379 ex
1062 349 1184 389 uirere.)

227 401 237 417 ¹
251 398 300 429 sed
312 407 342 428 tu
356 399 412 428 hoc
423 398 510 428 nobis
523 397 559 426 da
569 417 577 430 ‚
590 395 720 426 scaevola
731 414 740 428 ,
754 394 786 424 δε
796 391 904 433 perfice
917 413 925 426 ‚
937 401 970 422 ut
979 394 1017 422 Cr
1059 391 1093 422 'us
1103 393 1166 421 haec
1175 410 1183 425 ,

226 450 291 481 qua:
304 439 464 470 coar-&avit
473 460 480 472 ‚
495 439 527 469 δε
536 435 708 478 peranguste
719 434 830 466 referfit
842 437 875 465 in
886 436 1021 465 oratione
1031 434 1081 464 sua
1090 453 1098 468 ‚
1108 433 1184 463 dila-

225 489 267 512 tet
278 482 367 512 nobis
376 502 383 514 ‚
396 490 480 522 atque
491 480 630 520 explicet.
656 481 719 519 Ego
730 477 901 508 mehercule
909 497 917 510 ‚
936 477 1035 517 inquit
1043 477 1163 506 Mucius
1174 495 1181 509 ,

225 532 310 554 antea
318 523 412 553 vestra
422 524 516 563 magis
527 524 585 552 hoc
595 521 677 551 causa
685 519 826 550 volebam
839 539 847 553 ,
867 518 958 560 quam
977 528 1052 548 mea.
1075 519 1185 558 Neque

224 567 309 597 enim
320 574 471 605 tantopere
482 566 558 594 lianc
577 562 593 593 a
603 560 702 593 Crass‘o
713 561 948 602 disputationem
962 558 1163 590 desiderabam
1175 578 1184 592 ,

224 616 405 647 quantopere
425 607 488 642 ejus
508 607 540 635 in
560 603 650 635 causis
669 606 803 634 omtione
822 601 971 633 delestor:
995 611 1078 632 nunc
1092 599 1179 633 vero,

225 645 319 678 Crass'c
332 668 339 681 ,
354 658 421 678 mea
431 657 550 689 quoque
562 649 653 677 etiam
663 646 747 676 causa
754 656 829 685 rogo
840 665 849 679 ‚
868 653 901 675 ut
910 646 1055 685 quoniam
1068 651 1185 673 tantum

225 689 370 720 habemus
382 691 437 719 otii
448 710 456 723 ‚
474 698 622 730 quantum
630 687 747 729 jamdiu
758 689 846 717 nobis
857 696 921 717 non
932 686 1082 726 contingit
1092 705 1099 718 ‚
1121 687 1135 703 ²
1146 694 1184 713 ne

225 741 344 772 gravere
357 730 520 770 exedificare
531 731 562 761 id
572 740 657 771 opus,
670 729 751 771 quod
763 727 928 759 instituisti.
949 730 1090 758 Formam
1100 727 1186 756 enim

225 775 318 803 totius
338 775 452 814 negotii
471 775 617 813 opinione
636 773 784 809 maiorem
804 790 813 804 ‚
838 770 1057 813 melioremque
1073 767 1165 798 video
1177 777 1183 796 t

164 817 207 858 36
227 825 316 856 quam
328 814 638 855 vehementerprobo.
663 810 829 844 Enimvero
841 832 849 845 ‚
862 813 961 852 inquit
971 809 1085 840 Ciassus
1097 830 1105 843 ‚
1125 811 1185 839 mi-

224 859 280 887 rari
299 857 365 887 satis
377 867 441 888 non
451 866 542 898 queo,
554 858 646 887 etiam
657 864 683 885 te
695 856 768 887 haze,
781 854 922 886 Scaevola,
937 850 1109 885 desiderare,
1121 861 1186 893 quae

226 908 325 940 neque
337 910 392 941 ego
403 908 508 932 teneo⁷
522 900 566 928 uti
578 900 616 932 ii,
628 899 681 938 qui
691 897 820 930 docent3
838 905 934 936 neque
945 895 1013 925 sunt
1023 896 1086 934 eJ‘us
1096 904 1188 935 gene-

224 943 264 971 ris
276 962 283 975 ‚
306 950 355 975 ut,
369 940 390 971 sl
400 940 517 984 optime
531 949 664 971 tenerem
677 960 685 973 ‚
707 938 796 980 digna
805 936 899 967 ess'ent
909 936 962 967 ista
972 937 1114 976 sapientia
1124 956 1134 977 ‚v
1154 945 1187 966 ac

223 985 283 1014 tuis
293 983 424 1014 auribus
450 987 463 1011 3
475 986 522 1013 An
533 991 564 1012 tu
576 1002 584 1016 ,
602 984 701 1022 inquit
711 981 761 1010 ille
773 1000 780 1013 ,
797 977 817 1008 fi
829 979 865 1009 de
875 977 938 1009 istis
947 977 1165 1009 communibus
1178 998 1186 1010 ,

226 1025 260 1055 &
268 1027 431 1067 pervagatis
441 1027 496 1055 vix
506 1026 576 1054 huic
586 1025 664 1054 aetati
674 1021 858 1053 audiendum
868 1029 953 1062 putas
963 1040 971 1054 ,
994 1022 1126 1050 etiamne
1136 1019 1187 1049 illa

224 1068 376 1109 negligere
387 1065 542 1108 possumus
554 1086 562 1100 ,
584 1075 650 1106 quae
659 1073 691 1095 tu
701 1065 810 1094 oratori
821 1061 1027 1104 cognoscenda
1037 1060 1094 1091 ess'e
1105 1061 1187 1092 dixi—

224 1108 261 1139 sti
271 1129 278 1142 ‚
300 1113 318 1135 4
327 1109 363 1140 de
374 1111 485 1140 naturis
495 1109 661 1138 hominum
671 1127 679 1141 ,
690 1106 726 1136 de
737 1104 873 1136 moribus
885 1125 893 1138 ,
907 1104 943 1135 de
952 1103 1119 1134 rationibus
1129 1105 1166 1133 iis
1178 1123 1186 1137 ‚

224 1150 334 1192 quibus
352 1152 516 1181 hominum
535 1158 652 1180 mentes
664 1149 903 1179 &incitarentur
915 1167 923 1179 ‚
946 1146 978 1176 &
988 1147 1188 1186 reprimeren-

226 1202 274 1223 tur
285 1213 293 1226 ‚
306 1193 342 1223 de
352 1192 477 1223 historia
487 1212 495 1226 ‚
507 1192 544 1222 de
555 1192 741 1232 antiquitate,
753 1189 790 1219 de
800 1187 1062 1219 administratione
1071 1187 1185 1227 reipub.

223 1234 355 1276 denique
366 1234 402 1265 de
414 1233 517 1264 nostro
527 1234 591 1274 ipso
597 1234 664 1274 jure
674 1233 778 1262 civili?
790 1234 803 1258 5
811 1232 888 1261 hanc
898 1232 983 1260 enim
994 1240 1048 1272 ego
1058 1239 1186 1259 omnem

223 1276 380 1307 scientiam
391 1297 399 1310 ‚
422 1277 583 1316 &copiam
601 1284 700 1305 rerum
718 1275 752 1304 in
770 1282 819 1303 tua
829 1272 984 1313 prudentia
999 1271 1128 1302 sciebam
1140 1273 1187 1301 in—

221 1316 281 1348 esse
294 1329 299 1347 :
319 1320 352 1348 in
362 1319 487 1349 oratoris
497 1317 570 1348 vero
581 1316 784 1347 instrumento
795 1324 856 1345 tarn
868 1315 978 1345 lautam
997 1312 1188 1354 suppelleffi-

220 1359 284 1390 lem
293 1370 459 1402 numquam
470 1359 617 1390 videram.
641 1361 728 1389 Potes
738 1359 827 1399 igitur
836 1377 845 1391 ‚
858 1358 958 1397 inquit
968 1355 1090 1389 Craffus,
1104 1354 1113 1394 (
1124 1353 1140 1375 ⁶
1150 1364 1184 1386 ut

219 1402 277 1432 alia
294 1404 436 1432 omittam
454 1400 687 1432 innumerabilia
697 1420 705 1433 ‚
725 1399 758 1430 δε
775 1399 925 1430 immensa
941 1418 949 1432 ‚
972 1398 1005 1429 δε
1023 1397 1058 1428 ad
1076 1397 1175 1437 ipsum

221 1451 311 1474 tuum
326 1445 376 1484 jus
390 1444 480 1474 civile
489 1443 623 1483 veniam)
641 1451 770 1472 oratores
787 1450 887 1482 putare
896 1450 949 1470 eos
959 1460 968 1473 ,
985 1449 1061 1481 quos
1072 1439 1184 1469 multas

221 1485 310 1516 horas
320 1484 515 1526 exspeRavit,
526 1484 598 1515 cum
609 1486 642 1514 in
651 1493 792 1523 campum
802 1490 970 1523 properaret
980 1482 1012 1512 &
1022 1481 1137 1514 ridens,
1152 1481 1185 1511 &

221 1525 413 1558 stomachans
423 1528 555 1558 Scaevola
565 1547 574 1560 ,
594 1525 666 1556 cum
679 1526 815 1566 Hypseus
827 1527 961 1555 maxima
970 1533 1045 1554 voce
1059 1543 1068 1557 ‚
1091 1523 1187 1564 pluri-

224 1570 285 1599 mis
294 1570 393 1600 verbis
404 1569 420 1600 a
438 1571 485 1599 M.
497 1567 596 1599 Craffo
605 1577 730 1608 praetore
747 1566 944 1597 contenderet
953 1586 961 1600 ‚
982 1574 1016 1596 nt
1024 1567 1051 1595 ei
1062 1585 1070 1598 ‚
1094 1575 1185 1606 quem

224 1609 423 1646 defendebat,
437 1613 554 1642 CAUSA
575 1619 709 1640 canaan
724 1609 844 1639 liceret:
856 1611 911 1638 Cn.
922 1617 1023 1638 autem
1032 1606 1185 1640 octavius,

226 1652 325 1684 homo
335 1653 497 1684 consularis
508 1673 516 1687 ,
535 1662 600 1683 non
610 1653 713 1681 minus
725 1651 814 1691 longa
823 1652 957 1680 oratione
967 1649 1111 1680 recusaret
1121 1669 1130 1682 ,
1148 1659 1186 1678 ne

224 1694 409 1726 adversarius
419 1696 502 1725 causa
513 1694 638 1727 caderet,
650 1703 682 1723 ac
691 1703 730 1723 ne
739 1694 776 1726 is,
788 1702 842 1732 pro
851 1702 912 1733 quo
922 1692 983 1732 ipse
993 1691 1113 1724 diceret,
1125 1700 1188 1720 tur—

222 1738 255 1776 pi
265 1737 365 1768 tutelae
371 1736 500 1778 judicio,
513 1744 599 1777 atque
610 1735 698 1766 omni
708 1733 846 1764 molestia
855 1755 862 1768 ‚
874 1732 1007 1770 stultitia
1016 1732 1181 1774 adversarq',

224 1778 400 1810 liberaretur
414 1782 425 1808 ?
447 1782 511 1819 Ego
520 1776 593 1809 vero
604 1776 676 1807 istos
689 1797 697 1810 ‚
709 1778 810 1817 inquit
820 1796 829 1810 ‚
850 1776 994 1815 (memini
1004 1777 1089 1805 enim
1107 1776 1185 1804 mihi

224 1828 340 1851 narrare
352 1821 503 1861 Mucium)
518 1830 583 1850 non
592 1817 688 1849 modo
699 1820 823 1848 oratoris
834 1820 962 1848 nomine
971 1837 980 1852 ,
992 1817 1040 1847 sed
1049 1822 1064 1845 7
1073 1827 1111 1846 ne
1119 1816 1187 1846 foro

225 1862 349 1902 quidem
361 1862 469 1904 dignes
479 1863 620 1902 putarim.
638 1862 730 1901 Atqui
740 1870 804 1890 non
815 1859 912 1890 defuit
921 1860 981 1889 illis
991 1860 1187 1899 patronis,in-

224 1903 412 1967 quitCrass'us
425 1924 433 1938 ,
450 1904 621 1945 eloquentia
634 1923 642 1937 ,
663 1912 762 1943 neque
780 1901 900 1931 dicendi
918 1903 993 1931 ratio
1005 1922 1013 1934 ,
1035 1902 1186 1940 autcopia‚

254 1946 302 1976 sed
316 1948 393 1987 juris
404 1947 502 1976 civilis
512 1945 686 1986 prudentia:
706 1942 790 1984 quod
800 1943 873 1973 alter
881 1943 948 1983 plus
958 1963 966 1976 ,
986 1944 1049 1984 lege
1057 1942 1186 1983 agendo,

224 1988 344 2030 petebat
353 2008 362 2022 ,
382 1987 474 2029 quiim
491 1996 638 2028 quantum
658 1986 709 2015 lex
729 1987 762 2014 in
783 1987 856 2015 XII.
877 1985 986 2015 tabulis
1005 1985 1189 2024 permiserat?

225 2030 308 2072 quod
318 2028 391 2060 cum
404 2027 584 2070 impetrass'et
594 2028 677 2058 causa
686 2026 802 2057 caderet
814 2037 818 2055 :
834 2026 908 2056 alter
916 2028 1060 2066 iniquum
1070 2025 1190 2065 putabat

222 2073 291 2113 plus
300 2073 400 2103 secum
411 2074 456 2112 agi
469 2091 478 2105 ‚
489 2069 580 2112 quam
591 2069 673 2111 quod
682 2070 785 2098 eratin
795 2067 928 2098 alstione:
941 2078 1038 2108 neque
1049 2068 1187 2107 intellige-

226 2113 276 2144 bar
294 2133 303 2148 ‚
327 2112 349 2143 fi
364 2116 405 2144 ita
420 2112 490 2143 ess'et
506 2111 609 2143 aetum
629 2132 638 2145 ,
661 2111 748 2140 litem
768 2109 970 2140 adversarium
986 2109 1187 2150 perditurum.

258 2223 281 2240 1.
300 2213 345 2239 Sed
351 2220 378 2238 tu
388 2214 426 2238 hot
437 2211 500 2237 nohis
510 2211 552 2241 da,
562 2210 674 2240 semela,
685 2210 814 2242 deperfec,
830 2208 897 2241 dre]
917 2207 974 2233 Pal.
985 2215 1026 2243 pr.
1037 2215 1066 2232 ac
1076 2205 1169 2232 secund
1177 2225 1182 2231 .

218 2252 283 2277 item
296 2251 407 2276 Memm.
419 2249 446 2273 ἃ
458 2246 530 2272 Pith.
542 2247 586 2281 fid
601 2254 627 2271 tu
645 2247 707 2270 hanc
723 2244 785 2269 nohis
803 2246 900 2269 veniam
909 2244 1100 2275 Semelapeoefice
1112 2261 1119 2273 ‚
1130 2243 1182 2272 (ly-c.

219 2294 305 2321 neque
324 2284 454 2321 displicet.
475 2283 508 2310 sic
517 2283 543 2308 8<
555 2281 630 2318 supra
649 2290 705 2316 cap.
717 2288 762 2306 ιι,
781 2280 835 2305 date
843 2279 905 2305 nobis
915 2281 977 2304 lianc
985 2281 1082 2304 vmlam
1093 2296 1101 2309 ‚
1119 2284 1147 2302 ut
1155 2286 1183 2302 ca

216 2322 364 2357 qnaefintitis
377 2340 384 2352 ,
394 2321 446 2351 εἶχε.
956 2349 961 2355 ι
1159 2348 1164 2353 ·

255 2367 282 2383 2.
302 2360 338 2383 Ne
351 2355 464 2390 graveris
473 2354 615 2389 exaedificarc
625 2352 706 2385 opmz]
726 2352 767 2378 Ita
780 2350 850 2377 Pali.
860 2349 914 2376 duo
923 2358 1024 2386 priores
1036 2368 1044 2381 ,
1055 2349 1083 2375 &
1093 2348 1182 2375 Galli-

218 2394 276 2420 cani
289 2412 296 2424 ‚
307 2393 354 2419 nili
364 2391 435 2429 quod
445 2391 463 2418 ii
474 2399 566 2418 omnes
576 2390 727 2424 cxaedtficari.
749 2387 887 2423 vulgatum
900 2406 908 2419 ,
928 2394 1069 2419 ncgmvare
1080 2385 1182 2418 exaedjfi-

216 2439 274 2456 tare
282 2429 310 2455 id
316 2436 382 2462 opm.

255 2474 268 2501 3
276 2486 282 2492 .
301 2469 355 2493 zAn
364 2472 391 2490 tu
402 2483 410 2496 ,
420 2466 499 2498 Inquit
508 2463 544 2488 illc
556 2481 564 2493 ‚
574 2461 640 2495 ᾦα]
657 2459 802 2486 Lambinus
814 2478 822 2492 ,
832 2462 881 2486 Am
889 2465 917 2484 m
927 2462 937 2485 ἒ
949 2459 1026 2493 inquit
1035 2458 1071 2483 illc
1083 2477 1091 2491 ‚
1110 2454 1181 2492 quod

219 2502 246 2528 ἃ
258 2503 284 2528 in
296 2500 354 2526 Pal.
365 2500 430 2536 sept.
441 2509 500 2526 imm
511 2497 567 2525 oft.
577 2499 640 2530 §.ain
651 2507 688 2528 m,
698 2499 787 2531 inquit.
965 2529 970 2534 ⁸
1051 2531 1054 2533 Δ
1163 2531 1167 2535 .

255 2545 284 2570 4.
304 2539 337 2562 De
345 2537 442 2562 naturis
453 2537 568 2561 hominum
579 2553 587 2565 ,
606 2533 631 2558 de
641 2534 743 2558 moribus
755 2551 762 2563 ‚
775 2532 801 2557 de
811 2531 944 2557 rationibus·
953 2533 982 2556 ln·
994 2548 1001 2561 ‚
1013 2529 1100 2569 quihus
1106 2529 1181 2569 liam!-

219 2583 274 2598 mem
285 2579 371 2598 memes
379 2573 408 2602 ὲ·
416 2575 576 2597 incitarentur
584 2570 614 2600 (15-
623 2568 829 2602 reprimermtur]
838 2568 890 2593 Pro
900 2566 952 2593 istis
963 2575 1023 2592 omn
1028 2564 1084 2591 ibus
1096 2565 1180 2590 iolum

219 2609 255 2635 est
266 2608 291 2634 in
303 2607 467 2634 Memmiano
478 2607 504 2632 &
517 2606 601 2632 Palat.
612 2605 691 2641 primi
701 2613 732 2630 ac
741 2603 790 2630 sec.
801 2604 826 2628 de
836 2603 942 2634 naturis,
952 2601 1056 2635 qztomodo
1065 2602 1181 2640 hominupr

218 2651 306 2670 mentes
321 2644 350 2675 (l)-
359 2646 519 2669 incitaremur
528 2643 557 2673 ὼ
568 2645 758 2675 reprimerentur.
783 2640 811 2666 δε
823 2638 910 2666 forifau
928 2645 1015 2664 cetera
1034 2635 1093 2663 sunt
1111 2638 1126 2664 a
1146 2636 1182 2662 li-

219 2680 327 2707 brariis.

257 2725 283 2749 5.
304 2719 371 2741 Hanc
380 2717 441 2740 enim
450 2723 484 2748 ego
492 2722 588 2745 onmem,
598 2712 664 2746 [lya]
676 2712 719 2738 Sic
730 2710 785 2737 feri:
796 2710 866 2738 Pali.
877 2716 904 2737 at
913 2709 984 2736 enim
995 2709 1107 2736 Memm.
1118 2709 1180 2734 hanc

217 2760 252 2783 ego
262 2762 294 2778 an
303 2761 400 2783 omnem,
409 2752 462 2781 dyc.
481 2749 563 2781 forte,
572 2752 634 2774 hanc
644 2758 678 2782 ego
688 2755 743 2774 ante
751 2757 849 2779 omnem,
861 2746 949 2783 iuquit
958 2744 1131 2773 Gulielmius
1143 2744 1178 2771 est

218 2783 245 2815 iii
258 2788 315 2814 Pal.
326 2786 381 2813 ost.
393 2788 455 2812 hanc
467 2789 525 2811 enim
535 2796 569 2818 ego
579 2794 652 2810 meam
662 2794 757 2816 omnem,
767 2785 820 2814 (je.

254 2823 282 2849 6.
304 2827 333 2849 Ut
346 2825 396 2849 alia
405 2824 509 2847 omittam
518 2821 743 2851 innumerabilia&-
751 2820 784 2845 ad
791 2819 891 2854 ipsimi]
904 2819 945 2845 Ita
955 2816 1008 2844 duo
1019 2816 1176 2853 Pail.p1·im.

218 2860 246 2885 ἕ(
257 2868 323 2886 uuus
335 2858 522 2885 Memmi-inus.
553 2866 612 2883 nam
631 2855 699 2883 alter
714 2857 742 2881 ὅτ
754 2856 824 2881 Pith.
835 2862 862 2880 ut
871 2855 995 2888 adipsum.
1023 2861 1127 2889 recepta
1137 2853 1177 2879 le-

218 2895 285 2926 ὰῖὶο,
295 2903 322 2920 ut
332 2897 382 2920 alia
391 2897 495 2920 omittam
505 2902 553 2928 qux
561 2896 654 2918 imnum.
664 2893 693 2922 &⁵
702 2900 727 2916 m
738 2892 771 2917 ad
778 2892 860 2925 ipfism.

254 2939 281 2965 7.
302 2932 392 2964 Nefhro
401 2931 492 2964 quidem
502 2928 717 2961 dignospmarim]
735 2928 796 2954 Mff.
806 2928 834 2954 &
845 2926 911 2954 editi
921 2924 1082 2953 interserunt
1093 2945 1102 2958 ,
1119 2927 1176 2951 vix.

218 2966 290 2993 ‹iuod
299 2965 407 2992 admitti
418 2964 486 3001 posse
497 2964 605 3000 putabat
615 2963 787 2990 Gulielmius.

227 2996 234 3004 ’
255 3002 282 3029 8.
301 3003 372 3035 Jnris
384 3000 622 3033 civilispmdmrm]
644 2999 700 3025 Pal.
711 3009 752 3035 pr.
762 2999 812 3026 sec.
823 2997 886 3025 Tos.
897 2998 969 3026 Pith.
980 2998 1177 3033 Memm.fi·ien-

217 3043 263 3065 ria.
283 3037 355 3074 quod
367 3036 452 3064 foi-siu
463 3036 520 3062 heic
530 3035 739 3062 convenientius.

253 3083 282 3109 9.
304 3077 332 3099 U:
340 3076 374 3099 illi
382 3083 414 3098 :m
423 3072 590 3105 iapereremr]
603 3070 686 3098 iidem
699 3070 759 3097 libi-i
770 3071 842 3096 illud.-
860 3071 947 3098 statim
958 3071 1041 3097 etiam
1051 3079 1100 3107 pro
1112 3089 1120 3101 ‚
1130 3079 1176 3095 ve-

214 3118 253 3136 rm
265 3119 334 3145 atque
343 3112 430 3143 usitata
447 3111 545 3141 exceptio
560 3109 673 3138 daretur,
693 3106 769 3133 habet
782 3108 988 3139 pulsnm-'mae
997 3114 1069 3142 atque
1078 3109 1177 3139 exceptio

212 3148 322 3172 aarum.
344 3147 371 3172 M
375 3154 444 3171 emm
451 3164 456 3170 .
466 3145 494 3170 8<
506 3143 562 3170 Pal.
573 3153 612 3180 pr.
623 3151 713 3176 tempus
723 3150 794 3177 atque
802 3146 901 3175 exceptio
909 3143 1018 3169 daretur.
1039 3142 1102 3169 Tos.
1111 3144 1175 3168 [σιω

213 3190 284 3217 atqu:
293 3185 402 3216 exemptio
412 3183 519 3208 daretur.
540 3179 665 3217 Explicat
673 3178 759 3207 locum
770 3179 847 3207 istum
859 3178 1008 3207 Hotoman.
1019 3179 1064 3207 tit.
1075 3179 1115 3206 De
1125 3187 1175 3206 cx-

820 3250 834 3261 ο

1227 143 1758 190 Crcssnours

1265 222 1339 254 uid?
1365 224 1414 254 his
1431 225 1534 264 paucis
1552 222 1658 254 diebus
1670 243 1678 257 ‚
1699 231 1804 253 nonne
1815 241 1824 256 ‚
1849 220 1939 253 nobis
1956 221 1989 253 in
2000 221 2141 254 tribunali
2152 223 2225 266 Q3
2237 233 2255 269 7

1233 267 1389 305 Pompeii,
1400 275 1479 306 praet.
1492 265 1607 299 urbani,
1617 264 1773 295 familiaris
1783 264 1889 297 nostri,
1901 264 2084 299 sedentibus,
2094 266 2191 296 homo

1231 317 1270 337 ex
1281 317 1410 338 numero
1420 308 1597 338 disertorum
1609 306 1774 347 postulabat
1783 327 1792 341 ‚
1803 310 1818 334 9
1830 315 1862 336 ut
1870 307 1927 340 illi,
1939 306 2018 337 unde
2027 316 2187 348 peteretur.

1231 357 1316 379 vetus
1344 358 1429 390 atque
1448 348 1546 380 usitata
1572 351 1710 389 exceptio
1730 348 1847 379 daretur
1864 369 1874 386 Σ
1899 351 2002 388 CUJus
2027 358 2192 381 Pacuium:

1232 401 1307 421 DIES
1329 401 1466 422 Ftnssm·
1484 394 1495 420 ἲ
1516 390 1599 432 quod
1607 392 1743 431 petitoris
1752 391 1835 421 causa
1844 399 2049 431 comparatum
2059 390 2116 422 effe
2125 401 2191 422 non

1232 434 1331 463 intelli
1353 433 1419 464 ebat
1431 444 1436 462 ·.
1447 432 1509 463 uts1
1520 434 1571 463 ille
1582 431 1724 463 infitiator
1738 430 1888 473 probass'et
1894 432 1990 472 judici
2006 453 2015 466 ‚
2038 443 2106 464 ante
2114 431 2195 474 peti}-

1231 484 1292 505 tam
1306 444 1364 505 elie
1373 476 1544 516 pecuniam,
1556 474 1646 515 quam
1657 473 1729 504 effet
1738 483 1834 514 coepta
1843 474 1943 504 deberi
1955 494 1963 507 ,
1974 477 2084 514 petitor
2093 475 2192 506 rursus

1230 515 1303 546 cum
1319 525 1430 556 peteret
1442 536 1450 549 ,
1465 518 1495 535 ¹0
1504 518 1683 556 exceptione
1702 515 1927 549 excluderetur,
1951 518 2045 558 Qon
2063 526 2107 547 EA
2126 526 2188 547 RES

1232 562 1241 577 ¹
1249 561 1257 577 ¹
1273 568 1310 587 IN
1319 567 1483 597 JumcmM
1495 567 1610 587 ANTEA
1621 558 1791 587 vnm'ssnr.
1815 557 1897 598 Qid
1905 567 1975 599 ergo
1984 559 2043 588 hoc
2053 556 2118 588 fieri
2127 560 2190 589 tur-

1231 601 1298 640 pius
1309 620 1317 633 ,
1329 609 1380 630 aut
1387 600 1447 631 dici
1458 599 1555 640 potest
1567 620 1574 633 ‚
1585 596 1677 640 quarn
1685 609 1756 629 eum
1768 619 1776 632 ‚
1794 602 1847 640 qui
1857 600 1933 628 hanc
1939 600 2085 640 persbnam
2094 601 2190 631 susce-

1232 643 1309 682 perit
1319 662 1326 675 ,
1338 650 1370 672 ut
1379 644 1549 672 amicorum
1559 640 1771 671 controversias
1783 661 1791 674 ,
1803 641 1958 681 causasque
1968 649 2093 675 tueatur,
2105 641 2189 672 labo-

1231 683 1365 714 rantibus
1375 684 1522 714 succurrat
1531 704 1539 717 ,
1551 685 1636 725 aegris
1646 682 1800 713 medeatur
1809 702 1817 716 ‚
1828 681 1958 712 afflictos
1969 685 2082 714 excitet
2092 695 2097 712 :
2107 685 2190 715 hunc

1231 726 1264 755 in
1275 727 1416 756 minimis
1426 746 1435 760 ‚
1445 724 1682 766 tenuissimisque
1691 725 1779 754 rebus
1789 726 1827 754 ita
1837 724 1895 754 labi
1907 745 1915 757 ‚
1927 733 1960 754 ut
1968 726 2035 755 aliis
2044 726 2190 756 miseran-

1232 766 1288 797 dus
1299 787 1308 801 ‚
1321 768 1387 797 aliis
1397 767 1567 798 irridendus
1577 765 1634 797 effe
1645 767 1780 797 videatur
1791 769 1803 795 ?
1821 766 1972 807 Equidem
1983 767 2190 809 propinquum

1232 808 1368 839 nostrum
1379 812 1410 840 P.
1422 809 1556 840 Craffum
1577 809 1667 839 illum
1678 811 1817 838 Divitem
1831 829 1839 841 ‚
1860 806 1932 838 cum
1944 811 2048 839 muitis
2066 811 2132 840 aliis
2142 819 2188 840 re-

1233 851 1286 881 bus
1296 851 1464 892 elegantem
1474 853 1636 882 hominem
1647 871 1655 885 ‚
1668 851 1700 881 &
1711 859 1849 880 ornatum
1859 870 1866 884 ,
1877 853 2024 891 praecipue
2034 854 2068 881 in
2077 852 2136 882 hoc
2145 851 2192 882 fe-

1230 893 1360 923 rendum
1371 893 1596 924 &laudandum
1608 902 1681 933 puto
1692 905 1700 927 3
1721 896 1749 912 ¹2
1759 891 1852 933 quod,
1866 891 1937 922 curn
1947 895 1980 923 P.
1991 894 2123 924 Scaevola
2132 892 2191 925 fra-

1229 943 1273 965 ter
1281 933 1372 970 esset,
1392 936 1497 966 solitus
1506 937 1534 966 ei
1544 936 1670 976 persaepe
1679 935 1776 965 dicere
1787 955 1795 968 ,
1815 937 1936 972 NEQE
1954 945 2064 965 ILLUM
2084 936 2192 975 injure

1233 977 1318 1006 civili
1329 977 1395 1007 satis
1406 978 1452 1007 illi
1462 979 1516 1008 arti
1526 977 1621 1008 facere
1629 975 1710 1018 poffe
1726 997 1733 1010 ,
1755 975 1811 1006 nisi
1820 976 1941 1007 dicendi
1951 979 2068 1017 copiam
2079 976 2192 1008 afl'um-

1231 1017 1308 1049 sifl‘et
1320 1029 1325 1047 2
1336 1018 1430 1060 (quod
1440 1019 1564 1060 quidem
1575 1020 1624 1050 hic
1634 1040 1642 1054 ,
1662 1021 1714 1060 qui
1725 1028 1847 1049 mecum
1859 1021 1926 1048 Cos.
1939 1018 1998 1049 fuit
2007 1039 2016 1053 ‚
2034 1018 2115 1049 filius
2126 1021 2193 1060 ejus

1231 1060 1274 1091 est
1284 1062 1460 1091 consecutus
1471 1062 1499 1101 :)
1518 1072 1616 1103 neque
1641 1062 1669 1091 se
1688 1060 1755 1090 ante
1765 1061 1862 1091 causas
1879 1063 2047 1091 amicorum
2057 1061 2191 1095 tiaEtare,

1231 1111 1318 1143 atque
1328 1113 1410 1144 agere
1419 1102 1541 1143 coepiffe
1552 1123 1560 1137 ‚
1580 1102 1670 1144 quam
1684 1103 1733 1142 jus
1751 1101 2001 1133 civiledidiciffet.
2025 1104 2106 1145 Qid
2116 1103 2191 1133 verb

1232 1145 1282 1175 ille
1294 1147 1413 1175 M-Cato
1425 1148 1547 1176 ?nonne
1559 1145 1591 1175 &
1600 1145 1773 1186 eloquentia
1782 1153 1860 1175 tanta
1868 1143 1936 1179 fuit,
1950 1148 1977 1172 ¹3
1988 1154 2130 1186 quantam
2140 1145 2193 1177 illa

1232 1195 1368 1227 tempora
1378 1206 1386 1220 ‚
1397 1196 1483 1227 atque
1494 1187 1544 1218 illa
1554 1196 1620 1217 aetas
1631 1189 1663 1216 in
1673 1187 1726 1216 hac
1737 1188 1856 1216 civitate
1866 1186 1942 1216 ferre
1953 1192 2124 1217 maximam
2133 1197 2191 1227 po-

1232 1230 1292 1258 tuit
1303 1249 1311 1261 ,
1334 1229 1367 1259 &
1381 1229 1457 1269 juris
1475 1229 1574 1259 civilis
1592 1230 1735 1259 omnium
1745 1226 1937 1268 peritiffimus
1950 1232 1959 1257 ?
1980 1228 2191 1260 Verecundius

1232 1271 1286 1300 hac
1303 1270 1339 1300 de
1358 1280 1389 1300 re
1402 1270 1586 1310 jamdudum
1602 1271 1710 1311 loquor
1720 1290 1728 1304 ‚
1748 1268 1831 1310 quod
1852 1269 1933 1300 adest
1942 1272 1989 1300 vir
2007 1273 2041 1301 in
2059 1271 2191 1302 dicendo

1230 1312 1472 1353 summus,quem
1482 1323 1537 1355 ego
1549 1322 1646 1343 unum
1655 1321 1805 1343 oratorem
1815 1312 1953 1342 maxime
1963 1312 2190 1345 admirorz¹4sed

1235 1363 1334 1385 tamen
1343 1354 1426 1385 idem
1436 1355 1495 1385 hoc
1506 1356 1622 1395 semper
1628 1356 1678 1394 jus
1693 1354 1782 1385 civile
1793 1353 1960 1384 contemsit.
1983 1354 2102 1389 verum,
2113 1365 2192 1397 quo-

1235 1398 1317 1426 niam
1328 1397 1482 1427 sententiae
1493 1417 1500 1431 ‚
1520 1405 1608 1437 atque
1624 1397 1780 1436 opinionis
1799 1405 1875 1426 meae
1886 1395 2022 1427 voluistis
2032 1396 2090 1427 effe
2099 1398 2191 1438 parti·

1233 1439 1331 1478 cipes,
1351 1439 1431 1469 nihil
1439 1439 1596 1469 occultabo
1608 1459 1616 1472 ,
1635 1439 1669 1469 &
1687 1437 1783 1479 quoad
1794 1446 1899 1477 potero
1916 1438 2006 1469 vobis
2023 1449 2188 1479 exponam,

1232 1480 1305 1520 quid
1316 1480 1352 1510 de
1362 1491 1477 1522 quaque
1487 1491 1518 1511 re
1528 1482 1663 1511 sentiam.
1703 1481 1831 1511 Antonii
1842 1480 2026 1512 incredibilis
2035 1481 2187 1522 quaedam,
2210 1492 2224 1526 3
2234 1483 2252 1519 8

1233 1523 1266 1552 δε
1277 1522 1369 1562 prope
1381 1521 1580 1563 singularis,&
1589 1523 1693 1553 divina
1701 1525 1748 1553 vis
1758 1524 1872 1563 ingenii
1880 1521 2000 1553 videtur
2009 1522 2124 1554 etiamsi
2133 1525 2190 1556 hac

1230 1564 1352 1594 scientia
1356 1565 1368 1604 j
1373 1567 1432 1594 uris
1442 1565 1550 1594 nudata
1565 1564 1598 1595 sit
1609 1585 1617 1598 ,
1640 1568 1667 1592 ¹5
1677 1563 1759 1605 poffe
1770 1565 1799 1595 se
1806 1563 1893 1595 facile
1904 1567 2008 1595 ceteris
2017 1567 2107 1596 armis
2116 1576 2189 1606 pru-

1229 1605 1339 1636 dentiae
1349 1606 1446 1637 causas
1458 1609 1544 1641 tueri,
1555 1616 1642 1649 atque
1650 1606 1820 1637 defendere.
1831 1606 2030 1647 quamobrem
2038 1608 2088 1638 hic
2099 1607 2190 1639 nobis

1232 1645 1266 1678 fit
1275 1657 1416 1688 exceptus
1437 1659 1443 1679 :
1463 1658 1577 1680 ceteros
1593 1647 1666 1680 vero
1681 1659 1745 1679 non
1754 1648 1898 1679 dubitabo
1914 1647 2051 1689 primum
2072 1651 2190 1681 inertiae

1232 1689 1434 1721 condemnare
1444 1691 1589 1722 sententia
1598 1701 1665 1722 mea
1675 1711 1684 1725 ‚
1698 1689 1765 1731 post
1774 1692 1865 1721 etiam
1875 1691 2082 1731 impudentiae.
2106 1694 2190 1723 Nam

1232 1732 1356 1762 volitare
1366 1734 1399 1762 in
1409 1731 1477 1763 foro
1488 1754 1496 1766 ‚
1507 1733 1616 1763 haerere
1626 1735 1660 1763 in
1667 1733 1733 1773 jure
1744 1753 1752 1767 ‚
1763 1743 1795 1763 ac
1803 1741 1966 1772 praetorum
1975 1733 2190 1768 tribunalibus.

1230 1773 1344 1814 judicia
1354 1776 1466 1814 privata
1475 1785 1651 1816 magnarum
1661 1784 1762 1805 rerum
1771 1774 1865 1808 obire,
1876 1776 1909 1804 in
1919 1775 2028 1815 quibus
2040 1775 2114 1816 saepe
2125 1785 2191 1806 non

1232 1815 1268 1846 de
1278 1814 1358 1846 fa&o
1371 1836 1380 1849 ,
1392 1816 1441 1846 sed
1453 1816 1489 1846 de
1500 1819 1636 1858 aequitate
1645 1827 1678 1847 ac
1683 1818 1694 1856 j
1699 1826 1750 1846 ure
1760 1824 1887 1847 certetur
1898 1836 1906 1849 ‚
1915 1816 2024 1856 jaecare
2034 1817 2064 1847 se
2075 1820 2108 1847 in
2120 1827 2191 1848 cau-

1233 1856 1267 1887 sis
1277 1858 1545 1889 centumviralibus
1555 1879 1564 1893 ,
1585 1861 1618 1889 in
1629 1859 1738 1900 quibus
1756 1858 1973 1898 usucapionum
1986 1878 1995 1892 ‚
2015 1859 2190 1894 tutelarum,

1231 1899 1434 1940 gentilitatum
1452 1920 1461 1934 ‚
1484 1902 1679 1941 agnationum
1698 1921 1708 1934 ,
1731 1900 1922 1931 alluvionum
1941 1920 1950 1934 ‚
1973 1901 2193 1932 circumluvio-

1232 1951 1308 1971 num
1327 1962 1335 1975 ,
1359 1951 1510 1972 nexorum
1523 1963 1531 1976 ,
1553 1944 1778 1983 mancipiorum
1795 1962 1804 1976 ‚
1826 1943 1976 1982 parietum
1986 1963 1996 1977 ‚
2019 1943 2190 1977 luminum,

1232 1983 1455 2013 stillicidiorum
1467 2004 1476 2017 ,
1489 1982 1517 2004 ¹⁶
1528 1983 1775 2014 testamentorum
1784 1992 1954 2024 ruptorum,
1967 1993 2192 2026 ceterarumque

1231 2035 1332 2054 rerum
1342 2025 1614 2056 innumerabilium
1619 2027 1632 2065 j
1636 2036 1687 2056 uia
1694 2027 1849 2056 versentur
1857 2046 1867 2060 ,
1878 2025 1950 2056 cum
1960 2028 2104 2061 omnino,
2116 2026 2192 2068 quid

1231 2067 1319 2096 suurn
1330 2087 1338 2100 ,
1359 2067 1431 2108 quid
1441 2067 1576 2097 alienum
1590 2078 1595 2097 :
1618 2071 1646 2096 ¹7
1664 2078 1753 2108 quare
1763 2067 1893 2109 denique
1903 2069 1978 2097 civis
1989 2087 1998 2100 ‚
2011 2078 2049 2097 an
2058 2070 2190 2109 peregri-

1229 2118 1286 2138 nus
1309 2119 1315 2137 :
1335 2109 1435 2139 servus
1446 2129 1456 2142 ‚
1476 2119 1514 2139 an
1534 2109 1611 2140 liber
1619 2110 1768 2150 quispiam
1778 2108 1813 2138 fit
1822 2129 1832 2142 ‚
1854 2111 1972 2149 ignoret
1981 2129 1991 2142 ,
2011 2109 2134 2150 infignis
2145 2109 2189 2141 est

2087 2160 2184 2194 tmpu-

1223 2206 1386 2242 ceptionibus
1397 2207 1423 2232 iu
1434 2207 1835 2243 IustitutionibusJustinlaneis.
1846 2207 1910 2234 item
1921 2206 2035 2234 eod.loci
2048 2208 2185 2242 Cujacius.

1263 2250 1304 2268 10.
1324 2244 1464 2275 Exceptione
1473 2243 1583 2278 exclud.]
1595 2244 1638 2270 Sic
1648 2243 1716 2271 Pau.
1726 2242 1792 2275 duo,
1806 2244 1833 2269 8<
1845 2245 1957 2271 Memm.
1968 2253 1998 2271 ac
2008 2244 2080 2272 Pith.
2092 2245 2187 2282 vulga-

1224 2283 1251 2303 ta
1263 2296 1270 2309 ‚
1282 2286 1310 2302 ne
1319 2281 1458 2310 exceptione.
1549 2283 1562 2294 ⁶

1263 2322 1304 2339 11.
1323 2316 1351 2339 In
1354 2315 1474 2347 judicium
1483 2322 1538 2341 ante
1547 2315 1671 2350 vcmffit]
1684 2315 1797 2351 Vulgata
1808 2315 1950 2343 intruserat
1959 2316 2110 2352 negativam
2121 2327 2127 2344 z
2141 2316 2186 2345 sed

1223 2347 1292 2375 abest
1302 2350 1410 2376 omnino
1422 2351 1488 2377 l'all.
1499 2350 1600 2378 duobus
1611 2371 1621 2384 ,
1638 2352 1702 2378 item
1713 2353 1826 2379 Memm.
1836 2354 1864 2378 δε
1875 2353 1948 2380 Pith.
1960 2353 2081 2380 videatur
2091 2354 2184 2381 Hoto-

1223 2394 1316 2411 manus
1327 2385 1374 2411 lib.
1387 2395 1458 2412 vm.
1470 2386 1572 2414 observ.
1583 2397 1639 2424 cap.
1652 2396 1677 2422 3.

1261 2430 1303 2447 η.
1323 2421 1389 2454 Qod
1396 2432 1447 2448 cum
1456 2424 1758 2458 Psi-evolastatvrqylt]
1770 2424 1813 2450 Sic
1823 2424 1930 2460 quidem
1943 2425 2022 2451 etiam
2033 2425 2090 2452 Pal.
2100 2434 2142 2463 pr.
2152 2426 2184 2452 δε

1224 2456 1294 2483 Pith.
1305 2466 1335 2483 ac
1345 2458 1456 2485 Memm.
1468 2458 1511 2485 sed
1522 2460 1617 2496 reliqui
1630 2480 1638 2492 ,
1652 2463 1752 2486 semels
1762 2480 1770 2492 ‚
1789 2468 1884 2496 praeter
1895 2461 1952 2488 Pal.
1962 2461 2011 2487 sec.
2022 2462 2048 2488 in
2059 2471 2111 2497 quo
2122 2470 2184 2489 tan-

1223 2500 1279 2519 tum
1293 2512 1301 2524 ,
1320 2494 1380 2528 quod
1395 2504 1446 2520 cum
1455 2498 1485 2520 P.
1495 2499 1595 2522 scm-om
1614 2498 1674 2531 cffit.
1695 2495 1762 2523 adeo
1772 2504 1802 2523 ut
1813 2507 1864 2523 non
1877 2496 1997 2524 videatur
2007 2497 2183 2533 negligendus

1226 2529 1321 2555 Tosani
1340 2529 1446 2566 collegii
1466 2530 1533 2558 liber
1543 2551 1551 2563 ,
1570 2533 1596 2559 iu
1617 2542 1669 2569 quo
1681 2551 1689 2564 ‚
1708 2541 1738 2559 ut
1748 2533 1851 2560 monuit
1861 2532 1991 2559 Suffridus
2001 2533 2088 2560 noster
2099 2553 2107 2566 ,
2125 2533 2188 2568 quod

1225 2568 1316 2605 cuni‘lj.
1326 2568 1555 2605 {⁷cferolaefitpertss'et
1565 2587 1572 2601 ‚
1583 2569 1634 2600 (lyr.
1651 2568 1684 2596 de
1695 2578 1748 2605 quo
1762 2568 1912 2596 consulatur
1922 2569 2082 2596 Gulielmius
2094 2569 2182 2598 lib.11.

1226 2601 1406 2628 verilimilium
1419 2613 1474 2639 cap.
1485 2611 1512 2637 4.

1259 2645 1301 2672 13.
1321 2639 1443 2670 Qantam
1453 2641 1494 2665 illa
1504 2647 1616 2674 tempora,
1627 2641 1677 2671 &a
1683 2643 1750 2675 ferre
1758 2643 1887 2667 maximam
1892 2641 1994 2675 potuit]
2011 2641 2067 2667 Pal.
2078 2650 2119 2677 pr.
2129 2641 2183 2670 sec.

1220 2681 1314 2712 quanta
1325 2693 1333 2705 ,
1352 2682 1415 2701 item
1435 2677 1546 2702 maximin
1566 2676 1700 2712 quomodo
1711 2678 1739 2703 Sc
1750 2677 1822 2703 Pith.
1832 2678 1944 2703 Memm.
1959 2677 2111 2713 placuitque
2120 2678 2181 2705 Gu-

1220 2708 1323 2736 lielinio
1334 2719 1342 2740 3
1355 2711 1399 2746 qui
1409 2719 1534 2747 praeterea
1545 2716 1559 2739 e
1570 2712 1674 2739 'rosano
1685 2712 1836 2744 revocabat,
1847 2713 1938 2745 efferre.

1260 2752 1301 2778 14.
1320 2747 1365 2771 Sed
1373 2755 1450 2773 tamen
1459 2748 1518 2773 idem
1527 2749 1787 2784 hocfimperjm,&<c.]
1801 2748 1956 2784 Legendum
1967 2749 2054 2786 potius
2064 2749 2180 2776 arbitra-

1219 2778 1295 2807 batur
1305 2784 1341 2808 hic
1352 2783 1512 2810 Gulielmius
1525 2803 1533 2816 ,
1553 2794 1631 2820 quam
1644 2804 1652 2818 ,
1670 2794 1700 2812 ut
1710 2792 1801 2812 contra
1811 2784 1869 2812 mis.
1880 2784 2108 2822 transponeremus
2119 2795 2180 2814 cum

1218 2816 1350 2844 Lambiuo
1364 2838 1370 2849 ‚
1381 2818 1534 2853 idemfi‘mper
1543 2822 1640 2855 hocjuc.

1259 2861 1268 2879 1
1276 2863 1300 2887 5.
1320 2856 1382 2889 ‘Pqffls
1395 2856 1499 2889 sefacise
1510 2857 1590 2883 ceteris
1599 2857 1683 2889 armis,
1693 2857 1760 2891 Syn]
1773 2857 1922 2884 Pronomen
1933 2857 2000 2884 istud
2011 2857 2178 2884 inserendum

1217 2890 1371 2917 autumabat
1380 2891 1561 2924 Gulielmium
1580 2900 1708 2928 extatque
1726 2892 1823 2920 diserte
1838 2894 1864 2920 iu
1875 2893 1933 2920 mss.
1944 2894 2179 2930 Pall.posteriori-

1217 2924 1262 2951 bus
1273 2926 1394 2952 omuibus
1406 2936 1413 2957 5
1425 2928 1489 2954 item
1502 2929 1527 2954 in
1540 2928 1656 2954 editione
1667 2929 1795 2965 principe.

1257 2961 1290 2987 16
1294 2983 1299 2987 .
1311 2964 1501 2995 ‘Izstamentorum
1512 2964 1656 2998 mmmmm]
1665 2964 1757 2991 Deleri
1768 2964 1838 3000 quod
1849 2963 2005 3000 sequebatur
2014 2964 2040 2991 in
2052 2964 2178 3000 vulgatis,

1216 3004 1260 3023 emt
1269 3006 1390 3031 raptorum
1402 3018 1410 3030 ,
1420 2999 1490 3034 quod
1502 3009 1553 3026 non
1564 3007 1669 3026 extaret
1680 3000 1707 3027 in
1718 3001 1830 3027 Merum.
1840 3007 1886 3026 aut
1898 3000 1969 3026 Pith.
1979 3000 2116 3036 solumque
2128 3001 2176 3028 ha-

1218 3032 1291 3060 beret
1302 3034 1360 3060 Pal.
1373 3033 1420 3060 sec.
1433 3037 1616 3068 testamentorum
1628 3043 1757 3069 raptorum.
1766 3037 1867 3072 primus
1879 3037 1942 3062 vero
1953 3045 1984 3062 ac
1993 3036 2124 3069 'sos-uuus,
2135 3037 2176 3063 al-

1217 3077 1310 3105 terque
1321 3071 1443 3096 Memmii
1455 3080 1462 3100 ;
1481 3073 1668 3104 testamentorum
1677 3078 1798 3104 ruptorum
1807 3078 1850 3097 aut
1860 3078 1998 3105 γῆμον-κη,-
2012 3080 2042 3099 ut
2051 3079 2176 3109 appareat

1217 3105 1362 3143 appositum
1374 3107 1389 3132 ii
1399 3105 1487 3133 scribis
1499 3116 1546 3142 pro
1557 3106 1671 3133 lectione
1682 3108 1810 3134 variante.
2149 3131 2154 3134 .

1257 3150 1299 3177 17,
1319 3144 1400 3178 ἔρρανε
1408 3142 1531 3178 deniqne]
1542 3143 1671 3172 Gallicani
1683 3143 1711 3171 8:
1721 3143 1790 3171 Pali.
1798 3142 1852 3171 duo
1861 3143 1961 3181 priores
1974 3163 1982 3177 ,
1992 3153 2066 3180 quare
2075 3144 2175 3171 demum.

1217 3178 1363 3206 Lambinus
1373 3177 1469 3214 abjecit
1479 3198 1488 3212 ‚
1499 3188 1583 3214 quare.

2057 3225 2080 3243 1.
2089 3218 2175 3249 Nernfs
