2360 3400
151 699 191 735 ¹3

176 388 192 398 ⁶
217 390 315 421 habet.

458 141 667 188 Ense.
705 153 786 185 An
824 140 1238 192 C..CAss1uM‚
1273 155 1349 188 ΕΤ
1386 143 1611 200 AL1os.,
1646 145 1772 192 [ΑΒ.
1811 144 1925 192 XII.

219 222 302 255 eieiae
318 219 426 253 nostrae
441 221 591 258 nomine,
610 229 700 261 quam
721 220 846 252 confido
863 221 940 262 apud
960 231 988 252 te
1005 221 1174 262 plurimum

216 264 314 307 posse.
328 263 430 295 ‘Crede
440 264 537 296 mihi,
550 263 630 292 hunc
638 264 818 297 exercitum,
829 274 918 304 quem
927 263 1033 298 liabeo,
1047 264 1172 297 senatus,

220 317 308 348 atque
325 307 435 346 optimi
453 304 594 345 cujusque
611 303 688 338 effe,
708 307 900 346 maximeque
912 314 1007 335 tuum.
1031 305 1171 343 Decujus

214 350 373 379 voluntate
382 344 493 376 affidue
506 345 658 376 audiendo
668 366 677 380 ,
699 345 828 376 mirifice
839 356 866 377 te
876 347 974 388 diligit
988 367 996 380 ‚
1007 356 1168 386 carumque

338 390 398 428 Qii
409 386 621 417 siintellexerit
631 407 639 422 ,
650 389 811 418 commoda
822 389 869 419 sua
877 399 953 418 cura:
965 386 1088 418 tibiefl'e
1105 387 1168 417 :de-

212 431 288 462 -bere
306 432 397 460 etiam
415 429 443 459 se
462 429 516 459 tibi
527 431 630 459 omnia
640 428 763 470 putabit.
786 432 908 460 Litteris
918 430 1049 469 scriptis,
1070 428 1164 461 audii,

217 471 412 504 Dolabellam
431 473 464 500 in
485 470 744 501 Ciliciamveniffe
754 482 824 502 cum
835 472 893 501 suis
907 473 1011 511 copiis.
1032 468 1166 511 proficis-

214 524 265 544 car
281 516 315 543 in
333 514 480 543 Ciliciam.
505 513 578 553 quid
597 515 708 554 egerim
725 533 733 547 ,
764 513 898 543 celeriter
915 521 948 542 ut
964 513 1037 542 scias
1053 531 1062 545 ,
1088 511 1166 541 dabo

215 565 350 594 operam.
373 558 415 586 Ac
436 556 527 584 vel-im
540 575 548 588 ‚
570 563 602 585 ut
618 565 772 584 meremur
788 554 824 584 de
834 564 893 594 rep.
906 553 942 584 sic
951 552 1053 584 felices
1061 552 1163 583 simus.

214 599 240 628 F
240 607 271 627 ac
279 597 387 631 valeas,
399 607 508 638 meque
517 606 607 627 ames.
632 599 735 627 Nonis
746 598 819 630 Mai,
831 606 870 626 ex
880 595 988 626 castris.

329 683 699 715 c.cASSIUS,s.D.
723 681 1048 710 M.CICERON1.

218 745 220 747 '
275 736 376 767 [vales
388 756 396 770 ‚
414 734 561 766 beneest:
578 736 675 765 valeo.
699 733 777 764 Cum
789 733 905 773 reipub.
918 734 967 763 vel
981 733 1072 763 salute
1083 753 1092 766 ,
1115 732 1163 762 vel

275 778 400 808 viriloria
408 777 571 819 gaudemus
583 787 588 806 :
599 785 663 807 tum
674 774 888 806 instauratione
898 784 1016 804 tuarum
1026 774 1163 807 laudum,

210 820 294 860 quod
331 823 485 850 maximus
501 818 663 848 consularis
686 818 857 846 maximum
874 815 1030 845 consulem
1055 824 1083 845 te
1102 816 1162 855 ipse

208 861 328 895 vicisti,
349 861 383 891 Sc
394 861 527 891 laetamur
538 879 546 892 ,
570 859 714 888 &mirari
725 857 790 888 satis
803 867 866 887 non
875 855 1042 897 possumus.
1066 858 1163 888 Fatale

209 903 313 933 nescio
331 902 403 943 quid
425 911 480 931 tuae
499 902 604 930 virtuti
617 899 733 930 datum:
758 898 789 929 id
799 900 881 940 quod
892 899 1036 942 sazpejam
1047 902 1162 940 experti

208 944 324 974 sumus.
347 943 398 974 Est
414 945 497 972 enim
516 951 564 971 tua
582 950 649 982 toga
667 942 812 970 omnium
830 940 1077 971 armisffelicior:
1094 951 1160 982 quae

209 996 292 1016 nunc
308 995 428 1026 quoque
447 984 535 1013 nobis
557 985 642 1023 paene
664 981 777 1012 vietam
796 982 934 1023 rempub.
957 992 996 1013 ex
1020 984 1162 1013 manibus
1202 990 1250 1030 Q

208 1026 344 1057 hostiurn
361 1027 471 1066 eripuit
483 1045 491 1058 ,
512 1035 545 1055 ac
563 1024 703 1054 reddidit.
727 1027 820 1054 Nunc
829 1034 898 1066 ergo
909 1026 1050 1054 vivemus
1064 1025 1160 1055 liberi:

208 1078 289 1098 nunc
300 1077 328 1098 te
337 1088 346 1102 ,
358 1069 501 1097 omnium
511 1068 646 1096 maxime
656 1068 732 1096 civis
741 1086 750 1100 ,
772 1067 804 1096 &
816 1068 859 1096 mi
869 1064 1023 1100 cariffime,
1035 1066 1066 1096 id
1077 1067 1158 1107 quod

205 1109 343 1140 maxime
351 1119 421 1148 reip.
434 1108 566 1139 tenebris
576 1107 750 1147 comperisti
762 1119 768 1137 :
788 1118 870 1138 nunc
883 1116 910 1137 te
923 1108 1102 1138 habebimus
1112 1118 1157 1139 te-

203 1151 279 1182 stem
292 1150 432 1184 nostri,&
442 1153 473 1180 in
483 1150 558 1183 te,&
569 1152 600 1179 in
610 1148 888 1189 conjunffiffimam
899 1150 954 1180 tibi
965 1160 1059 1189 remp.
1071 1161 1157 1181 amo—

201 1194 254 1223 ris:
265 1193 377 1233 &‚quae
389 1193 462 1232 saepe
471 1192 626 1232 pollicitus
636 1200 710 1224 es‚te
723 1192 754 1221 &
766 1193 936 1224 taciturum,
949 1191 1023 1222 dum
1034 1192 1157 1222 servire—

202 1244 290 1265 mus:
310 1236 342 1264 &
353 1233 506 1264 dfiurum
517 1233 553 1263 de
564 1243 612 1263 mc
621 1243 698 1267 tum,
709 1243 779 1263 cum
791 1235 868 1263 mihi
879 1233 1033 1274 profutura
1042 1232 1155 1264 essent:

201 1277 417 1307 nuncillanon
427 1286 483 1317 ego
491 1275 613 1316 quidem
624 1275 684 1305 dici
694 1284 846 1315 tantopere
860 1274 1031 1305 desiderabo
1042 1296 1050 1309 ‚
1061 1276 1153 1316 quam

198 1319 304 1349 sentiri
313 1317 329 1348 a
340 1318 451 1357 teipso.
474 1320 581 1357 Neque
593 1318 676 1346 enim
687 1319 830 1347 omniurn
838 1317 953 1356 judicio
963 1318 1071 1347 malim
1080 1318 1154 1348 mea

206 1368 235 1390 te
245 1359 473 1392 commendari,
493 1360 583 1399 quarn
596 1359 655 1398 ipse
669 1358 846 1397 tuojudicio
858 1358 949 1398 digne
960 1379 968 1392 ,
984 1369 1016 1389 ac
1026 1369 1152 1393 mereor,

196 1401 426 1438 commendatus
445 1399 522 1430 esse:
546 1409 579 1429 ut
597 1401 659 1429 haec
676 1399 837 1429 novi'fl'ima
856 1400 954 1430 nostra
971 1400 1067 1434 faEla,
1088 1411 1152 1432 non

198 1443 304 1476 subita,
315 1452 370 1472 nec
380 1443 627 1472 inconvenientia
642 1461 649 1474 ,
661 1441 710 1471 sed
720 1440 827 1471 similia
836 1442 897 1471 illis
907 1443 1150 1482 cogitationibus,

196 1493 324 1525 quarum
341 1492 372 1513 tu
390 1482 472 1514 testis
490 1492 539 1516 es,
562 1481 772 1522 fuissejudices
785 1503 793 1515 ,
816 1493 925 1524 meque
947 1483 983 1514 ad
1002 1486 1150 1524 optimam

196 1527 278 1566 spem
297 1527 396 1565 patriae
417 1535 478 1554 non
499 1526 667 1554 minimum
679 1524 795 1564 tibiipsi
808 1525 1038 1565 producendum
1050 1536 1147 1566 putes.

194 1571 271 1599 Sunt
283 1567 337 1597 tibi
354 1587 363 1600 ‚
383 1569 427 1596 M.
441 1566 546 1599 Tulli,
560 1566 664 1600 liberi,
676 1569 899 1607 propinquique
911 1587 920 1601 ,
931 1567 1015 1608 digni
1025 1568 1148 1609 quidem

195 1617 226 1640 te
243 1629 252 1643 ,
279 1609 312 1639 &
340 1607 450 1638 merito
473 1608 529 1638 ribi
548 1607 702 1638 cariffimi.
720 1607 776 1638 esse
797 1611 887 1638 etiarn
906 1609 1017 1640 debent
1035 1613 1068 1640 in
1087 1620 1147 1652 rep.

190 1650 337 1692 proxime
347 1652 403 1680 hos
411 1651 488 1683 cari,
499 1652 551 1691 qui
561 1649 726 1680 studiorum
738 1660 859 1680 tuorum
870 1651 937 1681 sunt
945 1652 1058 1686 aemuli,
1071 1662 1148 1693 quo—

193 1703 263 1724 rum
286 1689 343 1722 effe
359 1694 449 1733 cupio
468 1692 523 1722 tibi
543 1694 670 1732 copiam.
694 1693 751 1722 Sed
770 1702 869 1722 tamen
880 1703 944 1723 nori
955 1696 1088 1724 maxima
1097 1705 1147 1724 me

192 1734 363 1774 turbaputo
372 1734 492 1764 excludi
506 1753 515 1767 ‚
533 1744 593 1774 quo
605 1733 707 1763 minus
717 1735 771 1764 tibi
780 1744 861 1765 vacet
873 1745 922 1764 me
934 1738 1087 1775 excipere,
1113 1736 1146 1766 δί

190 1775 228 1806 ad
239 1777 344 1806 omnia
354 1795 362 1809 ,
374 1785 439 1816 quae
449 1776 525 1805 velis
539 1795 548 1809 ,
561 1776 593 1805 &
605 1776 723 1815 probes,
734 1776 905 1816 producere.
930 1779 1079 1807 Animum
1091 1779 1144 1808 tibi

191 1816 329 1848 nostrum
349 1815 465 1847 fortafl'e
483 1817 686 1856 probabimus.
710 1819 867 1859 ingenium
879 1817 998 1848 diutina
1009 1819 1144 1853 servitus,

189 1859 269 1897 certe
279 1878 287 1892 ,
300 1859 515 1899 qualecumque
525 1857 568 1888 est
583 1878 590 1892 ,
603 1868 704 1888 minus
715 1868 827 1891 tamen,
839 1859 928 1899 quam
939 1868 1008 1893 erat,
1017 1859 1094 1899 paffa
1103 1861 1146 1891 est

188 1900 298 1931 videri.
323 1903 389 1930 Nos
399 1910 436 1929 ex
446 1910 497 1929 ora
507 1902 656 1929 maritima
666 1898 738 1929 A-fiae
749 1903 922 1940 provinciae,
936 1901 968 1930 &
979 1911 1016 1931 ex
1026 1902 1146 1937 insulis,

190 1951 263 1983 quas
280 1943 435 1982 potuimus
454 1943 556 1971 naveis
573 1941 766 1971 deduximus.
803 1941 961 1972 DileElum
979 1945 1140 1985 remigum,

190 1993 297 2025 magna
307 1984 496 2014 contumacia
505 1985 661 2014 civitatum
673 2003 681 2016 ‚
703 1993 804 2014 tamen
816 1984 882 2014 satis
893 1985 1027 2014 celeriter
1037 1986 1143 2016 habui-

187 2035 268 2055 mus.
290 2027 388 2056 Secuti
408 2025 510 2055 sumus
527 2023 646 2055 class'em
657 2025 823 2055 Dolabellae
835 2045 843 2059 ,
862 2027 911 2055 cui
923 2027 1059 2056 Lucilius
1068 2037 1143 2067 prae-

186 2076 247 2097 erat
263 2070 331 2108 :qui
340 2068 422 2106 spem
434 2067 506 2107 saepe
515 2065 696 2097 transitionis
705 2067 877 2107 praebend0‚
889 2078 986 2108 neque
997 2079 1140 2110 umquam

185 2118 252 2138 non
263 2109 448 2142 decedendo,
460 2107 624 2139 novissime
637 2111 787 2149 Corycum
799 2110 828 2139 se
841 2111 987 2144 contulit,
1001 2111 1032 2140 δε
1043 2112 1141 2142 clauso

183 2159 274 2191 portu
295 2151 323 2180 se
340 2160 442 2180 tenere
460 2152 560 2190 coepit.
584 2153 650 2180 Nos
668 2152 718 2180 illa
729 2150 850 2184 relffiia,
869 2150 1037 2192 quod&in
1046 2153 1136 2185 castra

183 2194 341 2232 pervenire
351 2192 439 2222 satius
450 2189 507 2222 esse
516 2193 740 2232 putabamus,&
752 2193 925 2233 sequebatur
934 2192 1028 2223 claffis
1039 2195 1138 2231 altera,

181 2244 273 2275 quam
291 2244 371 2264 anno
380 2236 479 2273 priore
488 2236 520 2264 in
533 2235 672 2273 Bithynia
680 2235 805 2265 Tullius
815 2235 937 2264 Cimber
945 2245 1139 2275 compararat,

179 2277 230 2306 cui
248 2276 397 2306 Turulius
413 2275 541 2316 quaestor
556 2285 676 2315 praeerat
696 2287 703 2306 z
725 2279 856 2316 Cyprum
874 2278 1048 2316 petivimus.
1081 2280 1138 2315 Ibi,

182 2327 249 2358 quae
265 2319 467 2359 cognovimus
479 2338 487 2351 ,
508 2318 634 2347 scribere
649 2318 684 2348 ad
703 2327 757 2348 vos
766 2318 856 2358 quam
867 2319 1022 2349 celerrime
1034 2322 1135 2352 volui-

181 2368 261 2389 mus.
282 2359 473 2389 Dolabellam
484 2380 492 2393 ,
508 2368 540 2389 ut
549 2359 708 2390 Tarsenses
719 2380 727 2393 ‚
738 2359 857 2399 peffimi
867 2361 955 2390 socii:
976 2363 1016 2391 ita
1024 2364 1136 2394 Laodi-

178 2401 247 2431 ceni
262 2420 275 2434 ,
302 2399 402 2430 multo
418 2403 600 2431 amentiores
620 2421 628 2435 ‚
648 2401 728 2431 ultro
745 2400 951 2432 arcesl'ierunt:
971 2412 1009 2432 ex
1025 2405 1134 2445 quibus

180 2442 314 2483 utrisque
323 2443 494 2473 civitatibus
506 2463 515 2477 ‚
537 2445 547 2462 ¹
561 2445 735 2473 Graecorum
751 2444 886 2473 militum
897 2454 1043 2479 numero,
1067 2447 1133 2487 spe-

179 2485 260 2513 ciem
279 2485 425 2514 exercitus
443 2483 552 2515 effecit.
576 2484 673 2516 Castra
691 2485 854 2515 habetante
865 2486 1012 2526 oppidum
1024 2489 1132 2519 Laodi-

177 2535 262 2556 ceam
272 2524 364 2565 posita
375 2535 384 2554 t·
400 2525 432 2555 &
440 2535 554 2566 partem
566 2529 646 2556 muri
656 2527 820 2557 demolitus
830 2526 872 2557 est
887 2539 892 2556 τ
905 2529 937 2557 &
947 2527 1037 2559 castra
1043 2534 1131 2571 oppi-

178 2567 219 2597 do
237 2567 410 2605 conjunxit.
435 2566 546 2598 Cassius
564 2567 664 2598 noster
688 2578 758 2599 cum
768 2568 873 2599 decem
887 2569 1076 2610 legionibus,
1096 2573 1128 2603 δε

177 2609 355 2639 cohortibus
366 2611 474 2651 viginti
483 2610 661 2643 auxiliariis,
673 2611 705 2640 &
718 2619 858 2650 quartuor
867 2612 1004 2641 millium
1016 2615 1129 2654 equ'ita-

175 2658 210 2681 tu
227 2650 244 2681 a
254 2650 393 2680 millibus
403 2649 537 2691 passuum
546 2653 654 2692 viginti
668 2671 676 2685 ,
695 2651 786 2681 castra
796 2652 881 2681 habet
890 2651 980 2692 posita
990 2657 1126 2702 πτέλτῳς

176 2700 210 2731 &
227 2701 396 2734 existimat,
423 2703 451 2732 se
470 2700 642 2742 sinepraelio
651 2701 734 2742 pofl'e
744 2704 876 2733 vincere.
899 2706 979 2733 Nam
993 2704 1054 2743 jam
1068 2713 1125 2735 ter-

175 2743 224 2772 nis
241 2743 463 2774 tetradrachmis
473 2745 605 2774 triticum
616 2744 692 2784 apud
702 2744 891 2774 Dolabellam
905 2744 947 2775 est
958 2765 967 2779 ‚
987 2743 1042 2775 nisi
1053 2748 1125 2787 quid
1166 2759 1185 2788 p

175 2784 300 2815 navibus
310 2784 552 2816 Laodicenorum
562 2786 754 2827 supportarit,
777 2785 839 2816 cito
849 2786 927 2817 fame
936 2796 1051 2827 pereat,
1072 2799 1126 2819 ne-

213 2903 237 2920 1.
255 2899 379 2924 Graecorum
388 2901 488 2925 militum
496 2901 616 2934 numera]
636 2901 797 2927 Gulielmius
808 2900 977 2936 legi'volebiit
989 2920 996 2931 ,
1008 2910 1082 2925 nume.
1091 2910 1125 2926 os.

175 2939 224 2957 rios
233 2939 324 2958 contra
334 2933 414 2960 libi-os
425 2935 490 2961 nihil
502 2935 638 2963 molimur.
657 2938 686 2963 ln
698 2936 750 2963 fine
762 2937 883 2971 Epistola:
895 2946 926 2962 ex
941 2936 1059 2962 Palatino
1071 2936 1124 2971 pri-

175 2975 221 2991 mo
231 2967 258 2991 δε
268 2967 427 3008 Grritei‘iaiio
439 2989 447 3001 ,
465 2973 597 3012 excerptis
616 2973 735 2999 Vaticani
749 2992 756 3003 ‚
776 2972 892 2999 editione
912 2972 1025 2998 victorii
1045 2981 1124 3006 :itque

173 3001 240 3028 adeo
249 3011 365 3030 omnium
378 3005 493 3042 priiipre
510 3007 595 3043 scripsi
607 3018 615 3040 5
636 3012 668 3034 Et
678 3011 729 3035 volo
737 3011 792 3035 bene
803 3012 918 3043 sperare:
940 3018 998 3035 cuin
1009 3007 1103 3034 cdaitnr
1115 3019 1120 3034 ε

173 3039 226 3063 ‘nolo
234 3040 307 3071 igitur
315 3049 357 3065 vos
367 3042 530 3074 benesperare.

210 3082 240 3113 a..
261 3077 344 3114 D'r-non
357 3078 420 3108 poffiv
428 3079 543 3104 Dolabella
553 3081 578 3104 in
586 3081 685 3105 Italiam
699 3082 850 3115 pervenires]
874 3081 967 3106 Deleri
980 3090 1068 3106 vocem
1082 3081 1121 3106 in-

171 3108 343 3150 terjefflitiani
355 3112 431 3143 claffe,
441 3113 495 3147 post
504 3117 576 3147 pqffir,
585 3123 618 3140 ex
632 3115 751 3142 Palatino
762 3118 860 3153 primo,
871 3117 1045 3146 Grntcriaim,
1059 3117 1123 3142 Hit-

171 3151 295 3187 torpiano
305 3155 333 3172 ac
343 3148 476 3173 stewech.
487 3149 574 3178 Vatic.
591 3159 624 3177 ex
636 3151 727 3177 iisdem
738 3153 764 3178 ὃ(
776 3152 894 3179 editione
904 3154 1020 3188 principe
1039 3152 1119 3178 edidi:

169 3183 205 3208 Et
213 3182 303 3216 quidem
311 3185 381 3209 multo
393 3186 494 3217 partim·
504 3184 596 3220 firipfi.
615 3189 702 3214 mirari
710 3191 766 3216 noli.
785 3192 848 3216 mira
858 3192 892 3216 ef?
908 3199 985 3216 eorum
1003 3192 1123 3215 amentia.-

2045 158 2167 209 ,737

1216 220 1292 252 cesse
1302 221 1352 253 est.
1376 225 1426 253 Ne
1436 224 1603 264 supportare
1611 223 1702 264 possit
1711 245 1719 259 ,
1732 224 1765 255 ὃς
1776 223 1862 256 Cass'ii
1873 223 1966 256 Claffis
1975 224 2053 256 bene
2061 234 2169 265 magna

1217 265 1266 292 cui
1276 264 1378 303 praeest
1387 267 1529 295 Sextilius
1538 265 1638 296 Rufus
1648 286 1657 299 ,
1679 268 1710 297 δε
1721 276 1777 297 tres
1787 288 1796 301 ,
1816 277 1887 307 quas
1899 278 1956 298 nos
1970 267 2165 300 adduximus,

1215 314 1271 344 ego
1285 326 1293 339 ,
1312 308 1456 336 Tui-nlius
1471 327 1480 340 ,
1500 307 1626 337 Patiscus
1637 328 1645 341 ,
1665 307 1751 338 facile
1769 309 1954 349 praestabunt.
1979 312 2016 340 Et
2026 310 2098 338 volo
2108 317 2165 338 VOS

1213 345 1289 376 bene
1300 348 1410 387 sperare
1420 368 1428 382 ‚
1442 348 1474 378 δε
1484 349 1621 389 rempub.
1633 351 1706 381 ut&
1717 360 1772 379 vos
1784 350 1847 381 istic
1857 350 2031 392 expediistis
2041 371 2050 384 ,
2062 354 2100 381 ita
2108 358 2165 389 pro

1213 387 1311 417 nosti-a
1320 398 1398 428 parte
1408 390 1542 420 celerffer
1555 391 1644 420 nobis
1654 393 1787 431 expediri
1795 391 1876 432 posse
1886 413 1894 426 ,
1907 390 2066 423 confidere¹
2090 392 2165 422 Vale

1211 430 1285 458 Data
1296 430 1472 472 idibusJun.
1485 434 1593 471 Cypro,
1606 432 1620 462 a
1631 434 1921 474 Crommyu-acride.

1268 486 1552 516 LENTULUS
1575 490 1822 518 CICERONI
1843 491 1955 522 SUO,
1978 492 2048 521 S.P.
2062 493 2104 520 D.

1297 533 1356 562 UM
1377 536 1500 564 Brutum
1512 535 1647 565 nostrum
1659 535 1867 567 convenissem
1880 558 1889 569 ‚
1909 548 2040 577 cumque
2050 536 2164 568 tardius

1297 575 1329 603 in
1339 573 1437 605 Asiam
1448 585 1610 606 venturum
1623 578 1890 609 animadverteram
1906 582 1955 609 :in
1965 579 2063 610 Asiam
2075 579 2162 614 redii,

1207 615 1398 660 ut-reliquias
1415 619 1476 646 mei
1496 617 1605 647 laboris
1624 620 1797 659 colligerem
1809 641 1817 653 ‚
1839 622 1871 650 δε
1888 623 2047 660 pecuniam
2067 621 2159 662 quiim

1206 655 1343 694 primum
1366 660 1498 688 Romam
1517 661 1678 690 mitterem.
1701 664 1825 691 Interim
1842 664 1993 704 cognovi,
2014 664 2047 693 in
2067 665 2158 702 Lycia

1206 694 1263 726 effe
1271 697 1390 728 classem
1403 700 1569 730 Dolabella:
1581 720 1589 734 ,
1610 702 1794 742 ampliusque
1806 714 1926 735 centum
1941 706 2042 734 naveis
2054 714 2160 734 onera-

1205 739 1261 767 rias
1275 758 1284 772 ,
1307 741 1339 769 in
1355 750 1426 780 quas
1437 743 1782 782 exercituseiusimpon:
1794 744 1886 782 posset
1897 757 1902 774 2
1913 746 2003 787 idque
2013 746 2160 776 Dolabel-

1205 779 1264 808 lam
1286 791 1319 811 ea
1337 791 1440 812 mente
1455 782 1653 823 comparasse,
1675 794 1725 818 ut,
1746 784 1864 825 siSyriae
1876 788 2015 826 i'peseum
2025 787 2157 818 frustrata

1206 819 1292 851 esset:
1311 824 1524 855 conscenderet
1547 827 1580 854 i'n
1603 828 1704 855 naveis
1716 845 1724 860 ,
1749 827 1781 856 &
1792 829 1906 857 ltaliam
1917 838 2045 868 peteret,
2067 830 2155 870 seque

1204 873 1274 893 cum
1294 867 1439 895 Antoniis
1450 886 1458 900 ,
1479 866 1646 908 &reliquis
1655 869 1822 905 latronibus
1832 870 2034 909 conjungeret.
2061 874 2165 910 Cujus,

1201 906 1243 934 rei
1264 914 1345 937 tanto
1357 909 1508 938 intimore
1519 907 1583 942 fui,
1606 918 1656 943 ut,
1679 910 1826 939 omnibus
1835 910 1919 940 rebus
1931 911 2057 946 relifris,
2083 922 2154 942 cum

1200 948 1391 985 paucioribus
1411 950 1444 979 δε
1455 951 1627 981 minoribus
1636 952 1763 981 navibus
1778 951 1813 982 ad
1825 952 1888 982 illas
1898 963 1940 982 ire
1950 963 2072 983 conatu:
2088 954 2141 983 sim

1232 999 1275 1020 uae
1285 1000 1330 1020 res
1341 1011 1348 1023 ,
1370 990 1390 1020 si
1400 991 1415 1021 ὲ
1425 992 1556 1022 Rhodiis
1565 1002 1630 1022 non
1640 992 1730 1023 ess’em
1741 995 1955 1034 interpellatus,
1967 993 2084 1024 fortasse
2094 1005 2155 1026 tota

1200 1030 1310 1062 sublata
1327 1031 1415 1063 ess'et:
1436 1043 1536 1063 temen
1548 1044 1654 1076 magna
1671 1045 1709 1065 ex
1720 1045 1799 1075 parte
1818 1035 1971 1077 profligata
1983 1035 2034 1066 est.
2049 1040 2153 1072 Quum

1198 1073 1323 1112 quidem
1333 1073 1426 1104 classis
1434 1073 1566 1115 diffipata
1576 1076 1630 1106 est:
1649 1077 1793 1107 adventus
1803 1076 1896 1107 nostri
1908 1080 2016 1108 timore
2027 1080 2151 1112 milites,

1169 1114 1173 1115 ⁷
1197 1114 1345 1156 ducesque
1364 1115 1555 1158 effugerunt:
1577 1120 1718 1148 onei‘ariae
1740 1129 1848 1149 omnes
1866 1119 1901 1149 ad
1923 1129 2013 1150 unam
2031 1120 2047 1150 a
2064 1120 2155 1150 nobis

1199 1156 1267 1186 sunt
1286 1167 1423 1198 exceptae.
1449 1159 1533 1189 Certe.
1551 1159 1655 1201 (quod
1667 1161 1799 1192 maxime
1812 1162 1924 1201 timui)
1944 1161 2049 1191 videor
2059 1163 2153 1192 etiam

1194 1199 1371 1230 consecutus
1382 1221 1390 1234 ‚
1412 1204 1426 1220 ²
1442 1210 1542 1231 utnon
1554 1201 1846 1241 poffitDolabellain
1857 1203 1972 1234 Italiam
1983 1205 2152 1243 pervenire„

1196 1250 1251 1270 nec
1279 1242 1365 1272 sociis
1392 1243 1450 1273 suis
1472 1241 1597 1273 firmatis
1616 1244 1718 1274 durius
1738 1244 1825 1274 vobis
1842 1243 1958 1274 efficere
1982 1247 2154 1286 negotium.

1195 1283 1310 1313 Rhodii
1325 1294 1381 1314 nos
1392 1305 1400 1318 ,
1417 1285 1450 1315 δε
1460 1286 1598 1326 rempub.
1613 1286 1703 1327 quam
1715 1286 1798 1316 valde
1807 1286 2041 1327 desperaverint,
2053 1297 2090 1316 ex
2101 1288 2152 1318 lit-2

1198 1325 1266 1353 teris
1277 1346 1285 1358 ‚
1296 1336 1368 1366 quas
1378 1327 1498 1366 publice
1509 1326 1586 1361 misi,
1600 1328 1771 1369 cognosces.
1795 1331 1832 1358 Et
1842 1328 1964 1369 quidem
1976 1328 2074 1358 multo
2084 1338 2153 1368 par-

1193 1365 1258 1395 cifis
1271 1366 1366 1407 scripsi
1378 1389 1386 1402 ‚
1399 1371 1499 1399 mirari
1510 1370 1585 1399 noli.
1608 1372 1685 1400 Mira
1696 1369 1739 1400 est
1749 1380 1854 1401 eorum
1866 1372 2014 1400 amentia:
2028 1380 2082 1400 nec
2096 1380 2148 1400 me

1193 1417 1268 1453 meae
1279 1410 1347 1440 ullae
1357 1412 1497 1450 privatim
1509 1413 1626 1451 injuriae
1638 1422 1792 1453 umquam.
1804 1413 1901 1442 malus
1910 1414 2030 1442 animus
2040 1421 2149 1441 eorum

1192 1459 1226 1479 in
1246 1450 1377 1482 nostram
1388 1453 1512 1483 salutem
1522 1473 1530 1487 ‚
1550 1454 1694 1493 cupiditas
1705 1456 1833 1494 partium
1846 1455 1970 1484 aliarum
1983 1473 1992 1487 ‚
2011 1453 2149 1493 perseve-

1193 1494 1286 1535 rantia
1310 1495 1342 1523 in
1362 1496 1560 1524 contentione
1578 1498 1688 1535 optimi
1707 1496 1848 1536 cujusque
1858 1494 1981 1525 ferenda
1994 1495 2149 1525 mihinoit

1192 1534 1258 1563 luit.
1279 1545 1334 1565 nec
1355 1544 1456 1566 tamen
1467 1539 1588 1566 omneis
1596 1537 1728 1577 perditos
1739 1535 1795 1567 esle
1808 1545 1892 1576 puto.
1915 1536 1972 1566 Sed
1983 1536 2148 1568 iidemilli,

1191 1576 1319 1614 quitum
1330 1575 1496 1618 fugientem
1505 1587 1619 1618 patrem
1636 1589 1741 1608 meum
1756 1598 1764 1612 ,
1777 1581 1830 1618 qui
1839 1580 1874 1608 L.
1888 1578 2053 1608 Lentulum
2066 1597 2075 1611 ,
2094 1580 2149 1618 qui.

1190 1619 1315 1658 Pompej
1320 1628 1370 1648 um
1383 1639 1391 1653 ,
1410 1621 1462 1660 qui
1471 1629 1585 1650 ceteros
1598 1622 1679 1650 viros
1692 1619 1868 1651 clariffimos
1882 1630 1944 1649 non
1957 1628 2147 1659 receperunt,

1191 1658 1286 1689 iidem
1303 1680 1312 1694 ,
1333 1669 1485 1702 tamquam
1503 1662 1607 1703 aliquo
1623 1661 1685 1693 fato
1699 1682 1707 1695 ,
1735 1663 1768 1692 &
1786 1672 1868 1692 nunc
1883 1671 1932 1691 aut
1943 1661 2147 1703 magistratum

1188 1710 1314 1741 gerunt,
1329 1711 1378 1732 aut
1391 1713 1445 1733 eos
1455 1723 1464 1737 ,
1476 1705 1607 1744 quisunt
1620 1706 1651 1734 in
1667 1703 1836 1744 magistratu
1848 1723 1856 1737 ,
1868 1705 1900 1733 in
1910 1703 1958 1733 sua
1971 1703 2081 1734 habent
2089 1713 2148 1743 po-

1189 1741 1298 1774 testate.
1318 1742 1424 1785 ‘Itaque
1441 1746 1548 1777 eadem
1558 1746 1692 1786 superbia
1704 1749 1734 1775 in
1745 1747 1889 1786 pravitate
1901 1753 2033 1775 utuntur.
2057 1747 2145 1786 Qo-

1187 1794 1253 1814 rum
1265 1787 1491 1825 improbitatem
1503 1787 1663 1827 aliquando
1673 1787 1813 1820 retundi,
1824 1788 1856 1817 ὃς
1866 1795 1928 1816 non
1938 1788 1997 1826 pati
2007 1786 2146 1826 impuni-

1187 1834 1243 1856 tate
1252 1830 1350 1867 augeri
1367 1847 1376 1861 ,
1397 1838 1461 1858 non
1471 1828 1570 1859 solum
1583 1830 1655 1859 utile
1667 1829 1709 1859 est
1719 1829 1834 1869 reipub.
1847 1827 1953 1858 nostra:
1964 1848 1973 1861 ‚
1993 1828 2042 1858 sed
2053 1830 2144 1858 etiam

1187 1867 1390 1899 necessarium.
1414 1872 1463 1899 De
1482 1870 1580 1900 nostra
1600 1871 1742 1911 dignitate
1756 1890 1765 1904 ,
1789 1871 1881 1900 velim
1901 1870 1956 1899 tibi
1976 1879 2008 1899 ut
2026 1870 2144 1910 semper

1185 1918 1261 1939 curae
1270 1908 1304 1940 fit
1314 1921 1319 1938 :
1332 1910 1375 1944 &‚
1385 1921 1579 1952 quocumque
1589 1921 1724 1951 tempore
1734 1910 1922 1941 occasionem
1935 1911 2073 1941 habueris
2083 1931 2092 1945 ,
2105 1911 2142 1942 &c

1185 1951 1217 1979 in
1228 1950 1377 1986 senatu,&
1386 1954 1419 1982 in
1428 1955 1532 1983 ceteris
1541 1953 1627 1983 rebus
1638 1953 1717 1983 laudi
1728 1952 1835 1984 nostrae
1846 1951 2012 1994 suffragere.
2033 1955 2141 1992 Quum

1182 1993 1358 2024 consulibus
1368 1994 1483 2026 decreta
1492 1994 1533 2025 est
1544 1993 1608 2026 Asia
1618 2015 1627 2029 ,
1650 1995 1682 2025 &
1695 1993 1866 2035 permissum
1881 1994 1968 2025 estiis
1977 2015 1985 2028 ,
2000 2004 2033 2024 ut
2042 2015 2050 2029 ,
2062 1994 2140 2026 dum

1184 2032 1236 2073 ipfi
1246 2037 1394 2070 venirent,
1405 2037 1509 2067 darent
1520 2040 1688 2079 negotium,
1703 2039 1755 2078 qui
1764 2036 1862 2067 Asiam
1877 2037 2034 2067 obtineant
2049 2046 2140 2078 :rogo

1183 2085 1210 2105 te
1221 2096 1229 2110 ,
1249 2086 1330 2116 petas
1340 2079 1375 2108 ab
1385 2080 1423 2108 iis
1432 2099 1441 2112 ,
1464 2089 1497 2109 ut
1509 2080 1585 2109 banc
1597 2079 1772 2120 dignitatem
1783 2076 1970 2119 potissimum
1983 2078 2073 2108 nobis
2086 2080 2139 2108 tri-

1183 2117 1292 2153 buant,
1313 2120 1346 2149 &
1357 2122 1433 2150 milii
1446 2121 1516 2151 dent
1528 2130 1685 2162 negotium
1697 2141 1704 2155 ,
1717 2130 1749 2150 ut
1760 2120 1857 2151 Asiam
1868 2121 2022 2151 obtineam
2038 2139 2046 2153 ,
2061 2119 2137 2151 dum

1178 2161 1314 2199 ipsorum
1324 2162 1462 2192 alteruter
1470 2164 1564 2193 venit.
1589 2165 1669 2193 Nam
1681 2183 1688 2196 ‚
1702 2162 1784 2203 quod
1794 2163 1852 2193 huc
1859 2164 2061 2203 properentin
2072 2171 2139 2192 ma-

1177 2201 1297 2242 gistratu
1311 2205 1426 2238 venire,
1437 2213 1485 2234 aut
1497 2206 1663 2234 exercitum
1673 2207 1803 2238 mittere,
1813 2205 1928 2235 causam
1939 2214 2002 2234 non
2014 2204 2135 2234 habent.

1179 2244 1338 2275 Dolabella
1357 2247 1441 2275 enim
1460 2248 1492 2275 in
1510 2249 1592 2285 Syria
1611 2246 1670 2276 est:
1692 2247 1741 2280 &‚
1767 2255 1799 2276 ut
1817 2255 1847 2276 tu
1858 2246 1961 2276 divina
1972 2255 2021 2276 tua
2031 2254 2135 2275 mente

1178 2286 1358 2326 prospexisti
1369 2307 1378 2321 ,
1398 2288 1430 2318 ὃς
1440 2287 1603 2328 praedicasti
1616 2308 1623 2322 ‚
1635 2288 1709 2319 dum
1723 2287 1769 2318 isti
1779 2290 1904 2318 veniunt
1918 2308 1927 2322 ,
1939 2286 2051 2318 Caffius
2060 2296 2132 2317 eum

1178 2331 1338 2368 opprimet.
1364 2330 1511 2359 Exclusus
1528 2331 1613 2360 enim
1632 2330 1668 2360 ab
1685 2331 1846 2360 Antiochia
1856 2330 2034 2362 Dolabella,
2055 2329 2132 2359 &in

1179 2370 1380 2411 oppugnando
1390 2371 1469 2401 male
1481 2381 1616 2411 acceptus
1627 2392 1635 2406 ,
1653 2372 1737 2402 nulla
1747 2373 1802 2402 alia
1809 2371 1939 2402 confisus
1949 2371 2021 2401 urbe
2031 2390 2039 2404 ,
2052 2373 2132 2400 Lao-

1177 2411 1291 2442 diceam
1303 2432 1311 2446 ,
1331 2423 1396 2454 quae
1416 2412 1459 2443 est
1478 2415 1510 2443 iri
1525 2416 1606 2453 Syria
1624 2414 1659 2444 ad
1673 2423 1770 2447 mare,
1792 2414 1820 2444 se
1830 2414 1967 2444 contulit.
1992 2413 2034 2442 ibi
2045 2412 2132 2452 spero

1175 2455 1309 2485 celeriter
1328 2465 1400 2484 eum
1419 2465 1523 2495 peenas
1542 2455 1694 2485 daturum.
1718 2458 1799 2485 Nam
1813 2465 1910 2495 neque
1920 2453 1981 2495 quo
1993 2453 2130 2494 refugiat,

1175 2497 1280 2527 habet:
1300 2505 1397 2537 neque
1415 2497 1529 2527 diutius
1546 2497 1589 2526 ibi
1609 2498 1718 2537 poterit
1734 2506 1848 2527 tantum
1861 2498 2026 2526 exercitum
2038 2493 2128 2526 Cass'ii

1174 2539 1328 2570 sustinere.
1353 2539 1437 2578 spero
1454 2542 1544 2569 etiam
1554 2538 1729 2568 confeeium
1741 2537 1798 2567 effe
1812 2539 1870 2576 jam
1882 2558 1890 2571 ,
1912 2538 1944 2567 &
1955 2535 2127 2577 oppreffum

1171 2579 1373 2611 Dolabellam.
1406 2583 1503 2619 Qare
1528 2590 1591 2609 non
1609 2589 1701 2620 puto,
1721 2580 1860 2613 Pansam,
1882 2580 1914 2609 &
1936 2580 2073 2609 Hirtium
2092 2580 2127 2610 in

1169 2622 1324 2653 consulatu
1346 2631 1551 2661 properaturos
1571 2624 1603 2650 in
1620 2623 1792 2661 provincias
1812 2623 1894 2651 exire
1913 2641 1921 2655 ,
1948 2620 1997 2651 sed
2016 2622 2126 2652 Roma:

1169 2664 1287 2696 aeluros
1306 2664 1503 2693 consulatum.
1527 2665 1630 2703 Itaque
1648 2661 1668 2691 fi
1691 2663 1726 2692 ab
1747 2664 1793 2691 his
1806 2665 1947 2703 petieris,
1969 2662 2125 2695 utinterea

1169 2708 1258 2737 nobis
1276 2706 1518 2744 procurationem
1539 2704 1611 2735 Afiae
1622 2704 1711 2737 dent,
1730 2704 1813 2744 spero
1826 2714 1853 2734 te
1862 2703 2124 2745 posi'eimpetrare.

1189 2747 1304 2779 raeterea
1325 2747 1401 2776 mihi
1422 2747 1628 2786 promiserunt
1645 2746 1753 2779 Pansa,
1774 2746 1807 2776 &
1819 2748 1935 2776 Hirtius
1945 2751 2045 2776 coram
2058 2765 2066 2780 ,
2089 2746 2124 2777 δε

1167 2791 1279 2821 absenti
1298 2789 1376 2817 mihi
1386 2788 1579 2828 scripserunt:
1601 2790 1769 2829 Verrioque
1778 2787 1883 2819 nostro
1892 2788 1981 2819 Pansa
1991 2786 2125 2819 affirma-

2062 2838 2122 2864 vit,

1165 2900 1256 2929 eiectis
1267 2901 1320 2927 illis
1335 2922 1342 2931 ,
1363 2910 1419 2936 qncc
1431 2901 1524 2927 nullibi
1537 2908 1689 2936 comparent
1702 2920 1710 2931 ‚
1720 2900 1793 2934 quium
1803 2903 1974 2934 rei-erasurere
1983 2910 2018 2926 eos
2027 2903 2122 2926 inveni.

1164 2937 1290 2969 quodve&
1301 2938 1426 2971 alal-uidae
1439 2937 1568 2970 hisscrirfi.
1589 2937 1663 2962 Sicut
1673 2937 1758 2963 statiin
1770 2946 1802 2963 ex
1815 2936 1905 2963 'iisdem
1916 2936 2039 2962 omnibns
2051 2945 2120 2972 quo-

1165 2982 1232 3007 qne:
1255 2982 1296 2997 nei:
1315 2983 1348 2998 me
1366 2983 1416 2998 nri-‚e
1434 2975 1482 2997 ullae
1498 2976 1615 3004 privatim
1633 2976 1725 3005 injmu'ae
1742 2982 1859 3007 unquam.
1885 2982 1944 2999 nani
1965 2972 2052 2999 nullus
2072 2981 2120 2998 co-

1165 3018 1222 3034 runi
1241 3009 1360 3042 agnoscit
1376 3008 1483 3034 vcrbuni
1504 3015 1644 3040 moverunt,-
1663 3009 1733 3044 quod
1746 3029 1754 3040 ,
1773 3009 1859 3035 alieni
1879 3018 1956 3035 manu
1974 3008 2095 3035 additum
2108 3026 2118 3039 ,

1163 3045 1218 3079 post
1236 3050 1270 3074 ’τρ
1289 3048 1398 3076 insaniit,
1421 3044 1534 3079 margini
1546 3043 1658 3070 medicei
1671 3064 1679 3076 ‚
1698 3052 1773 3071 notat
1795 3045 1932 3079 Egnatius.
1953 3045 2118 3079 Relegenius

1163 3082 1190 3106 Sc
1211 3090 1257 3106 nos
1271 3100 1279 3111 ,
1299 3090 1356 3106 nani
1368 3089 1415 3106 cui·
1425 3081 1510 3106 aliena
1523 3080 1666 3106 toleremus
1679 3100 1687 3111 ‚
1706 3091 1734 3107 ac
1753 3080 1768 3106 Γ
1781 3082 1842 3106 iniis
1855 3081 1924 3107 inter
1936 3081 2055 3115 legitima.
2074 3080 2116 3106 lo-

1162 3126 1220 3142 cum
1232 3117 1323 3143 demus
1337 3128 1342 3143 :
1366 3118 1427 3142 ciim
1449 3116 1521 3151 frugi
1539 3116 1663 3151 agricolae
1674 3117 1754 3143 malas
1763 3091 1855 3143 liei-bns
1877 3116 2004 3143 fruticare
2015 3117 2040 3142 in
2053 3116 2117 3141 lior-

1163 3153 1196 3179 tis
1209 3172 1217 3181 ,
1236 3154 1262 3177 Sc
1275 3152 1358 3180 solum
1368 3152 1400 3180 ab
1413 3152 1468 3180 illis
1479 3153 1585 3189 fatigari
1604 3153 1691 3181 nolint
1702 3173 1710 3186 ,
1730 3152 1894 3181 felicioribus
1912 3153 2008 3189 plantis
2020 3152 2118 3188 pingue

1163 3188 1263 3216 tacitum
1274 3189 1285 3217 Ξ

1541 3225 1568 3253 A
1577 3234 1592 3253 a
1601 3234 1616 3254 a
1623 3235 1640 3253 a
1649 3235 1665 3255 a
2018 3231 2027 3250 1
2036 3242 2042 3249 .
2060 3223 2123 3249 Itho-

2184 496 2228 530 ¹4
