2337 3400
123 98 219 161 960

126 230 172 249 tnr
191 231 195 246 t
221 223 340 246 'inimo
361 215 530 252 triumphus
549 231 557 243 ,
579 211 611 239 &
632 208 813 248 stipendium
833 207 1021 251 decernitur,
1047 205 1081 235 &

121 259 264 290 omnibus
275 258 398 286 decretis
409 262 540 283 ornatur.
553 254 566 270 2
577 250 684 281 Pudeat
694 249 901 289 concupiscere
913 250 1078 280 fortunam,

120 310 204 334 cinus
218 306 330 327 nomen
344 296 504 334 susceperit
514 292 698 324 Consularis,
712 300 744 321 ut
754 287 972 334 Ciceronisest.
996 290 1082 329 Qo—

119 335 200 370 niam
213 340 288 368 mihi
299 346 390 366 tacere
403 345 467 365 non
477 336 562 364 licuit
573 352 580 366 ,
604 333 682 374 leges
693 342 758 372 qua.-
768 332 822 362 tibi
836 329 950 361 necesse
961 328 1003 359 est
1015 339 1082 359 mo-

119 381 187 411 lesta
205 378 270 409 css'e.
293 379 413 408 Etenim
439 376 500 416 ipse
510 376 605 406 sentio
619 393 628 408 ‚
652 383 762 414 quanto
772 382 843 403 cum
856 372 960 402 dolore
974 372 1037 401 haec
1047 370 1082 401 ad

115 432 144 452 te
156 420 390 461 perscripserim:
416 428 471 447 nec
484 419 589 457 ignoro
606 435 614 449 ,
625 416 698 456 quid
711 416 817 445 sentias
829 416 859 444 in
872 423 931 453 rep.
947 413 979 443 &
989 414 1081 453 quam

119 463 298 502 desperatam
320 470 440 501 quoque
454 458 554 498 sanari
573 455 758 497 putespoffe.
783 459 848 486 Nec
859 454 1030 485 mehercule
1041 463 1080 487 te,

118 507 214 534 Atzicc
229 524 236 535 ,
250 501 444 542 reprehendo.
472 509 564 529 κει-Λᾶ
576 500 659 528 enim
672 519 681 531 ,
701 507 803 528 mores
815 517 823 532 ‚
835 498 943 530 liberi,
959 496 1079 536 segnem

118 544 274 576 efficiunt:
294 543 375 584 quod
395 542 520 582 quidem
540 543 629 570 etiam
650 550 688 570 ex
708 541 811 570 Flavio
822 538 924 569 nostro
934 539 1079 579 perspexi.

117 587 172 618 Sed
185 586 273 616 redeo
288 586 323 615 ad
333 588 524 615 Ciceronem.
549 581 631 622 Qid
642 583 718 612 inter
728 581 922 612 Salvidenum
936 599 944 613 ‚
966 579 998 609 &
1009 588 1079 609 eum

117 627 237 658 interest
256 632 265 657 Ζ
296 626 376 667 Qid
395 634 495 655 autem
513 625 643 663 amplius
662 624 713 653 ille
733 623 902 653 decerneret
922 624 932 651 ?
961 623 1077 653 Timet,

119 671 238 710 inquies
248 689 255 701 ,
268 670 357 698 etiam
368 677 449 697 nunc
458 667 598 706 reliquias
610 666 682 694 belli
693 665 804 695 civilis.
827 663 994 705 Qisquarn
1008 672 1076 703 ergo

119 714 159 742 ita
169 714 256 741 timet
267 708 455 750 profligatum
468 727 477 742 ,
500 717 533 737 ut
544 716 640 747 neque
650 708 819 746 potentiam
830 708 893 745 ejus
906 725 914 737 ,
925 706 978 746 qui
989 714 1075 734 exer-

117 756 210 783 cituin
232 751 379 781 vrciorem
392 751 493 780 habeat
505 769 514 782 ,
538 758 633 788 neque
643 750 828 777 temeritatem
838 749 920 787 pueri
929 755 1011 787 putet
1022 755 1076 775 ex-

118 793 332 824 timescendam
361 790 439 821 esse?
461 795 509 821 An
529 791 586 820 hoc
605 790 704 829 ipsum
723 799 756 820 ea
776 799 806 820 re
825 789 914 821 facit,
936 786 1019 828 quod
1033 787 1076 816 illi
1094 789 1095 826 }

117 844 234 875 propter
255 833 488 873 amplitudinem
510 833 616 861 omnia
639 851 648 865 ‚
674 832 738 870 jam
762 831 899 871 ultroque
918 828 1076 859 deferenda

117 886 199 917 putat
214 879 224 905 ?
243 878 414 917 Omagnam
435 873 592 904 stultitiam
605 874 724 917 timoris
736 892 744 906 ,
757 873 787 902 id
799 872 894 912 ipsum
906 891 914 905 ,
933 870 1013 911 quod
1025 880 1076 899 ve-
1094 880 1095 906 2

116 928 225 951 rearis,
243 920 283 947 ita
300 926 402 947 cavere
414 935 422 948 ‚
442 925 474 945 ut
493 915 564 945 cum
585 916 675 944 vitare
694 912 813 944 rortass'e
824 914 974 953 potueris,
997 912 1076 941 ultro

117 958 236 990 arcessas
249 979 258 992 ,
268 959 300 989 δε
312 959 434 988 attrahas
447 960 451 986 l
474 958 617 986 Nimium
636 958 781 986 timemus
793 964 921 985 mortem
938 974 946 988 ,
959 954 990 983 δε
1000 951 1078 983 exsi-

120 1002 197 1030 lium
213 1021 222 1034 ,
245 1001 278 1031 &
297 1008 505 1040 paupertatem.
529 999 591 1028 haec
599 997 740 1028 videntur
749 997 887 1027 Ciceroni
902 997 1007 1025 ultima
1016 992 1072 1023 esse
1094 1025 1095 1041 ἱ

118 1045 152 1072 in
163 1043 264 1072 malis:
284 1042 316 1072 &
327 1061 334 1075 ‚
348 1042 421 1071 dum
434 1040 535 1069 habeat
548 1039 563 1068 a
572 1038 682 1079 quibus
695 1042 834 1079 impetret
844 1048 909 1078 quae
919 1038 1002 1070 velit,
1016 1036 1048 1065 &
1059 1036 1075 1065 a
1094 1055 1095 1068 2

117 1085 229 1124 quibus
238 1083 368 1114 colatur,
380 1092 412 1112 ac
422 1081 568 1114 laudetur,
579 1081 749 1111 servitutem
762 1101 771 1113 ,
782 1079 958 1118 honorificam
969 1076 1073 1109 modo,

118 1135 184 1155 non
203 1126 370 1165 aspernatur
386 1134 391 1152 ;
411 1122 431 1153 sl
449 1122 614 1163 quidquam
633 1123 666 1152 in
683 1132 836 1155 extrema,
853 1131 885 1151 ac
907 1120 1076 1149 miserrima
1094 1135 1095 1142 .

116 1167 302 1198 contumelia
323 1164 418 1205 potest
437 1162 641 1194 honorificum
662 1163 728 1194 effe.
771 1165 857 1193 Licet
875 1171 943 1202 ergo
963 1169 1075 1200 patrem

117 1209 244 1248 appellet
265 1207 408 1237 oetavius
427 1208 604 1236 Ciceronem
625 1225 633 1239 ,
652 1209 665 1233 3
684 1204 788 1236 referat
807 1206 912 1233 omnia
933 1223 941 1237 ‚
965 1201 1075 1247 laudet,

119 1252 223 1291 gratias
243 1258 322 1289 agat:
342 1257 443 1278 tamen
462 1247 539 1277 illud
549 1247 717 1286 apparebit,
740 1246 924 1276 verbarebus
935 1242 991 1273 esse
1000 1252 1077 1273 con-

120 1293 214 1322 traria.
237 1290 318 1329 Quid
337 1292 420 1320 enim
439 1298 499 1319 tarn
519 1289 653 1319 alienum
673 1289 708 1318 ab
731 1289 873 1318 humanis
883 1285 1013 1316 sensibus
1022 1282 1074 1317 est,

117 1333 210 1374 quam
226 1342 296 1362 eum
305 1327 394 1373 patris
408 1331 512 1361 habere
522 1331 590 1360 loco
602 1349 610 1363 ‚
633 1332 685 1370 qui
697 1340 734 1360 ne
745 1330 830 1359 liberi
840 1327 962 1369 quidem
975 1327 1078 1356 homi-

118 1376 167 1404 nis
185 1384 315 1405 numero
334 1372 387 1403 sit?
407 1374 500 1413 Atqui
510 1371 548 1402 eo
560 1371 673 1405 tendit,
695 1372 725 1401 id
736 1373 813 1412 agit,
832 1371 947 1407 adeum
958 1371 1076 1398 exitum

117 1425 253 1457 properat
274 1417 320 1445 vir
337 1417 492 1455 optimus,
511 1423 542 1443 ut
565 1411 599 1443 sit
619 1414 665 1442 illi
680 1412 821 1443 Qstavius
832 1413 989 1452 propitius.
1012 1412 1077 1448 Ego

120 1457 192 1488 vero
204 1458 261 1497 jam
274 1458 311 1487 iis
324 1456 434 1486 artibus
443 1456 520 1486 nihil
531 1455 753 1496 tribu0,quibus
764 1455 824 1484 scio
834 1455 1014 1483 Ciceronem
1027 1453 1075 1480 in-

121 1496 346 1530 struffiffimum
357 1496 424 1527 effe.
447 1496 619 1536 Qidenim
631 1498 676 1526 illi
688 1492 811 1536 pro‘sunt
822 1515 830 1529 ,
851 1504 976 1535 quaepro
988 1493 1077 1522 liber-

121 1549 180 1570 tate
190 1542 288 1580 patriae
301 1559 310 1572 ,
322 1539 358 1569 de
368 1538 523 1580 dignitate,
537 1548 602 1577 qua:
613 1538 648 1568 de
659 1547 768 1570 morte,
779 1535 896 1570 exsilio,
910 1542 1076 1576 paupertate

123 1579 233 1621 scripsit
255 1578 455 1619 copiosissime
485 1585 495 1610 ?
529 1582 649 1618 Qanto
671 1587 771 1609 autem
792 1580 886 1618 magis
903 1578 954 1607 illa
973 1577 1078 1606 callere

123 1622 247 1653 videtur
267 1622 443 1661 Philippus,
464 1622 515 1661 qui
529 1622 667 1660 privigno
677 1619 781 1650 minus
790 1620 945 1652 tribuerit,
962 1618 1077 1658 ‘squam

124 1666 230 1694 Cicero
248 1664 348 1693 alieno
366 1663 494 1693 tribuat?
517 1659 636 1692 Desinat
654 1664 742 1702 igitur
759 1660 914 1702 gloriando
929 1661 1018 1689 etiarn
1030 1662 1078 1689 in-
1096 1677 1097 1688 l

123 1704 227 1736 seEtaii
244 1704 364 1734 dolores
381 1703 511 1734 nostros.
544 1703 625 1742 Qid
645 1705 729 1733 enim
748 1701 862 1735 nostra,
888 1701 1003 1732 vidium
1021 1699 1079 1730 effe

123 1748 295 1777 Antonium
308 1766 316 1778 ‚
327 1744 346 1774 si
358 1744 454 1775 vietus
464 1744 505 1774 est
516 1764 524 1778 ,
549 1754 581 1775 ut
591 1747 641 1774 alii
651 1753 765 1775 vacaret
774 1744 855 1784 quod
869 1744 919 1772 ille
932 1742 1080 1774 obtinuit?

124 1786 238 1818 tametsi
257 1797 312 1817 tuae
334 1787 437 1817 littera:
456 1786 546 1816 dubia
566 1789 656 1816 etiam
679 1795 759 1815 nunc
782 1783 956 1825 significant.
989 1786 1079 1816 Vivat
1097 1802 1098 1820 1

1096 1825 1098 1832 ¹
1115 1826 1205 1864 genio
1218 1842 1227 1857 ‚
1251 1833 1314 1853 tum
1333 1833 1400 1852 mea
1409 1823 1602 1863 promiffione
1615 1823 1807 1855 constantior.
1832 1833 1999 1856 MAxrivius
2008 1835 2070 1856 Au-

1097 1861 1098 1869 *
1116 1875 1187 1895 TEM
1200 1863 1272 1904 (nisi
1285 1874 1333 1894 me
1344 1864 1421 1895 forte
1432 1864 1526 1904 fallit)
1541 1876 1577 1895 m
1589 1876 1707 1896 REPUB.
1730 1876 1835 1897 Nonus
1849 1876 1905 1897 EST
1916 1887 1925 1901 ‚
1940 1876 2068 1899 moprA

124 1830 245 1860 hercule
258 1831 362 1859 Cicero
372 1848 380 1861 ,
393 1831 443 1868 qui
459 1826 566 1867 potest,
579 1828 713 1867 supplex,
727 1826 760 1856 ὃς
774 1827 941 1858 obnoxius,
952 1825 971 1854 sl
982 1835 1078 1865 neque

126 1874 230 1904 aetatis,
243 1880 338 1910 neque
351 1871 617 1910 honorum,nequc
628 1878 725 1898 rerum
735 1867 881 1907 gestarum
890 1867 990 1906 pudet.
1014 1869 1078 1908 Ego

123 1914 204 1943 certe
214 1932 222 1946 ‚
236 1914 310 1952 quin
322 1920 391 1941 cum
402 1911 462 1951 ipsa
471 1920 497 1938 re
511 1909 625 1940 bellum
637 1919 748 1950 geram,
759 1910 817 1939 hoc
827 1907 878 1942 est,
890 1918 959 1937 cum
971 1918 1076 1949 regno,

125 1955 159 1984 &
174 1955 310 1993 imperiis
320 1952 560 1982 extraordinariis
571 1972 580 1986 ‚
597 1952 630 1981 ὅ(
638 1952 849 1981 dominatione
860 1970 868 1984 ‚
889 1949 922 1979 &
932 1953 1075 1989 potentia,

123 2005 190 2036 quae
211 1996 294 2035 supra
318 1994 398 2034 leges
408 1994 437 2025 se
445 1991 502 2023 effe
514 1994 587 2024 velit
596 2014 607 2027 ‚
625 1993 709 2023 nulla
718 1995 772 2022 erit
784 2002 843 2022 tam
853 1992 930 2022 bona
939 1991 1076 2023 conditio

123 2037 272 2068 serviendi
288 2056 297 2070 ,
319 2039 331 2062 5
342 2046 398 2076 qua
407 2036 551 2065 deterrear
561 2056 570 2070 ,
585 2037 722 2076 quamvis
737 2033 769 2064 sit
779 2036 824 2064 vir
834 2033 933 2063 bonus
945 2053 953 2067 ,
965 2042 998 2063 ut
1008 2033 1079 2064 scri-

124 2079 170 2109 bis
184 2098 192 2112 ,
209 2079 378 2108 Antonius:
397 2077 478 2117 quod
496 2086 551 2118 ego
571 2086 738 2117 numquam
758 2075 940 2105 existimavi.
963 2075 1019 2105 Sed
1029 2076 1093 2105 d0-‘

124 2121 253 2153 minum,
274 2129 312 2149 ne
335 2128 487 2158 parentem
511 2119 633 2159 quidem
646 2138 654 2152 ‚
679 2118 801 2158 majoris
813 2116 903 2147 nostri
914 2117 1077 2148 voluerunt
1096 2145 1097 2149 ,

125 2160 193 2191 effe.
217 2164 262 2191 Tc
279 2159 335 2190 nisl
355 2169 471 2190 tantum
481 2169 612 2190 amarem
623 2180 631 2194 ‚
650 2169 796 2200 quantum
813 2160 1077 2198 Ciceronipersua-

126 2203 193 2233 sum
212 2201 254 2232 est
264 2202 348 2242 diligi
361 2201 397 2231 ab
411 2201 555 2231 Octavio:
576 2203 637 2231 haec
647 2202 683 2231 ad
693 2211 720 2231 te
730 2211 792 2231 non
805 2199 985 2240 scripsissem.
1010 2204 1078 2231 Do-

125 2245 166 2274 let
187 2245 265 2274 mihi
277 2264 285 2278 ‚
303 2243 384 2283 quod
403 2251 434 2272 tu
453 2252 533 2272 nunc
552 2242 743 2273 stomacharis
756 2263 764 2276 ,
783 2241 999 2272 amantissimus
1010 2252 1076 2272 turn

124 2295 248 2316 tuorum
271 2287 414 2315 omnium
429 2303 438 2318 ,
460 2293 525 2314 tum
547 2286 714 2314 Ciceronis.
740 2284 787 2314 sed
798 2283 936 2324 persuade
947 2284 1022 2318 tibi,
1041 2284 1076 2314 de

124 2327 280 2357 voluntate
296 2327 413 2366 propria
423 2335 489 2356 mea
501 2326 576 2355 nihil
586 2324 642 2356 ess'e
653 2324 808 2355 remiffum
821 2345 829 2359 ‚
849 2325 1009 2364 dejudicio
1021 2326 1078 2356 lar-

124 2370 208 2409 giter.
233 2371 340 2409 Neque
350 2369 434 2397 enirn
445 2369 486 2398 im
511 2370 595 2397 errari
605 2366 712 2406 potest,
725 2369 808 2407 quin,
822 2367 1077 2408 QJALE-qnidque

124 2410 260 2440 videatur
272 2413 298 2439 ei
310 2429 318 2443 ,
331 2409 419 2439 talem
430 2411 480 2449 qui
496 2418 552 2449 que
562 2408 599 2438 de
610 2409 665 2438 illo
679 2409 861 2447 opinionem
874 2407 984 2437 habeat.
1005 2409 1078 2437 Vel·
1098 2418 1099 2427 ¹

1098 2474 1099 2481 ,
1120 2458 1175 2489 ego
1196 2458 1258 2478 non
1268 2449 1314 2478 vel
1326 2448 1522 2489 wtaepericulo
1533 2459 1565 2478 ea
1578 2448 1674 2479 dicam
1687 2468 1695 2482 ‚
1722 2458 1814 2489 eaque
1824 2448 1930 2480 faciam
1943 2469 1951 2483 ‚
1970 2458 2074 2490 quaete

126 2491 286 2532 potuissem
309 2492 421 2532 aliquid
440 2493 494 2521 tibi
517 2491 553 2521 de
574 2501 645 2520 meo
656 2491 740 2521 sensu
754 2489 939 2530 perscribere.
963 2491 1079 2520 Valitu-
1098 2484 1100 2503 '¹

126 2535 231 2565 dinem
252 2536 362 2565 Porciae
385 2543 460 2564 meae
479 2533 534 2564 tibi
551 2542 629 2564 curae
648 2531 705 2563 effe
726 2541 789 2564 non
809 2541 913 2562 miror.
937 2533 1079 2577 Denique
1099 2535 1101 2561 1

125 2452 186 2481 lem
200 2453 275 2481 mihi
285 2448 450 2490 scripsisses,
461 2460 525 2490 quae
533 2449 725 2480 conditiones
739 2447 832 2479 ess'ent
842 2451 947 2478 Atticae
958 2448 1074 2479 nostrae.

126 2642 327 2677 tisfint.]llodie
356 2643 442 2670 uidem
456 2642 488 2670 sic
497 2643 668 2679 legimusssed
678 2651 770 2670 contra
780 2642 940 2670 vett.cdd.&
953 2643 1082 2670 niffipall.

127 2679 152 2704 in
165 2679 255 2713 quibus
268 2689 299 2705 nu
316 2653 426 2706 laclitcm
439 2681 552 2706 variante
564 2691 569 2706 z
582 2683 707 2714 quiefacit,
718 2680 905 2711 dominationem,
916 2689 947 2704 tin
957 2680 1083 2712 dominum,

129 2723 162 2740 an
172 2718 310 2741 vlatoninm
320 2716 484 2749 timentisstnt.
507 2725 590 2751 neque
601 2715 670 2742 secus
681 2715 805 2751 publicati
817 2718 831 2740 a
845 2716 974 2742 l'ifiiorio.

172 2758 193 2774 1.
213 2753 258 2775 lma
268 2753 409 2783 triumphat„
420 2752 448 2782 (35-
455 2752 592 2784 stipendium
602 2752 745 2782 decernitur,
755 2752 784 2782 &¹
793 2752 897 2777 omnibus
906 2752 1002 2777 dcci-eris
1010 2761 1082 2777 orna-

130 2786 198 2817 tum]
223 2786 296 2810 Hand
316 2786 393 2812 aliter
412 2786 517 2821 quidem
538 2787 619 2813 lectio
639 2787 756 2822 vulgata.
776 2785 818 2812 sed
838 2787 908 2813 enim
927 2787 1005 2814 aliter
1025 2787 1081 2813 ruff.

132 2819 188 2846 Pal.
201 2829 240 2855 pr.
252 2821 327 2847 hibet
340 2841 346 2851 ‚
360 2823 500 2853 stipendlum
509 2823 538 2853 <ly
546 2825 650 2848 omnibm
659 2823 755 2848 decretis
764 2823 899 2851 hortationis
911 2842 919 2854 ‚
931 2823 1024 2849 omisso
1034 2823 1082 2849 illo

131 2855 272 2880 dccci—nitur.
293 2856 361 2890 qnod
372 2858 397 2882 ⁴&
412 2858 519 2893 reliquis
531 2857 586 2884 fere
604 2858 682 2884 abest.
703 2859 797 2894 quippe
816 2857 865 2884 sec.
886 2862 931 2883 Imo
940 2861 1083 2891 triumphum

131 2891 304 2922 &vstipcna'mm
314 2891 341 2920 ,ἔτ’
349 2895 452 2918 omnilim
462 2894 556 2919 decretis
565 2894 830 2926 h0r1a110711‘busp11.{eat
840 2895 993 2927 concupiscere
1005 2914 1012 2925 ,
1031 2895 1080 2924 &A

132 2925 202 2959 quod
224 2926 249 2950 ὃ(
272 2935 285 2951 a
306 2927 387 2960 prinu
399 2937 473 2954 mann
486 2929 510 2954 in
523 2929 604 2955 tertio
616 2949 624 2961 ,
644 2930 689 2964 qui
708 2931 874 2956 emendatum
895 2929 971 2956 habet
989 2929 1081 2956 eodem

131 2968 283 2987 atramento
295 2980 302 2990 ‚
321 2962 416 2986 Acesti„
425 2972 534 2989 ornatur.
554 2965 603 2990 esim
614 2966 708 2991 audeat.
727 2972 755 2991 at
769 2972 878 3006 quartus
890 2965 998 2991 exhibet
1011 2977 1015 2992 ι
1037 2966 1083 2991 [nib

130 2998 264 3029 triumphus
274 2996 303 3026 dy·
311 2997 444 3027 stipendium
454 2999 595 3032 decernitur,
605 3002 633 3031 ὼ-
640 3010 685 3026 om.
695 3001 789 3026 decretis
798 3002 919 3033 hortatur,
930 3010 980 3026 cum
986 3002 1084 3034 pudeat.

132 3041 224 3059 omncs
237 3035 372 3058 mendose.

169 3076 196 3093 2.
216 3067 309 3092 Pudeat
319 3068 470 3099 concupiscere
475 3070 596 3101 fiai-mnam
610 3090 616 3101 ,
637 3073 701 3104 cnjus
710 3081 788 3097 nomen
799 3073 926 3106 siqucpciit
937 3072 1082 3106 Confidarie,

126 3111 157 3131 ut
165 3104 304 3138 maronia]
326 3104 389 3129 Non
407 3102 457 3130 abii
478 3113 492 3130 a
503 3104 655 3133 Victoriana
673 3106 789 3134 editione
800 3108 903 3136 firmata
921 3109 936 3135 a.
956 3107 1013 3136 Pal.
1033 3108 1082 3136 see.

346 95 415 141 M.
442 91 657 138 T.C1c.
696 88 898 132 EPIST.
936 98 1010 127 An
1052 83 1367 135 Bitu-rum,
1418 64 1623 130 LIBER
1669 84 1839 130 Sino.

129 179 187 209 beo
200 198 206 211 ,
221 176 238 205 si
249 177 326 216 quis,
337 174 408 204 dum
422 183 459 202 ne
470 174 544 202 irato
553 170 675 201 serviat,
690 177 752 197 rem
765 167 857 206 ipsam
869 175 932 195 non
942 165 1079 203 depreca-
1097 174 1100 217 J
1121 164 1201 204 quod
1213 165 1299 204 petis,
1310 161 1417 193 faciam
1428 163 1567 196 libenter.
1585 174 1654 197 nam
1670 167 1762 197 etiam
1773 166 1887 197 sorores
1898 174 1946 196 me
1957 172 2074 208 rogant.
2090 183 2092 185 >

1098 223 1099 228 =
1121 208 1154 236 δε
1167 206 1327 236 hominem
1343 214 1429 238 noro,
1442 205 1475 234 &
1484 207 1555 246 quid
1568 205 1619 237 fibi
1631 209 1771 238 voluerit.

1097 235 1100 279 1
1358 247 1552 277 cronno
1588 250 1837 284 BRUTo‚s

1098 286 1100 318 Ι
1129 285 1271 363 CUM
1283 287 1355 328 saepe
1366 296 1394 317 te
1406 287 1513 317 litteris
1525 289 1656 319 hortatus
1670 289 1758 321 ess'cm
1773 312 1781 325 ‚
1799 291 1929 333 utquam
1941 293 2078 333 primum

1098 326 1100 346 l
1213 329 1327 369 reipub.
1341 328 1513 359 subvenires
1526 349 1534 363 ,
1546 331 1578 359 in
1593 331 1766 371 Italiamque
1774 336 1939 364 exercitum
1950 333 2079 364 adduce-

1098 371 1100 377 '
1122 380 1166 400 res
1179 391 1187 404 ‚
1206 381 1304 411 neque
1323 370 1353 400 id
1365 370 1518 400 arbitrarer
1525 371 1659 401 dubitare
1670 381 1736 401 tuos
1747 374 1920 406 necessarios
1933 386 1937 405 :
1961 384 2080 416 rogatus

1123 412 1188 442 sum
1212 413 1227 442 a
1240 409 1464 452 prudentiffima
1475 410 1741 454 &diligentiffima
1749 413 1871 446 faemina
1886 436 1893 450 ,
1914 426 2006 447 matre
2017 426 2077 450 tua,

1098 462 1099 468 ¹
1119 455 1205 493 cujus
1226 463 1335 483 ornnes
1352 463 1429 483 curae
1447 453 1483 483 ad
1500 463 1528 483 te
1538 457 1723 488 reseruntur,
1744 456 1777 486 ὃς
1791 458 1822 486 in
1834 467 1860 487 te
1870 459 2078 498 confirmantur.

1098 511 1099 534 l
1121 504 1153 524 ut
1170 497 1304 525 venirem
1322 494 1356 524 ad
1377 495 1404 524 se
1423 504 1448 525 a.
1472 494 1502 525 d.
1529 505 1597 526 ux.
1611 495 1766 526 KaLSeXt.
1780 498 1859 537 quod
1869 508 1923 538 ego
1934 500 2076 533 utdebui,

1098 541 1099 557 1
1119 535 1179 566 fine
1198 547 1283 567 mora
1307 535 1375 566 feci.
1398 538 1477 566 Cum
1497 546 1596 567 autern
1618 535 1763 567 venissem
1776 558 1784 571 ,
1808 539 1894 569 Casca
1908 540 2021 574 aderat,
2042 541 2077 572 &

1096 562 1099 600 i
1119 579 1222 608 Labeo
1236 599 1247 612 ‚
1260 579 1292 608 &
1302 580 1445 618 Scaptius.
1469 579 1570 609 Atilia
1583 579 1684 609 retulit
1696 598 1705 612 ,
1718 578 1921 620 quaesivitque,
1932 582 2078 622 quidnam

1119 622 1195 649 mihi
1207 620 1372 650 videretur:
1387 618 1527 650 arcessere
1537 630 1568 650 m
1579 630 1597 650 u
1629 621 1678 650 sne
1688 640 1696 652 2
1707 630 1793 661 atque
1805 621 1835 651 id
1844 622 1897 651 tibi
1907 622 2077 655 conducere

1116 671 1288 701 putaremus
1307 681 1315 695 ‚
1343 671 1379 691 an
1399 661 1510 691 tardare
1531 682 1539 696 ,
1560 662 1593 691 δε
1613 664 1794 693 commorari
1821 672 1849 692 te
1868 664 1978 692 melius
1994 663 2074 695 ess'et.

1117 704 1273 743 Respondi
1283 703 1325 738 id,
1335 703 1418 744 quod
1429 703 1603 736 sentiebam,
1616 703 1649 733 &
1659 704 1844 745 dignitati,&
1854 703 2075 736 existimationi

1120 754 1177 774 tuae
1199 745 1332 774 maxime
1355 744 1521 774 conducere
1532 765 1541 778 ‚
1562 754 1591 775 te
1607 748 1708 785 primo
1724 755 1843 786 quoque
1854 755 1988 786 tempore
1998 745 2075 776 ferre

1115 785 1284 826 praesidium
1302 785 1434 819 labenti,
1459 786 1492 817 &
1511 787 1659 818 inclinatae
1680 789 1750 826 reip.
1775 787 1856 829 Qid
1875 790 1958 818 enim
1978 786 2074 819 abesse

1115 828 1216 858 censes
1237 828 1307 858 mali
1326 830 1357 857 in
1374 838 1410 857 co
1422 827 1503 858 bello
1515 847 1523 861 ‚
1544 830 1576 858 in
1589 838 1650 868 quo
1660 828 1789 859 vffitores
1799 831 1944 859 exercitus
1953 828 2074 870 fugien-

1117 879 1178 900 tem
1201 868 1318 900 hostem
1331 870 1464 909 persequi
1479 870 1662 901 noluerunt?
1684 871 1717 901 δε
1727 872 1758 900 in
1768 880 1828 911 quo
1841 868 2074 901 incolumisim·

1115 921 1231 951 perator
1250 931 1258 945 ‚
1280 910 1445 941 honoribus
1464 909 1651 951 amplissimis
1675 932 1682 945 ‚
1710 912 1897 952 fortunisque
1916 914 2070 948 maximis,

1114 954 1244 994 conjuge
1257 973 1265 986 ‚
1287 953 1388 982 liberis
1403 972 1410 985 ,
1423 953 1511 982 vobis
1519 951 1660 983 affinibus
1670 963 1790 983 ornatus
1800 973 1808 987 ,
1826 954 1939 983 bellum
1951 955 2070 994 reipub.

1116 995 1281 1024 indixerit?
1299 994 1379 1034 Qud
1390 994 1486 1024 dicam
1499 996 1530 1024 in
1541 1004 1621 1025 tanto
1634 995 1759 1029 senatus,
1770 995 1934 1035 populique
1942 997 2072 1027 consen-

1115 1036 1145 1066 su
1158 1056 1165 1069 ‚
1188 1036 1260 1066 esim
1287 1045 1403 1065 tantum
1424 1033 1545 1065 resideat
1555 1037 1631 1066 intra
1641 1046 1744 1066 muros
1755 1039 1848 1067 mali?
1870 1040 2007 1068 maximo
2017 1047 2071 1067 au·-

1116 1087 1177 1107 tem
1189 1097 1197 1110 ‚
1219 1077 1290 1106 cum
1303 1079 1365 1106 haec
1375 1076 1538 1106 scribebam
1550 1096 1558 1109 ‚
1578 1076 1727 1107 afficiebar
1734 1078 1838 1108 dolore
1851 1089 1856 1107 z
1875 1079 1956 1118 quod
1968 1100 1977 1112 ,
1996 1080 2068 1110 curn

1115 1128 1164 1148 me
1186 1128 1239 1158 pro
1261 1116 1485 1147 adolescentulo
1499 1137 1507 1150 ‚
1530 1127 1561 1147 ac
1570 1122 1655 1158 paene
1670 1128 1762 1158 puero
1773 1120 1901 1158 respubl.
1912 1119 2068 1160 accepisset

1114 1160 1232 1192 vadem,
1250 1162 1304 1189 vix
1316 1158 1448 1191 videbar,
1459 1158 1540 1198 quod
1551 1161 1745 1199 promiseram
1757 1160 1889 1200 praestare
1899 1161 1990 1200 poss'e.
2010 1172 2068 1192 εει·

1115 1210 1236 1230 Auram
1254 1209 1406 1230 GRAvxoR
1416 1219 1424 1233 ,
1437 1210 1476 1229 ετ
1488 1210 1717 1231 nwmcrmon
1728 1210 1841 1231 ΑΝΙΜῙ
1857 1222 1866 1235 ,
1878 1212 2070 1233 ETSENTEN-

1114 1252 1189 1272 '11AE
1205 1262 1213 1276 ‚
1235 1244 1379 1272 maximis
1388 1242 1547 1282 praesertim
1559 1245 1592 1273 in
1607 1238 1695 1273 rebus
1706 1263 1714 1276 ‚
1728 1253 1783 1283 pro
1796 1244 1899 1277 altero,
1915 1243 2005 1285 quam
2015 1255 2070 1284 pe-

1114 1287 1210 1314 cuniae
1221 1304 1229 1318 ,
1249 1284 1403 1325 obligatio.
1428 1285 1500 1314 Haec
1511 1287 1595 1315 enim
1607 1285 1679 1316 solvi
1690 1284 1787 1324 petest
1798 1305 1806 1319 ‚
1829 1285 1861 1315 δε
1874 1284 1917 1315 est
1928 1287 1968 1315 rei
1979 1285 2071 1316 fami-

1115 1327 1195 1356 liaris
1203 1325 1316 1366 ja&ura
1323 1325 1496 1356 tolerabilis.
1517 1327 1630 1366 reipub.
1654 1327 1736 1367 quod
1747 1327 1951 1367 spoponderis,
1961 1337 2070 1368 quem-

1114 1367 1281 1398 admodum
1303 1367 1397 1397 solvas
1409 1386 1417 1400 ‚
1439 1366 1494 1398 nisi
1512 1370 1537 1397 is
1558 1369 1686 1408 dependi
1696 1368 1784 1398 facile
1795 1371 1921 1408 patitur,
1939 1379 1992 1410 pro
2006 1379 2068 1410 quo

1116 1410 1331 1449 spoponderis?
1349 1418 1529 1450 quamquam
1543 1410 1574 1440 &
1585 1410 1719 1448 hunc(ut
1730 1410 1824 1450 spero)
1838 1411 1947 1441 tenebo
1961 1413 2068 1442 multis

1116 1451 1358 1491 repugnantibus.
1383 1450 1502 1480 videtur
1511 1453 1594 1481 enim
1606 1453 1638 1481 in
1649 1461 1685 1481 eo
1694 1450 1751 1481 effe
1761 1452 1879 1482 indoles
1892 1471 1900 1486 ‚
1913 1452 1960 1483 sed
1975 1453 2068 1490 flexi-

1115 1491 1174 1521 bilu
1183 1500 1245 1521 atas
1256 1502 1266 1518 .·
1278 1492 1428 1532 multique
1438 1492 1473 1523 ad
1482 1492 1702 1533 depravandum
1713 1496 1803 1532 parati
1814 1503 1820 1523 :
1831 1496 1880 1534 qui
1893 1513 1900 1526 ‚
1913 1493 2070 1534 splendore

1095 1553 1097 1564 .
1114 1533 1177 1564 falsi
1189 1535 1314 1563 honoris
1327 1533 1448 1572 objecto
1461 1553 1469 1567 ‚
1487 1538 1582 1564 aciem
1593 1535 1670 1564 boni
1683 1536 1797 1575 ingenii
1811 1534 1975 1575 praestringi
1985 1535 2068 1575 poffe

1114 1575 1283 1606 confidunt.
1306 1578 1408 1615 ltaque
1432 1575 1467 1605 ad
1487 1576 1618 1617 reliquos
1641 1577 1689 1605 hic
1707 1585 1827 1617 quoque
1838 1577 1921 1606 labor
1931 1578 2069 1608 mihiac·

1115 1616 1213 1650 cessit,
1235 1625 1268 1646 ut
1284 1618 1404 1647 omneis
1423 1617 1580 1647 adhibeam
1601 1618 1754 1647 machinas
1775 1617 1811 1647 ad
1821 1618 1984 1648 tenendum
1995 1618 2068 1649 ado-

1116 1659 1277 1689 lescentem
1292 1679 1304 1692 0
1342 1668 1380 1688 ne
1401 1657 1511 1689 famam
1531 1659 1650 1689 subeam
1669 1661 1852 1690 temeritatis.
1884 1669 2068 1701 quamquam

1115 1710 1183 1741 quae
1203 1702 1353 1730 temeritas
1370 1699 1425 1729 est?
1443 1701 1748 1740 magisenimillum‚
1770 1710 1824 1740 pro
1834 1711 1894 1741 quo
1906 1701 2065 1741 spopondi,

1097 1748 1098 1755 ¹
1115 1743 1206 1782 quam
1228 1751 1276 1770 me
1286 1741 1428 1781 obligavi.
1452 1744 1518 1772 Nec
1529 1741 1599 1771 vero
1610 1744 1755 1781 poenitere
1764 1743 1858 1781 potest
1868 1742 2004 1782 rempub.
2016 1753 2068 1774 me

1119 1793 1173 1822 pro
1184 1792 1219 1812 eo
1230 1780 1421 1822 spopondisse
1431 1801 1440 1815 ,
1460 1785 1512 1823 qui
1522 1782 1580 1812 fuit
1593 1787 1624 1813 in
1634 1783 1719 1813 rebus
1728 1779 1864 1824 gerendis
1873 1782 1945 1814 cum
1957 1785 2009 1814 suo
2018 1786 2069 1815 in-

1117 1916 1177 1936 Rar
1201 1916 1444 1937 pneuummze..
1470 1905 1485 1928 ⁶
1502 1907 1702 1938 obdurescunt
1716 1910 1799 1938 enirn
1820 1910 1914 1948 magis
1931 1909 2069 1950 quotidie

1116 1948 1189 1978 boni
1207 1951 1265 1978 viri
1283 1948 1319 1978 ad
1338 1958 1446 1979 vocem
1465 1950 1569 1980 tributi
1584 1961 1589 1979 z
1607 1949 1690 1990 quod
1708 1959 1746 1980 ex
1755 1948 2067 1982 centefimacolla'tum

1115 1990 1286 2030 impudenti
1296 1990 1385 2020 censu
1395 1991 1581 2032 locupletum
1592 1993 1624 2021 in
1634 1991 1759 2022 duarum
1769 1992 1926 2032 legionum
1937 1994 2069 2033 praemiis

1116 2042 1209 2062 omne
1219 2032 1415 2063 consumitur.
1441 2033 1624 2074 Impendent
1637 2042 1735 2063 autem
1747 2032 1861 2064 infiniti
1871 2034 1986 2064 sumtus
1993 2031 2066 2065 cum

1115 2076 1149 2104 in
1169 2075 1226 2104 hos
1236 2077 1382 2105 exercitus
1395 2095 1403 2107 ‚
1425 2075 1535 2115 quibus
1548 2085 1629 2106 nunc
1638 2074 1848 2108 defendimur,
1875 2084 1940 2106 tum
1951 2075 2024 2106 vero
2035 2078 2068 2106 in.

1116 2125 1215 2146 tuum.
1239 2118 1319 2146 Nam
1339 2114 1448 2146 caffius
1464 2116 1565 2147 noster
1585 2115 1793 2156 videturpoffe
1807 2117 1873 2148 satis
1883 2126 2068 2148 ornatusve-

1116 2160 1193 2188 nire.
1216 2158 1272 2188 Sed
1284 2158 1316 2187 ὃς
1329 2159 1401 2192 haec,
1414 2159 1446 2188 δε
1462 2159 1556 2188 multa
1564 2159 1621 2189 alia
1631 2159 1732 2188 coram
1741 2161 1831 2199 cupio
1843 2178 1852 2192 ‚
1878 2159 1966 2200 idque
1975 2158 2067 2199 quarn

1116 2202 1262 2239 primum.
1286 2203 1333 2229 De
1345 2200 1452 2230 sororis
1464 2209 1519 2230 tuae
1532 2199 1602 2230 filiis
1612 2210 1677 2230 non
1691 2200 1873 2240 exspestavi,
1885 2202 1981 2234 Brute,
1993 2199 2068 2230 dum

1117 2241 1265 2271 scriberes.
1289 2244 1426 2272 Omnino
1443 2243 1504 2281 jam
1523 2252 1658 2282 tempora
1682 2242 1813 2280 (bellum
1829 2243 1912 2272 enim
1934 2241 2071 2281 ducetur)

1118 2286 1264 2324 integram
1281 2284 1334 2313 tibi
1345 2284 1460 2314 causam
1474 2284 1632 2314 reservant.
1656 2283 1711 2314 Sed
1720 2284 1956 2323 egoaprincipio
1967 2302 1975 2316 ‚
1997 2293 2070 2313 cum

1117 2325 1252 2354 divinare
1279 2324 1315 2354 de
1345 2325 1418 2355 belli
1438 2325 1632 2355 diuturnitate
1649 2334 1713 2354 non
1733 2323 1846 2363 poss'em
1867 2344 1875 2357 ,
1897 2327 1936 2355 ita
1953 2325 2072 2355 causam

1118 2368 1164 2405 egi
1183 2375 1344 2404 puerorum
1364 2369 1396 2396 in
1407 2367 1504 2396 senatu
1515 2385 1523 2399 ‚
1545 2375 1576 2396 ut
1586 2375 1613 2395 te
1624 2365 1774 2396 arbitrere
1788 2368 1893 2395 matris
1903 2366 2007 2396 litteris
2017 2368 2082 2406 po-‘

1119 2406 1203 2437 tuisse
1224 2408 1410 2448 cognoscere.
1436 2410 1501 2437 Nec
1511 2406 1583 2437 verb
1595 2407 1655 2437 ulla
1664 2416 1708 2437 res
1720 2409 1775 2437 erit
1785 2417 1929 2448 umquam
1941 2427 1949 2441 ‚
1970 2410 2003 2438 in
2017 2417 2075 2448 qua

1122 2490 1198 2563 {elle
1210 2510 1218 2523 ,
1239 2500 1363 2532 quaeque
1374 2491 1410 2521 ad
1424 2492 1606 2532 te·pertinere
1616 2491 1751 2522 arbitror.
1774 2491 1847 2521 Vale
1871 2501 1923 2522 vr.
1943 2491 2074 2522 Kalend.

1144 2540 1203 2562 ext.

1902 2578 1947 2606 M.
1969 2577 2081 2606 Tur.-

1131 2649 1195 2670 tert.
1207 2653 1266 2670 nam
1277 2643 1304 2669 8<
1315 2653 1355 2679 pr.
1375 2650 1463 2680 quart.
1475 2643 1601 2677 fizficpcrit
1618 2642 1751 2676 Confidaris
1767 2650 1812 2669 aut
1827 2643 1941 2669 Ciceronis
1950 2645 1993 2668 est'.
2013 2641 2079 2668 Aldi

1131 2687 1205 2705 vetus
1218 2690 1223 2705 :
1243 2680 1331 2712 pudeat
1342 2682 1467 2712 conspicere
1477 2681 1602 2713 fhrtimam
1620 2680 1686 2712 cujus
1703 2689 1783 2705 nomen
1792 2679 1930 2713 fiesceptrit.
1948 2678 2081 2711 Confialaris

1130 2716 1179 2746 hoc,
1192 2724 1223 2740 an
1232 2716 1346 2741 ciceronis
1355 2718 1409 2741 eff?
1428 2715 1499 2741 nulla
1511 2714 1654 2740 leftionum
1666 2714 1754 2741 animo
1764 2714 1829 2741 facit
1838 2714 1909 2740 latis.
1928 2722 1988 2740 nam
1998 2714 2081 2739 Lam-

1130 2750 1195 2782 bini,
1207 2750 1350 2786 producere
1361 2750 1467 2786 quidem
1480 2750 1555 2781 libet,
1565 2749 1629 2776 adeo
1640 2750 1710 2776 sarua
1721 2751 1767 2777 est.

1167 2796 1192 2822 3.
1213 2788 1307 2820 Refera‘t
1329 2790 1406 2812 omnia
1417 2806 1425 2818 ,
1443 2787 1524 2812 laudet
1536 2786 1627 2819 ,τὲ-6.]
1652 2785 1762 2812 Pessime
1782 2784 1926 2811 Lambinus
1940 2803 1948 2815 ‚
1967 2786 2054 2818 referat
2063 2787 2085 2810 er*

1129 2830 1224 2855 accepia
1232 2826 1320 2853 omnia,
1331 2823 1421 2848 lauda.
1445 2826 1516 2848 certi:
1527 2829 1618 2848 contra
1628 2821 1717 2848 omnia
1726 2820 1782 2846 mss.
1793 2820 1963 2855 exemplaria.

2099 249 2138 284 w

1163 2867 1180 2890 4
1193 2860 1270 2891 Qum
1280 2861 1358 2883 Cicero
1368 2860 1442 2883 alieno
1452 2858 1569 2891 tribuam]
1584 2856 1713 2883 Videntur
1723 2858 1797 2881 alieno
1806 2857 1969 2886 {thirannum
1981 2856 2005 2882 in
2017 2865 2082 2882 con·
2109 2852 2114 2855 ,

1128 2894 1189 2919 cilio
1201 2893 1427 2919 scribarumaerti:
1439 2892 1576 2920 mffinostri
1589 2891 1788 2922 vai·iant,vcluti
1800 2890 1875 2917 testes
1887 2892 1911 2917 in
1923 2891 1995 2917 caus-r
2005 2891 2081 2924 falliu

1129 2929 1276 2964 habentque
1286 2928 1358 2963 qusim
1369 2931 1446 2954 Cicero
1455 2947 1463 2960 ‚
1474 2931 1515 2962 qui
1523 2930 1596 2952 alieno
1605 2928 1663 2952 trib.
1673 2933 1717 2952 aut
1729 2946 1736 2956 ‚
1748 2926 1838 2960 qrtidem
1848 2930 1889 2960 qui
1898 2930 1977 2953 aliena
1986 2930 2044 2954 trib.

1166 2974 1190 2998 5.
1201 2966 1254 2998 Qu
1264 2965 1412 2998 deterream]
1426 2964 1497 2990 Male
1510 2963 1614 2997 vulgata
1624 2971 1682 2987 cnm
1696 2963 1828 2996 negativa,
1839 2971 1888 2996 qna
1897 2973 1941 2988 non
1952 2964 2084 2995 deterrear,

1128 3008 1273 3036 contraque
1294 3007 1409 3026 mentem
1428 2997 1545 3024 a11&0ris
1559 2998 1586 3022 8<
1609 2997 1675 3023 l’all.
1695 2998 1812 3023 nosti-orn
1818 3007 1842 3023 nr
1856 3017 1863 3030 ,
1882 2998 2083 3035 excluseratque

1129 3037 1209 3062 etiarn
1221 3036 1367 3065 Visstorius,
1377 3035 1404 3060 &
1419 3034 1500 3059 miror
1510 3040 1640 3058 retentam
1653 3035 1667 3058 a
1681 3033 1710 3058 P.
1724 3034 1855 3060 Manutio.

1164 3072 1192 3098 6.
1213 3071 1369 3103 obdureftunt
1379 3071 1438 3094 enim
1452 3069 1523 3100 magis
1536 3087 1543 3100 ‚
1562 3068 1628 3101 the]
1652 3068 1794 3095 Lambinus
1818 3069 1892 3097 libris
1912 3079 1953 3096 om
1959 3069 2033 3096 nibus
2053 3076 2085 3103 nt

1129 3106 1180 3144 ipsc
1191 3104 1539 3138 testatar,’reclamantibus‚
1551 3103 1678 3140 reposuit,
1690 3105 1856 3139 Obdumfcunt.
1877 3105 1923 3133 fibi
1934 3105 2039 3133 habeat.

1983 3151 1993 3169 1
2001 3162 2007 3168 .
2017 3145 2087 3168 'Pom-
