2295 3400
165 460 186 494 5
195 461 213 485 2
230 460 322 488 Venit
329 457 364 487 ad
374 457 573 487 Chelidonem
585 459 618 487 C.
632 456 760 487 Mustius
771 477 779 491 ‚
800 468 888 498 eques
908 461 1038 490 Roman.
1051 460 1185 500 publica-

165 1337 194 1370 ,3
205 1338 220 1372 3
241 1343 279 1363 ex
288 1333 339 1363 illa
348 1343 377 1363 re
386 1335 543 1373 pecuniam
556 1331 665 1362 confici
675 1331 768 1372 poss'e.
799 1336 913 1363 Vereor
924 1353 931 1367 ,
945 1344 982 1364 ne
992 1336 1060 1375 quis
1069 1333 1146 1366 forte
1158 1336 1195 1366 de

221 138 326 189 244
661 126 1153 178 M-Tunnrr

222 206 326 242 cordia,
338 215 400 239 non
407 204 557 251 propinqui
566 206 666 241 orario,
679 217 743 237 non
753 207 841 237 amici
852 208 993 243 voluntas,
1006 220 1069 240 non
1079 210 1181 247 cuius-

248 259 315 280 uam
325 247 490 282 mammas,
502 259 555 288 pro
564 250 670 288 pretio,
681 259 744 278 non
754 252 844 291 gratia
852 251 961 281 valeret
972 261 977 280 t
1001 251 1141 286 statuunt,
1156 251 1186 282 id

225 260 281 322 irbi
291 293 443 332 optimum
454 289 510 320 esse
518 289 597 320 faeta
609 310 617 323 ‚
640 290 723 331 quod
739 293 836 321 cuivis
855 291 981 322 venisset
992 295 1024 322 in
1035 303 1182 326 mentem.
1203 327 1204 332 ¹

226 342 325 374 petere
335 333 485 363 auxilium
503 331 518 362 a
533 331 698 362 Chelidone
711 343 716 361 τ
737 343 802 373 qua:
812 332 869 364 isto
879 343 1003 373 praetore
1013 345 1077 366 non
1089 334 1183 365 modi)
1203 351 1204 355 =

226 377 262 405 in
272 377 333 411 iure
342 375 436 408 civili,
447 376 691 414 privatorumque
701 384 844 404 omnium
856 376 1075 410 controversiis,
1087 387 1184 417 popu—

229 416 261 446 lo
272 419 311 447 R.
323 415 441 456 praefuit
450 436 458 449 ‚
477 414 584 445 verum
594 418 683 445 etiam
693 418 725 445 in
735 417 781 445 his
791 417 871 446 sartis
881 417 966 447 tediis
974 418 1119 447 dominata
1130 414 1181 447 e'ssl.

230 509 298 533 nus,
309 500 404 529 homo
414 509 483 529 cum
494 500 599 538 primis
611 498 768 529 honestus:
782 502 867 530 venit
878 502 1051 542 M.Junius‚
1064 511 1184 542 patruus
1204 517 1206 534 i

228 542 331 582 pueri,
352 539 565 582 frugalissimus
584 541 698 574 homo,
722 541 755 570 &
770 540 961 572 castiffimus:
989 546 1073 574 venit
1090 545 1186 573 homo
1204 537 1206 572 l

228 624 345 654 ordinis
363 624 407 653 sui
416 644 424 656 ‚
445 627 474 654 Ρ.
486 625 613 654 Potitius
623 632 712 654 tutor.
743 627 770 654 O
779 625 882 655 multis
893 627 1026 656 acerbam
1038 647 1046 660 ‚
1066 626 1086 656 ὁ
1097 627 1186 656 mise-

228 675 294 696 ram
306 686 315 700 ,
334 674 420 706 atque
435 665 593 706 indignam
609 675 765 705 praetumm
786 676 867 697 tuam
881 669 886 696 ἱ
908 677 940 698 ut
951 671 1069 698 mittam
1081 677 1184 701 cetera,

229 717 292 748 quo
303 707 422 737 tandem
432 707 624 747 pudoretaleis
633 709 727 740 viros,
739 719 801 749 quo
809 709 906 742 dolore,
919 711 1065 739 meretricii
1073 710 1187 739 domum
1207 713 1208 726 1

229 748 332 786 vemffe
347 749 556 779 arbitramini?
572 751 623 789 qui
641 750 724 779 nulla
740 750 916 780 conditione
935 751 1187 791 istamturpitudi-

230 800 304 820 nem
318 789 477 825 subissent,
496 789 552 820 nisi
568 789 662 821 officii
673 811 681 824 ‚
700 790 980 832 neceffitudinisque
990 795 1064 823 ratio
1075 793 1187 833 coegis-

230 832 282 862 set.
305 834 459 866 Veniunt,
470 841 502 862 ut
512 832 581 862 dico
592 852 600 865 ‚
611 833 647 862 ad
658 832 870 863 Chelidonem.
894 833 1005 864 domus
1015 843 1073 864 erat
1083 835 1187 874 plena:

231 883 312 904 nova
327 875 413 914 jura,
435 884 514 904 nova
522 873 654 907 decreta,
675 884 752 904 nova
759 874 872 913 judicia
881 876 1063 914 petebantur.
1096 878 1187 905 Mrm

232 925 298 946 m-:T
326 925 580 946 POSSESSIONEM:
606 926 690 946 Mil—11
720 925 765 944 NE
791 926 945 946 AanAr:
972 927 1009 946 rN
1029 927 1079 947 ΜΕ
1098 927 1192 955 Juni-

233 966 326 988 eluM
348 967 393 987 NE
411 968 492 987 DET:
514 967 599 987 Muri
619 966 707 987 BONA
728 966 897 987 Amnem-z
917 960 967 989 alii
978 969 1124 989 nummos
1133 969 1191 989 nu-

232 999 407 1030 merabant:
423 1000 473 1029 alii
485 999 597 1029 tabulas
607 998 806 1040 obsignabant.
830 999 940 1030 domus
950 1010 1010 1030 erat
1020 1011 1083 1031 non
1095 1011 1191 1030 mere-

233 1043 322 1071 tricio
342 1049 493 1071 conventu
505 1060 513 1074 ,
534 1040 582 1070 sed
592 1042 726 1081 praetoria
737 1041 821 1071 turba
830 1041 944 1071 referta.
967 1044 1097 1073 Simulac
1108 1053 1192 1082 pote-

233 1082 433 1123 stasprimum
443 1082 507 1112 data
516 1081 575 1115 est,
593 1082 742 1112 adeunthi
754 1103 762 1116 ,
781 1084 941 1123 quosdixi.
971 1084 1104 1124 loquitur
1120 1088 1191 1114 Mu·

234 1123 308 1154 :stius
320 1135 324 1153 :
337 1134 399 1154 rem
409 1123 591 1154 demonstrat
603 1135 608 1153 ;
627 1126 701 1163 petit
711 1124 860 1154 auxilium
873 1136 878 1154 :
896 1127 1055 1164 pecuniam
1067 1127 1192 1166 pollice-

234 1174 292 1196 tur.
316 1165 542 1205 Responditilla
552 1185 560 1198 ,
570 1175 603 1195 ut
613 1167 755 1196 meretrix
767 1186 775 1199 ‚
787 1176 851 1196 non
862 1167 1027 1197 inhumane
1041 1179 1045 1196 :
1064 1168 1193 1199 libenter

228 1210 279 1238 ait
289 1209 318 1238 se
327 1207 385 1238 effe
394 1207 540 1238 misturam
553 1227 563 1240 ,
584 1208 615 1237 &
627 1208 653 1237 se
663 1218 734 1237 cum
746 1207 802 1237 isto
812 1208 971 1249 diligenter
980 1209 1193 1240 sermocinatu-

236 1259 322 1279 ram:
342 1249 550 1285 revertiiubet.
573 1258 639 1278 tum
649 1248 814 1279 discedunt.
836 1249 979 1289 postridie
995 1260 1192 1282 revertuntur.

238 1300 326 1333 negat
335 1291 386 1321 illa
395 1290 476 1331 poss'e
486 1292 645 1320 hominem
657 1293 771 1321 exorari
783 1302 788 1319 :
807 1301 997 1333 permagnam
1009 1303 1077 1322 eum
1096 1293 1194 1324 dicere

239 1375 354 1415 populo
364 1395 372 1408 ,
384 1377 436 1416 qui
446 1376 539 1415 priori
548 1374 666 1411 aistione
676 1385 740 1405 non
749 1373 832 1405 affuit
843 1397 851 1409 ‚
872 1377 933 1406 haec
942 1387 1009 1417 quia
1019 1386 1139 1418 propter
1148 1379 1195 1407 in-

240 1415 353 1458 signem
364 1417 565 1459 turpitudinem
571 1416 640 1456 siant
650 1415 823 1446 incredibilia
833 1438 842 1451 ,
863 1417 935 1459 fingi
946 1419 961 1448 a
972 1429 1021 1448 me
1030 1420 1195 1450 arbitretur.

238 1468 273 1488 ea
283 1468 340 1488 vos
348 1467 441 1492 antea,
454 1458 565 1495 iudices
575 1478 582 1491 ‚
595 1458 788 1500 cognovistis.
806 1460 885 1490 dixit
895 1461 1003 1497 juratus
1014 1464 1046 1491 Ρ.
1058 1463 1194 1496 Potitius,

240 1509 322 1530 tutor
329 1500 437 1540 pupilli
445 1501 545 1541 Junii:
566 1500 644 1530 dixit
654 1504 696 1530 M.
707 1502 817 1542 Junius
827 1510 907 1531 tutor
916 1523 924 1535 ,
937 1503 970 1532 δε
978 1511 1112 1542 patruus:
1125 1506 1198 1534 Mu-

240 1541 315 1572 stius
326 1541 457 1575 dixisset,
468 1540 487 1571 si
497 1544 628 1572 viveret:
649 1542 697 1572 sed
705 1552 759 1582 pro
770 1543 885 1573 Mustio
894 1564 902 1577 ,
914 1546 1027 1574 recenti
1038 1555 1067 1574 re
1078 1545 1115 1574 de
1127 1547 1197 1575 Mu-

239 1583 299 1614 stio
307 1583 443 1614 auditum
454 1583 532 1613 dixit
543 1585 577 1613 L.
591 1586 764 1614 Domitius:
776 1584 908 1625 quicum
920 1586 1068 1620 sciret‚me
1079 1597 1116 1617 ex
1127 1589 1197 1617 Mu-

241 1625 300 1656 stio
310 1627 384 1655 vivo
394 1623 503 1655 audisse
514 1645 522 1659 ‚
533 1624 614 1666 quod
626 1636 662 1655 eo
673 1626 737 1655 sum
748 1627 816 1656 usus
826 1626 994 1666 plurimum
1005 1648 1013 1661 ,
1029 1628 1155 1666 (etenim
1166 1629 1196 1659 id

237 1667 485 1708 judicium‚quod
496 1667 588 1707 prope
600 1669 743 1697 omnium
752 1667 941 1698 fortunarum
953 1670 1071 1700 suarum
1083 1673 1115 1700 C.
1128 1673 1199 1700 Mu-

240 1708 315 1740 stius
326 1709 430 1738 habuit
440 1729 447 1742 ,
469 1719 519 1738 rne
530 1719 592 1738 uno
603 1708 784 1739 defendente
793 1712 877 1750 vicit)
894 1709 966 1740 curn
978 1712 1035 1742 hoc
1047 1732 1054 1745 ,
1076 1721 1107 1742 ut
1117 1712 1196 1747 dico,

238 1751 327 1781 sciret
345 1752 380 1781 L.
392 1752 551 1780 Domitius
571 1760 620 1780 me
631 1751 718 1784 scire,
739 1751 773 1782 ad
783 1762 852 1782 eum
863 1762 908 1782 res
918 1755 1038 1783 omneis
1049 1753 1197 1784 Mustium

242 1793 366 1823 solitum
377 1791 436 1822 effe
445 1791 559 1822 deferre
572 1803 577 1821 :
597 1801 696 1822 tamen
708 1793 745 1823 de
762 1794 928 1824 Chelidone
947 1796 1062 1824 reticuit
1072 1816 1080 1830 ,
1101 1797 1197 1837 quoad

240 1836 357 1875 potuit:
376 1833 436 1864 alio
452 1832 674 1873 responsionem
694 1835 776 1865 suam
793 1835 947 1866 derivavit.
977 1840 1095 1868 Tantus
1105 1841 1137 1868 in
1147 1839 1198 1868 ad-

241 1876 390 1907 olescente
407 1874 570 1906 clarissimo
581 1895 589 1909 ,
610 1886 642 1906 ac
650 1879 782 1917 principe
793 1878 956 1915 juventutis
964 1878 1061 1919 pudor
1069 1880 1127 1909 suit
1139 1901 1146 1913 ,
1166 1889 1199 1910 ut

239 1917 428 1958 aliquandiu,
439 1916 510 1947 cum
521 1917 536 1947 ὲ
546 1927 596 1947 me
605 1927 789 1957 premeretur
797 1939 805 1953 ‚
817 1922 921 1949 omnia
931 1922 1032 1960 potius
1040 1921 1199 1961 responde-

239 1959 390 2000 renquiim
403 1958 602 1989 Chelidonem
614 1962 796 1990 nominaret.
818 1960 919 1991 Primo
930 1960 1106 1993 necess'arios
1115 1963 1199 1993 istius

1203 321 1204 326 ,
1222 305 1319 336 ageret
1330 317 1337 329 ,
1359 298 1449 336 coepit
1466 298 1603 337 cogitare.
1626 295 1646 325 si
1657 306 1732 336 opus
1741 296 1858 335 pupillo
1868 299 2063 328 redimeretur
2072 317 2079 331 ,

240 2001 279 2031 ad
288 2011 359 2030 eum
369 2000 508 2042 allegatos
518 1999 576 2030 ess'e
585 2000 714 2031 dicebat:
724 2001 834 2032 deinde
842 2003 994 2044 aliquando
1004 2003 1114 2033 criassus
1124 2005 1201 2035 Che-

240 2042 380 2073 lidonem
392 2044 571 2072 nominavit.
596 2045 671 2072 Non
680 2052 707 2073 te
717 2044 808 2084 pudet
817 2064 825 2077 ,
845 2048 950 2075 Verres
962 2066 970 2079 ,
990 2046 1055 2081 ejus
1066 2047 1202 2077 mulieris

241 2084 381 2115 arbitratu
410 2082 505 2114 eflisse
514 2093 670 2124 praeturam
682 2105 690 2118 ,
709 2095 798 2125 quam
811 2088 846 2116 L.
858 2083 1017 2117 Domitius
1029 2088 1064 2118 ab
1075 2089 1103 2118 se
1113 2089 1203 2118 nomi-

176 2132 227 2167 54
246 2126 308 2155 nar-i
317 2128 370 2156 vix
392 2126 434 2155 ibi
445 2125 606 2156 honestum
618 2125 675 2156 ess'e
686 2127 896 2157 arbitrabatur?
939 2129 1056 2168 Rejesti
1072 2129 1088 2159 ὲ
1103 2131 1204 2160 Cheli-

243 2167 324 2197 done
333 2168 453 2207 capiunt
463 2166 622 2197 consilium
633 2166 826 2198 necessarium
839 2189 846 2203 ,
866 2178 898 2199 ut
916 2170 1072 2210 suscipiant
1089 2171 1140 2211 ipsi
1150 2182 1203 2201 ne-

242 2211 371 2250 gotium.
389 2219 458 2239 cum
468 2209 609 2239 Rabonio
618 2218 725 2243 tutore,
735 2210 816 2250 quod
828 2221 887 2241 erat
896 2213 950 2241 vix
962 2222 1015 2241 n-s
1026 2213 1202 2254 quadragin-

240 2260 272 2282 ta
292 2251 425 2280 millium
438 2271 446 2283 ,
467 2249 627 2292 transigunt
648 2262 700 2281 11—s
718 2251 856 2282 ducentis
872 2253 1020 2283 millibus.
1051 2254 1157 2285 Refert
1167 2255 1202 2286 ad

242 2292 336 2323 istum
347 2302 409 2322 rem
421 2292 592 2322 Rabonius:
613 2302 645 2322 ut
655 2292 708 2323 fibi
717 2293 887 2327 videbatur,
908 2295 974 2324 satis
992 2296 1134 2336 grandem
1150 2307 1201 2336 pe-

245 2336 380 2367 cuniam,
394 2334 426 2363 &
437 2334 504 2363 satis
515 2334 722 2373 impudentem
733 2333 807 2364 esse:
828 2335 898 2369 iste,
911 2338 962 2376 qui
971 2338 1124 2377 aliquanto
1134 2339 1200 2377 plus

243 2374 400 2417 cogitasset
409 2396 418 2409 ,
439 2375 518 2405 male
527 2377 634 2415 accipit
643 2376 741 2406 verbis
760 2377 935 2407 Rabonium
947 2389 952 2407 :
971 2387 1058 2419 negat
1066 2389 1136 2408 eum
1148 2378 1200 2409 fibi

241 2418 296 2447 illa
305 2415 453 2447 decisione
461 2416 622 2447 satisfacere
631 2415 724 2458 poss'e.
747 2428 785 2448 ne
797 2419 890 2449 multa
899 2440 907 2453 ,
927 2420 1094 2450 locaturum
1106 2422 1134 2450 se
1144 2419 1200 2451 effe

241 2458 414 2489 confirmat.
447 2461 576 2489 Tutores
596 2460 659 2489 haec
679 2460 832 2490 nesciunt:
849 2461 932 2501 quod
949 2461 1049 2491 aestum
1061 2471 1120 2492 erat
1128 2473 1200 2492 cum

244 2501 398 2534 Rabonio,
409 2509 513 2540 putant
522 2500 552 2530 id
563 2499 621 2530 effe
631 2500 826 2531 certifl'imum
838 2513 843 2531 z
862 2503 976 2533 nullam
989 2505 1135 2538 maiorem
1145 2515 1200 2544 pu-

245 2542 322 2582 pillo
332 2550 472 2572 metuunt
480 2542 689 2573 calamitatem.
712 2543 768 2573 Iste
778 2543 850 2574 vero
863 2554 924 2574 non
933 2545 1140 2585 procrastinat:
1155 2546 1199 2575 lo-

245 2593 311 2614 care
321 2585 445 2623 incipit,
465 2594 526 2613 non
537 2585 712 2624 proschpra,
725 2589 735 2604 ¹
748 2596 845 2626 neque
854 2585 950 2617 edieta
959 2586 1006 2616 die
1018 2607 1025 2619 ,
1037 2587 1199 2625 alicmffimo

247 2633 364 2665 tempore
373 2645 380 2657 ‚
399 2625 476 2654 ludis
485 2624 553 2665 ipfis
563 2628 714 2656 Romanis
726 2648 734 2660 ‚
752 2627 821 2657 soro
831 2637 946 2658 ornato.
977 2631 1078 2669 Itaque
1088 2639 1200 2658 renun-

244 2668 298 2697 tiat
308 2666 464 2698 Rabonius
473 2667 558 2698 illam
568 2666 748 2698 decisionem
759 2669 917 2700 tutoribus.
935 2679 1090 2702 accurrunt
1099 2679 1200 2701 tamen

1234 129 1759 181 Crcz'nonxs

1220 210 1255 242 ad
1266 220 1384 253 tempus
1393 220 1520 243 tutores:
1542 211 1669 252 digitum
1679 212 1752 243 tollit
1760 210 1870 255 junius
1879 219 2012 253 patruus.
2035 212 2084 246 isti
2094 213 2181 247 coloe

1223 254 1402 285 immutatus
1412 254 1455 285 est
1467 266 1471 283 z
1491 254 1602 287 vultus,
1614 257 1720 288 oratio,
1731 264 1816 284 mens
1826 254 1955 296 denique
1963 256 2087 286 excidit.
2104 256 2181 327 puid

2115 307 2180 328 ires

1222 338 1315 367 abiret
1332 337 1367 368 ab
1387 349 1423 367 eo
1439 348 1594 377 mancipe,
1616 347 1707 378 quem
1718 338 1778 377 ipse
1786 336 1981 377 apposuisset:
2000 337 2054 368 fibi
2064 340 2183 370 nullam

1224 379 1353 418 praedam
1363 378 1432 409 ess'e.
1455 381 1726 420 Itaqueexcogitat.
1749 379 1934 420 quid?nihil
1945 381 2110 420 ingeniose.
2134 381 2183 410 ni-

1204 430 1205 436 *
1226 422 1288 454 hil,
1307 421 1389 461 quod
1400 421 1555 461 quisquam
1567 419 1656 460 poffit
1674 420 1790 453 dicere,
1811 424 1826 440 2
1840 421 2065 451 IMPROBE
2078 442 2087 455 ,
2111 424 2183 451 VE-

1228 465 1252 492 R
1262 465 1291 490 U
1301 463 1340 491 M
1361 465 1426 491 ΟΛ
1435 464 1459 491 L
1469 465 1494 491 L
1504 465 1521 490 I
1530 464 1560 490 D
1571 465 1594 491 Ε
1606 473 1616 489 :
1639 462 1719 491 nihil
1728 461 1764 492 ab
1772 461 1829 492 isto
1840 461 1954 492 teritum
1964 483 1972 496 ,
1982 463 2060 493 nihil
2072 472 2185 494 vetera-

1227 505 1339 533 torium
1350 503 1588 543 exspectaveritis
1599 514 1604 531 z
1627 505 1732 533 omnia
1740 512 1836 543 aperta
1844 523 1852 536 ,
1865 507 1970 534 omnia
1977 505 2128 544 perspicua
2138 515 2185 535 re-

1205 573 1206 576 ,
1226 547 1378 585 perientur
1390 566 1397 577 ,
1410 545 1598 584 impudentia
1608 565 1617 577 ‚
1627 547 1769 578 amentia,
1778 545 1909 575 audacia.
1941 548 1971 576 Si
1980 546 2098 586 pupillo
2107 556 2184 586 opus

229 583 353 613 summo
362 583 487 615 honore,
500 582 532 611 &
542 581 667 621 pudore,
679 583 710 613 δι
719 583 839 613 summo
849 583 953 613 officio
963 584 1185 624 speEtatiffimus
1205 580 1207 606 '=

1227 586 1396 620 redimitur,
1410 588 1487 616 mihi
1498 586 1595 626 praeda
1603 586 1639 616 de
1650 586 1790 616 manibus
1802 588 1933 627 eripitur.
1951 588 2033 628 quod
2043 587 2085 618 est
2096 590 2184 629 igitur

1206 654 1207 657 ,
1227 628 1418 659 remedium?
1436 628 1537 668 quod?
1556 638 1592 657 ne
1604 625 1690 657 licea‘t
1699 628 1815 667 pupillo
1826 628 1982 659 redimere.
2010 631 2098 659 ‘UBI
2118 632 2185 660 IL-

1228 672 1253 699 L
1262 672 1301 698 „A
1324 672 1374 698 CO
1386 670 1483 699 NSv
1494 673 1517 699 E
1527 671 1587 698 Tv
1598 672 1628 698 D
1637 672 1660 697 O
1678 671 1711 699 in
1722 670 1810 699 bonis
1821 690 1829 703 ,
1840 670 1999 710 praedspus,
2010 671 2188 712 praediisque

1227 711 1396 741 vendendis
1405 732 1414 745 ‚
1435 714 1579 741 omnium
1598 714 1682 741 Coss.
1701 712 1861 741 censorum
1872 731 1882 746 ,
1908 720 2067 751 praetorurn
2079 734 2088 746 ,
2105 723 2187 754 quae-

1230 752 1344 782 storum
1355 752 1485 793 denique
1496 773 1505 786 ‚
1524 761 1556 782 ut
1567 754 1672 795 optima
1681 752 1834 782 conditione
1843 752 1878 783 fit
1886 755 1910 783 is
1921 773 1929 786 ‚
1940 755 2005 793 cuja
2013 764 2058 784 res
2069 753 2103 784 sit
2114 775 2122 788 ,
2134 765 2188 785 cu-

1226 795 1294 834 jum
1305 795 1473 833 periculum
1485 801 1494 826 ?
1506 795 1647 824 Excludit
1657 805 1728 824 eum
1740 795 1851 828 solum,
1861 797 1909 824 cui
1920 795 2013 835 prope
2022 795 2119 826 dicam
2130 796 2188 828 soli

1230 835 1405 876 potestatem
1423 835 1533 866 fastam
1550 834 1609 865 effe
1624 836 1785 876 oportebat.
1808 836 1881 876 quid
1892 839 1975 866 enim
1985 837 2142 878 quisquam
2152 838 2188 871 ad

1234 887 1333 907 meam
1344 879 1501 916 pecuniam
1515 897 1523 911 ,
1535 881 1547 904 3
1561 888 1610 907 me
1620 879 1731 911 invito,
1742 877 1887 918 adspirat?
1902 878 1975 918 quid
1983 881 2096 909 accedit
2105 880 2115 906 ?
2124 881 2189 910 Lo-

1233 927 1314 948 catur
1322 929 1398 958 opus
1408 919 1448 952 id,
1460 919 1542 960 quod
1553 929 1591 948 ex
1601 929 1668 948 mea
1675 921 1801 959 pecunia
1809 918 1958 950 reficiatur
1969 940 1977 953 ‚
1990 930 2045 960 ego
2055 931 2104 950 me
2114 920 2192 952 refe-

1235 960 1355 990 &turum
1364 959 1422 990 effe
1432 961 1503 990 dico
1516 971 1521 989 z
1540 961 1677 1000 probatio
1686 960 1784 991 sutura
1792 960 1834 991 est
1841 970 1890 991 tua
1898 982 1907 995 ,
1925 964 1978 1002 qui
1987 963 2080 992 locas:
2095 962 2192 1003 pradi—

1234 1001 1284 1031 hus
1295 1002 1438 1043 &prediis
1446 1003 1561 1043 populo
1571 1011 1691 1032 cautum
1703 1001 1745 1032 est
1757 1013 1762 1031 z
1783 1003 1816 1032 ὃς
1825 1022 1832 1035 ‚
1852 1002 1874 1032 fi
1892 1013 1956 1033 non
1965 1013 2047 1043 putas
2056 1014 2188 1038 cautum,

1235 1044 1348 1074 scilicet
1357 1052 1388 1073 tu
1398 1054 1505 1083 praetor
1514 1046 1546 1074 in
1557 1054 1623 1074 mea
1630 1045 1710 1074 bona
1720 1064 1728 1077 ‚
1746 1054 1822 1084 quos
1830 1046 1914 1075 voles
1926 1066 1934 1078 ‚
1952 1047 2121 1075 immittes?
2139 1056 2190 1076 me

1234 1085 1269 1115 ad
1282 1095 1361 1115 meas
1371 1085 1506 1116 fortunas
1517 1084 1718 1115 defendendas
1727 1085 1862 1115 accedere
1873 1096 1937 1116 non
1949 1084 2022 1117 fines
2035 1091 2044 1117 ?

1232 1129 1362 1167 pretium
1372 1126 1424 1160 est,
1435 1128 1527 1167 ipsam
1536 1128 1563 1156 le
1584 1137 1632 1156 em
1644 1127 1831 1167 cognoscere.
1848 1127 1962 1161 dicetis,
1973 1127 2105 1158 eundem
2116 1139 2190 1159 con—

1235 1167 1382 1208 scripsiffe,
1394 1172 1446 1209 qui
1457 1168 1533 1198 illud
1543 1138 1678 1199 edietum
1689 1169 1724 1199 de
1735 1168 1904 1199 hereditate.
1922 1173 1939 1196 4
1948 1172 2015 1199 EX
2032 1173 2055 1197 O
2066 1172 2087 1199 P
2096 1173 2120 1200 E
2131 1174 2156 1200 R
2166 1173 2191 1202 Ε

1236 1212 1505 1240 ΡΛειυΝῡο
1529 1210 1660 1250 Qus„
1689 1212 1900 1240 PvPILLJ
1928 1212 2087 1250 JvNJJ.
2119 1214 2190 1246 Dic,

1234 1253 1294 1285 dic,
1307 1252 1407 1293 quaeso
1418 1272 1426 1286 ‚
1437 1253 1553 1282 clarius.
1577 1255 1607 1281 C.
1627 1254 1681 1281 VE
1691 1254 1717 1281 R
1728 1255 1752 1280 R
1763 1252 1817 1282 ES
1838 1255 1905 1281 PR.
1927 1256 1957 1281 U
1967 1254 2077 1284 RBIS
2097 1257 2137 1282 «Α
2147 1257 2194 1283 D-

1238 1297 1269 1323 D
1280 1296 1332 1322 ID
1342 1295 1400 1323 IT.
1423 1295 1612 1334 corriguntur
1629 1293 1706 1335 leges
1723 1294 1872 1324 censoriae.
1900 1298 1912 1322 5
1921 1294 2003 1335 Quid
2013 1296 2118 1324 enim?
2135 1298 2192 1325 Vi-

1237 1336 1294 1366 deo
1317 1337 1350 1365 in
1372 1336 1477 1365 multis
1495 1335 1646 1365 veteribus
1664 1335 1778 1376 legibus
1790 1355 1799 1369 ‚
1832 1338 1899 1365 CN.
1921 1339 1952 1365 D
1962 1338 2191 1371 0M1T1v8‚

1234 1381 1272 1408 L.
1292 1377 1585 1410 METELLUS,
1617 1379 1653 1406 L.
1675 1377 1909 1411 C-ASSIUS,
1945 1379 2012 1407 CN.
2033 1379 2197 1409 SERVI-

1236 1420 1353 1450 LIUS
1377 1419 1626 1449 CENSORES
1646 1421 2038 1449 ADDIDERvNT:
2059 1421 2126 1450 vult
2141 1421 2194 1450 ali-

1236 1461 1308 1503 quid
1327 1461 1476 1499 ejusmodi
1493 1463 1525 1491 C.
1538 1464 1652 1490 Verres.
1671 1461 1728 1491 dic.
1748 1461 1822 1501 quid
1840 1461 1973 1493 addidit?
2005 1461 2076 1501 QU
2085 1464 2103 1491 I
2128 1464 2159 1491 D
2172 1465 2195 1492 Ε

1237 1507 1272 1534 L.
1301 1504 1531 1535 MARCIO,
1561 1505 1618 1532 ,Μ-
1648 1503 1938 1532 PERPERNA
1969 1504 2197 1534 CENSORI-

1237 1545 1326 1575 BvS
1346 1544 1661 1576 REDEMERIT,
1673 1542 1801 1574 ⁶EUM
1816 1545 2006 1574 SOCIUM
2022 1547 2081 1575 NE
2100 1547 2196 1574 «10-

1238 1587 1474 1618 MITTITO:
1494 1587 1624 1615 NEVE
1646 1588 1696 1615 EI
1717 1587 1935 1616 PARTEM
1953 1588 2197 1620 DATO‚NE-

1239 1631 1296 1659 VE
1319 1630 1343 1658 E
1353 1631 1371 1657 Ι
1392 1632 1417 1658 R
1427 1630 1451 1657 E
1462 1630 1492 1656 D
1502 1628 1661 1657 IMITO.
1693 1627 1776 1668 Qiid
1793 1629 1853 1659 ita?
1872 1638 1910 1658 ne
1921 1629 2058 1667 vitiosam
2067 1637 2133 1670 opus
2142 1627 2197 1658 fie-

1239 1671 1303 1701 ret?
1322 1673 1359 1700 At
1368 1679 1427 1700 erat
1435 1669 1572 1710 probatio
1582 1679 1639 1699 tua.
1664 1671 1712 1699 Ne
1719 1678 1822 1709 parum
1832 1669 1946 1710 locuples
1956 1669 2048 1700 efl'et?
2070 1674 2109 1700 At
2122 1679 2195 1703 erat,

1242 1713 1274 1743 δε
1285 1710 1355 1742 esset
1364 1712 1495 1751 amplius
1506 1731 1514 1744 ‚
1534 1710 1555 1740 fi
1565 1711 1657 1740 velles
1667 1730 1676 1744 ,
1694 1712 1808 1750 populo
1825 1720 1952 1741 cautum
1966 1712 2114 1752 praedibus
2126 1732 2135 1744 ,
2165 1712 2199 1742 &

1240 1754 1366 1795 praediis.
1380 1753 1438 1783 Hic
1447 1761 1474 1783 te
1482 1751 1502 1782 fi
1512 1763 1556 1782 res
1568 1751 1661 1792 ipsa,fi
1671 1752 1833 1794 indignitas
1840 1754 1960 1791 'injuriae
1969 1762 2026 1783 tuae
2038 1763 2101 1783 non
2111 1763 2199 1783 com-

1243 1795 1398 1826 movebat:
1427 1793 1447 1824 fi
1465 1794 1571 1834 pupilli
1590 1794 1739 1824 calamitas
1750 1815 1759 1827 ‚
1782 1796 2023 1835 propinquorum
2041 1795 2197 1835 1acrymae3

1243 1841 1282 1868 D.
1295 1838 1396 1870 Bruti,
1414 1837 1499 1876 cujus
1508 1836 1618 1876 praedia
1631 1835 1786 1866 subierunt
1801 1839 1988 1876 periculum,
2009 1839 2053 1867 M.
2064 1837 2201 1867 Marcelli

1243 1881 1349 1910 tutoris
1360 1878 1520 1909 auetoritas
1529 1877 1604 1917 apud
1616 1885 1643 1907 te
1654 1878 1795 1917 ponderis
1812 1878 1891 1907 nihil
1905 1879 2030 1909 habebat
2043 1889 2048 1907 :
2072 1889 2111 1908 ne
2120 1877 2199 1908 illud

1242 1921 1366 1963 quidem
1393 1919 1645 1950 animadvertebat
1665 1940 1675 1952 ,
1696 1919 1846 1959 ejusmodi
1869 1919 1934 1950 fore
1960 1921 2019 1950 hoc
2045 1929 2198 1960 peccatum

1243 1973 1330 1994 tuum
1341 1982 1349 1996 ,
1369 1961 1449 2003 quod
1460 1970 1489 1991 tu
1500 1971 1597 2002 neque
1613 1971 1718 2002 negare
1735 1959 1832 2001 posses
1851 1960 1896 2000 (in
1906 1962 2018 1992 tabulas
2028 1964 2112 1992 enim
2121 1970 2202 1992 retu-

1243 2004 1317 2045 listi)
1327 2014 1383 2034 nec
1392 2014 1462 2034 cum
1473 2002 1620 2043 defensione
1627 2003 1729 2044 aliqua
1738 2001 1896 2033 confiteri?
1916 2003 2074 2035 Addicitur
2082 2003 2113 2034 id
2124 2013 2202 2043 opus

1245 2057 1299 2077 rr-s
1320 2056 1403 2076 roLx
1423 2044 1561 2075 millibus
1581 2055 1586 2073 :
1607 2043 1679 2074 cum
1699 2054 1812 2075 tutores
1829 2054 1883 2075 n-s
1902 2056 1996 2077 Lxxx
2012 2046 2150 2075 millibus
2167 2045 2199 2076 id

1245 2098 1322 2129 opus
1338 2087 1374 2117 ad
1392 2088 1473 2117 illius
1492 2087 1629 2116 hominis
1646 2085 1990 2127 iniquiss’imiarbitrium
2002 2088 2029 2117 se
2039 2085 2202 2117 effeeturos

1244 2129 1302 2160 esse
1311 2131 1480 2160 clamarent.
1505 2129 1628 2157 Etenim
1638 2129 1709 2168 quid
1720 2136 1780 2158 erat
1788 2130 1906 2168 operis?
1923 2129 1954 2158 id
1964 2149 1972 2162 ,
1992 2128 2074 2169 quod
2087 2138 2142 2159 vos
2152 2130 2200 2158 vi-

1245 2171 1338 2202 distis.
1354 2180 1461 2201 omnes
1471 2169 1530 2199 illae
1541 2170 1704 2203 columnae‚
1715 2179 1786 2210 quas
1797 2170 1941 2200 dealbatas
1951 2170 2071 2204 videtis,
2083 2171 2200 2200 machir-

1245 2224 1282 2244 na
1292 2211 1427 2253 apposita,
1440 2211 1522 2241 nulla
1531 2211 1665 2250 impensa
1674 2210 1811 2251 dejeffle,
1818 2212 1990 2253 eisdemque
2000 2212 2146 2252 lapidibus
2154 2222 2201 2242 re-

1243 2253 1342 2295 positae
1352 2255 1430 2284 sunt.
1450 2254 1509 2282 hoc
1518 2261 1551 2282 tu
1570 2262 1623 2281 H=s
1644 2262 1727 2282 που(
1744 2253 1881 2283 millibus
1892 2253 2038 2284 locavisti.
2061 2255 2155 2295 Atqui
2164 2255 2198 2284 in

1243 2297 1306 2326 illis
1314 2296 1470 2326 columnis
1480 2294 1547 2324 dico
1557 2291 1615 2323 effe
1625 2314 1634 2328 ,
1653 2304 1718 2335 quae
1727 2294 1743 2324 a
1753 2304 1805 2324 tuo
1813 2296 1980 2326 redemtore
1995 2303 2131 2325 commota
2147 2306 2200 2325 non

1238 2339 1297 2379 sint
1305 2349 1317 2365 .·
1339 2338 1409 2367 dico
1418 2335 1476 2366 efl'e
1487 2355 1496 2369 ‚
1516 2345 1554 2365 ex
1563 2345 1621 2376 qua
1630 2335 1749 2366 tantum
1760 2336 1923 2368 πᾶσι-ωτι]
1942 2346 2028 2368 vetus
2046 2343 2060 2366 7
2070 2337 2200 2374 delitum

1243 2378 1295 2413 fit,
1314 2379 1347 2409 &
1363 2387 1479 2408 novum
1490 2377 1659 2407 indueram.
1691 2377 1901 2420 Qiodsitanta
1909 2379 2201 2419 pecuniacolumnas

1243 2420 1371 2451 dealbari
1387 2417 1531 2460 putassem
1541 2439 1550 2453 ,
1568 2418 1646 2449 certe
1657 2430 1827 2461 numquam
1838 2421 2011 2451 aedilitatem
2021 2418 2199 2461 petiviffem.

1243 2466 1283 2492 At
1295 2483 1303 2495 ‚
1325 2471 1358 2492 ut
1374 2462 1508 2492 Videatur
1523 2469 1623 2491 tamen
1643 2472 1687 2491 res
1704 2464 1770 2502 agi,
1794 2462 1900 2493 &non
1910 2464 1983 2502 eripi
1993 2462 2128 2502 pupillo:
2151 2463 2202 2492 SI

1243 2505 1377 2544 QJID
1395 2504 1575 2533 OPERIS
1595 2503 1771 2533 CAUSA
1789 2504 2104 2537 RESCIDERI&
2122 2507 2198 2535 RE-

1242 2548 1288 2575 Fl
1297 2547 1413 2575 CITO.

1242 2598 1300 2627 que
1320 2588 1388 2617 loco
1405 2587 1535 2627 lapidem
1554 2593 1731 2626 reponeret?
1761 2587 1830 2627 Q
1840 2590 1858 2616 I
1877 2591 1903 2617 R
1914 2590 1938 2617 E
1948 2589 1979 2616 D
1989 2589 2093 2617 EME
2103 2591 2127 2617 R
2136 2589 2196 2621 IT,

1243 2629 1506 2658 SATJSDET
1533 2630 1725 2658 DAMNI
1752 2630 1972 2662 INFECTI,
2006 2631 2075 2663 EI,
2101 2629 2200 2669 QUI

1243 2674 1281 2700 ,A
1322 2673 1510 2701 VETERE
1548 2671 1862 2702 REDEMTORE
1901 2671 2198 2701 ,ACCEPERIT-

2110 2713 2200 2743 Deri-

268 2803 308 2834 ιι.
328 2798 406 2830 Neque
422 2795 499 2823 edma
516 2798 577 2833 die]
597 2799 741 2826 Lambinus
751 2800 853 2828 mavult
859 2802 976 2834 prodiffa.
1000 2801 1095 2828 vellem
1106 2801 1197 2838 prodi-

246 2827 325 2856 disset
335 2830 435 2857 calisam
442 2852 447 2857 .

285 2875 313 2891 2.
332 2868 432 2899 Improbe
441 2868 525 2893 *verimi
534 2870 637 2904 callida]
651 2872 784 2899 Revocavi
796 2879 912 2899 veterem
923 2873 1089 2909 scripturam.
1110 2873 1200 2900 Hoto-

1240 2802 1384 2838 publicavit
1396 2822 1404 2835 ,
1427 2806 1503 2839 (Ξῖ-,χιε
1524 2812 1561 2829 εἴ(
1574 2812 1675 2830 opatu:
1687 2812 1853 2830 ῐ-ἈειυΝυο
1863 2813 2003 2830 pumma.
2022 2802 2067 2830 sed
2077 2802 2198 2830 nihilivest

1239 2848 1269 2865 ea
1288 2838 1414 2875 scriptura
1426 2859 1434 2871 ,
1453 2848 1505 2875 prae
1524 2839 1636 2865 Antonii
1653 2840 1810 2874 Augustini:
1834 2841 1898 2866 Lex
1919 2848 2012 2867 ornat
2032 2847 2196 2866 FAcrunno

1242 2884 1370 2901 PUPILLI
1388 2885 1492 2911 JUNH.
1512 2879 1581 2910 qux?
1597 2875 1635 2900 dic
1643 2875 1680 2900 dic
1689 2876 1739 2905 &mc
1761 2883 1852 2902 verum
1863 2876 1963 2903 italien
1973 2875 2009 2902 est
2018 2876 2045 2902 ln
2062 2875 2136 2902 libris
2147 2885 2196 2902 ηο-

249 2902 321 2929 niani
332 2901 474 2928 :rufior-'itas
486 2904 622 2932 invexerat
632 2907 721 2942 passim
734 2928 743 2941 ,
760 2910 857 2941 improb&
876 2912 918 2934 vel
932 2910 1028 2941 calli-{eg
1047 2909 1088 2936 sed
1107 2918 1201 2945 przutcr
1243 2911 1300 2937 stris
1320 2912 1447 2946 antiquis.

249 2936 308 2963 mss.
320 2938 430 2964 nostros.
449 2946 523 2965 vetus
536 2940 586 2966 fuit
597 2942 712 2970 formula
724 2964 731 2976 ,
744 2946 796 2980 quai
807 2945 949 2971 utebantur
960 2945 1077 2971 homiues
1089 2955 1146 2971 cum
1159 2946 1200 2972 in-

1279 2955 1304 2979 5.
1323 2948 1456 2979 Qrflenim
1466 2945 1570 2973 ,zvideo
1580 2946 1606 2973 in
1618 2944 1736 2979 multis]
1756 2947 1797 2973 Ita
1806 2946 1893 2973 Fulvii
1905 2946 1992 2973 Ursini
2005 2946 2063 2973 mss.
2081 2947 2118 2974 ita
2128 2945 2196 2973 Pau.

250 2972 369 2999 dicarent
379 2974 411 2999 :ili
434 2974 478 3000 uid
489 2974 589 3002 faenum
600 2981 698 3010 improb)
708 2999 716 3012 ,
736 2979 825 3008 sedita
836 2988 922 3008 tamen
933 2982 973 3008 uti
984 2981 1090 3008 haberet
1100 2989 1202 3009 vetera-
1240 2983 1306 3009 item
1317 2981 1378 3009 cdd.
1389 2981 1485 3018 priscoe.
1507 2982 1680 3008 recentiores:
1699 2983 1766 3014 Qud
1773 2986 1832 3008 enim
1841 2983 1908 3008 video
1919 3002 1927 3014 ‚
1937 2984 1987 3013 ὅγε.

249 3015 295 3036 tor
305 3009 351 3035 ille
361 3019 411 3044 qua
432 3019 445 3035 e
456 3018 577 3038 tueretur
585 3012 746 3042 defcnfione.

247 3082 272 3108 t*
287 3053 315 3106 Ξ
335 3049 394 3073 ‹9st
402 3049 477 3072 invito
486 3047 594 3080 adspirat
604 3051 682 3083 ,7qm‘d
689 3053 778 3077 accedit
788 3052 812 3086 ἒ]
825 3053 984 3080 Gulielmius
995 3053 1132 3080 annotavit
1143 3053 1200 3080 for-

263 3090 276 3107 e

306 3080 428 3122 ciendum
440 3101 448 3113 ‚
467 3084 524 3115 quiri
539 3085 645 3112 accedit?
663 3085 773 3114 habetur
783 3090 907 3116 tamenin
919 3089 1076 3117 membranis
1087 3090 1179 3117 nostris
1193 3109 1201 3122 ,

247 3125 334 3152 neque
345 3117 381 3143 est
390 3117 515 3145 otiosum.

281 3159 311 3189 4.
330 3153 372 3181 Ex
390 3162 490 3184 ornat:
504 3163 667 3186 FACIUNDO
689 3164 758 3196 ωε
776 3147 904 3192 Ρυειριι
921 3162 1043 3200 Juxu]
1055 3161 1200 3194 Lambinus

1275 3018 1304 3044 6.
1324 3019 1474 3050 Eumſsicimn
1484 3018 1549 3051 &ej
1566 3018 1715 3044 Pronomen
1727 3018 1761 3045 est
1773 3020 1788 3045 ὁ.
1801 3019 1883 3045 veteri
1894 3018 1962 3045 libro
1973 3018 2129 3045 Hotomani.
2148 3017 2195 3045 ab·

1240 3053 1276 3081 est
1287 3062 1373 3080 tamen
1386 3054 1453 3079 Pali.
1466 3054 1494 3079 Sc
1503 3054 1563 3079 edd.
1574 3054 1715 3089 prioribus.

1275 3098 1302 3124 7.
1321 3092 1422 3116 Delitum
1431 3090 1490 3123 fin]
1510 3091 1693 3116 Retinendum
1707 3089 1773 3116 istud
1784 3097 1860 3120 nutat
1871 3091 2126 3117 Hotomanus.vetus
2137 3089 2194 3116 edi-

1239 3125 1278 3153 tio
1289 3126 1385 3151 deletum
1395 3145 1403 3156 ‚
1423 3124 1494 3161 quod
1504 3126 1532 3151 8<
1544 3126 1569 3152 in
1582 3126 1637 3152 Pal.
1648 3125 1696 3152 sec.
1717 3135 1775 3155 nam
1784 3136 1826 3164 pr.
1836 3128 1956 3157 delcffiam.
1975 3126 2047 3155 forte
2066 3127 2174 3161 dejeaum
2183 3143 2193 3157 ,

1242 3169 1272 3193 ut
1282 3161 1403 3195 laudatur
1414 3161 1546 3194 Priscum
1556 3162 1627 3192 libro
1636 3170 1716 3194 xiix.
2151 3199 2199 3223 Em

2117 3205 2142 3225 8.
2196 3211 2198 3214 ,

2087 1089 2192 1126 Opera:
2209 1090 2253 1123 55

1458 2545 1539 2586 Qid
1550 2554 1625 2579 erat,
1637 2545 1718 2585 quod
1728 2546 1924 2580 rescinderet,
1942 2545 2015 2576 curn
2026 2546 2078 2576 suo
2088 2556 2197 2587 quem·
2213 2540 2260 2584 56
2281 2548 2295 2590 ἐξ
