2339 3379
145 1140 185 1166 11

555 138 1147 185 PHIprPICA

222 222 272 251 ine
284 217 389 250 minsis
399 217 525 250 timidus
535 237 543 252 ,
555 227 648 248 nemo
657 219 782 248 cautior.
804 227 849 248 res
861 217 994 248 declarat.
1018 216 1179 258 vigesimus

220 271 318 293 annus
328 260 388 294 est,
408 259 479 290 cum
497 269 605 289 omnes
622 259 752 290 scelerati
767 269 816 289 me
831 269 927 290 unum
940 267 1057 299 petunt.
1081 261 1179 300 itaque

220 303 291 344 ipsi,
308 313 345 333 ne
355 302 453 333 dicam
465 302 543 331 mihi
555 321 563 334 ‚
579 301 695 341 reipub.
707 311 809 341 poenas
820 301 983 332 dederunt:
1003 310 1053 330 me
1062 300 1178 331 salvum

218 346 316 375 adhuc
324 345 396 384 resp.
409 341 665 373 conservavitsibi.
688 343 816 373 Timide
826 344 883 373 hoc
893 343 990 373 dicam
1003 353 1008 371 ·.
1019 341 1081 371 scio
1092 344 1176 372 enim
1201 370 1202 381 2

220 389 280 426 Q
291 396 302 416 1
312 395 333 415 i>
343 395 362 415 ν
373 395 384 414 1
395 395 408 414 s
423 385 543 414 homini
561 385 691 414 accidere
699 383 780 424 poffe
790 396 795 413 :
805 392 1013 415 verumtamen
1023 383 1113 412 semel
1121 385 1180 413 cir-

217 425 379 458 cumsessus
393 425 476 456 leEiis
492 425 762 456 valentiffimorum
781 428 945 456 hominum
957 424 1072 455 viribus
1082 423 1177 454 cecidi

217 466 331 501 sciens,
344 477 376 498 ut
385 465 590 498 honestissime
600 466 716 507 possem
728 469 891 509 exsurgere.
914 465 1075 508 Poil'umne
1086 467 1176 512 igitur

218 510 286 540 satis
305 509 399 540 videri
419 518 521 540 cautus
533 529 541 542 ,
563 510 631 539 satis
645 510 806 549 providus,
827 508 848 538 fi
859 519 907 540 me
917 509 988 538 huic
998 509 1099 537 itineri
1112 516 1172 538 tam
1198 539 1199 543 ,

215 549 327 581 infesto
339 571 348 584 ,
363 560 483 592 tamque
492 552 659 591 periculoso
669 552 851 582 commisero
864 554 875 579 ἒ
893 551 1020 591 gloriam
1034 550 1066 578 in
1077 557 1174 579 morte
1197 548 1199 582 ,ν’

216 591 368 626 debentii,
382 595 433 634 qui
444 603 475 623 in
485 602 546 633 rep.
558 593 720 627 versantur,
733 603 796 623 non
807 592 888 632 culpa
898 590 1129 632 reprehensionem,
1143 590 1176 620 δε

213 633 345 664 stultitiae
358 636 609 675 vituperationem
621 636 798 675 relinquere.
821 635 896 675 Qis
906 633 1004 662 bonus
1015 641 1078 661 non
1089 632 1171 672 luget

215 683 348 705 mortem
360 677 507 707 Trebonii
521 680 532 706 ,²
549 678 616 718 quis
631 687 694 706 non
709 676 791 707 dolet
801 676 957 704 interitum
967 673 1033 703 talis
1043 672 1170 706 &civis,

215 717 249 747 &
262 718 342 747 viri?
364 721 403 748 At
419 719 485 748 sunt
502 721 554 759 qui
570 718 670 748 dicant
681 717 765 756 (dure
778 717 824 746 illi
838 715 962 756 quidem
973 733 982 748 ‚
1002 713 1051 743 sed
1067 721 1168 743 tamen

211 758 329 800 dicunt)
341 758 444 789 minus
455 759 621 790 dolendum
634 779 642 793 ‚
654 758 737 799 quod
747 758 782 788 ab
793 758 918 787 homine
927 758 1048 794 impuro
1061 774 1069 788 ‚
1084 754 1168 785 nefa-

211 801 317 840 rioque
331 811 394 831 non
408 803 527 832 caverit.
550 803 663 831 etenim
679 803 747 839 (Qu
763 807 959 828 MULTORUM
974 795 1129 826 custodem
1140 797 1170 827 se

210 841 386 882 profiteatur
395 863 403 877 ‚
424 852 493 873 eum
505 843 648 882 sapientes
659 842 699 871 sui
714 838 851 880 primum
862 840 965 878 capitis
974 838 1059 877 ajunt
1067 837 1167 868 custo-

212 883 281 913 dem
294 883 351 914 esse
360 894 505 924 oportere.
528 882 605 913 Cum
615 883 715 923 fhptus
730 879 763 910 sis
780 880 895 922 legibus
905 899 913 913 ‚
936 880 1166 921 &judiciorum

211 934 296 955 metu
307 945 316 959 ,
332 936 394 955 non
405 927 472 956 sunt
482 926 587 954 omnia
595 923 730 954 timenda
741 943 749 956 ,
765 932 862 963 neque
871 921 906 951 ad
916 924 1036 951 omneis
1045 920 1164 952 insidias

209 966 341 1006 praesidia
349 965 512 1007 quaerenda.
538 967 604 1007 quis
614 966 697 995 enim
708 964 813 995 audeat
822 965 881 994 luci
894 983 902 997 ‚
922 965 989 1004 quis
1000 965 1031 992 in
1042 963 1164 993 militari

208 1010 268 1041 via,
279 1010 345 1048 quis
358 1007 435 1038 bene
444 1009 634 1041 comitatum,
646 1007 711 1047 quis
725 1005 873 1036 illustrem
883 1005 1024 1046 aggredi?
1038 1006 1100 1035 brec
1111 1014 1164 1034 ne·-

210 1059 269 1090 que
279 1051 336 1079 hoc
350 1058 485 1089 tempore
496 1070 504 1083 ‚
526 1059 624 1090 neque
641 1051 675 1078 in
693 1058 743 1078 me
760 1049 870 1078 valent.
896 1057 960 1076 non
972 1046 1068 1076 modo
1079 1049 1163 1076 enim

209 1100 330 1131 poenam
341 1101 404 1120 non
413 1092 588 1122 extimescet
599 1111 607 1123 ‚
625 1092 676 1131 qui
687 1091 764 1120 mihi
782 1091 846 1119 vim
856 1089 1001 1119 attulerit:
1012 1088 1060 1118 sed
1071 1089 1161 1118 etiam

203 1133 332 1173 gloriam
344 1132 469 1172 sperabit
477 1132 493 1163 a
503 1134 655 1163 latronum
668 1131 820 1173 gregibus,
833 1131 866 1161 &
875 1132 1008 1170 praemia.
1022 1132 1094 1160 Haec
1104 1139 1158 1171 ego

203 1176 238 1204 in
249 1173 320 1204 urbe
329 1174 480 1214 praevideo
492 1185 498 1203 ;
517 1174 613 1204 facilis
623 1173 666 1203 est
673 1171 909 1212 circumspectus
922 1192 930 1204 ,
952 1171 1031 1201 unde
1041 1181 1160 1205 exeam,

201 1225 263 1256 quo
279 1215 466 1256 progrediar,
486 1216 559 1257 quid
577 1215 612 1247 ad
631 1215 765 1245 dextram
777 1234 785 1248 ‚
805 1214 879 1254 quid
899 1213 934 1244 ad
952 1212 1097 1243 sinistram
1117 1212 1160 1244 sit.

199 1267 276 1287 num
291 1257 371 1287 idem
386 1259 418 1287 in
430 1259 584 1297 Apennini
603 1256 771 1287 tramitibus
789 1255 882 1286 facere
898 1258 1027 1295 potero?
1048 1257 1079 1284 in
1092 1257 1160 1295 qui-

198 1298 276 1332 bus,
296 1300 387 1329 etiarn
398 1298 417 1328 fi
428 1308 492 1329 non
501 1297 711 1330 eruntinfidiae
724 1318 732 1331 ,
751 1307 817 1338 quae
835 1296 982 1327 facillime
1000 1294 1057 1326 esse
1073 1306 1159 1336 pote-

199 1349 272 1371 runt
280 1360 288 1374 ,
303 1342 421 1370 animus
431 1349 532 1371 tamen
542 1340 742 1379 eritfhllicitus
752 1359 761 1372 ,
773 1348 805 1368 ut
816 1339 893 1368 nihii
904 1336 988 1377 poffit
998 1338 1034 1367 de
1045 1336 1156 1367 officiis

197 1382 359 1423 legationis
368 1382 528 1412 attendere.
552 1382 608 1412 Sed
627 1380 719 1421 effugi
734 1379 853 1410 insidias
868 1390 873 1408 2
890 1381 1008 1419 perrupi
1020 1381 1157 1419 Apenni-

196 1433 289 1454 num.
312 1433 422 1462 nempe
433 1424 465 1452 in
477 1420 800 1463 Antoniicongiess'um
815 1442 822 1455 ‚
841 1422 1091 1462 colloquiumque
1105 1431 1156 1451 ve-

196 1464 344 1495 niendum
357 1464 410 1496 est.
433 1466 556 1505 quinam
568 1465 652 1494 locus
661 1465 812 1503 capietur?
826 1462 846 1492 si
857 1472 939 1494 extra
947 1462 1052 1493 castra:
1065 1465 1156 1492 ceteri

194 1505 328 1537 viderint
348 1516 403 1547 ego
417 1515 547 1537 mortem
561 1505 696 1536 adiutum
709 1504 839 1535 futuram
854 1513 937 1545 puto.
961 1506 1034 1534 novi
1045 1504 1149 1534 homi-

194 1549 290 1577 minis
301 1546 435 1577 furorem
446 1567 454 1581 2
476 1550 551 1578 novi
568 1546 741 1578 effrenatam
755 1547 945 1576 violentiam.
969 1547 1061 1584 Cujus
1073 1556 1153 1576 acer-

193 1589 270 1621 bitas
280 1598 402 1619 morum
416 1590 648 1630 immanitasque
661 1598 773 1619 naturae
786 1609 794 1621 ‚
814 1598 852 1618 ne
864 1590 939 1618 vino
947 1587 1073 1629 quidem
1084 1598 1151 1628 pei·-

193 1629 282 1661 mista
300 1632 448 1671 temperari
458 1632 550 1662 solet:
572 1632 620 1661 hic
629 1633 691 1664 ira,
711 1631 921 1671 dementiaque
930 1628 1149 1664 infiammatus,

189 1672 326 1703 adhibito
336 1672 422 1702 fratre
432 1674 529 1703 Lucio
539 1693 547 1707 ‚
566 1674 725 1703 taeterrima
734 1672 833 1703 bellua
841 1692 849 1706 ‚
868 1681 1036 1712 numquam
1047 1671 1149 1711 profe-

192 1712 245 1744 ἃὸ
255 1713 271 1744 a
280 1724 330 1744 me
339 1714 489 1756 sacrilegas
498 1724 605 1746 manus
616 1735 625 1748 ,
637 1723 722 1755 atque
732 1715 838 1753 impias
847 1712 1017 1744 abstinebit.
1032 1715 1147 1743 Memi-

190 1757 225 1786 ni
233 1756 385 1796 colloquia
395 1756 427 1785 &
436 1766 506 1786 curn
516 1759 666 1787 acerrimis
676 1755 811 1787 hostibus
821 1775 829 1788 ‚
852 1755 963 1785 &cum
977 1754 1145 1795 graviffime
1189 1769 1208 1799 q

190 1794 433 1827 dissentientibus
441 1798 569 1828 civibus.
593 1801 648 1828 Cn.
658 1798 819 1838 Pompejus
830 1816 838 1830 ,
855 1798 938 1827 Sexti
948 1795 1029 1825 filius
1039 1816 1048 1829 ,
1068 1807 1144 1826 con-

189 1838 235 1869 sul
245 1858 254 1871 ,
275 1848 325 1868 me
335 1839 475 1878 praesente
486 1859 495 1872 ‚
515 1849 585 1869 cum
599 1838 690 1869 efferri
701 1841 758 1869 tiro
768 1841 802 1868 in
811 1839 876 1877 ejus
886 1839 1018 1867 exercitu
1029 1857 1037 1870 ‚
1051 1841 1061 1856 ¹
1070 1847 1142 1868 curn

187 1881 326 1911 P.Vettio
335 1883 460 1910 Scatone
469 1900 477 1913 ,
497 1880 572 1911 duce
582 1881 748 1911 Marsorum
759 1900 768 1913 ,
783 1882 860 1909 inter
868 1879 940 1909 bina
949 1877 1038 1909 castra
1045 1879 1144 1908 collo-

185 1930 273 1952 cutus
285 1920 337 1952 est.
361 1920 423 1961 quo
435 1921 559 1962 quidem
574 1924 705 1951 memini
718 1925 788 1951 Sex.
798 1921 976 1960 Pompejum
991 1940 1000 1953 ‚
1019 1919 1140 1950 fratrem

185 1963 320 1994 consulis
330 1982 338 1996 ,
349 1963 385 1992 ad
394 1963 584 2003 colloquium
594 1963 692 2003 ipsum
705 1965 805 1993 Roma
813 1964 916 1992 venire
928 1981 937 1994 ,
956 1960 1082 1991 dofihim
1093 1963 1140 1992 vi-

184 2014 253 2036 rum
265 2024 273 2038 ‚
289 2012 375 2044 atque
384 2005 546 2045 sapientem
559 2015 565 2033 :
584 2014 674 2045 quem
685 2003 756 2034 cum
767 2007 851 2034 Scato
860 2001 1003 2033 salutass'et
1012 2022 1021 2036 ‚
1036 2006 1136 2043 Qem

184 2055 214 2075 te
223 2045 370 2085 appellem
381 2053 392 2075 3
402 2048 511 2086 inquit.
522 2047 633 2079 Ariste,
647 2045 805 2078 Volusium,
816 2045 963 2084 hospitem:
973 2044 1136 2084 neceffitate,

182 2085 292 2122 hostem.
316 2089 383 2117 Erat
393 2089 425 2117 in
434 2087 490 2117 illo
498 2088 654 2129 colloquio
663 2089 784 2128 aequitas
796 2097 801 2116 :
817 2087 918 2116 nullus
929 2088 1022 2116 timor
1032 2106 1040 2120 ,
1052 2088 1136 2118 nulla

180 2128 300 2159 suberat
310 2128 437 2168 suspicio
447 2139 452 2157 :
462 2128 615 2159 mediocre
625 2130 714 2159 etiam
726 2129 844 2159 odium.
868 2130 1023 2158 nonenim
1035 2137 1066 2158 ut
1077 2131 1134 2159 eri-

171 2178 284 2211 perent
293 2169 382 2201 nobis
392 2170 465 2201 socii
478 2172 629 2202 civitatem
642 2190 651 2206 ,
669 2170 719 2202 sed
736 2179 769 2202 ut
785 2172 819 2201 in
837 2179 903 2201 eam
921 2171 1133 2212 reciperentur,

216 2346 240 2363 r.
258 2340 437 2364 camaram
454 2340 575 2374 Scatone]
598 2342 640 2367 Sic
657 2340 726 2367 Pali.
746 2343 848 2374 nostri,
868 2343 900 2369 sic
911 2342 1034 2369 Lilienfis
1052 2350 1132 2379 atque

176 2371 252 2399 Hire.
263 2372 310 2399 nifi
320 2374 391 2409 quod
401 2374 509 2410 quidam
519 2379 622 2402 Statana.
641 2377 769 2412 Vulgata,
777 2381 875 2405 catone.

211 2416 240 2434 ι.
257 2411 329 2442 Leges
337 2411 430 2443 interse
441 2429 449 2441 ,
461 2411 611 2444 conditiones,
622 2414 796 2448 effuderunt]
819 2415 860 2441 lta
871 2413 929 2440 mss'.
940 2413 1062 2441 Suffrid‘i.
1083 2424 1130 2441 rie-

172 2443 320 2484 que3aliter
329 2445 466 2472 Ferrarius
478 2465 486 2477 ‚
506 2448 552 2487 qui
563 2447 647 2475 adhuc
665 2448 815 2476 encliticam
835 2449 977 2482 adjiciebat
989 2470 998 2481 ‚
1017 2451 1130 2486 recepit-

171 2487 429 2542 Ῐῦἔίἓισοηῑεκωω
439 2482 596 2512 Lambinus.
615 2484 723 2521 vulgata
733 2505 742 2519 ,
761 2486 813 2522 legis
822 2487 917 2522 inter-se
926 2486 1063 2514 conditiones
1074 2496 1129 2514 con-

170 2532 179 2541 .
281 2534 287 2543 .

1231 141 1820 198 Drionizciiiii.
2091 155 2184 202 621

1224 220 1377 270 petebant.¹
1387 224 1467 270 Sulla
1475 235 1544 256 curn
1556 229 1697 268 Scipione
1709 231 1786 261 inter
1799 229 1893 265 Cales,
1906 231 1940 261 δε
1949 233 2101 265 Teanum,
2113 231 2185 262 cum

1202 275 1204 285 ·
1221 262 1294 291 alter
1306 264 1472 311 nobilitatis
1485 266 1591 299 florem
1605 290 1614 303 ,
1634 271 1707 301 alter
1723 272 1795 303 belli
1813 273 1911 304 socios
1928 271 2127 307 adhibuiss'et,
2147 273 2186 304 de

1202 312 1203 315 ¹
1222 302 1394 352 auditoritate
1403 307 1518 339 senatus
1527 329 1535 342 ‚
1547 310 1584 341 de
1595 309 1738 354 suffragiis
1748 315 1852 354 populi
1861 335 1869 348 ‚
1883 315 1915 344 δε
1924 314 1959 345 de
1967 316 2032 355 jure
2042 317 2183 349 civitatis,

1222 344 1317 386 ²105&
1329 357 1406 395 inter
1416 349 1650 395 se‚c(›ndiu0nes
1660 357 1858 387 contulerunt.
1868 367 1932 387 non
1943 358 2040 387 tenuit
2049 359 2181 387 omnino

1223 387 1412 426 colloquium
1423 391 1497 421 illud
1518 391 1609 424 fidem
1623 406 1628 423 z
1646 396 1663 425 a
1675 397 1705 426 vi
1720 406 1819 428 tamen
1833 418 1841 431 ,
1861 399 2055 439 periculoque
2068 398 2177 429 abfuit.

1200 436 1201 452 1
1222 425 1416 460 Possumusiie
1429 433 1517 473 igitur
1536 435 1570 464 in
1581 438 1708 467 Antonii
1728 439 1886 470 latrocinio
1909 443 2014 480 3aeque
2032 438 2178 470 essetuti?
2201 445 2242 469 12.

1199 464 1201 489 f
1221 476 1286 498 non
1296 469 1462 508 poss'umus:
1472 474 1557 508 aut,si
1567 480 1654 507 ceteri
1664 478 1796 518 possunt,
1810 491 1858 511 me
1868 480 1951 521 poss‘e
1961 480 2176 523 diffidoQiod

1219 507 1240 537 fi
1250 518 1315 539 non
1325 520 1404 542 extra
1413 514 1501 560 castra
1511 518 1740 558 congrediemur
1751 532 1756 549 :
1766 532 1832 563 quae
1841 524 1875 553 ad
1886 523 2076 563 colloquium
2087 520 2177 554 castra

1217 549 1394 599 sumentur?
1415 565 1447 584 in
1463 556 1561 588 nostra
1576 560 1628 589 ille
1644 570 1810 602 numquam
1825 567 1943 594 veniet:
1963 565 2175 595 multominus

1216 600 1274 621 nos
1283 603 1316 623 in
1325 594 1417 624 illius.
1440 598 1591 643 reliquum
1602 600 1644 630 est
1655 621 1664 634 ‚
1678 612 1709 632 ut
1721 604 1753 633 &
1762 607 1942 645 accipiantur
1954 627 1963 639 ‚
1975 607 2008 636 δε
2018 608 2175 637 remittan-

1217 640 1263 662 tur
1280 633 1424 681 postulata
1438 646 1486 679 per
1501 644 1621 669 littei-aa.
1645 652 1713 683 crgo
1730 647 1841 676 erimus
1861 649 1894 677 in
1915 647 2026 678 castris.
2050 658 2116 678 mea
2135 648 2171 678 ad

1217 683 1323 722 omnia
1336 677 1481 715 postulata
1494 690 1552 710 una
1567 683 1710 714 sententia
1723 696 1728 714 z
1749 687 1838 726 quam
1851 688 1922 718 cum
1933 687 1982 719 hic
1991 709 2000 722 ‚
2020 689 2108 720 vobis
2118 699 2171 719 au-

1213 715 1366 748 dientibus
1377 738 1385 752 ,
1405 719 1512 752 dixero
1524 742 1533 755 ‚
1554 722 1606 753 isse
1617 743 1625 757 ‚
1648 725 1796 757 &i‘ediss'e
1810 739 1859 758 me
1872 739 2004 769 putatote
2019 742 2025 759 ε
2045 731 2171 773 legatio-

1211 765 1284 787 nem
1293 759 1465 792 confecero.
1484 766 1591 794 onmia
1599 765 1633 795 ad
1644 766 1779 798 senatum
1792 779 1857 800 mea
1867 772 2008 802 sententia
2017 774 2167 812 rejiciam,

1210 807 1407 842 quaecumque
1416 803 1747 849 postulabitAntonius.
1770 820 1867 851 neque
1884 815 1968 843 enim
1986 814 2054 844 licet
2070 814 2167 847 aliter,

1208 849 1307 888 neque
1318 843 1497 882 permistum
1511 846 1552 877 est
1564 848 1653 878 nobis
1664 849 1700 879 ab
1711 850 1769 881 hoc
1779 854 1884 882 ordine
1896 873 1905 886 ,
1926 863 1958 883 ut
1967 874 1975 887 ,
1995 855 2082 885 bellis
2092 866 2170 886 con-

1207 880 1296 912 scistis
1310 904 1318 917 ,
1330 884 1435 933 decem
1449 887 1551 929 legatis
1566 892 1700 929 permitti
1715 893 1790 923 soler
1802 903 1875 922 more
1887 896 2046 934 majorum:
2066 907 2166 938 neque

1208 924 1268 970 ulla
1281 935 1413 973 omnino
1427 928 1443 958 a
1456 929 1556 961 senatu
1571 932 1708 963 mandata
1719 938 1886 975 accepimus
1897 956 1905 969 ‚
1924 947 1988 976 qua:
1999 937 2070 967 cum
2080 949 2165 978 agam

1206 975 1239 994 in
1250 966 1377 998 consilio
1388 989 1397 1002 ‚
1409 973 1566 1002 nonnullis
1577 993 1585 1006 ,
1598 983 1631 1004 ut
1641 975 1782 1010 arbitror,
1795 978 2028 1018 repugnantibus
2039 999 2048 1012 ,
2061 990 2166 1010 nonne

1208 1010 1407 1057 metuendum
1418 1011 1461 1042 est
1472 1033 1480 1047 ‚
1501 1024 1540 1044 ne
1554 1016 1691 1055 imperita
1709 1018 1842 1048 militum
1862 1019 2026 1049 multitudo
2044 1030 2096 1060 per
2114 1032 2164 1051 me

1204 1058 1309 1096 pacem
1327 1051 1461 1084 distineri
1479 1065 1583 1095 putet?
1604 1060 1702 1088 Facite
1712 1079 1720 1092 ,
1741 1061 1800 1090 hoc
1817 1071 1921 1091 meum
1941 1060 2102 1092 consilium
2119 1064 2164 1093 le-

1203 1100 1311 1139 glo-nes
1323 1103 1416 1125 novas
1430 1106 1495 1127 iion
1506 1098 1686 1137 improbare.
1709 1111 1778 1132 nam
1791 1104 1929 1133 Martiam
1939 1123 1948 1136 ‚
1968 1103 2001 1133 δε
2016 1113 2161 1145 quartam,

1204 1136 1221 1159 4
1229 1134 1306 1163 nihil
1316 1138 1454 1185 cogitetis
1463 1147 1568 1178 praeter
1577 1140 1800 1182 dignitatem‚&
1810 1144 1909 1178 decus,
1919 1147 2162 1185 comprobaturas

1182 1184 1185 1197 ·
1205 1172 1261 1204 effe
1272 1196 1281 1208 ‚
1291 1186 1373 1224 certo
1387 1178 1457 1209 scio.
1469 1181 1563 1222 Qid?
1573 1191 1727 1214 veteranos
1738 1195 1801 1215 non
1816 1191 2045 1217 veremur?nam
2058 1189 2160 1219 timeri

1202 1217 1231 1264 se
1241 1227 1279 1246 ne
1290 1217 1340 1258 ipsi
1349 1220 1473 1260 quidem
1489 1223 1663 1254 volunt-Sed
1673 1235 1806 1266 quonam
1816 1227 1911 1258 modo
1920 1231 2065 1268 accipient
2074 1231 2160 1260 seve-

1202 1267 1319 1307 ritatem
1330 1270 1432 1292 meam
1442 1269 1453 1291 ?
1473 1264 1569 1296 Multa
1579 1267 1746 1308 enimsalfit
1754 1268 1791 1298 de
1804 1279 1854 1299 me
1871 1270 2046 1301 audierunt:
2063 1273 2162 1304 multa

1202 1300 1301 1348 adreos
1311 1304 1443 1342 improbi
1453 1304 1633 1337 detulerunt.
1642 1319 1773 1349 quorum
1783 1312 1957 1346 commoda,
1970 1321 2003 1343 ut
2011 1322 2066 1343 vos
2076 1316 2159 1353 opti-

1201 1351 1246 1386 mi
1256 1342 1342 1391 testes
1352 1344 1420 1375 estis
1430 1366 1438 1379 ,
1450 1347 1568 1388 semper
1576 1359 1631 1390 ego
1642 1351 1786 1383 sententia
1795 1375 1804 1386 ‚
1815 1352 1990 1384 auetoritate
2001 1375 2009 1388 ‚
2021 1357 2158 1386 oratione

1199 1391 1326 1431 nrmavi:
1338 1386 1385 1416 sed
1397 1388 1523 1419 credunt
1531 1391 1821 1430 improbis‚credunt
1830 1395 2018 1429 turbulentis,
2030 1397 2158 1428 credunt

1198 1425 1271 1455 suis.
1282 1430 1359 1458 Sunt
1367 1437 1466 1459 autem
1476 1429 1567 1462 fortes
1578 1433 1622 1462 illi
1632 1434 1768 1474 quidem,
1779 1436 1828 1466 sed
1838 1446 1959 1477 propter
1969 1440 2154 1469 memoriam

1198 1477 1296 1514 rerum
1306 1489 1318 1515 ι,
1329 1479 1400 1509 quas
1409 1470 1558 1512 gesserunt
1566 1483 1620 1513 pro
1629 1478 1733 1516 populi
1743 1480 1839 1508 Rom.
1852 1479 1986 1509 libertate
1996 1499 2005 1513 ,
2017 1479 2050 1509 δε
2061 1480 2152 1511 salute

1196 1517 1268 1549 reip.
1280 1512 1482 1550 mmuferoccs‚
1498 1514 1531 1544 &
1540 1516 1574 1545 ad
1585 1516 1667 1547 suam
1676 1519 1741 1548 vim
1753 1521 1859 1549 omnia
1868 1519 1969 1550 nostra·
1976 1519 2096 1552 consilia
2106 1532 2154 1552 re-

1193 1559 1342 1598 vocantes.
1366 1554 1474 1584 horum
1489 1566 1544 1597 ego
1561 1560 1777 1599 cogitationem
1794 1570 1858 1590 non
1876 1571 1997 1591 vereor:
2016 1563 2153 1603 impetum

1192 1595 1380 1642 pertimesco..
1405 1598 1479 1626 Haec
1486 1607 1606 1639 quoque
1614 1602 1744 1639 pericula
1754 1610 1832 1632 tanta
1842 1601 1861 1631 fi
1873 1601 2006 1643 effugero
2017 1624 2024 1637 ‚
2042 1605 2150 1636 satisne

1193 1641 1293 1664 tutum
1313 1635 1444 1667 reditum
1459 1642 1568 1678 putatis
1580 1639 1665 1671 fore?
1687 1642 1765 1673 Cum
1778 1645 1861 1673 enim
1875 1644 1907 1675 &
1917 1644 2011 1676 vestra
2019 1645 2151 1677 auetori-

1192 1683 1249 1705 tate
1259 1696 1267 1709 ,
1290 1676 1404 1724 &meo
1415 1687 1466 1709 me
1476 1691 1560 1711 more
1569 1681 1732 1714 defendero
1742 1705 1751 1719 ‚
1772 1685 1805 1715 δε
1817 1695 1915 1716 meam
1930 1685 2021 1718 fidem
2031 1689 2148 1728 reipub.

1188 1717 1446 1765 constantiamque
1455 1722 1637 1762 praestitero:
1656 1734 1721 1756 tum
1733 1736 1820 1757 erunt
1831 1729 1909 1757 mihi
1919 1738 1982 1758 non
1993 1730 2024 1759 hi
2034 1730 2147 1765 solum,

1210 1769 1240 1789 ui
1252 1761 1451 1808 menoderunt,
1464 1763 1513 1794 sed
1522 1765 1568 1795 illi
1579 1767 1680 1801 etiam,
1691 1770 1744 1809 qui
1755 1769 1883 1798 invident
1893 1790 1901 1802 ‚
1914 1771 2144 1803 eXtimescendi.

1190 1800 1378 1833 custodiatur
1386 1804 1477 1844 igitur
1486 1816 1553 1837 mea
1561 1809 1622 1838 vita
1631 1811 1703 1848 reip.
1715 1820 1806 1851 eaque
1816 1830 1825 1844 ‚
1836 1810 1933 1851 quoad
1945 1813 1991 1841 vel
2001 1813 2144 1854 dignitas,

1185 1843 1233 1872 vel
1243 1852 1346 1874 natura
1354 1853 1481 1884 patietur
1490 1867 1498 1880 ‚
1509 1851 1608 1887 patriae
1619 1851 1795 1881 reservetur:
1816 1861 1900 1882 mors
1908 1861 2008 1884 autem
2020 1854 2144 1885 neceffi-

1185 1891 1276 1914 tatem
1294 1885 1400 1932 habeat
1417 1886 1489 1922 fati,
1511 1898 1562 1920 aut
1572 1910 1581 1924 ‚
1601 1890 1621 1920 fi
1638 1892 1708 1922 ante
1727 1893 1893 1932 oppetenda
1905 1893 1948 1924 est
1957 1914 1966 1928 ,
1986 1905 2143 1936 oppetatur·

1183 1934 1252 1954 cum
1263 1926 1374 1975 gloria.x
1393 1930 1467 1975 Haec
1482 1929 1554 1960 cum
1571 1933 1611 1962 ita
1630 1931 1705 1966 finr,
1725 1933 1775 1964 etsi
1786 1935 1861 1964 hanc
1870 1935 2053 1976 legationem
2064 1939 2138 1979 resp.

1182 1974 1215 2013 ut
1233 1966 1378 2014 leviffime
1398 1968 1495 2000 dicam
1506 1991 1514 2004 ‚
1535 1982 1598 2002 non
1609 1972 1751 2005 desiderat
1761 1995 1769 2009 ‚
1790 1984 1889 2005 tamen
1902 1996 1910 2010 ,
1931 1975 2026 2008 strato
2036 1979 2139 2010 licebit

1179 2017 1222 2037 ire
1233 2027 1241 2040 ‚
1252 2007 1429 2056 proficiscar.
1452 2014 1593 2047 omnino,
1605 2017 1672 2045 P.C.
1684 2025 1783 2046 toturn
1792 2018 1914 2057 hujusce
1922 2021 1965 2049 rei
1976 2019 2135 2052 confilium

1182 2058 1247 2096 non
1258 2051 1392 2089 perrculo
1402 2061 1473 2083 meo
1482 2073 1490 2087 ,
1502 2054 1550 2084 sed
1561 2056 1688 2086 urilitate
1698 2059 1812 2098 reipub.
1823 2061 1938 2090 metiar.
1961 2061 1998 2091 de
2007 2072 2065 2102 qua
2075 2066 2136 2093 mi—

1179 2091 1210 2120 hl
1220 2093 1367 2131 quoniam
1379 2093 1508 2124 liberum
1520 2095 1560 2127 est
1570 2097 1694 2137 spatium
1706 2119 1715 2132 ‚
1727 2101 1860 2130 multum
1870 2103 1960 2132 etiam
1971 2122 1980 2136 ,
1995 2112 2081 2144 atque
2091 2113 2136 2134 et-

1177 2133 1237 2162 iam
1261 2133 1508 2167 considerandum
1527 2147 1600 2177 puto
1613 2159 1621 2172 ‚
1640 2140 1730 2180 idque
1748 2141 1935 2181 potiffitnuni
1944 2143 2134 2181 faciendum,

1177 2173 1260 2215 quod
1270 2176 1406 2208 maxime
1417 2178 1553 2209 interefi'e
1563 2181 1678 2222 reipub.
1686 2183 1868 2223 judicavero.

1861 2246 1928 2292 M.
1967 2246 2129 2297 TuL-

1208 2354 1221 2381 3
1231 2365 1237 2371 .
1257 2346 1349 2379 styra&
1357 2347 1399 2386 effi*
1407 2347 1478 2380 tum]
1501 2346 1664 2379 Coniectura
1674 2349 1710 2376 est
1720 2349 1830 2382 Ubaldi',
1840 2350 1883 2377 sed
1893 2351 2035 2379 admodum
2046 2362 2128 2389 appo-

1174 2380 1228 2407 fita.
1250 2390 1309 2408 nam
1322 2381 1400 2414 editi,
1412 2389 1441 2408 iit
1450 2385 1485 2409 ht.
1495 2383 1553 2409 mis.
1566 2386 1631 2410 uti1'.

1209 2424 1237 2450 4.
1255 2419 1325 2443 Nihil
1332 2419 1430 2451 cagitctic
1443 2425 1529 2451 prater
1539 2420 1674 2452 dignitatem
1685 2440 1693 2452 ‚
1712 2421 1777 2457 sim]
1799 2422 1993 2459 Reprtrsentaxi
2013 2424 2125 2460 scriptu-

1170 2462 1226 2479 ram
1245 2453 1313 2479 Pali.
1325 2454 1447 2480 oninium
1461 2474 1467 2485 ‚
1486 2455 1551 2481 item
1562 2455 1626 2482 olim
1637 2457 1771 2483 editorum
1783 2459 1941 2485 recentiores
1953 2458 2037 2492 ejesia
2049 2470 2125 2494 voce,

1167 2490 1285 2560 cogiterifsJ
1304 2488 1500 2525 distinxeram
1527 2493 1591 2519 nihil
1600 2499 1686 2526 μησεν
1703 2493 1766 2527 dign.
1784 2495 1812 2527 ὠ
1830 2494 1897 2521 decus
1913 2497 2050 2528 probaturos
2069 2498 2126 2535 effi*

1168 2532 1227 2552 certo
1258 2534 1299 2552 no.

1341 2962 1414 2990 liii
1434 2969 1446 2999 3
1973 2970 2113 2998 ister-im·
