2339 3379
371 154 580 208 Ense.
606 152 685 203 'AD
713 149 1370 212 SER.SU1.13‘1ciquE·r
1397 155 1730 215 CETEROS,
1755 159 1991 208 L1n.1V.

2106 161 2204 226 669

256 243 370 276 bellum
381 247 481 276 conati
494 245 580 278 sunt,
598 243 689 283 bique
701 242 727 272 se
740 242 772 271 in
784 240 915 272 Africam
926 243 1136 273 contulerunt:
1157 252 1206 273 aut
1243 251 1288 273 cat
1305 245 1316 272 ?
1339 242 1382 274 fin
1393 244 1645 286 qualemcumque
1659 245 1760 275 locum
1772 265 1782 279 ‚
1805 255 1871 286 quae
1889 244 1933 276 est
1949 242 2114 275 domestica
2135 245 2202 275 sede

253 288 513 327 quemadmodum
535 295 611 318 nos,
633 288 643 303 ¹
660 283 766 314 vidiori
776 284 833 314 sese
843 284 1203 330 credideruoncdium

251 329 403 369 quoddam
424 337 510 358 tuum
531 325 692 357 confilium
713 324 789 359 fuit,
807 328 859 366 qui
876 327 933 356 hoc
951 325 1066 356 fortasse
1080 326 1205 355 humilis

251 372 348 400 animi
359 370 496 400 duceres:
515 368 592 399 illud
603 389 612 403 ‚
620 369 797 407 'pertinacis
822 370 924 397 Fateor
937 388 944 401 ‚
955 368 1124 407 &plerisque
1135 386 1144 400 a
1155 367 1202 396 vel

253 410 350 441 dicam
369 411 404 441 ab
425 410 571 441 omnibus
584 430 592 444 ‚
616 410 731 449 sapiens
750 418 836 439 tuum
847 408 1023 439 confilium:
1045 409 1061 439 a
1076 409 1200 441 multis,

248 454 339 482 etiam
362 454 483 492 magni,
502 462 535 482 ac
555 451 642 481 fortis
658 452 753 480 animi
769 451 949 491 judicatum.
971 450 1028 481 Sed
1049 450 1135 480 habet
1149 449 1202 479 ista

247 495 324 524 ratio
336 514 344 527 ‚
366 503 399 524 ut
416 493 627 534 mibiquidem
639 493 773 526 videtur,
793 492 943 533 quendam
955 492 1082 522 modum
1101 502 1106 520 :
1126 501 1200 531 prae-

247 534 350 565 strtim
368 534 440 566 cum
460 535 516 566 tibi
532 536 611 565 nihil
633 533 904 564 deess'carbitrerad
916 533 1200 564 tuasfortunasom-

244 577 313 606 neis
335 576 531 612 obtinendas,
552 586 658 618 praeter
666 576 867 606 voluntatem.
889 577 1027 607 Sicenim
1041 575 1178 606 intellexi
1190 594 1198 608 ‚

245 618 324 647 nihil
342 619 422 649 aliud
442 618 500 649 efl'e
522 639 530 653 ‚
552 619 635 660 quod
658 618 881 648 dubitationem
901 615 1017 647 afferret
1038 620 1086 650 ei,
1108 626 1199 656 penes

244 668 336 700 quem
347 660 522 700 estpotestas
533 681 541 694 ‚
565 659 619 691 nisi
628 659 709 701 quod
720 668 882 693 vereretur,
904 668 941 688 ne
953 668 984 688 tu
997 659 1073 688 illud
1085 657 1198 688 benefi-

243 704 328 732 cium
349 705 480 733 omnino
503 713 568 733 non
585 711 709 742 putares.
733 704 780 730 De
799 710 859 741 quo
868 700 942 740 quid
953 700 1077 730 sentiam
1091 719 1099 732 ,
1120 700 1198 729 nihil

242 744 349 773 attinet
358 744 454 774 dicere
468 756 473 773 z
486 744 557 774 cum
570 753 713 784 appareat,
726 743 788 782 ipse
796 741 868 782 quid
876 741 1008 770 fecerim.
1033 740 1087 771 Sed
1099 750 1198 770 tamen

242 782 265 813 fi
282 785 345 824 jam
366 787 405 817 ita
421 785 641 819 constituisses,
662 781 796 814 utabeffe
805 791 949 822 perpetuo
960 782 1065 811 malles
1077 802 1085 814 ,
1106 782 1197 822 quam

241 835 294 860 ea,
315 837 380 867 qua:
399 828 515 861 nolles,
534 827 637 857 videre
651 834 770 855 :tamen
788 823 820 853 id
832 825 959 864 cogitare
968 823 1088 853 deberes
1100 843 1108 857 ‚
1129 824 1197 853 ubi-

241 876 372 909 cumque
383 868 455 899 ess‘es
465 889 473 903 ‚
499 878 526 898 te
535 867 600 898 fore
610 869 641 896 in
653 876 715 905 ejus
726 864 815 903 ipsius
831 885 839 898 ,
856 874 947 905 quern
958 864 1073 905 fugeres
1082 885 1090 898 ‚
1111 875 1196 905 pote-

240 908 330 940 state:
350 913 402 951 qui
420 909 441 940 fi
458 909 547 940 facile
563 907 696 949 passurus
717 905 788 937 efiet
799 926 807 939 ‚
829 915 856 936 te
866 916 1015 937 carentem
1027 909 1118 946 patria
1130 927 1138 940 ,
1164 908 1195 937 ὃς

237 949 371 981 fortunis
391 954 468 985 tuis,
487 951 588 992 quiete
600 948 735 979 &libere
747 950 864 978 vivere:
882 948 1076 988 cogitandum
1089 949 1143 978 tibi
1156 958 1195 978 ta-

239 1002 313 1022 men
324 992 395 1023 efl'et
404 1013 413 1027 ,
425 992 576 1023 Romaene
590 991 623 1021 &
633 990 719 1020 domi
730 999 797 1023 tuae‚
808 990 980 1029 cujusmodi
995 1000 1038 1019 res
1049 989 1136 1021 ess'et:
1157 1000 1194 1020 an

238 1035 463 1074 Mytilenis,aut
471 1033 575 1064 Rhodi
589 1033 695 1063 malles
704 1033 817 1062 vivere.
839 1032 895 1062 Sed
905 1030 976 1062 cum
987 1033 1027 1062 ita
1037 1032 1092 1062 late
1102 1041 1196 1072 pateat

235 1076 301 1114 ejus
309 1075 447 1115 potestas,
462 1085 553 1116 quem
564 1084 716 1107 veremur,
728 1083 759 1104 ut
769 1082 911 1104 terrarum
921 1074 1026 1104 orbem
1037 1076 1194 1114 complexa

237 1115 289 1147 fit:
308 1127 412 1147 nonne
436 1119 532 1147 mavis
544 1116 604 1146 fine
613 1116 747 1156 periculo
760 1115 847 1144 domi
857 1124 915 1146 tuae
924 1113 981 1145 effe
993 1135 1000 1148 ,
1021 1115 1112 1156 quin-n
1123 1126 1192 1146 cum

231 1158 367 1199 periculo
381 1160 483 1189 alienae
497 1163 508 1188 ?
528 1159 678 1199 Equidem
690 1177 698 1191 ,
708 1159 796 1187 etiam
807 1155 827 1186 fi
842 1157 1010 1197 oppetenda
1020 1167 1102 1187 mors
1111 1157 1192 1192 effer,

235 1200 321 1230 domi
334 1220 343 1233 ‚
363 1209 448 1241 atque
468 1203 502 1231 in
520 1203 612 1240 patria
623 1200 746 1229 mallem
759 1218 768 1231 ‚
788 1198 878 1239 quam
892 1201 924 1228 in
933 1202 1085 1232 externis,
1107 1208 1193 1241 atque

232 1242 341 1272 ahenis
351 1242 435 1272 locis.
460 1245 529 1273 Hoc
539 1242 620 1272 idern
632 1250 740 1270 omnes
751 1261 759 1274 ,
781 1249 872 1280 quite
882 1240 1012 1280 diligunt
1022 1261 1030 1274 ,
1043 1242 1192 1271 sentiunt:

231 1293 362 1324 quorum
373 1284 416 1314 est
427 1295 533 1324 magna
550 1304 557 1317 ,
578 1293 632 1323 pro
643 1285 702 1313 mis
716 1283 860 1312 maximis
876 1302 884 1316 ,
901 1281 1123 1323 clariffimisque
1133 1286 1193 1313 vir-

232 1325 348 1355 tutibus
359 1345 367 1359 ,
389 1326 565 1356 multitudo.
590 1325 745 1355 Habemus
754 1333 844 1353 etiam
855 1326 1002 1354 rationem
1012 1327 1054 1353 rei
1064 1326 1193 1355 iamilia-

233 1368 276 1397 xis
296 1377 351 1397 tuae
362 1388 370 1402 ,
392 1378 481 1408 quam
495 1366 621 1407 diffipari
634 1367 787 1396 nolumus.
811 1367 892 1395 Nam
903 1363 954 1395 etsi
968 1366 1083 1395 nullam
1095 1366 1192 1406 potest

229 1410 363 1447 accipere
389 1410 532 1447 injuriam
553 1428 562 1442 ‚
591 1418 656 1448 quae
672 1406 930 1446 futuraperpetua
948 1405 981 1437 fit
1002 1418 1008 1437 :
1037 1411 1190 1448 propterea

233 1449 318 1490 quod
334 1460 430 1491 neque
441 1452 466 1480 is
480 1471 489 1484 ‚
512 1450 913 1491 quitenetremppatietur,
938 1451 1188 1490 nequeipsaresp.

233 1500 335 1521 tamen
354 1493 505 1532 impetum
516 1491 693 1532 praedonum
705 1492 737 1519 in
747 1499 810 1520 tuas
820 1488 954 1520 fortunas
966 1490 1029 1520 fieri
1040 1493 1123 1521 nolo.
1147 1494 1189 1522 Hi

228 1541 333 1563 autem
348 1535 401 1573 qui
412 1532 506 1564 ess'ent
517 1553 525 1567 ‚
536 1533 676 1564 auderem
688 1531 825 1565 scribere,
835 1530 891 1562 nisi
902 1541 929 1562 te
939 1533 1106 1574 intelligere
1117 1544 1190 1564 con·

229 1573 365 1604 fiderem.
391 1574 449 1605 Hic
468 1584 496 1605 te
507 1577 596 1605 unius
605 1573 823 1604 sollicitudines
835 1594 843 1607 ‚
864 1576 954 1604 unius
963 1576 1051 1605 etiam
1065 1577 1168 1606 multa:
1180 1597 1188 1609 ‚

229 1616 264 1647 &
276 1615 392 1647 affiduae
401 1620 537 1657 lacryma:
548 1620 581 1648 C.
594 1616 728 1646 Marcelli
744 1635 754 1649 ‚
770 1615 869 1646 fratris
880 1618 988 1656 optimi
1001 1637 1010 1650 ,
1030 1617 1189 1658 deprecan-

226 1667 276 1688 tur
287 1669 293 1687 :
305 1668 361 1688 nos
369 1669 437 1690 cura
448 1680 457 1693 ,
482 1659 515 1689 &
527 1659 636 1690 dolore
646 1659 780 1699 proximi
793 1658 856 1688 ssim
862 1667 894 1687 us
905 1668 911 1686 :
931 1660 1068 1698 precibus
1079 1659 1186 1691 tardio-

226 1709 285 1733 res,
298 1701 382 1741 quod
390 1702 441 1740 jus
451 1701 600 1736 adeundi,
613 1704 627 1720 ²
638 1699 710 1730 cum
721 1698 775 1740 ipfi
784 1699 994 1740 deprecatione
1005 1704 1188 1743 eguerimus,

227 1751 294 1772 non
317 1742 474 1773 habemus.
499 1745 600 1774 Gratia
619 1751 734 1773 tantum
749 1740 909 1782 possumus
920 1763 929 1776 ,
946 1753 1092 1784 quantum
1105 1743 1187 1774 visti.

223 1783 282 1813 Sed
294 1790 398 1815 tamen
408 1783 546 1819 confilio,
559 1784 672 1817 studio,
688 1784 833 1815 Marcello
843 1794 907 1814 non
916 1784 1069 1815 desumus.
1094 1789 1121 1816 A
1131 1789 1189 1817 tuis

224 1824 351 1866 reliquis
364 1836 429 1857 non
439 1827 618 1857 adhibemur
629 1837 634 1856 2
644 1826 680 1857 ad
690 1827 794 1857 omnia
801 1828 892 1867 parati
902 1827 1015 1857 sumus.
1039 1828 1124 1858 Vale.

399 1884 492 1914 MT.
506 1886 537 1914 C.
559 1886 640 1915 s.D·.
663 1885 1015 1914 MMARCELLO.

328 1935 352 1963 E
362 1941 415 1973 Q
423 1943 443 1962 E.
461 1943 587 1963 monere
597 1943 625 1964 te
635 1933 800 1974 audeo‚prae
806 1933 892 1964 stanti
902 1933 1060 1974 prudentia
1070 1933 1180 1965 virum:

327 1985 382 2005 nec
393 1974 584 2009 confirmare,
597 1976 724 2005 maximi
733 1976 829 2005 animi
838 1976 999 2006 hominem
1011 1996 1020 2009 ‚
1041 1979 1058 2003 3
1074 1986 1186 2007 unum-

223 2026 282 2056 que
300 2015 495 2047 fortiffimum
508 2027 514 2046 :
533 2017 680 2047 consolari
691 2015 764 2047 vero
774 2018 862 2047 nullo
875 2016 979 2048 modo.
1003 2020 1085 2048 Nam
1099 2016 1119 2047 fi
1129 2028 1161 2048 ea
1177 2039 1185 2052 ,

221 2067 288 2098 quae
300 2058 470 2089 acciderunt
479 2078 492 2093 „
508 2061 547 2089 ita
555 2058 613 2089 fers
624 2079 633 2093 ‚
654 2067 687 2089 ut
695 2059 784 2090 audio
796 2080 804 2093 ‚
824 2059 961 2101 gratulari
970 2061 1066 2102 magis
1080 2061 1183 2090 virtuti

221 2099 318 2130 debeo
329 2120 339 2133 ‚
363 2100 452 2141 quam
474 2102 621 2131 consolari
642 2100 781 2131 dolorem
805 2109 903 2131 tuum.
924 2099 967 2131 fin
982 2110 1009 2131 te
1019 2110 1096 2132 tanta
1106 2101 1184 2132 mala

218 2141 292 2181 reip.
313 2141 470 2183 frangunt:
490 2151 554 2172 non
573 2144 613 2172 ita
629 2142 750 2172 abundo
768 2144 893 2182 ingenio
907 2163 915 2177 ,
945 2152 978 2174 ut
989 2152 1017 2174 te
1026 2144 1182 2178 consoler,

217 2181 292 2213 cum
312 2184 372 2223 ipse
393 2193 441 2213 me
452 2193 515 2213 non
525 2182 642 2224 possim.
667 2184 833 2225 Reliquum
843 2183 885 2214 est
893 2185 1001 2224 igitur,
1023 2195 1056 2214 ut
1064 2185 1120 2214 tibi
1133 2195 1184 2215 me

219 2225 254 2254 in
264 2227 353 2254 omni
363 2235 393 2255 re
403 2235 472 2255 eum
482 2226 630 2266 praebeam
641 2245 649 2259 ‚
668 2225 864 2267 praesternque
873 2246 881 2259 ,
894 2235 927 2255 nt
936 2226 971 2256 ad
982 2227 1086 2256 omnia
1097 2246 1105 2260 ,
1117 2236 1183 2268 quae

220 2267 266 2295 tui
275 2267 372 2297 velint
383 2287 392 2300 ,
415 2271 432 2293 4
441 2269 480 2297 ita
489 2265 578 2297 adsim
589 2266 696 2307 praesto
707 2287 715 2301 ‚
729 2277 761 2298 ut
770 2278 820 2298 me
830 2278 894 2297 non
907 2267 1005 2297 solum
1017 2270 1122 2298 omnia
1131 2269 1183 2298 de—

221 2306 293 2338 bere
312 2315 361 2339 tua
379 2309 482 2342 causa,
504 2308 553 2339 sed
571 2319 605 2339 ea
627 2319 768 2350 quoque,
790 2311 880 2339 etiam
899 2319 965 2349 quae
979 2319 1042 2340 non
1053 2308 1158 2350 poffim
1172 2330 1180 2344 ‚

215 2357 333 2390 putem·
363 2350 445 2380 Illud
463 2359 566 2381 tamen
583 2352 632 2381 vel
652 2361 684 2381 tu
702 2361 752 2381 me
777 2350 947 2385 monuisse,
971 2352 1020 2382 vel
1037 2350 1182 2382 censuisse

216 2400 289 2431 puta
301 2412 315 2425 2
327 2392 376 2422 vel
394 2402 513 2433 propter
524 2393 762 2423 benivolentiam
773 2401 867 2423 tacere
882 2403 945 2423 non
957 2391 1102 2434 potuisse:
1127 2403 1161 2424 ut
1171 2414 1179 2428 ,

217 2432 301 2474 quod
321 2443 378 2475 ego
396 2433 476 2465 facio
488 2455 497 2469 ‚
519 2444 550 2465 tu
565 2445 685 2477 quoque
694 2437 833 2465 animum
845 2434 969 2466 inducas
985 2446 990 2464 :
1010 2433 1181 2476 fifitaliqua

217 2475 292 2515 resp.
313 2476 348 2506 in
357 2485 390 2506 ea
399 2484 427 2506 te
436 2475 493 2507 effe
503 2487 638 2517 oportere
650 2497 659 2511 ,
677 2477 794 2517 judicio
806 2478 984 2511 hominum,
998 2487 1087 2518 reque
1097 2480 1180 2518 prin-

214 2517 319 2556 cipem
327 2537 336 2550 ,
357 2516 521 2549 necestitate
531 2519 689 2549 cedentem
700 2522 844 2560 tempori:
867 2518 911 2549 sm
921 2528 1020 2550 autem
1031 2520 1116 2550 nulla
1126 2518 1159 2549 si:
1170 2540 1178 2553 ‚

214 2558 299 2588 hunc
321 2567 423 2589 tamen
439 2559 619 2600 aptiffimum
628 2560 685 2591 effe
698 2564 788 2591 etiarn
799 2561 833 2591 ad
845 2561 1047 2592 exsulandum
1057 2561 1175 2591 iocum.

211 2601 244 2631 Si
255 2602 338 2631 enirn
347 2601 514 2633 liberta—tem
533 2603 686 2644 sequimur
701 2614 706 2632 :
724 2605 777 2644 qui
788 2603 874 2633 locus
884 2604 943 2634 hoc
953 2603 1114 2634 dominatu
1123 2613 1177 2633 va-

250 2742 276 2760 1.
299 2736 387 2760 lsai-‘ori
398 2736 445 2769 fist
464 2737 640 2772 crediderunt]
661 2739 703 2764 lta
722 2746 755 2764 ex
776 2736 828 2763 suis
838 2737 993 2764 Vid'torius:
1017 2738 1088 2774 quod
1099 2748 1172 2765 rece-

212 2776 311 2827 ferunt
320 2771 464 2798 Lambinus
483 2782 512 2798 ac
523 2773 678 2799 Manutius:
701 2773 831 2809 restatque
841 2774 905 2800 item
926 2774 952 2800 in
962 2775 1100 2801 Vaticano.
1125 2785 1173 2802 nec
1195 2800 1197 2807 .

225 2812 241 2828 o

243 2809 291 2845 nge
309 2806 406 2834 abeunt
418 2808 475 2834 Pal.
486 2809 572 2844 quint.
585 2810 612 2835 &
623 2811 707 2836 Grut.
727 2810 772 2845 qui
789 2812 893 2836 «vibrans
902 2810 942 2844 effe
952 2811 1110 2837 crediderunt.
1130 2820 1174 2837 ce-

216 2845 264 2865 teri
277 2850 366 2869 omnes
377 2853 436 2870 cum
450 2845 575 2880 vulgatis,
580 2845 606 2878 se
615 2847 691 2871 numos
702 2847 742 2879 effe
751 2847 909 2872 crediderunt.

249 2883 278 2901 2.
296 2880 352 2903 Cum
369 2882 411 2914 ipſs
426 2881 585 2913 deprecatione
603 2881 766 2915 eguerin1m.]
796 2882 839 2908 bic
857 2883 891 2909 est
915 2882 941 2909 in
961 2882 1084 2910 omnibus
1103 2882 1172 2909 Pan.

213 2908 386 2949 Grut.1’eck.
405 2915 522 2943 editione
539 2918 659 2945 omnium
677 2917 863 2946 vetustiffima:
886 2928 972 2955 neque
989 2919 1069 2946 aliter
1088 2918 1173 2946 edidit

213 2944 357 2976 VrCtorius.
380 2951 460 2987 vulgo
473 2953 628 2986 deprecatore.

213 3016 218 3020 Π
249 2989 276 3015 3.
298 2985 415 3024 Unumque
425 2990 598 3023 fhrtiffinmm]
619 2989 784 3017 Itawvifiorii
795 2989 878 3018 editio
891 3011 898 3022 ‚
917 2992 954 3018 ita
965 2991 1023 3017 Pal.
1037 3000 1077 3027 pr.
1090 2991 1170 3027 itique

210 3023 275 3056 item
287 3027 320 3044 ex
330 3019 419 3056 aliquo
431 3030 482 3049 vet.
493 3024 552 3050 cod.
563 3025 673 3066 adnotsst
685 3027 815 3053 Gulielm.
841 3036 912 3054 certe
924 3027 1003 3054 unico
1015 3028 1099 3053 Pal-it.
1111 3029 1169 3061 plus

210 3052 300 3080 tribuo
311 3064 387 3090 quam
398 3058 519 3086 omnibus
530 3061 722 3088 Lambiumis.
744 3063 826 3099 vulgo
837 3067 963 3098 virumque
975 3065 1132 3096 firnffimum.

242 3096 271 3122 4·
293 3092 322 3114 Ul
331 3091 483 3125 adfimpraesfo
495 3114 503 3127 ‚
521 3103 548 3120 ut
556 3106 591 3122 me
599 3107 644 3124 mn
657 3099 731 3131 Jblum
741 3103 818 3125 omnia
827 3100 906 3125 debere
915 3100 960 3126 tua'
967 3112 975 3132 ,-
990 3100 1035 3132 Ji'd
1044 3109 1071 3124 ca
1081 3109 1168 3133 :suoque
1189 3127 1190 3131 Ἰ

205 3127 288 3157 “sams
302 3136 350 3160 Ῥω
359 3131 483 3162 nonpoffim
493 3150 502 3162 ,
517 3134 622 3168 putem]
646 3134 798 3161 Emaculavi
812 3135 881 3162 hunc
892 3136 980 3161 locum
995 3155 1002 3167 ,
1013 3136 1038 3161 in
1052 3136 1167 3171 vulgatis

205 3161 274 3201 male
286 3171 420 3198 acceptum
439 3174 487 3200 cpe
498 3168 614 3202 quinque
626 3169 692 3196 Pall.
705 3172 787 3197 Grut.
810 3171 958 3198 editionum
978 3172 1070 3207 primm
1082 3181 1110 3198 ac
1121 3172 1166 3197 Vi·
1188 3173 1190 3200 ζ

201 3195 342 3227 &omme-
362 3208 421 3228 nam
433 3202 503 3236 adsim
524 3205 625 3239 nouſsm
643 3205 713 3235 Pau.
727 3214 852 3242 quatuor.
870 3208 957 3244 prima
977 3207 1060 3236 enutio
1073 3227 1081 3242 ‚
1100 3210 1166 3244 afim.
1188 3208 1190 3244 J

1243 285 1423 322 iucundior?
1443 286 1499 317 Sed
1525 289 1602 317 mihi
1621 287 1708 318 crede
1720 307 1728 320 ‚
1750 289 1839 317 etiam
1855 289 1879 317 is
1890 307 1898 320 ‚
1918 288 2084 327 quiomnia
2093 295 2174 317 tenet
2188 305 2198 320 ‚

1241 325 1320 355 favet
1333 329 1482 368 ingeniis:
1504 329 1693 359 nobilitatem
1705 327 1789 362 vero,
1802 329 1834 358 &
1844 329 2002 370 dignitates
2013 329 2175 358 hominurn
2186 347 2196 362 2

1240 376 1385 406 quantum
1399 372 1480 399 eires
1490 389 1498 402 ‚
1521 369 1904 410 &ipfiuscausaconcedit,
1917 370 2116 410 ampleetjtur.
2140 369 2198 401 Sed

1240 408 1321 447 plura
1332 429 1340 442 ,
1361 410 1451 449 quam
1464 410 1631 445 statueram.
1654 412 1760 442 Redeo
1770 422 1839 453 eigo
1849 413 1884 442 ad
1897 422 1994 442 unum
2005 412 2079 441 illud
2090 431 2098 445 ‚
2120 415 2132 438 ἲ
2143 421 2193 442 me

1240 458 1324 478 tuum
1337 450 1404 484 effe,
1415 451 1479 481 fore
1489 462 1560 482 cum
1571 455 1639 485 tuis,
1652 452 1671 481 sl
1684 453 1778 483 modo
1790 463 1876 483 erunt
1885 456 1946 484 tui:
1968 452 1988 483 fi
1998 451 2102 483 minus
2113 474 2120 486 ‚
2141 463 2192 483 me

1238 492 1315 520 certe
1328 492 1361 520 in
1372 494 1516 523 omnibus
1528 494 1613 524 rebus
1625 494 1689 524 satis
1701 495 1808 526 nostra:
1818 494 2033 536 conjunstioni
2044 516 2053 530 ‚
2079 497 2192 526 amori-

1237 530 1462 572 quefadiurum.
1486 535 1569 565 Vale.

1399 591 1446 620 M.
1462 592 1548 622 T.C.
1571 596 1650 623 S.D.
1674 597 1717 624 M.
1741 597 2036 626 MARCELLO.

1239 638 1364 713 ETs
1377 651 1387 670 1
1406 643 1558 680 perpaucis
1576 643 1642 673 ante
1663 645 1767 674 diebus
1786 646 1926 676 dederam
1945 650 1982 688 Q
1994 646 2099 677 Mucio
2110 646 2191 676 litte-

1313 692 1369 715 ras,
1381 683 1416 712 ad
1428 692 1454 712 te
1464 683 1598 722 pluribus
1607 686 1706 715 verbis
1717 687 1954 728 scriptas‚quibus
1965 689 2191 722 declaraveram,

1237 732 1296 762 quo
1317 733 1342 753 te
1361 726 1465 755 animo
1477 725 1627 755 censerem
1643 725 1700 756 ess'e
1716 738 1850 766 oportere
1863 749 1870 762 2
1892 730 2005 770 &quid
2016 729 2192 760 tibifacien—

1235 764 1308 793 dum
1327 765 1498 796 arbitrarer:
1517 775 1637 800 tamen,
1663 778 1734 797 cum
1752 771 1959 809 Theophilus,
1986 772 2109 801 libertus
2121 781 2190 802 tuus

1234 805 1489 844 proficisceretur,
1509 810 1594 844 cuius
1616 819 1672 850 ego
1693 808 1783 840 fidem
1796 821 1860 851 erga
1869 821 1913 845 te,
1935 813 2190 844 ὺεηὶνοέεῃῑίπη-

1236 857 1292 887 que
1301 849 1519 888 perspexeram,
1535 848 1595 880 fine
1607 853 1682 880 meis
1693 851 1800 882 litteris
1814 863 1883 882 eum
1894 854 1928 883 ad
1940 863 1967 884 te
1978 857 2079 884 venire
2089 856 2187 885 nolui.

1234 888 1344 919 iisdem
1363 891 1454 930 igitur
1470 890 1506 921 de
1523 891 1611 921 iebus
1630 895 1720 923 etiam
1732 903 1818 934 atque
1828 894 1919 924 etiam
1940 896 2059 930 hortor,
2079 897 2189 937 quibus

1234 930 1434 971 superioribus
1454 933 1561 963 litteris
1580 934 1712 965 hortatus
1730 936 1813 965 ssim:
1835 945 1867 966 ut
1882 938 1954 967 inea
1965 947 2022 976 rep.
2035 948 2188 978 quaecum-

1233 982 1291 1012 que
1301 972 1343 1003 est
1355 994 1362 1007 ‚
1383 973 1472 1014 quam
1484 973 1621 1014 primum
1632 977 1708 1006 velis
1721 976 1789 1007 esse.
1814 978 1912 1008 Multa
1922 978 2038 1009 videbis
2049 979 2166 1010 fortasse
2177 1000 2188 1013 ‚

1232 1024 1298 1054 quae
1319 1015 1418 1044 nolis:
1443 1026 1507 1046 non
1516 1017 1600 1056 plura
1611 1026 1728 1052 tamen,
1748 1019 1837 1059 quim
1848 1019 1931 1050 audis
1940 1020 2089 1061 quotidie.
2112 1023 2187 1052 Non

1232 1055 1273 1085 est
1282 1055 1373 1096 porro
1389 1066 1473 1087 tuum
1488 1079 1497 1091 ‚
1520 1068 1583 1088 uno
1594 1060 1678 1089 sensu
1689 1061 1786 1091 solum
1799 1063 1958 1092 oculorum
1967 1064 2084 1092 moveri
2096 1073 2101 1091 ·.
2115 1063 2188 1093 cum

1231 1097 1313 1128 idem
1334 1098 1410 1129 illud
1427 1099 1548 1129 auribus
1572 1103 1714 1141 percipias
1733 1123 1740 1136 ,
1769 1102 1852 1143 quod
1870 1105 1961 1134 etiam
1979 1104 2076 1144 majus
2094 1104 2190 1134 videri

1232 1139 1326 1174 solet,
1349 1140 1455 1170 minus
1473 1141 1613 1172 laborare.
1638 1144 1742 1174 Attibi
1753 1143 1805 1185 ipsi
1815 1145 1976 1175 dicendum
1991 1148 2046 1176 erit
2055 1146 2166 1187 aliquid
2179 1165 2188 1179 ,

1232 1182 1313 1222 quod
1324 1192 1389 1213 non
1400 1183 1506 1213 sentias
1521 1194 1527 1212 2
1546 1193 1595 1214 aut
1605 1183 1775 1216 faciendum
1786 1206 1794 1220 ‚
1815 1187 1897 1228 quod
1908 1197 1971 1217 non
1980 1187 2097 1227 probes.
2123 1190 2189 1218 Pri-

1234 1232 1320 1253 mum
1330 1235 1350 1253 rr
1361 1234 1382 1254 E
1392 1234 1417 1254 M
1428 1235 1445 1254 P
1456 1236 1474 1255 o
1484 1236 1506 1254 R
1521 1236 1532 1255 1
1545 1226 1658 1260 cedere,
1669 1227 1699 1257 id
1710 1227 1763 1261 est,
1776 1227 1935 1259 neceffitati
1948 1229 2059 1269 parere,
2072 1229 2188 1269 semper

1233 1266 1370 1305 sapientis
1388 1265 1431 1297 est
1450 1267 1596 1297 habitum.
1611 1268 1719 1299 deinde
1730 1280 1794 1300 non
1804 1270 1891 1301 habet
1902 1291 1910 1304 ‚
1930 1280 2053 1301 utnunc
2062 1271 2187 1312 quidem

1230 1307 1292 1340 est,
1312 1307 1342 1338 id
1361 1309 1428 1338 vitii
1448 1319 1502 1338 res.
1526 1311 1635 1339 Dicere
1645 1310 1784 1345 sortass'e,
1805 1322 1871 1352 quae
1884 1312 2008 1347 sentias,
2028 1313 2186 1343 nonlicet:

1231 1358 1324 1379 tacere
1346 1350 1433 1389 plane
1454 1351 1532 1381 licet.
1556 1354 1667 1383 Omnia
1688 1363 1772 1383 enim
1792 1353 1887 1384 delata
1905 1355 1940 1384 ad
1953 1364 2048 1384 unum
2059 1354 2133 1384 sunt.
2159 1356 2192 1385 Is

1233 1394 1324 1421 utitur
1343 1391 1468 1422 consilio
1482 1413 1490 1426 ‚
1515 1403 1553 1423 ne
1574 1394 1695 1424 suorum
1707 1396 1830 1436 quidem
1845 1416 1854 1429 ‚
1874 1396 1921 1426 sed
1932 1397 1995 1426 suo.
2018 1396 2109 1435 QOd
2121 1406 2185 1426 non

1232 1434 1329 1463 multo
1343 1434 1423 1464 secus
1436 1433 1536 1469 fieret,
1550 1434 1570 1465 fi
1581 1438 1606 1465 is
1620 1446 1712 1476 remp.
1724 1446 1854 1472 teneret,
1865 1448 1956 1478 quem
1968 1437 2059 1468 secuti
2073 1438 2187 1468 sumus.

1231 1478 1278 1504 An
1293 1495 1303 1508 ‚
1323 1478 1375 1516 qui
1386 1478 1418 1505 in
1429 1476 1520 1511 bello,
1537 1487 1605 1507 cum
1615 1478 1907 1509 omnium-nostrum
1921 1478 2120 1519 conjunfimm
2132 1478 2189 1509 effe

1229 1521 1396 1555 periculum
1408 1518 1461 1548 suo
1475 1528 1608 1548 cerneret
1617 1539 1624 1552 ‚
1635 1529 1785 1550 certorum
1795 1522 1960 1551 hominum
1975 1520 2107 1550 minime
2117 1530 2187 1560 pru-

1229 1558 1367 1589 dentium
1381 1559 1507 1590 consilio
1521 1570 1668 1595 uteretur,
1689 1572 1759 1592 eum
1770 1565 1865 1603 magis
1873 1572 2074 1592 communem
2085 1562 2189 1592 cense-

1229 1610 1297 1629 mus
1320 1602 1351 1630 in
1373 1600 1501 1632 vidior-ia
1519 1602 1655 1635 futurum
1676 1602 1763 1633 fuiffe
1783 1624 1803 1637 ‚.
1820 1602 1933 1645 ⁶'quam
1956 1605 2076 1634 incertis
2098 1603 2190 1634 rebus

1228 1640 1346 1672 fuisset?
1369 1643 1414 1677 δε,
1426 1645 1478 1684 qui
1488 1654 1554 1678 nec,
1563 1652 1590 1674 te
1601 1645 1723 1675 consule
1736 1665 1744 1679 ‚
1756 1653 1844 1675 tuum
1854 1644 2102 1685 sapientiffimum
2111 1655 2189 1676 con—

1228 1682 1328 1714 filium
1337 1684 1454 1715 secutus
1465 1684 1537 1716 effet
1546 1696 1635 1720 ³mec,
1646 1685 1733 1717 fratre
1743 1697 1796 1717 tuo
1807 1687 1997 1718 consulatum
2007 1697 2046 1718 ex
2055 1686 2189 1718 anaori-

1228 1734 1284 1756 tate
1299 1736 1348 1756 tua
1358 1736 1489 1768 gerente,
1501 1728 1589 1758 vobis
1598 1728 1770 1759 austoribus
1785 1731 1827 1760 uti
1839 1729 1979 1764 voluerit,
1989 1739 2071 1760 nunc
2081 1731 2189 1760 omnia

1227 1777 1381 1799 tenentem
1392 1789 1401 1803 ,
1420 1769 1532 1800 nostras
1553 1771 1713 1801 sententias
1721 1769 1952 1802 defidemturum
1963 1771 2064 1801 censes
2072 1769 2158 1801 fuiss‘e
2174 1775 2188 1801 ἓ

1228 1820 1246 1840 o
1259 1820 1318 1840 MN
1331 1821 1343 1841 1
1357 1820 1379 1841 Α
1406 1812 1475 1841 sunt
1507 1813 1613 1842 misera
1637 1813 1671 1842 in
1694 1812 1782 1843 bellis
1800 1812 1952 1843 civilibus.
1971 1822 2036 1854 quae
2056 1814 2186 1853 majores

1228 1852 1321 1882 nostri
1335 1863 1380 1890 ¹ne
1399 1853 1491 1883 semel
1508 1853 1650 1894 quidem:
1670 1853 1769 1884 nostra
1785 1864 1853 1885 aetas
1864 1854 1938 1894 saepe
1949 1855 2008 1893 jam
2019 1853 2116 1884 senfit.
2134 1855 2184 1885 sed

1228 1894 1366 1923 miserius
1377 1895 1559 1936 nihil,quam
1571 1895 1632 1935 ipsa
1641 1895 1767 1926 vio‘horia
1780 1906 1784 1924 :
1795 1906 1860 1936 quae
1871 1894 1985 1926 etiamfi
1994 1895 2028 1926 ad
2039 1897 2183 1927 meliores

1227 1936 1311 1965 venit
1323 1955 1332 1969 ‚
1351 1944 1451 1965 tamen
1468 1946 1518 1966 eos
1528 1937 1606 1976 ipsos
1617 1935 1797 1970 ferociores,
1817 1938 2106 1978 impotentioresque
2115 1938 2184 1968 red-

1226 1975 1288 2006 dit:
1304 1987 1354 2011 ot,
1378 1975 1491 2008 etiamsi
1509 1986 1614 2008 natura
1631 1979 1703 2008 tales
1719 1988 1782 2008 non
1793 1977 1866 2012 suit,
1885 1976 2051 2009 necessitate
2059 1977 2116 2009 effe
2129 1989 2182 2010 co-

1222 2027 1344 2058 gantur.
1362 2028 1389 2048 M
1399 2029 1421 2050 U
1433 2029 1453 2048 L
1464 2030 1483 2049 T
1495 2028 1516 2048 Α
1537 2021 1622 2049 enim
1639 2019 1751 2050 vietori
1761 2030 1868 2050 eorum
1878 2020 2002 2051 arbitrio
2013 2041 2022 2055 ‚
2043 2030 2094 2060 per
2104 2031 2182 2062 quos

1223 2061 1296 2090 vicit
1306 2081 1314 2093 ,
1326 2061 1416 2090 etiam
1428 2062 1525 2091 invito
1539 2081 1547 2094 ‚
1561 2059 1696 2092 facienda
1705 2063 1782 2092 sunt.
1806 2066 1854 2092 An
1866 2071 1896 2092 tu
1906 2072 1969 2092 non
1980 2063 2103 2093 videbas
2113 2073 2182 2093 me-

1222 2111 1292 2131 cum
1304 2101 1391 2132 fimul
1404 2123 1412 2136 ‚
1425 2102 1516 2143 quam
1528 2103 1578 2133 illa
1587 2103 1718 2134 crudelis
1727 2102 1798 2134 effet
1809 2103 1908 2134 futura
1916 2103 2046 2134 wileria
2057 2108 2070 2133 ?
2087 2106 2180 2145 igitur

1221 2152 1292 2174 tunc
1303 2153 1424 2185 quoque
1434 2146 1522 2184 patria
1532 2154 1641 2174 careres
1652 2165 1660 2178 ‚
1672 2155 1720 2178 ne,
1733 2156 1801 2186 qua:
1807 2146 1918 2179 nolles,
1927 2146 2064 2176 videres?
2083 2149 2178 2180 Non,

1220 2186 1347 2226 inquies.
1367 2195 1422 2226 ego
1432 2188 1516 2216 enim
1525 2187 1586 2226 ipsc
1597 2195 1729 2216 tenerem
1740 2197 1824 2228 opes,
1836 2188 1867 2217 &
1878 2188 2055 2229 dignitatern
2066 2197 2180 2218 meam,

1222 2228 1260 2256 At
1278 2237 1338 2257 erat
1356 2236 1417 2258 tuae
1432 2229 1554 2258 virtutis
1565 2248 1573 2261 ‚
1594 2229 1626 2258 in
1638 2231 1779 2259 minimis
1789 2239 1852 2260 tuas
1862 2239 1908 2259 res
1919 2239 2047 2270 ponere:
2068 2230 2104 2260 de
2115 2240 2176 2270 rep.

1220 2268 1432 2298 vehementius
1455 2270 1595 2300 laborare.
1631 2271 1770 2304 Deinde,
1790 2273 1842 2312 qui
1865 2270 1936 2300 finis
1953 2270 2039 2301 istius
2060 2270 2178 2301 confini
2225 2306 2228 2310 .

1219 2308 1261 2340 est
1272 2313 1286 2340 ,²
1303 2320 1374 2340 nam
1391 2310 1487 2341 adhuc
1507 2311 1539 2341 διε
1557 2310 1673 2342 ἱῆἃυιῃ
1688 2321 1770 2342 tuum
1782 2313 1949 2352 probatur:
1965 2313 1997 2343 &
2009 2333 2018 2347 ,
2038 2315 2113 2344 utin
2124 2314 2175 2343 tali
2225 2319 2227 2323 “

1219 2361 1259 2385 re,
1271 2354 1360 2382 etiam
1376 2352 1494 2383 fortuna
1504 2352 1637 2383 laudatur
1650 2364 1654 2382 :
1673 2353 1785 2384 faftum
1800 2374 1808 2387 ,
1829 2353 1955 2395 quod&
1967 2357 2093 2384 initium
2103 2355 2176 2384 belli

1218 2392 1503 2425 necefl‘ariosecutus
1515 2393 1549 2424 sis
1561 2415 1569 2429 ‚
1583 2395 1616 2425 &
1627 2402 1760 2426 extrema
1771 2396 1915 2436 sapienter
1926 2397 2058 2437 persequi
2067 2397 2177 2426 noluc-

1215 2437 1254 2465 ris
1278 2446 1284 2465 :
1301 2435 1442 2470 fortuna,
1466 2435 1548 2478 quod
1567 2437 1695 2467 honesto
1712 2440 1776 2468 otio
1795 2440 1924 2468 tenueris
1944 2438 1976 2468 δε
1995 2437 2120 2471 statum,
2142 2438 2176 2468 δε

1216 2476 1328 2508 famam
1353 2478 1506 2519 dignitatis
1525 2488 1592 2509 tuae.
1634 2482 1727 2510 Nunc
1749 2479 1820 2510 verb
1841 2490 1895 2510 nec
1912 2480 1996 2510 locus
2021 2479 2076 2509 tibi
2095 2480 2175 2510 ullus

1216 2519 1335 2550 dulcior
1354 2520 1412 2550 effe
1430 2520 1518 2550 debet
1536 2523 1641 2560 patria:
1668 2531 1797 2551 neceam
1812 2522 1935 2561 diligere
1945 2521 2049 2551 minus
2062 2521 2152 2551 debes
2163 2541 2177 2555 2

1215 2561 1296 2602 quod
1315 2561 1483 2592 deformior
1502 2562 1563 2596 est,
1586 2563 1634 2592 sed
1645 2563 1777 2593 misereri
1789 2563 1888 2602 potius
1900 2583 1908 2596 ,
1928 2573 2057 2593 neceam
2070 2563 2176 2593 multis

1215 2605 1384 2634 claris-viris
1395 2604 1529 2634 orbatam
1542 2625 1550 2637 ,
1562 2606 1676 2644 privare
1687 2607 1776 2636 etiam
1786 2603 1922 2644 zidspeEm
1932 2613 1994 2634 tuo.
2018 2606 2174 2676 13²¹}ti

2096 2649 2175 2677 Jiuit

1216 2739 1313 2767 deinde
1323 2742 1453 2774 quaepcffi‘m
1464 2739 1557 2765 nullibi
1570 2745 1723 2773 comparent
1736 2747 1743 2767 5
1764 2746 1823 2762 cum
1838 2737 1916 2772 vulgo
1937 2736 2008 2772 sequi
2019 2745 2107 2764 ament
2119 2737 2174 2773 pest

1214 2783 1258 2802 tua
1268 2778 1349 2808 anfi«.
1370 2776 1484 2810 denique
1504 2774 1573 2800 {nasu
1585 2773 1728 2800 coz-undem
1740 2774 1859 2799 omnium
1879 2777 1949 2799 etiam
1967 2774 2062 2800 immili
2075 2793 2082 2806 ,
2101 2783 2176 2800 acce-

1214 2812 1295 2838 dente
1306 2821 1412 2847 qucque
1422 2812 1627 2841 straminum·
1647 2819 1709 2836 cum
1722 2811 1802 2844 vulgo
1814 2809 1936 2835 omissum
1947 2809 1987 2836 snt.

1251 2857 1278 2882 5.
1298 2852 1342 2873 Mt-
1349 2855 1415 2873 tunm
1433 2849 1474 2879 effi·
1486 2866 1493 2879 ‚
1506 2849 1557 2880 fir:
1568 2855 1617 2871 cnm
1627 2846 1699 2880 tuin]
1723 2845 1867 2881 Eleganter
1878 2845 1910 2871 fle
1926 2844 2011 2872 edidit
2022 2844 2170 2877 Vifflorius5

1212 2891 1340 2919 extatque
1351 2893 1380 2910 ea
1399 2883 1480 2909 lectio
1491 2884 1516 2909 in
1527 2883 1594 2908 i'all.
1614 2891 1688 2908 omn.
1698 2882 1781 2907 Grut.
1793 2881 1878 2908 vatic.
1889 2883 2024 2907 stewech.
2045 2882 2126 2918 vulgo
2138 2891 2173 2906 me

1210 2922 1333 2953 tuumjurc
1343 2929 1392 2946 cum
1402 2921 1458 2944 ruis.
1478 2919 1504 2945 in
1517 2919 1572 2944 Pal.
1592 2926 1678 2945 tamen
1694 2926 1801 2953 quarto.
1821 2924 1931 2943 metutam
1947 2919 1988 2952 effi
2004 2919 2034 2949 <3-
2044 2919 2106 2951 flare.
2127 2917 2171 2944 sed

1211 2956 1278 2982 illud
1289 2957 1318 2986 (lt
1332 2956 1367 2981 cst
1379 2965 1392 2980 a
1405 2955 1524 2990 sequiore
1536 2964 1624 2980 manu.

1246 2992 1275 3018 6.
1294 2990 1372 3024 §qam
1381 2991 1476 3016 incertis
1488 2993 1557 3016 rebm-
1567 2990 1675 3024 fmlsrt]
1698 2990 1774 3016 Hanc
1784 2988 1936 3025 scripturam
1948 2990 2052 3026 praetuli
2072 2999 2104 3016 cx
2116 2990 2170 3015 Va-

1211 3028 1299 3053 ticano
1311 3036 1318 3058 ς
1334 3036 1393 3052 cum
1405 3026 1540 3053 Vicstorius
1551 3025 1665 3052 ediderit
1677 3045 1684 3057 ‚
1695 3035 1766 3060 quam
1774 3027 1870 3052 incertis
1880 3029 1905 3052 in
1916 3027 2078 3059 rebus-smair.
2100 3026 2170 3052 Pan.

1212 3065 1276 3089 vero
1289 3072 1329 3098 pr.
1340 3070 1429 3098 quart.
1440 3071 1513 3095 quam
1523 3064 1590 3089 certis
1600 3066 1625 3088 in
1636 3064 1731 3095 rchmf.
1743 3062 1838 3098 reliqui
1852 3082 1860 3094 ,
1869 3063 1948 3088 :sterit
1957 3065 1982 3088 in
1993 3065 2070 3087 rebus.
2084 3062 2168 3087 Porro

1210 3100 1302 3135 paullo
1311 3106 1371 3125 ante
1383 3108 1415 3124 ex
1428 3098 1480 3125 fide
1498 3098 1630 3128 cuiusdam
1641 3098 1777 3125 afferentis
1789 3107 1823 3125 ex
1845 3108 1872 3124 v.
1884 3108 1911 3124 c.
1932 3108 1982 3123 snm
2000 3099 2071 3131 »micis
2090 3107 2171 3123 samm

1209 3137 1325 3169 ccustmrst
1343 3139 1368 3161 in
1386 3137 1490 3160 vii-”foria
1507 3137 1567 3169 βίῃ
1589 3134 1683 3171 probat
1697 3135 1827 3164 Urliuus;
1848 3143 1904 3175 quae
1925 3134 2016 3160 cadem
2028 3133 2170 3163 (julie-lunii

1208 3171 1360 3203 conjct‘tura
1370 3179 1446 3202 erat5
1468 3169 1510 3196 sed
1523 3172 1640 3197 homines
1653 3180 1703 3196 non
1715 3177 1839 3206 poterant
1850 3171 1913 3198 scire
1925 3169 2172 3207 quidcss'etron..·1:u-

1206 3217 1255 3235 mm
1267 3209 1317 3243 253.
1340 3209 1398 3244 Ego
1410 3207 1583 3244 margaritum
1595 3217 1647 3235 non
1660 3214 1736 3232 muto
1745 3207 1845 3243 glarea„
2114 3242 2157 3275 R

2080 3250 2103 3267 ι.
2145 3248 2173 3264 ιω

1613 3244 1745 3280 ΡΡΡΡΞ
