2360 3400
629 95 725 128 DE
814 81 1231 134 Liternus

163 164 270 198 tudinis
285 160 436 195 absorbeat
454 179 463 196 ‚
488 157 522 190 &
542 159 578 191 ad
598 160 748 192 sermonis
766 171 884 192 morem
905 160 1000 193 usitati
1016 162 1119 193 trahat.

167 219 208 239 Μ.
231 211 256 238 Α
279 206 377 246 parvis
394 205 476 233 enim
521 204 622 237 uince,
642 204 789 238 dicimus,
812 207 823 223 '¹
835 207 871 234 St
888 213 984 242 1NJus
997 214 1118 237 VOCAT,

162 259 248 290 utque
270 245 419 283 ejusmodi
437 245 507 275 alias
538 255 596 285 eges
609 248 776 277 nominare.
798 246 847 276 sed
857 244 929 276 verb
941 246 1071 286 intelligi
1082 244 1120 275 fic

154 297 280 330 oportet
290 308 298 323 ,
312 288 344 318 &
354 289 417 317 haec
428 306 437 321 ,
457 288 489 316 &
501 285 656 326 aliajuss'a,
673 297 706 318 ac
715 290 807 318 vetita
824 288 1011 328 populorum
1023 307 1032 321 ‚
1053 289 1117 317 vim

159 331 265 362 habere
285 330 320 360 ad
332 329 411 359 reste
420 328 494 359 faeta
505 329 645 362 vocandi,
658 329 691 360 &
703 329 719 359 a
731 332 857 369 peccatis
870 329 1016 359 avocandi
1028 339 1033 357 :
1052 338 1118 369 quae

160 375 207 404 vis
216 382 279 402 non
291 370 386 401 mode>
398 371 498 401 senior
508 370 551 401 est
561 390 570 404 ‚
592 375 682 412 quarn
692 381 761 402 aetas
772 372 956 411 populorum
970 391 978 405 ‚
999 371 1031 401 &
1041 372 1117 399 civi—

159 423 254 446 tatum
267 434 276 447 ‚
299 413 346 444 sed
357 414 478 453 aequalis
488 412 570 442 illius
582 432 591 446 ‚
602 414 713 443 coelum
725 433 733 446 ‚
745 422 832 454 atque
841 422 928 443 terras
940 414 1052 442 tuentis
1062 431 1070 445 ‚
1083 412 1116 442 &

157 457 288 497 regentis
310 455 368 485 dei.
389 464 474 496 {teque
497 455 569 483 enim
578 453 627 491 effi
635 464 708 484 mens
715 455 818 484 divina
824 454 884 495 fine
893 455 1003 483 ratione
1012 451 1115 493 potest,

157 508 216 529 nec
229 500 304 528 ratio
312 496 415 528 divina
425 506 488 526 non
501 498 577 526 hanc
591 498 654 526 vim
667 499 698 526 in
708 496 806 530 rediis,
817 496 972 536 pravisque
983 497 1117 525 sancien-

154 539 205 570 dis
223 539 348 570 habere:
361 548 435 572 nec,
459 540 531 579 quia
548 538 694 579 nusquam
714 547 773 569 erat
791 539 951 578 scriptum,
974 546 1119 567 utcontra

157 583 278 612 omneis
288 579 421 611 hostium
432 582 531 619 copias
542 581 573 609 in
583 589 674 620 ponte
683 590 759 610 unus
771 578 909 610 assisteret
920 599 929 614 ‚
948 580 963 610 a
975 588 1117 620 tergoque

155 632 283 664 pontem
297 621 592 660 interscindijuberet
604 641 612 654 ‚
631 623 738 652 iccirco
751 621 855 652 minus
866 621 1013 652 Coclitem
1025 621 1116 651 illum

155 675 224 696 rem
243 662 358 706 gess'i'ffe
383 672 493 693 tantam
509 683 518 697 ,
531 663 712 702 fortitudinis
731 663 787 704 lege
796 683 804 698 ,
825 673 911 704 atque
923 664 1053 704 irnperio
1063 672 1118 702 pu-

157 706 290 737 tabimus
302 716 308 735 :
326 715 382 735 nec
405 703 425 734 fi
436 714 575 746 regnante
586 707 755 746 Tarquinio
766 705 848 735 nulla
859 713 919 739 erat
927 707 1036 735 Romae
1047 704 1118 734 scri-

153 757 202 789 pta
213 748 262 778 lex
271 748 307 778 de
318 747 426 787 stupris
442 766 451 780 ,
469 748 578 777 iccirco
589 757 653 777 non
664 756 767 777 contra
777 747 860 776 illam
875 746 1117 786 [egemsempiter-

154 793 300 820 namSex.
310 789 494 829 Tarquinius
508 789 571 818 vim
585 790 739 822 Lucretiae,
753 790 930 828 Tricipitini
944 786 1024 820 filiae,
1040 796 1116 817 attu-

154 831 201 862 lit.
221 839 281 862 erat
298 832 382 860 enim
402 831 477 860 ratio
497 828 631 868 profe&a
651 830 667 860 a
685 839 784 859 rerum
805 839 907 860 natura
916 849 925 863 ‚
947 829 980 859 &
990 829 1024 859 ad
1036 827 1115 858 redte

151 871 512 910 faciendumimpeuens,
530 870 563 899 &
573 870 588 899 ὲ
598 870 711 899 defleto
721 880 866 900 avocans:
891 880 955 911 qua:
970 880 1033 900 non
1049 879 1115 900 tum

153 914 285 954 denique
295 913 405 951 incipit
416 912 466 940 lex
475 909 546 943 effe,
557 911 741 952 cumscripta
749 911 803 945 est,
813 911 937 942 sedtum
949 932 958 945 ,
970 913 1041 942 cum
1053 919 1116 940 orta

153 954 206 985 est.
226 963 290 984 orta
308 962 410 984 autem
435 950 525 982 simul
536 951 579 982 est
587 962 657 982 curn
669 963 771 984 mente
782 954 894 984 divina.
916 954 1115 994 quamobrem

153 997 205 1027 lex
224 1006 310 1030 vera,
330 1004 416 1035 atque
438 996 597 1034 princepS‚
617 1004 682 1034 apta
700 995 735 1025 ad
754 996 945 1034 jubendum,
973 995 1050 1026 &ad
1064 1005 1117 1025 ve-

117 1049 139 1084 5
154 1037 280 1069 tandum
291 1057 300 1071 ‚
321 1039 397 1068 ratio
406 1036 447 1066 est
460 1035 537 1066 reeta
547 1036 659 1066 summi
671 1038 768 1077 Jovis.
791 1035 1003 1076 QAss'ention
1016 1036 1114 1071 frater,

153 1088 187 1112 ut
197 1088 283 1119 Qon
293 1089 348 1109 asr
363 1079 513 1111 aeorum,
525 1087 639 1108 venum
651 1087 782 1117 QoQir:
793 1077 837 1112 fit,
849 1089 946 1120 neque
954 1088 1024 1109 cum
1036 1079 1116 1109 litte—

149 1123 192 1153 ris
211 1119 220 1156 ,
251 1121 361 1162 quibus
385 1120 454 1151 scita
474 1119 646 1150 scribuntur
655 1139 664 1154 ‚
687 1129 736 1150 aut
755 1122 868 1151 oriatur
885 1140 894 1155 ,
922 1129 971 1151 aut
989 1120 1114 1150 occidat.

151 1174 192 1194 M·
205 1166 283 1204 Ergo
294 1162 386 1193 utilla
395 1161 499 1192 divina
509 1171 596 1191 mens
610 1182 618 1195 ‚
631 1162 748 1192 summa
759 1163 809 1192 lex
820 1161 861 1193 est
876 1174 885 1197 ;
902 1164 975 1192 item
987 1181 996 1196 ‚
1019 1165 1032 1181 ²
1042 1162 1114 1193 cum

150 1206 186 1236 in
197 1206 326 1235 homine
335 1202 378 1234 est
388 1202 570 1244 perfeehim,
581 1202 623 1233 est
634 1206 665 1233 in
677 1213 778 1234 mente
789 1205 938 1244 sapientis.
961 1206 1036 1246 Qae
1047 1204 1115 1234 sunt

151 1256 253 1278 autem
275 1249 287 1274 3
307 1246 388 1276 varie
401 1265 409 1279 ,
429 1245 509 1275 &ad
518 1252 624 1286 tempus
635 1245 775 1285 descripta
786 1246 892 1286 populi
902 1244 922 1275 si
935 1244 1038 1276 favore
1048 1255 1115 1277 ma—

149 1290 198 1331 gis
209 1308 217 1323 ‚
227 1287 319 1329 quarn
331 1297 376 1321 re,
391 1287 492 1328 legum
504 1297 619 1316 nomen
631 1295 745 1317 tenent.
768 1297 894 1318 ornnem
907 1289 992 1318 enim
1002 1288 1111 1329 legem,

154 1340 223 1371 quae
233 1329 359 1371 quidem
368 1327 447 1359 reae
457 1328 507 1359 lex
517 1329 656 1369 appellari
665 1327 761 1368 poffit,
775 1328 831 1359 effe
841 1329 1036 1363 laudabilem,
1047 1332 1113 1370 qui·

151 1370 278 1402 busdam
297 1371 406 1402 talibus
427 1372 610 1410 argumentis
631 1370 753 1401 docent.
777 1370 900 1401 Constat
917 1370 1055 1411 presedio
1067 1380 1112 1401 An
1130 1378 1132 1391 ¹

150 1421 308 1443 sanun-M
319 1421 452 1443 cxva
463 1431 471 1445 ‚
489 1412 705 1452 civitatumque
715 1413 958 1443 incolumitatem
970 1433 979 1447 ‚
1001 1415 1112 1443 vitam·
1129 1448 1131 1458 ¹

148 1464 208 1496 que
218 1456 383 1485 hominum
393 1455 526 1493 quietam
538 1472 547 1486 ,
558 1453 591 1483 &
599 1452 725 1486 beatam,
737 1463 797 1484 1Nv
805 1463 907 1483 aui-As
918 1464 989 1484 Esse.
998 1464 1111 1485 Limes:

150 1496 260 1537 eosque
278 1515 287 1530 ‚
310 1497 362 1536 qui
378 1492 516 1534 primum
536 1494 687 1532 ejusmodi
707 1495 777 1524 scita
795 1495 946 1525 sanxerint
964 1515 973 1529 ,
993 1498 1113 1536 populis

149 1535 330 1570 ostendisse,
349 1545 383 1565 ea
402 1535 431 1565 se
449 1536 627 1575 scripturos,
649 1544 736 1575 atque
759 1536 869 1566 laturos
884 1556 892 1569 ‚
911 1540 929 1562 4
946 1538 1112 1576 quibusilli
1128 1555 1130 1560 ‹

142 1578 310 1619 adscriptis,
323 1577 532 1618 susceptisque,
543 1575 646 1613 honeste*
655 1596 664 1610 ‚
684 1576 816 1619 beateque
827 1579 974 1607 viverent:
984 1588 1110 1618 quaeque
1127 1583 1129 1618 ,¹

143 1621 187 1651 ita
197 1618 371 1660 composita,
382 1618 538 1659 san6kaque
549 1617 642 1649 effent
653 1638 663 1653 ,
682 1628 730 1650 eas
742 1628 844 1650 LEGEs
853 1620 994 1650 videlicet
1006 1623 1111 1649 nomi·
1127 1624 1129 1656 1'

146 1670 269 1694 narunt.
290 1664 338 1692 Ex
347 1670 407 1701 quo
416 1661 549 1700 intelligi
562 1669 612 1700 par
622 1659 676 1694 est,
688 1670 754 1694 eos,
766 1661 982 1701 quipernicioffi
996 1682 1005 1695 ,
1017 1661 1051 1694 &-
1065 1662 1109 1690 in-
1126 1663 1128 1677 ¹

138 1702 219 1744 justa
227 1702 331 1746 populis
339 1702 410 1740 {uffa
420 1701 647 1742 descripserint,
666 1701 738 1732 cum
747 1703 851 1733 contra
859 1702 1004 1737 fecerint,
1015 1703 1107 1743 quam
1125 1680 1128 1734 Ι

146 1746 277 1786 polliciti
289 1764 298 1779 ,
308 1742 488 1785 profeffique
497 1741 572 1776 sint,
584 1743 704 1783 quidvis
717 1742 819 1783 potius
830 1743 928 1774 tulisse
938 1763 948 1777 ‚
960 1745 1050 1784 quiirn
1061 1746 1106 1774 le-
1124 1748 1127 1795 f

145 1796 198 1829 ges
210 1797 216 1816 :
235 1796 267 1817 ut
286 1786 473 1827 perspicuum
484 1783 542 1814 ess'e
551 1782 654 1824 poffit,
676 1786 709 1814 in
719 1785 782 1825 ipso
791 1787 919 1815 nomine
929 1785 1002 1825 legis
1012 1788 1106 1815 inter—

143 1828 290 1870 pretando
303 1826 396 1858 ineffe
406 1829 468 1857 vim
481 1846 490 1860 ‚
507 1825 809 1865 &sententiamjusti
821 1846 830 1860 ‚
855 1827 991 1865 5&juris
1002 1826 1106 1866 legen·
1124 1841 1125 1872 1

140 1870 187 1901 di.
207 1872 318 1912 Qaero
326 1871 417 1910 igitur
427 1869 443 1899 a
453 1877 492 1902 te,
504 1867 648 1910 Qincte½
660 1866 732 1898 ficut
742 1868 789 1897 illi
800 1868 897 1898 solent
910 1870 999 1909 §QO
1009 1878 1038 1897 si
1053 1877 1106 1898 01-
1123 1877 1125 1910 g

143 1921 251 1943 vxrAs
270 1919 365 1942 careat
380 1930 389 1944 ,
411 1910 452 1940 ob
472 1919 538 1940 earn
559 1909 653 1949 ipsam
675 1909 791 1939 causam
804 1929 814 1943 ‚
838 1908 920 1950 quod
946 1919 983 1940 eo
1000 1918 1104 1944 careat,

165 1963 198 1984 ro
209 1954 311 1984 nihilo
325 1951 461 1983 habenda
480 1949 532 1986 fit,
554 1951 585 1981 id
603 1950 683 1981 estne
703 1951 925 1982 numerandum
948 1952 981 1982 in
993 1951 1104 1982 bonis?

139 1963 204 2034 gu.
223 1999 267 2026 Ac
289 1995 439 2025 maximis
461 1993 596 2034 quidem.
618 1995 663 2022 M.
676 1994 754 2034 Lege
766 2002 976 2024 autemcarens
986 1995 1102 2028 civitas,

141 2047 221 2068 anne
241 2037 282 2067 ob
303 2036 402 2077 ipsum
422 2035 556 2066 habenda
583 2035 670 2065 nullo
687 2035 778 2065 loco?
796 2037 854 2075 Qi.
864 2036 936 2066 Dici
946 2035 1102 2065 aliternon

136 2077 250 2119 potest.
271 2080 314 2108 M.
338 2075 462 2108 Necefle
479 2076 522 2107 est
532 2079 642 2118 igitur,
661 2076 759 2116 legem
767 2077 866 2107 haberi
877 2079 910 2106 in
922 2076 1008 2106 rebus
1022 2078 1104 2117 opti-
1120 2085 1122 2110 ,1

143 2122 214 2150 mis.
235 2123 296 2159 Qu.
316 2119 438 2151 Prorsus
455 2117 604 2148 assentior.
626 2119 669 2147 M.
681 2118 762 2156 Quid
775 2138 784 2151 ,
803 2118 885 2159 quod
896 2118 991 2149 multa
1001 2120 1104 2158 perni-
1119 2111 1121 2145 l

134 2162 225 2195 ciose
239 2182 249 2196 ,
261 2162 356 2192 multa
364 2158 504 2201 pestifere
519 2160 683 2192 sciscuntur
693 2161 724 2190 in
734 2161 855 2200 populis
867 2180 877 2195 ‚
887 2170 953 2202 qua:
963 2170 1029 2191 non
1039 2169 1104 2191 ma·
1118 2151 1120 2192 1

1325 83 1501 131 Lrn.
1581 86 1656 133 ΙΙ.
2002 104 2123 154 1195-

1166 163 1212 202 gis
1223 163 1296 205 legis
1307 173 1421 195 nomen
1431 166 1593 207 attingunt,
1604 163 1622 186 ⁶
1630 175 1719 207 quam
1731 164 1751 197 si
1760 166 1866 199 latores
1875 167 1973 211 aliqua
1979 170 2109 203 concess
2105 183 2123 203 u

1167 205 1219 234 suo
1240 206 1416 236 sanxerint?
1438 208 1520 237 Nam
1542 217 1641 248 neque
1656 208 1824 240 medicorum
1839 219 1972 253 praecepta
1981 213 2124 245 dicivere

1164 244 1299 289 poffent,
1319 246 1340 277 sl
1356 258 1422 288 quae
1433 248 1519 279 inscii
1531 269 1540 283 ‚
1562 251 1754 292 imperitique
1763 261 1820 291 pro
1830 253 2003 285 salutaribus
2014 259 2124 286 morti-

1162 289 1222 318 tera
1232 290 1475 329 conscripserint:
1489 300 1588 332 neque
1596 294 1628 322 in
1639 294 1755 332 populo
1764 295 1825 329 lex,
1836 295 2024 327 cuicuimodi
2033 295 2124 329 fuerit

1163 329 1212 360 illa
1224 349 1232 363 ,
1252 332 1341 361 etiam
1361 330 1381 360 fi
1391 334 1592 371 perniciosum
1603 334 1716 375 aliquid
1727 337 1860 376 populus
1870 340 2022 378 acceperit.
2044 341 2122 380 Ergo

1163 369 1206 401 est
1216 372 1264 401 lex
1276 391 1285 405 ,
1303 372 1453 412 justorum
1466 374 1707 417 injustorumque
1719 376 1874 409 distinaio
1884 399 1893 414 ,
1905 379 1940 410 ad
1952 380 2036 410 illam
2045 382 2123 411 anti-

1162 412 1332 452 quiffimam
1345 435 1353 447 ,
1374 415 1406 445 &
1425 425 1526 446 rerum
1548 419 1690 449 omnium
1711 420 1880 460 principem
1893 420 2024 462 expressa
2035 431 2123 453 natu-

1162 463 1224 499 ram
1237 474 1245 488 ,
1264 455 1298 485 ad
1318 465 1408 495 quam
1426 457 1504 497 leges
1519 458 1683 489 hominum
1695 459 1884 501 diriguntur,
1913 463 2122 505 quaesupplicio

1163 495 1297 536 zmprobos
1316 498 1443 535 afficiunt
1468 519 1475 532 ‚
1496 500 1663 538 defendunt.
1684 512 1718 530 ac
1738 510 1853 532 tuentur
1871 503 1959 534 bonos.
1982 505 2118 536 Praeclart‘}
2138 511 2158 544 6

1163 538 1300 578 intelligo
1314 549 1318 567 z
1341 549 1396 568 nec
1416 540 1486 569 vero
1504 541 1565 580 jam
1580 543 1668 572 aliam
1679 542 1738 573 effe
1758 545 1850 575 ullam
1865 547 1960 587 legem
1972 556 2044 586 puto
2054 557 2119 577 non

1163 579 1259 609 modo
1273 580 1452 615 habendam,
1468 582 1513 612 sed
1525 593 1562 613 ne
1573 585 1779 624 appellandam
1790 587 1924 627 quidem.
1944 589 1990 617 M.
2002 593 2016 616 7
2026 590 2119 629 Igitur

1161 629 1194 650 tu
1205 623 1302 651 Titias
1316 642 1323 654 ,
1335 622 1366 651 δε
1377 624 1516 662 Apulejas
1527 625 1604 665 leges
1620 627 1716 657 nullas
1726 632 1831 667 putas?
1851 632 1910 670 Q.
1923 632 1985 669 Ego
1999 629 2120 659 verone

1161 664 1263 692 Livias
1278 663 1413 704 quidem·
1434 667 1480 694 M.
1496 668 1532 696 Et
1542 666 1623 696 1·ςᾶὶέ
1635 687 1643 701 ‚
1654 678 1720 708 quae
1728 670 1890 709 praesertim
1902 681 1964 701 uno
1975 669 2120 701 versiculo

1162 705 1277 735 senatus
1295 725 1303 738 ‚
1325 704 1440 745 punito
1461 710 1607 748 temporis
1628 710 1747 741 sublatae
1765 710 1843 742 sint:
1866 713 1916 742 lex
1934 721 2033 743 autem
2054 713 2115 746 illa,

1160 747 1246 785 cujus
1267 748 1331 776 vim
1354 748 1523 786 explicavi,
1545 760 1640 790 neque
1652 751 1739 784 tolli.
1761 762 1858 794 neque
1867 754 1998 795 abrogari
2009 753 2115 795 potest.

1160 790 1218 827 Q.
1239 790 1295 818 Eas
1317 798 1349 818 tu
1369 790 1457 830 igitur
1477 790 1554 831 leges
1566 792 1681 832 rogabis
1692 793 1850 829 videlicet,
1869 806 1934 837 quae
1949 805 2117 836 numquam

1159 829 1348 871 abrogentur.
1374 832 1417 860 M.
1438 833 1524 862 Certe
1537 852 1546 865 ‚
1566 832 1585 862 si
1605 833 1698 864 modo
1718 844 1840 875 accepta:
1858 836 1874 867 a
1892 837 1980 867 vobis
1998 837 2117 868 duobus

1157 880 1256 901 erunt.
1279 871 1353 905 Sed,
1375 880 1407 902 ut
1419 874 1464 903 vir
1472 873 1660 904 doehffimus
1674 874 1744 906 fecit
1754 877 1849 910 Plato,
1859 888 1945 919 atque
1955 879 2037 909 idem
2048 888 2116 920 gra-

1158 911 1296 943 viffimus
1319 914 1570 954 philosophorum
1591 918 1734 947 omnium
1747 939 1756 952 ,
1776 921 1829 960 qui
1848 922 1984 961 princeps
1995 920 2031 950 de
2052 929 2113 960 rep.

1157 954 1330 995 conscripsit
1342 975 1351 988 ‚
1373 956 1516 997 idemque
1535 958 1688 998 separatim
1708 959 1744 989 de
1763 961 1970 1001 legibusejus,
1994 962 2025 992 id
2036 963 2115 993 mihi

1157 996 1248 1027 credo
1259 995 1317 1027 ess‘e
1329 996 1501 1028 faciendum
1512 1011 1520 1033 5
1541 1008 1573 1029 ut
1582 1000 1752 1041 priusquam
1765 1003 1858 1042 ipsam
1869 1004 1967 1044 legem
1978 1005 2097 1034 recitem
2105 1023 2113 1037 ψ

1159 1038 1196 1069 de
1218 1040 1284 1078 ejus
1305 1039 1378 1080 legis
1397 1039 1483 1070 laude
1504 1041 1613 1071 dicam.
1637 1042 1719 1083 quod
1732 1043 2032 1075 idem&Zale·ucurn
2046 1065 2054 1079 ,
2081 1045 2115 1076 δι’

1158 1080 1350 1111 Charondam
1361 1079 1463 1111 fecisse
1474 1082 1563 1113 video
1575 1095 1584 1118 5
1602 1083 1674 1113 cum
1685 1085 1809 1124 quidem
1822 1087 1940 1116 illinon
1954 1086 2060 1120 studii,
2082 1087 2115 1118 &

1158 1121 1384 1157 dele&ationis‚
1406 1123 1454 1153 sed
1468 1126 1540 1164 reip.
1554 1126 1638 1155 causa
1653 1125 1731 1168 leges
1743 1128 1915 1158 civitatibus
1925 1129 1985 1158 suis
1997 1129 2119 1169 scripse-

1158 1173 1239 1194 runt.
1264 1166 1350 1206 Qos
1363 1165 1499 1195 imitatus
1511 1166 1591 1197 Plato
1601 1186 1609 1200 ‚
1629 1167 1769 1199 videlicet
1779 1169 1838 1199 hoc
1848 1180 1968 1211 quoque
1979 1171 2050 1211 legis
2058 1180 2115 1210 pu-

1157 1207 1232 1236 tavit
1240 1205 1297 1236 effe
1309 1225 1318 1239 ,
1325 1206 1486 1247 persuadere
1493 1207 1606 1248 aliquid
1617 1228 1625 1242 ‚
1638 1218 1702 1239 non
1713 1212 1818 1241 omnia
1829 1212 1861 1240 vi
1869 1212 1991 1242 aeminu
1999 1222 2114 1253 cogere.

1157 1250 1216 1286 Qu.
1236 1247 1317 1286 Quid
1331 1268 1340 1281 ,
1360 1248 1442 1289 quod
1461 1249 1626 1280 Zaleucum
1646 1249 1736 1281 istum
1750 1261 1836 1293 negat
1851 1253 1949 1283 ullum
1960 1251 2116 1284 fuisi‘e‘riu

1156 1292 1273 1319 maeus?
1295 1291 1338 1319 Μ,
1362 1293 1402 1320 At
1420 1291 1643 1331 Theophrastus
1665 1292 1770 1323 ιυᾶοῐ
1790 1294 1868 1325 haud
1879 1294 2025 1329 deterior,
2047 1305 2114 1326 mea

1155 1331 1281 1372 quidem
1301 1326 1317 1350 ⁸
1338 1332 1484 1362 sententia
1502 1344 1512 1367 3
1532 1334 1692 1364 meliorem
1712 1336 1804 1366 multi
1823 1337 2002 1367 nominant:
2024 1346 2113 1367 com-

1156 1381 1329 1404 memorant
1350 1372 1424 1404 vero
1442 1373 1531 1414 ipsius
1540 1376 1638 1410 cives,
1660 1375 1908 1412 nostriclientes,
1928 1379 2032 1409 Locri.
2055 1378 2112 1409 Sed

1157 1413 1215 1445 five
1239 1414 1316 1449 fuit,
1336 1414 1394 1445 five
1411 1425 1476 1446 non
1493 1415 1569 1450 fuit,
1591 1418 1716 1449 nihilad
1727 1429 1802 1449 rem.
1827 1420 2004 1461 loquimur,
2027 1420 2110 1460 quod

1154 1456 1296 1487 traditum
1321 1456 1373 1487 est.
1395 1459 1440 1487 Sit
1449 1459 1539 1498 igitur
1549 1459 1608 1489 hoc
1616 1459 1631 1489 a
1641 1462 1792 1501 principio
1801 1462 1974 1501 persuasum
1983 1462 2112 1496 civibus,
2134 1472 2152 1504 7

1153 1508 1303 1528 nourrius
1314 1508 1387 1528 Esse
1395 1508 1536 1529 OMquM
1549 1510 1668 1531 Renum
1677 1521 1685 1534 ,
1710 1511 1754 1531 Ac
1767 1512 2012 1532 monitura-roam
2021 1512 2112 1537 neos,

1152 1550 1245 1579 eaque
1254 1550 1320 1580 quae
1330 1549 1479 1580 gerantur,
1490 1550 1596 1571 eorum
1610 1544 1672 1583 geri
1682 1546 1697 1569 9
1711 1545 1740 1573 vi
1753 1563 1762 1576 ‚
1783 1543 1913 1577 ditione,
1923 1553 1955 1574 ac
1969 1546 2112 1578 numine,

1151 1580 1335 1621 eosdemque
1348 1581 1466 1620 optime
1476 1581 1513 1611 de
1525 1593 1635 1622 genere
1645 1585 1809 1614 hominurn
1821 1585 1950 1617 mereri,
1964 1584 2007 1618 &,
2016 1585 2112 1625 qualis

1150 1622 1276 1662 quisque
1286 1620 1330 1655 fit,
1341 1621 1414 1663 quid
1424 1631 1487 1663 agat
1497 1642 1506 1656 ‚
1525 1623 1599 1664 quid
1610 1626 1643 1653 in
1654 1624 1680 1654 se
1690 1624 1847 1659 admittat,
1859 1635 1916 1666 qua
1929 1635 2041 1660 mente,
2055 1636 2113 1667 qua

1150 1665 1259 1703 pietate
1267 1664 1345 1693 colat
1354 1664 1516 1704 religiones
1528 1684 1536 1699 ,
1548 1667 1657 1696 intueri
1672 1676 1677 1695 :
1689 1668 1883 1708 piorumque,
1896 1667 2111 1708 &impiorum

1151 1704 1247 1734 habere
1260 1705 1405 1735 rationem.
1430 1706 1476 1736 his
1485 1708 1570 1737 enim
1583 1707 1671 1737 rebus
1682 1708 1807 1739 imbutae
1817 1717 1933 1738 mentes
1947 1728 1956 1742 ‚
1976 1709 2054 1740 haud
2065 1710 2111 1740 sa-

1150 1746 1190 1777 ne
1217 1749 1247 1767 ¹0
1259 1747 1463 1777 abhorrebunt
1476 1748 1513 1778 ab
1532 1749 1619 1783 utili,
1642 1750 1700 1780 &a
1717 1760 1784 1780 vera
1795 1750 1951 1780 sententia.
1974 1751 2055 1789 Quid
2066 1750 2109 1783 est

1149 1789 1233 1818 enim
1251 1789 1367 1821 verius,
1386 1788 1478 1828 quam
1499 1792 1657 1820 nerninem
1678 1790 1735 1822 effe
1745 1800 1881 1831 oportere
1890 1800 1951 1822 tam
1963 1791 2051 1823 stulte
2062 1802 2110 1823 ar-

1148 1837 1322 1869 rogantem,
1346 1838 1379 1859 ut
1396 1832 1429 1859 in
1446 1830 1475 1859 se
1493 1832 1643 1861 rationem
1654 1851 1664 1865 ‚
1685 1833 1718 1863 &
1729 1841 1864 1862 mentem
1878 1853 1887 1866 ‚
1909 1842 1993 1873 putet
2003 1832 2106 1869 inesse,

1148 1871 1183 1899 in
1191 1870 1270 1900 coelo
1285 1890 1295 1904 ,
1315 1870 1492 1911 mundoque
1512 1882 1576 1902 non
1586 1876 1690 1912 putet?
1707 1883 1757 1904 aut
1771 1883 1862 1908 urea,
1883 1885 1950 1916 quae
1960 1876 2014 1905 ‘vix
2025 1875 2107 1906 sum·

1150 1921 1198 1941 ma
1218 1913 1334 1951 ingenii
1354 1913 1470 1942 ratione
1486 1914 1738 1954 comprehendat,
1764 1916 1970 1947 nullaratione
1984 1919 2107 1948 moveri

1146 1961 1230 1992 putet
1250 1957 1261 1982 ἓ
1280 1962 1372 1993 quem
1392 1953 1466 1984 vero
1482 1953 1616 1992 astrorum
1635 1956 1776 1991 ordines,
1796 1968 1887 1998 quem
1908 1958 2035 1993 dierum,
2054 1970 2106 1989 no-

1145 1993 1292 2036 stiumque
1302 1994 1624 2037 viciffitudines,quem
1636 1997 1769 2039 menfium
1779 2002 1967 2040 temperatio,
1978 2010 2104 2041 quernqz.

1145 2046 1177 2067 ea
1189 2056 1198 2070 ,
1224 2046 1290 2077 quae
1309 2039 1473 2078 gignuntur
1482 2038 1572 2068 nobis
1585 2039 1620 2069 ad
1633 2039 1796 2071 fruendum
1810 2061 1818 2075 ‚
1838 2050 2030 2082 nongratum
2043 2041 2103 2073 effe

1143 2088 1262 2119 cogant,
1272 2080 1353 2110 hunc
1362 2081 1523 2110 hominem
1535 2081 1669 2111 omnino
1681 2092 1836 2113 numerare
1847 2082 1898 2124 qui
1908 2084 2006 2114 decet?
2014 2093 2103 2114 cum-

1142 2129 1200 2160 que
1211 2121 1315 2150 omnia
1326 2140 1334 2154 ,
1355 2131 1420 2162 quae
1432 2124 1580 2153 rationem
1591 2123 1719 2157 habent,
1739 2124 1878 2164 praestent
1891 2126 1926 2155 iis
1937 2145 1946 2159 ,
1966 2135 2032 2166 quae
2044 2124 2102 2157 fint

1138 2162 1265 2192 rationis
1275 2165 1406 2203 expertia
1416 2183 1425 2198 ‚
1446 2163 1586 2205 nefasque
1605 2162 1639 2195 sit
1647 2164 1747 2197 dicere
1757 2185 1766 2201 ‚
1788 2167 1881 2197 ullam
1892 2176 1957 2197 rem
1966 2166 2103 2207 praestare

1986 2217 2098 2240 naturae

180 2289 202 2307 r.
225 2282 254 2307 Si
277 2289 311 2306 iu
329 2288 384 2315 Jus
406 2288 507 2306 νοσΑτ
519 2298 528 2311 ,
548 2287 619 2314 atque
628 2280 735 2314 ejusmodi
746 2281 826 2314 alim5
836 2283 892 2314 leges
904 2300 912 2313 ‚
922 2281 990 2315 effi]
1018 2282 1100 2307 Secu-

133 2320 182 2347 tus
197 2315 252 2343 sum
267 2316 323 2342 Pal.
334 2322 456 2351 quartum
469 2325 478 2346 5
499 2325 584 2352 neque
595 2315 683 2342 abibat
694 2316 788 2343 tertius
801 2335 809 2347 ‚
829 2317 875 2343 nisi
886 2316 956 2352 quod
969 2317 989 2342 is
1002 2336 1010 2348 ‚
1028 2324 1101 2351 atque

135 2353 174 2377 ad
181 2353 298 2387 ejusmodi,
308 2352 358 2383 εἴγε.
380 2350 442 2387 quid
455 2351 525 2387 quod
537 2361 569 2378 ne
580 2361 685 2388 quoque
696 2351 811 2388 praeierit
822 2352 885 2378 mihi
897 2352 983 2379 Aldus
994 2361 1058 2379 avus
1069 2353 1097 2378 δε

139 2386 251 2424 Nepos3
273 2395 302 2415 ut
315 2387 439 2414 nimirum
452 2387 559 2414 Tullius
571 2388 729 2424 principium
742 2387 821 2414 ruodo
834 2388 901 2423 legis
912 2388 1038 2415 laudarit.
1059 2388 1097 2414 se-

139 2432 251 2458 quentes
261 2424 392 2451 editiones
403 2423 522 2455 adiecere
543 2433 639 2450 vocAT
661 2431 767 2458 1³er
780 2443 788 2456 ‚
808 2433 867 2451 EA'r
880 2444 888 2456 ‚
899 2425 1024 2458 ejusmodi,
1043 2425 1095 2455 ρ’γε.

159 2461 192 2486 1ιό
206 2459 411 2495 Juriscon‘ultis
430 2459 566 2487 nonnullis
593 2469 698 2486 crucem
718 2460 846 2487 fixerunt.
876 2464 948 2487 certe
967 2461 1092 2494 cujacius

137 2494 186 2523 lib.
199 2505 256 2522 ν11.
277 2495 419 2522 Observat.
429 2504 485 2532 cap.
500 2496 541 2522 16.
561 2495 650 2531 legere
659 2496 762 2532 capitur
775 2515 782 2528 ,
801 2506 902 2523 vocar
915 2516 924 2528 ,
944 2505 998 2522 NEI
1021 2505 1093 2523 EAT.

136 2531 234 2558 Carrio
245 2539 337 2558 contra
353 2530 475 2558 defendit
490 2531 605 2558 alterum
624 2531 671 2557 lib.
685 2541 721 2558 11,
741 2532 881 2559 Emendat.
892 2542 948 2568 cap.
961 2541 1004 2559 n..
1024 2539 1095 2566 arque

134 2567 207 2594 enim
220 2567 289 2594 idem
301 2566 363 2599 esse,
374 2566 533 2602 quodstatim
544 2585 552 2599 ‚
563 2567 632 2602 quod
644 2566 727 2603 ipsum
739 2568 851 2604 triginta
860 2568 964 2604 aliquot
972 2576 1033 2595 ante
1043 2577 1091 2594 an-

136 2612 185 2631 nos
196 2603 349 2640 prodiderat
365 2603 515 2629 Turnebus.

173 2647 202 2666 2.
222 2642 279 2665 Cum
287 2643 314 2665 in
322 2641 410 2665 homine
419 2640 563 2672 eflpcrftHa
574 2658 582 2671 ,
602 2641 636 2666 ef?
644 2641 670 2664 in
679 2646 752 2665 mente
763 2638 904 2673 Jhpientis]
927 2639 992 2665 Haec
1003 2639 1039 2666 est
1051 2640 1091 2666 le-

135 2673 192 2702 ἃὶο
203 2683 306 2711 recepta
318 2695 326 2707 ,
345 2684 423 2709 quam
434 2675 462 2700 δε
474 2675 539 2700 mire
551 2674 645 2710 probat
655 2675 795 2701 Turnebus
807 2694 815 2707 ‚
835 2676 972 2711 reperique
982 2676 1008 2702 in
1022 2675 1090 2701 Pali.

133 2711 163 2736 8:
175 2711 253 2738 Fabr.
263 2712 315 2748 ipse
325 2710 410 2737 edidit
422 2730 430 2742 ,
443 2712 608 2743 effperfeffnm
618 2714 644 2737 in
654 2718 737 2737 mente.
752 2710 822 2746 quod
832 2712 859 2737 δί
870 2712 955 2738 exstat
966 2712 992 2738 111
1003 2713 1030 2737 S.
1041 2712 1090 2738 Vi—

133 2746 230 2780 ἕξοι-15,
241 2758 272 2774 ex
297 2747 417 2783 reffitque
428 2745 545 2773 editione
555 2746 598 2773 sua
609 2748 682 2773 Petr.
694 2746 840 2774 Vffitorius.
850 2747 995 2775 Lambinus
1006 2747 1090 2774 multa

132 2782 263 2818 interjicit
293 2794 305 2810 e
316 2782 361 2810 suo
373 2792 381 2814 ⁴,
403 2784 429 2808 &
442 2782 514 2809 nobis
527 2782 601 2809 ludos
614 2783 686 2809 facit.

170 2828 183 2855 3
191 2839 197 2845 .
217 2819 285 2846 Vari&
295 2820 323 2851 (271
332 2820 366 2845 ad
373 2826 462 2851 tempus
471 2819 586 2852 defiripta
595 2821 672 2852 populi
677 2820 788 2853 fifmore
798 2838 805 2851 ,
816 2819 883 2854 dfe]
905 2819 948 2846 Sic
958 2829 1011 2847 uno
1022 2829 1085 2846 con-

130 2852 204 2881 sensu
215 2855 287 2882 Vi&
298 2857 325 2882 Sc
337 2854 476 2882 Turnebus
486 2867 494 2887 ‚-
506 2854 657 2891 secutuique
666 2855 701 2882 est
714 2855 799 2882 Aldus
810 2857 913 2892 Nepos.
933 2865 991 2882 nain
1003 2857 1086 2882 Luni-

134 2888 212 2917 binus
223 2891 328 2919 adhaefit
340 2891 463 2927 vulgatae,
475 2892 586 2922 varia&
595 2892 628 2917 ad
636 2893 830 2924 rempms'criptae,
837 2893 1015 2924 populisavore.
1028 2892 1084 2919 Pal.

131 2933 222 2961 quart.
234 2927 342 2954 exhibet
353 2946 361 2959 ‚
379 2927 535 2958 varie<1yad
551 2935 639 2959 tempus
648 2928 763 2961 desei-iprae
773 2946 780 2959 ,
795 2930 875 2960 populi
885 2929 994 2961 savorem
1013 2929 1083 2962 magis

132 2960 206 2996 qutim
214 2963 286 2995 legum
294 2972 372 2989 nomen
383 2971 471 2989 renem.
491 2963 532 2988 cui
544 2964 568 2989 St
583 2962 640 2989 suus
651 2972 756 2999 quoque
767 2962 864 2989 senius.

169 3005 197 3029 4.
215 2999 307 3030 Qibus
316 3000 349 3024 illi
361 2999 665 3034 adscriptissusccptisq1‹e.]
687 2999 754 3025 Pau.
764 3000 791 3024 &
804 2999 868 3026 Fab.
878 3000 906 3025 St
918 3000 945 3025 S.
955 2999 1027 3026 Vnst.
1038 3001 1084 3026 illis

131 3033 250 3094 asdrriptfflg.
261 3034 422 3095 'upra-vitque
432 3034 606 3067 Gulielmius,
617 3035 632 3061 ii
645 3035 748 3062 literam
760 3035 859 3072 puncto
869 3035 1006 3072 signatam.
1018 3037 1082 3063 inihi

131 3077 147 3096 e
168 3076 204 3095 ita
231 3076 280 3095 atis
295 3076 357 3096 acit.

171 3113 200 3140 ς.
220 3105 320 3139 Etjuris
329 3104 440 3140 legenda]
460 3106 502 3134 Ita
511 3105 734 3136 Turnebieditio.
754 3117 814 3136 nam
825 3107 939 3136 Viuorii
950 3109 977 3136 ὅ(
987 3110 1039 3136 vim
1049 3110 1082 3138 Ie·
1115 3109 1247 3145 sententia.

1135 2282 1215 2315 gendi.
1235 2283 1384 2311 communis
1395 2282 1477 2310 leffio
1487 2284 1553 2318 juris
1571 2286 1659 2312 colendi
1668 2294 1676 2316 5
1697 2284 1739 2311 cui
1750 2284 1888 2312 assentitur
1898 2284 1956 2311 Pal.
1971 2291 2035 2311 tert.
2055 2284 2099 2311 scd

1140 2325 1229 2354 quart.
1241 2318 1318 2345 habet
1328 2321 1492 2353 &jurulenlh

1175 2354 1201 2380 6.
1221 2356 1299 2388 Qum
1311 2358 1336 2388 fi
1351 2359 1438 2381 latores
1452 2358 1537 2390 aliqua
1555 2357 1652 2389 conteffis
1663 2357 1706 2390 fito
1717 2357 1875 2390 sanxerim]
1898 2355 1979 2391 Legit
1989 2355 2098 2382 Guliel—

1140 2390 1220 2422 mius,
1230 2393 1333 2418 latrones
1343 2392 1438 2425 conseffic
1450 2393 1503 2425 fito.
1523 2392 1595 2427 quod
1609 2401 1699 2418 verum
1712 2391 1818 2419 videtur
1830 2403 1836 2419 ε
1857 2395 1929 2418 certe
1941 2401 2096 2428 praeponen-

1136 2425 1177 2452 dis
1196 2426 1281 2453 tribus
1301 2435 1417 2463 quatuor
1434 2428 1611 2462 conjeetaneis
1623 2428 1757 2456 Lambini.
1776 2427 1870 2455 eodem
1882 2427 1961 2455 modo
1979 2428 2096 2463 conjecit

1137 2462 1239 2498 Lipsius
1252 2462 1300 2489 lib.
1312 2473 1347 2489 11.
1360 2464 1456 2499 Antiq.
1467 2473 1524 2500 cap.
1535 2473 1563 2490 2.

1171 2506 1200 2532 7.
1221 2502 1282 2532 Ergo
1298 2506 1326 2525 tu
1333 2499 1608 2534 wrias&eapultjas.]
1629 2500 1765 2536 Scriptura
1782 2500 1830 2527 ista
1849 2508 1911 2526 vera
1928 2499 1985 2530 est3
2006 2507 2094 2536 neque

1132 2533 1213 2560 aliter
1228 2534 1312 2561 codex
1324 2537 1351 2561 S.
1361 2534 1479 2561 Vieioris
1490 2536 1518 2561 δε
1528 2537 1546 2562 ii
1566 2544 1631 2572 quos
1642 2535 1753 2562 excussit
1764 2536 1857 2562 Petrus
1867 2535 2002 2562 Vi5torius
2014 2545 2023 2566 5
2044 2535 2092 2563 nili

1134 2570 1204 2605 quod
1216 2570 1246 2596 iis
1266 2571 1342 2598 unita
1360 2570 1479 2597 diStione
1498 2573 1589 2597 Turia.
1609 2572 1677 2598 male
1697 2570 1891 2598 rescribendum
1911 2572 1982 2598 enim
2002 2572 2092 2598 fuerat

1135 2606 1217 2632 veteri
1230 2608 1331 2632 ratione
1343 2607 1494 2638 literarum,
1505 2614 1531 2632 tu
1542 2615 1624 2639 τ1Ας,
1635 2607 1704 2642 quod
1718 2608 1816 2633 valeret
1826 2615 1852 2632 tu
1861 2607 1946 2633 Titias.
1966 2607 2004 2634 bis
2015 2608 2089 2634 enim

1131 2640 1274 2676 legendum
1286 2642 1354 2669 illud
1366 2652 1396 2668 ·r1
1410 2642 1582 2677 majusculum
1595 2652 1603 2673 ;
1624 2642 1842 2679 suppeditantque
1852 2643 1974 2679 exempla
1985 2643 2090 2670 Pande-

1131 2676 1180 2703 fta:
1191 2678 1420 2705 ilorci-‚tinorum
1439 2688 1485 2705 cui·
1495 2685 1522 2704 tu
1529 2678 1673 2706 arbitratus
1685 2679 1729 2705 11111
1742 2679 1862 2714 requiri,
1884 2678 1946 2706 facit
1958 2678 2002 2705 res
2014 2679 2092 2706 onsio'

1131 2713 1250 2750 Qinti3
1272 2717 1316 2747 Ego
1334 2715 1411 2745 verb,
1430 2723 1480 2745 &mc
1502 2715 1574 2741 Petr.
1595 2715 1715 2741 Pithoeus
1736 2714 1783 2741 lib.
1797 2724 1833 2742 11.
1852 2714 1966 2741 Advers.
1998 2714 2085 2742 ubsec.

1131 2757 1188 2785 cap.
1208 2758 1237 2776 2.
1257 2750 1367 2777 inclinat
1387 2759 1515 2786 reponere
1532 2752 1619 2777 ‘mrim
1630 2770 1638 2784 ,
1655 2758 1701 2778 aut
1717 2752 1809 2777 sbrius.
1831 2750 1969 2778 videantur
1989 2750 2089 2779 ibidem

1128 2786 1245 2812 rationes
1256 2787 1311 2820 ejus
1324 2787 1432 2812 minime
1446 2786 1558 2813 frivolae.

1163 2821 1189 2848 8.
1209 2826 1330 2848 Sententia
1340 2832 1348 2853 ς
1359 2825 1472 2848 meliorem
1481 2825 1550 2848 multi
1556 2823 1702 2858 nominant]
1725 2823 1827 2859 Lipsius
1837 2822 1887 2849 lib.
1899 2831 1934 2849 11.
1944 2823 2084 2851 Variarum

1124 2865 1179 2893 cap.
1193 2867 1226 2885 11.
1240 2858 1325 2884 labem
1337 2858 1411 2892 hujus
1422 2858 1557 2885 sententiae
1566 2859 1672 2886 auferre
1683 2867 1796 2885 conatur
1807 2878 1815 2891 ‚
1826 2858 1992 2886 rescribendo
2003 2878 2011 2892 ‚
2023 2860 2083 2893 fin-

1124 2896 1199 2919 tentia
1209 2896 1287 2920 ›mlior
1299 2914 1307 2927 ,
1322 2897 1372 2919 mm
1381 2895 1460 2920 multis
1469 2903 1634 2921 commemorat.
1653 2895 1803 2930 ingeniose.
1824 2895 1963 2922 Turnebus
1975 2897 2082 2925 monuit

1124 2930 1190 2956 alios
1203 2930 1302 2965 legere,
1307 2933 1425 2964 sententia
1435 2932 1523 2962 melior,
1533 2933 1601 2956 multi
1609 2938 1744 2957 memorant.

1158 2973 1187 3000 9.
1207 2967 1253 2997 Vi,
1272 2967 1357 2992 ditione
1369 2985 1375 2997 ‚
1395 2967 1551 3000 aeramina]
1572 2967 1616 2994 Est
1635 2969 1649 2993 a
1669 2966 1847 2994 Turnebiana.
1868 2967 1965 3005 quippe
1983 2967 2079 2994 Viisto-

1123 3001 1180 3027 rina
1191 3001 1403 3029 omisitilludvi.
1423 3001 1552 3038 quodncc
1570 3002 1597 3029 in
1609 3002 1694 3030 Palat.
1713 3011 1818 3039 quarto.
1840 3004 1946 3039 vulgata
1958 3023 1967 3037 ,
1979 3005 2080 3039 judicio,

1123 3047 1227 3064 numme.

1164 3083 1205 3099 ιο.
1225 3075 1402 3102 eAbhurrebunt
1420 3075 1450 3100 ab
1467 3074 1582 3106 11τίἰὶὠᾶ
1593 3084 1655 3102 ‘vera
1664 3075 1812 3112 sementim]
1834 3075 1902 3105 Pall.
1913 3077 1969 3103 utili
1977 3085 2005 3102 ac
2014 3083 2078 3102 vera

1353 3147 1605 3176 Mmmmmmm
1624 3155 1642 3174 ι,
1947 3148 2081 3181 [Qum
