2337 3400
196 144 297 206 548
601 138 674 186 M.
753 135 1117 186 Tunnrt

201 221 424 265 Dyrrhachium
437 239 446 254 ‚
462 219 495 251 ὃς
505 218 688 260 Apollonia,
703 219 873 251 exinanita:
888 219 1047 250 Ambracia
1058 239 1066 254 ,
1080 218 1162 250 dire-

202 276 251 307 pta
265 277 268 293 z
287 265 434 295 Parthini,
449 262 479 292 &
492 261 655 291 Ballienses
666 282 674 294 ,
688 259 766 291 illusi
778 272 783 290 ε
796 263 920 301 Epirus,
932 262 1048 292 excisa-z
1059 262 1161 296 Locri,

204 309 306 340 theu
317 327 324 339 ‚
338 305 445 334 Boeotii
457 323 465 337 2
475 302 574 334 exusti
585 313 590 332 ;
601 304 780 337 Acarnania,
791 304 1006 343 Amphilochia
1016 323 1023 337 ‚
1034 304 1163 335 Perrhae-

205 350 252 380 bia
266 369 272 380 ,
287 349 552 386 Athamanumque
561 355 633 386 gens
644 364 652 378 ,
668 344 807 374 vendita:
828 345 1006 377 Macedonia
1017 365 1026 379 ‚
1047 344 1164 376 condo-

208 400 272 420 tiata
283 389 427 419 barbaris:
439 387 568 421 AEtolia,
581 384 699 416 amissa:
711 387 847 427 Dolopes
856 407 865 421 ,
878 385 1062 428 finitimique
1073 397 1166 418 mon-

207 433 267 461 :aui
280 452 287 465 ,
299 429 420 470 oppidis
429 449 439 463 a
448 438 537 469 atque
547 429 623 470 agris
634 429 825 458 exterminati
838 430 936 459 :cives
947 431 1100 464 Romani,
1111 430 1163 470 qui

206 475 240 503 in
252 475 288 502 iis
299 473 372 502 locis
384 474 574 512 negotiantur
585 490 593 504 ,
615 479 642 500 te
653 480 749 500 unum
761 491 769 503 ‚
789 470 885 501 solum
898 491 907 504 ‚
928 471 1014 502 suum
1024 471 1167 513 depecula—

205 523 294 544 Jorem
303 535 311 548 ,
323 522 497 543 vexatorem
507 533 515 547 ‚
527 512 701 552 praedonem
714 533 722 546 ‚
735 511 864 547 bostem,
876 511 987 544 venisse
998 514 1164 543 senserunt.

207 557 253 587 Ad
266 558 374 586 inmun
385 555 528 585 omnium
539 554 651 594 judicia
661 563 715 587 tot,
727 562 813 595 atque
824 564 902 585 tanta
911 575 919 589 ,
934 554 1166 595 domesticumju-

207 599 325 629 dicium
346 595 460 628 acceffit
478 597 632 627 sententiae
652 595 855 627 damnationis
874 606 947 631 tux:
964 598 1100 628 occultus
1113 597 1161 627 ad-

206 649 315 670 ventur>
326 660 334 674 ‚
355 638 503 669 furtivum
518 640 573 668 iter
585 648 636 678 per
645 639 761 668 Italiam
774 659 782 672 ‚
800 641 942 669 introitus
955 641 986 669 in
998 639 1103 669 urbem
1115 639 1168 668 de-

207 683 301 712 sertus
319 681 354 712 ab
373 682 496 714 amicis,
517 680 608 710 nullae
628 679 664 710 ad
684 680 818 710 senatum
838 680 855 710 ὲ
872 682 1028 721 provincia
1048 681 1164 714 litterae,

208 727 219 744 ¹
233 725 314 754 nulla
325 733 361 753 ex
373 724 459 752 trinis
469 721 580 752 aestivis
591 722 746 763 gratulatio
756 742 764 755 ,
785 723 867 753 nulla
881 724 1027 763 triumphi
1038 725 1167 752 mentio:

207 776 272 796 non
291 765 386 795 modo
405 764 477 805 quid
497 762 634 805 gefferiS,
655 764 703 794 sed
725 774 762 794 ne
780 764 890 806 quibus
909 767 941 794 in
956 765 1029 794 locis
1043 764 1167 806 quidem

207 807 319 840 fueris,
341 807 440 836 dicere
456 806 555 836 audes,
580 809 627 836 Ex
644 806 699 835 illo
718 805 803 836 fonte
814 826 825 839 ,
843 806 875 836 δε
888 806 1049 836 seminario
1060 808 1170 836 triurn-

207 851 339 890 phorum
353 868 361 883 ,
381 847 452 879 curn
465 848 545 878 arida
553 847 740 877 folialaurcae
749 846 915 882 retuliss‘es3
935 857 1004 878 cum
1017 858 1049 878 ea
1059 847 1171 887 abjeSta

208 891 245 921 ad
255 901 372 931 portam
382 889 546 930 reliquisti:
566 899 630 919 tum
646 897 680 917 tu
693 889 772 930 2111st
784 889 820 919 de
834 899 862 919 te
881 899 1014 919 FECISSE
1034 899 1169 922 Vlmsnl,

208 931 456 974 pronuntiavisti.
480 933 531 972 qui
553 930 573 960 fi
594 932 669 960 nihil
687 930 809 972 gesseras
824 931 951 972 dignum
963 932 1099 965 honore,
1118 931 1170 960 ubi

210 976 383 1005 exercitus?
404 974 455 1003 ubi
469 974 605 1003 sumtus?
629 972 678 1002 ubi
689 974 877 1012 imperium?
897 973 949 1003 ubi
961 973 1011 1003 illa
1022 973 1172 1003 uberrima

209 1016 479 1057 supplicationibus
498 1014 715 1054 triumphisque
733 1016 914 1054 provincia?
935 1013 978 1044 fin
998 1024 1098 1045 autem
1118 1016 1172 1045 ali-

190 1059 285 1102 4111111
296 1059 407 1099 sperare
419 1057 554 1087 volueras
566 1077 576 1089 ,
587 1055 605 1085 si
615 1064 756 1096 cogitaras
766 1056 796 1086 id
807 1076 815 1090 ‚
825 1057 1107 1097 quodirnperatoris
1116 1067 1173 1086 no-

209 1111 282 1131 men
295 1121 303 1134 ,
323 1099 404 1141 quod
420 1099 536 1129 laureati
553 1099 642 1128 fasces
655 1117 663 1130 ‚
683 1098 765 1139 quod
777 1099 828 1128 illa
838 1108 964 1139 tropaea,
984 1099 1071 1139 plena
1081 1099 1171 1129 dede-

207 1144 305 1176 coris,
326 1144 359 1172 &
377 1141 449 1171 risus
462 1161 469 1174 ‚
488 1149 516 1170 te
534 1149 776 1170 commentatum
793 1139 851 1170 effe
869 1141 1036 1170 declarant:
1057 1142 1124 1181 quis
1143 1150 1171 1170 te

208 1185 367 1216 miserior,
386 1184 454 1224 quis
465 1192 492 1212 te
502 1181 691 1215 damnatior,
712 1184 764 1222 qui
778 1192 875 1223 neque
891 1182 1015 1212 scribere
1034 1182 1069 1212 ad
1092 1183 1174 1212 sena·
1191 1177 1194 1221 Ι

208 1235 274 1257 tum
288 1246 296 1260 ,
319 1225 335 1256 a
352 1234 380 1255 te
402 1227 478 1255 bene
495 1234 592 1263 remp.
603 1222 662 1254 ess‘e
675 1224 786 1265 gestam
800 1245 810 1257 ,
831 1234 928 1264 neque
938 1224 1064 1263 praesens
1076 1223 1173 1253 dicere

147 1275 188 1307 41
209 1268 296 1298 ausus
310 1270 361 1298 es?
405 1269 455 1296 An
473 1275 505 1296 tu
525 1267 621 1299 mihi,
642 1276 691 1296 cui
706 1266 822 1305 semper
836 1267 874 1295 ita
887 1266 1057 1305 persuasum
1071 1265 1170 1299 fuerit,

209 1319 279 1340 noti
299 1319 442 1340 EVENTIS
461 1307 511 1338 sed
524 1306 630 1341 faffis,
650 1308 793 1348 cujusque
805 1306 958 1339 fortunam
981 1307 1174 1347 spondenti,

247 1403 258 1421 1
266 1414 272 1421 .
290 1396 371 1430 ‘Rullae
380 1403 408 1419 ex
417 1393 488 1419 trinis
497 1392 606 1426 stiria]
619 1391 835 1427 Praepositionem
846 1389 978 1424 adjeetam
989 1390 1077 1417 voluit
1085 1393 1099 1417 e
1111 1390 1172 1417 mss.

212 1430 264 1458 su'is
275 1430 428 1460 Turnebus,
438 1429 574 1464 exstatque
585 1429 695 1454 omnino
706 1428 731 1454 in
745 1427 813 1454 Pall.

246 1476 276 1493 ι,
296 1467 343 1500 lpse
354 1465 506 1500 derefftctsffi:
518 1474 626 1491 viniani
642 1463 857 1498 prommtiaw'ssi.]
879 1463 922 1489 Sic
933 1462 993 1489 libri
1006 1463 1114 1495 Fa'e‘rui,
1125 1472 1172 1489 ne-

212 1512 263 1534 que
273 1501 384 1529 divertit
404 1501 460 1528 Par,
472 1510 512 1537 pr.
527 1511 585 1528 nani
599 1501 631 1527 sic
644 1521 652 1532 ‚
672 1508 693 1525 ze
702 1501 782 1526 videri
789 1500 1068 1533 pro-vinciafectffijxfii.
1091 1499 1172 1534 vulgo

208 1535 320 1572 &fidele
332 1540 476 1572 fintemiam
485 1538 560 1569 tuliffit
577 1538 668 1563 villeri:
681 1555 689 1567 ‚
710 1544 760 1561 rum
770 1537 890 1570 judicium
898 1537 1070 1568 pronunciasti.
1090 1534 1175 1563 editio

211 1575 307 1611 psi-ina,
321 1576 365 1610 ‘22²
375 1575 402 1601 d:
412 1574 516 1609 πίει-ζῶ
525 1574 741 1607 w'dcrisjudicium
747 1571 921 1605 p›·07mnti.3sse.

595 1681 687 1745 M.
763 1680 1276 1742 TULLIUS

1199 140 1740 191 thnnouas

1208 219 1306 252 dicere
1317 220 1407 252 audes
1419 241 1428 255 ‚
1449 231 1547 263 neque
1557 223 1589 253 in
1599 223 1715 255 tabellis
1725 221 2054 265 paucorumjudieum,
2073 222 2166 255 sedin
2192 237 2193 240 ¹

1210 263 1365 294 sententiis
1383 266 1528 293 omnium
1543 266 1658 295 civium
1669 286 1678 300 ,
1698 266 1812 298 famam
1824 267 1955 298 nostram
1967 286 1976 301 ‚
1995 265 2168 297 fortunam-

1209 315 1268 346 que
1287 304 1436 345 pendere?
1454 313 1482 335 te
1500 305 1712 339 indemnatum
1731 308 1827 339 videri
1847 318 1948 350 putas,
1992 318 2062 339 uem
2082 308 2170 342 socii,

1211 357 1303 388 quem
1322 346 1477 381 foederati,
1497 357 1588 387 quem
1608 348 1694 380 liberi
1713 351 1839 390 populi,
1859 361 1951 392 quem
1998 349 2169 390 ipendiarii,

1210 399 1302 430 quem
1315 391 1513 430 negotiatores
1525 408 1533 422 ‚
1553 400 1644 430 quem
1653 391 1804 431 publicani
1816 413 1825 426 ,
1843 403 1934 434 quern
1945 392 2082 423 universa
2095 392 2174 422 civi·

1212 440 1253 461 tas
1265 451 1273 464 ,
1292 440 1384 471 quem
1400 431 1484 472 legati
1497 450 1505 464 ‚
1523 440 1613 472 quem
1635 433 1747 463 tribuni
1767 435 1931 468 militares,
1951 444 2042 475 quem
2061 434 2172 473 reliqui

1213 473 1346 511 milites„
1368 473 1543 512 quiferrum
1556 492 1564 506 ,
1582 476 1659 514 4qui
1678 474 1791 505 famem
1804 495 1812 509 ‚
1833 478 1884 517 qui
1900 477 2043 506 morbum
2057 473 2174 516 effuge-

1213 523 1281 544 runt
1292 534 1300 547 ,
1319 515 1395 544 omni
1407 515 1536 543 cruciatu
1546 514 1751 556 digniffimum
1762 520 1887 556 putant?
1907 519 1955 547 cui
1968 527 2031 547 non
2042 516 2118 556 apud
2130 517 2174 547 se-

1215 565 1318 586 natum
1330 577 1338 590 ,
1351 566 1413 586 non
1424 556 1500 596 apud
1512 557 1610 586 ullum
1620 558 1762 588 ordinem
1773 577 1780 591 ,
1793 568 1856 588 non
1867 558 1945 598 apud
1956 561 2068 598 equites
2078 561 2175 588 Rom.

1215 608 1279 627 non
1299 600 1332 628 in
1349 598 1420 628 urbe
1433 618 1441 632 ,
1463 608 1527 628 non
1542 599 1574 627 in
1585 598 1667 629 litalia
1678 619 1686 632 ,
1707 601 1915 629 maximorum
1932 600 2076 629 scelerum
2088 603 2177 630 venia

1216 640 1275 670 ulla
1284 640 1319 670 ad
1332 639 1547 682 ignoscendum
1558 640 1620 670 dari
1630 639 1739 679 poffit?
1760 643 1812 682 qui
1827 642 1967 681 seipsum
1982 641 2099 674 oderit,
2118 642 2172 681 qui

1216 691 1330 712 metuat
1340 683 1480 716 omneis,
1504 684 1556 722 qui
1568 682 1648 712 suam
1658 683 1775 713 causam
1786 684 2105 713 neminicommittere
2123 692 2178 713 au-

1216 724 1283 754 deat
1302 745 1310 757 ‚
1331 725 1382 765 qui
1402 724 1523 765 seipsum
1539 724 1723 754 condemnet
1741 727 1752 754 ?
1782 727 1964 766 Numquam
1981 734 2036 766 ego
2058 725 2178 766 sangui-

1216 775 1288 796 nem
1311 768 1444 805 expetivi
1465 775 1550 796 tuum
1571 776 1576 794 :
1596 776 1764 807 numquam
1784 767 1858 796 illud
1879 776 2049 796 extremum
2067 787 2076 800 ‚
2095 765 2176 808 quod

1217 806 1312 847 poffet
1330 806 1387 837 ess'e
1407 807 1554 848 improbis
1566 827 1574 840 ,
1596 808 1628 837 &
1648 809 1750 847 probis
1769 818 1935 838 commune
1947 828 1955 841 ‚
1973 808 2153 848 supplicium
2166 827 2176 841 ‚

1217 850 1291 890 legis
1314 869 1322 882 ‚
1351 860 1383 879 ac
1402 850 1512 890 judicii
1532 861 1540 882 3
1564 849 1611 879 sed
1633 849 1785 889 abjectum
1806 871 1814 884 ,
1834 859 2026 880 contemtum
2045 870 2053 884 ‚
2073 849 2178 890 despe-

1218 890 1303 921 &um
1321 891 1337 920 a
1356 892 1461 921 ceteris
1476 912 1484 924 ,
1504 890 1519 920 a
1539 899 1566 920 te
1584 891 1647 930 ipso
1663 892 1849 931 desperatum
1863 913 1872 926 ,
1895 892 1927 922 δε
1941 890 2100 922 relictum:
2120 893 2180 921 cir-

1217 932 1472 972 cumspec'tantern
1493 935 1597 962 omnia
1616 943 1621 961 :
1644 933 1787 974 quidquid
1803 932 1976 975 increpuisset
1990 955 1999 967 ‚
2019 933 2179 974 pertimes-

1216 984 1336 1005 centem
1353 985 1358 1003 :
1382 973 1571 1005 diffidentem
1593 976 1653 1004 tuis
1673 976 1760 1004 rebus
1780 987 1784 1004 :
1813 973 1873 1006 fine
1892 985 1987 1009 voce,
2007 975 2067 1005 fine
2089 975 2179 1006 liber-

1218 1024 1296 1048 tate,
1311 1015 1372 1046 fine
1388 1015 1562 1047 augloritate
1573 1037 1584 1049 ,
1600 1014 1658 1046 sine
1676 1017 1736 1047 ulla
1754 1018 1849 1057 specie
1867 1017 2013 1048 consulari
2029 1029 2033 1047 ;
2052 1019 2179 1047 horren-

1219 1066 1301 1090 tem,
1324 1066 1505 1088 trementem
1517 1078 1525 1092 ,
1548 1058 1720 1088 adulantem
1744 1061 1864 1088 omneis
1878 1079 1886 1092 ‚
1904 1059 2008 1090 videre
2028 1069 2055 1089 te
2072 1059 2177 1089 volui:

1220 1099 1294 1129 vidi.
1316 1102 1424 1140 Qare,
1437 1098 1456 1128 si
1468 1100 1522 1129 tibi
1532 1101 1676 1133 evenerit,
1687 1100 1767 1140 quod
1778 1103 1898 1135 metuis,
1910 1111 1947 1131 ne
1957 1101 2067 1131 accidat
2078 1111 2082 1129 z
2093 1102 2179 1142 equi-

1218 1141 1287 1171 dem
1300 1151 1364 1170 non
1375 1140 1502 1170 moleste
1512 1140 1605 1170 feram
1617 1151 1621 1169 :
1641 1140 1684 1170 sin
1693 1141 1725 1170 id
1735 1137 1847 1171 'tardius
1861 1141 1939 1172 forte
1952 1141 2000 1172 fiet
2015 1162 2023 1176 ,
2042 1142 2121 1172 fruar
2135 1151 2179 1172 ta-

1220 1192 1293 1212 men
1306 1191 1355 1212 tua
1368 1182 1545 1222 indignitate
1558 1193 1562 1211 :
1577 1192 1632 1212 nec
1642 1182 1746 1212 minus
1756 1184 1883 1213 libenter
1894 1193 2081 1214 metuentem
2091 1183 2180 1214 vide·

1220 1224 1259 1254 bo
1272 1244 1280 1257 ‚
1301 1234 1338 1253 ne
1349 1234 1414 1254 reus
1434 1224 1484 1253 fias
1496 1244 1503 1257 ,
1524 1234 1614 1265 quam
1634 1234 1737 1253 reum:
1757 1234 1812 1254 nec
1827 1224 1930 1254 minus
1950 1225 2088 1258 laetabor,
2105 1224 2178 1255 cum

1219 1274 1248 1337 tie
1260 1265 1376 1306 semper
1394 1265 1548 1296 sordidum
1564 1287 1572 1300 ‚
1584 1264 1716 1307 quamsi
1734 1269 1747 1293 5
1755 1267 1914 1307 paullisper
1930 1265 2114 1297 sordidatum
2130 1268 2180 1298 vi:-

1192 1335 1195 1341 ,
1240 1317 1333 1337 erem.

1248 1392 1410 1426 3.¹Ponderati
1419 1393 1492 1417 diet-rc
1502 1392 1586 1419 andes,
1598 1393 1697 1426 neap-:eq
1711 1392 1847 1419 Manutius
1858 1393 1888 1418 δε
1905 1391 2050 1418 Lambinus
2060 1391 2179 1425 abjecere

1212 1428 1286 1453 dicere
1296 1428 1380 1460 audes,
1392 1427 1471 1454 credo
1482 1427 1554 1454 suas-i
1568 1429 1673 1454 Fat'e'rni.
1694 1428 1737 1455 sed
1749 1438 1807 1455 cum
1818 1428 1945 1455 destituar
1955 1429 2011 1463 ejus
2022 1429 2093 1455 notis
2105 1438 2114 1460 5
2134 1437 2179 1456 rc-

1213 1463 1334 1499 stentque
1345 1464 1371 1490 in
1385 1463 1452 1490 Pali.
1465 1464 1519 1490 nost
1526 1465 1571 1494 ris,
1583 1465 1680 1490 retinui
1693 1465 1729 1490 eis
1742 1464 1814 1491 sunni
1827 1464 1925 1491 locum.

1250 1507 1278 1532 4.
1297 1501 1346 1532 Qi
1362 1502 1448 1533 famem
1461 1519 1468 1531 ,
1490 1502 1532 1534 qui
1541 1502 1643 1525 morbum
1660 1501 1815 1535 effugerunt]
1838 1501 1936 1528 Melius
1955 1499 2022 1527 istud
2034 1503 2048 1527 ὲ
2059 1499 2117 1527 Pal.
2128 1499 2180 1528 sec.

1214 1542 1294 1571 atque
1306 1535 1469 1562 Erinrdiano
1482 1536 1608 1567 vulgatis,
1620 1545 1664 1571 qui
1676 1544 1779 1562 mertem.

1252 1580 1279 1607 5.
1298 1574 1431 1606 Paullisper
1443 1572 1593 1605 sordidatum
1605 1572 1738 1607 viderem.)
1765 1572 1929 1600 Gulielmius
1941 1572 2036 1601 mallet
2047 1573 2178 1606 ‚viderim¹

1193 1535 1198 1596 l

1375 1682 1792 1743 CICERO

1080 1787 1316 1845 PRO
1806 1794 1810 1798 ’

220 1878 343 1964 T.
464 1877 1149 1968 ANNIO

1304 1879 2175 1968 MILONE.

517 2029 875 2077 ORATIO
943 2030 1876 2081 TRICESIMAOCT‘AVA.

437 2174 447 2182 ⁸
490 2140 542 2168 Ts
556 2148 566 2167 1
587 2147 711 2171 vereor,
731 2138 865 2178 judices,
887 2150 926 2170 ne
944 2147 1026 2180 turpe
1040 2139 1073 2171 sit
1088 2160 1096 2174 ‚
1119 2151 1174 2181 pro

443 2199 463 2221 1,
490 2178 653 2210 fortiffimo
663 2180 731 2210 viro
739 2180 837 2211 dicere
852 2184 1069 2222 incipientem,
1089 2185 1178 2213 time-

490 2231 540 2255 re,
566 2223 756 2261 minimeque
777 2222 894 2257 deceat,
915 2227 1045 2254 cum-T.
1059 2226 1180 2254 Annius

459 2299 464 2306 ι
493 2264 573 2293 Milo
592 2264 653 2303 ipse
675 2265 770 2304 magis
796 2263 833 2294 de
860 2265 1034 2305 reipublicae
1064 2266 1155 2296 salute
1167 2286 1175 2300 ,

492 2304 582 2345 quarn
594 2306 631 2335 de
640 2305 688 2335 sua
695 2305 882 2345 perturbetur
895 2327 903 2340 ,
923 2317 972 2336 me
986 2306 1021 2336 ad
1035 2307 1099 2346 ejus
1108 2318 1177 2338 cau-

441 2384 448 2389 ,
494 2347 552 2377 sam
571 2357 671 2387 parem
692 2348 787 2376 animi
812 2348 1054 2388 magnitudinem
1075 2348 1179 2378 afferre

443 2384 461 2402 ²⁶
491 2398 555 2418 non
566 2387 647 2428 poffe
658 2400 668 2422 3
687 2397 788 2418 tamen
803 2389 866 2418 haec
885 2390 958 2419 novi
976 2388 1084 2428 judicii
1100 2399 1180 2420 nova

218 2438 320 2469 forma
339 2444 422 2467 terret
435 2434 541 2464 oculos:
563 2432 616 2471 qui
635 2440 827 2471 quocumque
846 2430 1026 2464 inciderint,
1046 2439 1178 2461 veterem

218 2478 472 2511 consuetudinem
484 2474 556 2506 fori>
567 2473 599 2502 &
608 2471 770 2512 pristinum
786 2476 794 2492 ¹
809 2482 927 2502 morem
938 2472 1121 2512 judiciorum
1132 2482 1179 2502 re-

220 2524 355 2562 quirunt,
378 2530 443 2550 non
453 2520 537 2549 enirn
555 2524 666 2544 corona
676 2512 825 2544 consess'us
837 2513 931 2544 vester
940 2513 1055 2544 cinstus
1066 2514 1107 2544 est
1116 2533 1125 2548 ‚
1147 2523 1179 2544 ut

218 2561 349 2593 iniebat:
365 2572 430 2593 non
440 2559 541 2591 usitata
552 2556 719 2597 frequentia
730 2555 826 2596 stipati
838 2557 951 2587 sumus.
963 2565 1033 2586 nam
1044 2557 1095 2586 illa
1106 2566 1180 2596 pra:-

224 2604 313 2639 sidia,
331 2615 395 2645 qua:
406 2613 461 2643 pro
472 2600 594 2640 templis
614 2598 758 2628 omnibus
776 2600 914 2632 cernitis,
933 2596 1097 2629 eificontra
1114 2600 1179 2628 vim

219 2647 362 2678 collocata
375 2646 453 2678 sum,
480 2647 492 2671 3
503 2653 568 2673 non
578 2640 706 2672 afferunt
718 2649 819 2670 tamen
832 2641 940 2670 oratori
953 2639 1065 2680 aliquid
1077 2652 1086 2674 3
1103 2642 1180 2670 utin

221 2688 300 2720 sora,
314 2688 345 2717 ὃς
360 2686 531 2726 injudicio,
541 2692 722 2725 quamquam
736 2680 878 2722 praefidizs
889 2682 1072 2715 salutaribus,
1085 2682 1117 2711 ὃς
1128 2691 1181 2711 nc-

222 2729 348 2759 cei'i'ariis
362 2729 440 2768 saepti
456 2728 558 2758 sumus
570 2746 577 2760 ,
602 2734 701 2755 tamen
718 2734 756 2753 ne
777 2734 840 2753 non
859 2726 964 2754 timere
977 2724 1100 2764 quidem
1120 2722 1180 2753 sine

223 2773 323 2811 aliquo
335 2772 443 2800 timore
457 2767 612 2809 poffirnus.
636 2770 710 2809 Qae
721 2764 740 2795 si
760 2764 891 2805 opposita
903 2766 1014 2795 Miloni
1029 2773 1178 2805 putarem:

222 2813 337 2842 cedo-em
351 2812 483 2853 tempori,
498 2811 508 2850 j
516 2811 615 2841 udices
626 2830 634 2844 ,
649 2818 705 2840 nec
719 2809 796 2837 inter
815 2816 924 2837 tantam
942 2808 1008 2836 vim
1026 2817 1180 2837 armorum

221 2853 427 2884 existimarem
438 2856 452 2872 ²
463 2854 573 2882 oratori
585 2852 686 2882 locum
707 2848 775 2879 effe.
803 2849 858 2880 Sed
881 2859 930 2878 me
942 2857 1050 2879 recreat
1062 2869 1071 2883 ‚
1092 2849 1183 2878 &re-

222 2895 286 2927 ficit
300 2899 355 2926 Cn.
368 2896 526 2936 Pompeii,
546 2891 750 2934 sapientiffimi
761 2911 770 2926 ,
782 2889 979 2933 ,&.justlffimi
988 2892 1053 2922 viri
1064 2910 1073 2925 ,
1083 2889 1182 2921 consi-

229 3006 392 3059 ''Morcm
410 3006 547 3036 judiciorum
562 3006 713 3040 requirunt]
734 3008 825 3043 Qam
838 3005 910 3032 varie
930 3005 1035 3041 legatur
1054 3004 1124 3030 locus
1136 3005 1181 3031 iste

327 3043 354 3068 in
367 3042 423 3068 rnss'.
434 3049 505 3078 patet
516 3052 549 3068 ex
560 3042 730 3069 editionibus.
752 3051 799 3068 nec
810 3051 845 3068 eae
855 3041 1001 3077 discrepant
1012 3039 1098 3068 solum
1112 3060 1119 3071 ‚
1138 3040 1181 3067 sed

225 3078 304 3105 etiam
315 3078 489 3105 Granimatici
501 3085 614 3109 veteres,
625 3088 690 3114 quos
700 3077 790 3105 laudat
801 3078 901 3105 amicus
912 3078 998 3105 noster
1007 3075 1183 3103 Aud.3chot-

224 3122 265 3143 tus
278 3114 346 3141 libro
358 3123 379 3140 1,
391 3113 498 3140 Notior.
509 3123 566 3150 cap.
581 3121 622 3147 14.

267 3160 296 3178 2.
324 3154 376 3177 Non
395 3150 507 3183 adfirmant
525 3157 604 3176 tamen
622 3152 710 3175 oratori
728 3150 855 3185 aliquid]
885 3149 1032 3176 Lambinus
1051 3148 1130 3176 fidem
1144 3149 1184 3175 st·-

223 3194 302 3216 cutus
330 3186 432 3214 Mureti
452 3185 577 3215 emendat
597 3186 708 3220 adstruat
727 3194 806 3212 tamea
835 3189 922 3214 oratori
947 3186 1048 3214 horroris
1073 3187 1187 3222 aliquid,-

1222 2140 1318 2170 lium:
1342 2142 1393 2182 qui
1409 2139 1548 2181 profesto
1568 2150 1624 2171 nec
1642 2139 1765 2181 justitiae
1788 2140 1978 2181 suaetputaret
1994 2138 2072 2174 effe,
2088 2149 2180 2181 quern

1221 2184 1454 2222 reumsentenries
1471 2183 1610 2222 judicum
1621 2181 1784 2213 tradidisset
1794 2202 1803 2216 ,
1820 2182 1952 2212 eundem
1966 2182 2032 2211 telis
2043 2183 2182 2211 militum

1220 2225 1344 2254 dedere:
1369 2235 1423 2254 nec
1433 2225 1582 2265 sapientiae
1593 2244 1602 2259 ‚
1618 2226 1818 2255 temeritatem
1839 2226 1991 2254 concitatae
2005 2222 2182 2252 multitudi-.

1222 2268 1270 2296 nis
1281 2266 1453 2297 au&oritate
1463 2266 1582 2307 publica
1594 2276 1714 2296 armare.
1730 2266 1939 2306 Qamobrem
1949 2264 1999 2293 illa
2007 2274 2099 2298 arma,
2108 2274 2182 2294 cen-

1220 2310 1366 2341 turiones,
1378 2309 1528 2341 cohortes,
1540 2317 1602 2337 non
1611 2307 1779 2346 periculum
1793 2306 1896 2338 nobis,
1908 2306 1955 2336 sed
1963 2306 2118 2347 praefidium
2128 2306 2182 2336 de-

1221 2351 1379 2378 nuntiant:
1402 2359 1499 2389 neque
1517 2349 1615 2378 solum
1627 2367 1636 2381 ,
1656 2357 1689 2377 ut
1698 2350 1801 2389 quieto
1813 2369 1821 2381 2
1842 2347 1891 2378 sed
1907 2349 1996 2378 etiam
2019 2357 2051 2377 ut
2069 2357 2180 2389 magno

1221 2391 1327 2419 animo
1337 2388 1440 2423 simus,
1451 2391 1622 2420 hortantur:
1636 2399 1733 2430 neque
1744 2390 1894 2419 auxilium
1906 2388 2002 2419 modo
2011 2388 2181 2419 defenfioni

1222 2441 1296 2460 meae
1309 2451 1317 2464 ‚
1336 2430 1445 2461 verum
1465 2433 1560 2461 etiam
1575 2429 1727 2461 silentium
1746 2432 1939 2471 pollicentur.
1962 2431 2092 2472 Reliqua
2105 2429 2178 2461 verb

1222 2473 1399 2506 multitudo,
1411 2483 1477 2514 quae
1491 2472 1614 2514 quidem
1627 2472 1669 2503 est
1679 2474 1805 2506 civium,
1822 2481 1883 2503 tota
1894 2472 1992 2503 nostra
2001 2472 2059 2503 est:
2082 2482 2181 2513 neque

1222 2525 1327 2544 eorum
1337 2516 1506 2555 quisquam,
1517 2524 1593 2555 quos
1604 2514 1736 2555 undique
1748 2516 1911 2545 intuenteis
1921 2525 1959 2545 ex
1968 2516 2027 2544 hoc
2035 2515 2098 2554 ipso
2109 2514 2191 2544 loco.

1221 2557 1343 2586 cernitis
1354 2577 1361 2590 ‚
1376 2556 1455 2586 unde
1469 2557 1566 2596 aliqua
1575 2566 1640 2596 pars
1650 2555 1708 2586 fori
1718 2556 1826 2595 adspici
1837 2555 1934 2597 potest
1943 2576 1953 2590 ,
1974 2556 2006 2586 δε
2016 2557 2104 2596 hujus
2114 2557 2182 2586 exi-

1223 2598 1403 2638 tumjudicii
1414 2598 1630 2638 exspectanteis
1641 2618 1650 2632 ,
1668 2608 1733 2628 non
1745 2599 1816 2628 cum
1834 2600 1938 2628 virtuti
1949 2599 2079 2629 Milonis
2088 2597 2193 2632 favet,.

1225 2649 1288 2669 tum
1299 2640 1366 2679 des&
1379 2659 1387 2673 ,
1409 2640 1445 2670 de
1456 2640 1557 2670 liberis
1568 2640 1627 2670 suis
1638 2660 1647 2673 ,
1666 2640 1703 2669 de
1712 2642 1803 2680 patria
1812 2659 1821 2674 ,
1843 2640 1880 2670 de
1890 2639 2021 2670 fortunis
2031 2639 2181 2670 hodierno

1223 2681 1271 2711 die
1280 2681 1419 2712 decert'ari
1434 2690 1524 2722 putat.
1550 2685 1656 2712 Unum
1666 2691 1758 2722 genus
1771 2681 1812 2711 est
1821 2682 1977 2712 adversum
1988 2702 1997 2715 ,
2019 2681 2181 2712 infestum-

1223 2734 1281 2764 que
1292 2724 1380 2754 nobis
1391 2744 1399 2757 ‚
1411 2734 1516 2753 eorum
1529 2743 1537 2757 ,
1551 2733 1627 2764 quos
1638 2726 1668 2754 P.
1682 2723 1782 2753 Clodii
1792 2723 1876 2754 furor
1887 2726 1997 2763 rapinis
2007 2744 2014 2758 ,
2031 2724 2064 2753 &
2073 2724 2180 2752 inoen-

1224 2766 1293 2800 diis,
1305 2766 1491 2796 &omnibus
1501 2766 1603 2795 exitiis
1616 2765 1746 2805 publicis
1764 2767 1861 2806 pavit:
1883 2776 1935 2806 qui
1945 2764 2077 2794 hesterna
2089 2765 2179 2794 etiam

1224 2810 1372 2838 concione
1381 2809 1499 2837 incitati
1513 2808 1581 2837 sunt
1592 2828 1601 2840 ‚
1613 2816 1645 2836 ut
1655 2807 1742 2837 vobis
1754 2809 1970 2847 vocepm‘irrnr²
1982 2805 2053 2847 quid
2064 2805 2181 2846 judica-

1226 2851 1306 2879 retis.
1327 2859 1457 2891 quorum
1468 2849 1583 2879 clamor
1592 2847 1681 2888 siquis
1689 2848 1767 2879 forte
1777 2848 1878 2881 fuerit,
1888 2848 2050 2878 admonere
2062 2857 2118 2877 vos
2127 2847 2182 2877 de-

1216 2891 1322 2926 bebit,
1333 2901 1368 2922 ut
1379 2900 1452 2922 eum
1461 2893 1561 2922 civem
1574 2892 1739 2924 retineatis,
1749 2892 1799 2931 qui
1811 2891 1925 2930 semper
1935 2899 2029 2931 genus
2039 2889 2115 2919 illud
2124 2890 2181 2919 ho-

2040 2941 2177 2965 minum,

1225 3004 1297 3030 ouod
1319 3006 1399 3032 etiam
1421 3004 1505 3041 reperi
1522 3004 1549 3031 in
1569 3013 1623 3031 uno
1641 3003 1779 3039 alteroque
1799 3013 1920 3030 meorum
1933 3024 1941 3037 ,
1960 3005 2055 3031 verum
2067 3012 2126 3030 cum
2137 3002 2186 3030 ade.

1224 3034 1427 3076 dit'anegativzi.
1446 3042 1535 3076 itaque
1554 3040 1724 3075 negationem
1744 3041 1805 3076 quei
1826 3040 1918 3067 tollam
1938 3047 2030 3066 contra
2049 3039 2186 3066 omnesli-

1224 3077 1286 3103 bros
1300 3081 1311 3104 ,ἲ
1327 3076 1473 3114 praesertiin
1493 3077 1554 3103 cirin
1573 3076 1649 3112 plura
1663 3075 1712 3103 sint
1723 3076 1885 3113 exemplaria
1903 3085 1960 3112 quae
1970 3076 2038 3103 stent
2057 3085 2105 3112 pro
2126 3075 2186 3102 vul-

1245 3120 1298 3140 ato.

1225 3122 1243 3149 g
1265 3157 1290 3185 3.
1301 3151 1398 3176 Oratori
1405 3151 1477 3175 locum
1487 3148 1553 3182 ²ffi·]
1566 3147 1681 3183 Aliquot
1692 3148 1749 3175 mss.
1761 3151 1873 3182 orationi,
1884 3147 1954 3187 quod
1965 3148 2090 3178 ultimum
2100 3146 2186 3184 aptiufl'

1226 3186 1324 3223 opponi
1334 3186 1427 3220 arinis,
1437 3184 1550 3221 putabat
1560 3183 1735 3214 Gulielmius.

2081 3228 2103 3248 1.
2114 3216 2187 3250 Annii
