2302 3353
631 131 727 180 'na
802 129 1492 183 011111011Ε11111.
1544 134 1615 183 11.

155 221 167 255 ἰ
190 221 217 254 se
225 241 235 256 ‚
246 220 359 262 pudore
369 217 405 253 ’,ὲ
412 215 541 248 dicendo
554 234 564 249 ‚
577 213 612 245 &
620 214 780 246 timiditate
789 215 920 256 ingenua
928 216 1056 256 quadam
1066 226 1113 246 re-

154 232 267 305 (Egisti,
278 261 347 295 five,
357 269 390 290 ut
400 259 459 300 ipse
467 259 561 298 jocari
573 257 648 287 soles
660 276 669 291 ‚
681 266 779 286 unum
789 256 896 296 putasti
906 257 972 286 satis
982 256 1039 286 ess'e
1048 267 1113 287 non

155 304 252 336 modo
261 305 295 336 in
305 311 363 332 una
371 300 487 331 familia
496 300 646 329 rhetorem
656 318 665 333 ‚
686 297 735 328 sed
745 297 831 338 paene
844 300 878 328 in
897 306 960 328 tota
977 300 1095 328 civitate
1106 308 1111 326 t

154 355 219 377 non
227 353 327 376 tamen
336 343 460 373 arbitror
468 341 524 371 tibi
535 341 590 370 hos
600 340 693 370 libros
706 342 739 370 in
751 349 787 370 eo
804 339 869 370 fore
888 349 994 381 genere
1003 359 1012 373 ‚
1030 339 1111 380 quod

151 384 265 418 merito
275 405 285 418 ,
305 392 424 425 propter
435 392 540 413 eorum
552 402 560 416 ‚
583 384 636 423 qui
655 381 692 413 de
709 381 830 411 dicendi
849 384 962 412 ratione
980 381 1111 420 disputa-

150 436 230 462 runt,
233 427 416 466 jejunitatem
426 425 573 455 bonarum
583 421 792 463 artium‚posfit
801 423 899 453 illudi.
911 423 1000 453 Nihil
1011 424 1107 456 enim,

151 470 230 500 mihi
246 468 371 509 quidem
387 467 507 499 videtur
523 468 557 496 in
575 463 662 496 Ciaffi
672 486 680 499 ‚
701 466 734 495 &
753 467 882 496 Antonii
901 465 1039 495 sermone
1047 462 1108 495 esse

149 513 331 552 praeteritum
345 529 353 542 ,
374 508 456 550 quod
473 508 631 549 quisquam
650 507 777 537 summis
788 508 918 548 ingeniis
929 527 937 541 ,
957 508 1108 537 acerrimis

147 552 268 585 studiis,
279 553 394 591 optima
404 549 562 585 dostrlns,
571 551 709 580 maximo
719 549 773 579 usu
782 549 922 590 cognosci
933 568 941 582 ‚
953 558 987 579 ac
997 549 1108 589 percipi

149 591 279 635 potuisse
289 592 476 624 arbitraretur
487 602 493 622 :
512 591 594 632 quod
614 600 645 621 tu
661 590 808 621 facillime
827 592 939 630 poteris
955 591 1088 630 judicare
1097 609 1108 623 2

151 637 203 677 qui
212 634 401 676 prudentiam
414 654 422 668 ‚
433 635 639 674 rationemque
648 632 772 663 dicendi
782 641 834 672 per
843 641 872 662 te
882 633 981 672 ipsum
993 642 999 660 2
1019 631 1107 661 usum

149 685 249 708 autem
260 697 268 710 ‚
291 686 342 716 per
351 686 408 706 nos
419 696 428 710 ‚
447 677 595 716 percipere
606 673 740 704 voluisti.
773 673 829 703 Sed
840 693 848 707 ‚
869 683 930 714 quo
941 675 1029 703 citius
1038 674 1106 706 hoc,

149 719 231 760 quod
250 719 433 757 suscepimus
442 738 450 750 ,
473 727 537 747 non
548 715 700 746 mediocre
710 724 822 745 munus
833 735 842 748 ‚
863 713 1010 745 conficere
1020 713 1110 755 poffi-

148 770 219 791 mus
231 781 239 794 ‚
252 758 360 790 omiss‘a
369 759 467 790 nostra
475 759 681 789 adhortatione
693 776 702 790 ,
720 756 755 786 ad
766 766 872 786 eorum
883 777 891 790 ‚
913 766 988 797 quos
998 766 1108 796 propo—

148 803 278 836 suimus,
290 803 472 834 sermonem,
484 798 775 839 disputationemque
785 800 953 829 veniamus.
987 797 1108 829 Postero

149 846 242 885 igitur
251 844 310 877 die,
321 842 412 884 quam
423 842 474 872 illa
483 850 566 871 erant
574 840 637 870 36111
648 860 657 874 ,
670 841 742 870 hora
750 838 812 870 fere
822 840 950 870 secunda
961 860 969 874 ‚
981 839 1052 871 cum
1065 848 1108 870 et-

145 887 209 916 iam
222 894 286 916 tum
298 883 420 915 1111εᾶ0
431 881 544 913 Craffus
555 881 635 916 esset,
653 882 686 912 &
696 881 773 922 apud
783 891 857 912 eum
867 883 1015 922 Sulpicius
1026 881 1108 912 sedc-

148 936 203 961 ret‚
218 927 369 957 Antonius
380 933 480 955 autem
490 923 690 954 inambularet
700 934 770 954 cum
781 926 868 954 Cotta
877 925 910 954 in
921 926 1049 964 porticu,
1063 933 1107 953 re-

147 968 237 1010 pente
248 967 286 998 εὸ
296 969 426 1007 Qijutus
441 965 565 996 Catulus
584 966 675 996 senex
685 975 756 996 cum
769 967 802 995 C.
811 966 897 1007 Julio
905 965 993 996 fratre
1001 967 1089 996 venit
1101 977 1106 995 2

147 1009 229 1051 quod
249 1009 301 1039 ubi
312 1008 425 1038 audivit
436 1028 444 1041 ‚
465 1016 640 1038 commotus
652 1005 767 1038 Crassus
778 1007 921 1041 surrexit,
942 1008 1107 1047 omnesque

146 1051 303 1084 admirati,
327 1050 474 1090 majorem
497 1049 628 1090 aliquam
646 1047 704 1080 esse
719 1049 835 1079 causam
845 1059 951 1079 eorum
962 1049 1106 1080 adventus

145 1093 281 1133 suspicati
299 1092 376 1122 sunt.
409 1093 470 1133 Qi
480 1090 552 1121 cum
562 1093 640 1122 inter
650 1091 678 1121 se
689 1110 698 1124 ,
720 1099 754 1121 ut
762 1091 895 1130 ipsorum
906 1092 974 1121 usus
983 1091 1105 1125 ferebat,

144 1132 321 1165 amiciffirne
332 1131 569 1166 consalutass‘ent,
581 1133 664 1174 Qud
674 1142 728 1163 vos
739 1132 875 1163 tandem?
885 1132 1107 1168 Craffusflium-

144 1176 302 1217 quidnam,
314 1177 423 1216 inquit,
434 1177 531 1205 novi?
549 1175 637 1204 Nihil
647 1174 727 1208 sane,
739 1176 839 1215 inquit
849 1175 979 1205 Catulus.
991 1177 1106 1206 etenim

121 1247 128 1253 ,
144 1217 230 1249 vides
247 1215 307 1247 effe
326 1217 425 1247 ludos.
449 1216 499 1248 sed
508 1216 558 1247 vel
570 1225 602 1246 tu
614 1226 670 1246 nos
680 1218 798 1256 ineptos
808 1216 878 1246 licet
887 1237 896 1250 ‚
918 1218 1036 1258 inquit,
1058 1217 1106 1247 vel

145 1258 290 1290 molestos
310 1268 403 1299 putes.
427 1256 499 1288 cum
509 1258 545 1288 ad
555 1269 605 1288 me
614 1261 647 1288 in
658 1257 864 1288 Tusculanum
875 1278 883 1292 ‚
903 1259 1003 1299 inquit
1012 1278 1020 1292 ,
1030 1259 1106 1288 -heri

143 1302 259 1342 vesperi
268 1299 396 1331 veniffet
406 1300 499 1330 Caesar
508 1300 544 1330 de
555 1300 728 1330 Tusculano
740 1299 793 1330 suo
803 1319 812 1333 ‚
832 1299 911 1330 dixit
921 1301 1018 1334 mihi,
1042 1300 1058 1331 a
1078 1300 1107 1330 se

143 1343 307 1375 Scaevolam
319 1343 391 1372 hinc
399 1351 524 1372 euntem
537 1340 594 1372 ess'e
604 1349 790 1371 conventum
805 1351 810 1369 :
823 1351 861 1371 ex
870 1351 931 1382 quo
941 1343 1017 1371 mira
1027 1352 1107 1383 quae-

144 1385 214 1416 dam
226 1385 254 1415 se
264 1382 374 1414 audisse
384 1383 500 1414 dicebat
511 1403 520 1417 ‚
541 1392 568 1413 te
578 1403 588 1417 ,
608 1391 700 1424 quem
719 1393 778 1424 ego
794 1384 883 1413 toties
892 1386 980 1414 omni
991 1387 1107 1414 ratione

144 1435 260 1458 tentans
272 1425 307 1456 ad
317 1425 530 1465 disputandum
550 1425 657 1455 elicere
675 1434 740 1454 non
759 1423 920 1464 potuiss'em
932 1445 940 1459 ‚
961 1425 1109 1466 permulta

144 1468 181 1499 de
190 1469 362 1509 eloquentia
370 1477 441 1497 cum
453 1469 591 1497 Antonio
601 1464 814 1500 differuiss‘e‚&
824 1475 965 1508 tanquam
975 1469 1008 1497 in
1018 1468 1104 1497 scho-

145 1510 174 1541 la
182 1510 275 1550 prope
285 1509 320 1539 ad
331 1511 505 1539 Graecorum
514 1507 766 1539 consuetudinem
779 1507 830 1538 dis
824 1506 946 1548 putafl'c.
971 1512 981 1527 ¹
995 1511 1039 1539 Ita
1047 1508 1107 1539 fra—

144 1560 188 1583 ter
196 1552 333 1582 exoravit
340 1551 502 1590 meipsum,
516 1560 580 1581 non
587 1549 711 1591 quidem
722 1549 738 1580 a
748 1549 847 1580 studio
858 1550 999 1581 audiendi
1010 1552 1104 1580 nimis

144 1593 355 1625 abhorrentem
367 1613 376 1627 ‚
389 1591 438 1622 sed
448 1593 620 1623 mehercule
630 1601 786 1622 verentem
797 1600 899 1622 tamen
910 1612 919 1626 ‚
932 1602 970 1622 ne
984 1591 1106 1623 molesti

143 1635 231 1667 vobis
247 1636 519 1669 interveniremus5
539 1643 571 1664 ut
579 1635 637 1664 huc
647 1634 749 1664 secum
760 1635 907 1664 venirem.
938 1634 1104 1665 Scaevolam

143 1679 229 1708 enim
247 1678 287 1707 ita
304 1676 403 1707 dicere
422 1675 516 1716 ajebat
525 1695 534 1710 ‚
553 1676 667 1706 bonam
687 1685 802 1716 partem
822 1676 970 1706 sermonis
981 1679 1014 1706 in
1026 1677 1106 1709 hunc

144 1718 227 1750 diem
248 1716 307 1749 effe
325 1717 457 1748 dilatam.
491 1720 562 1748 Hoc
581 1716 603 1748 si
621 1726 654 1748 tu
664 1717 802 1759 cupidius
812 1715 926 1748 faEtum
939 1718 1103 1752 existimas,

145 1760 414 1792 Caesari'attribues:
436 1758 644 1790 fifamiliarius
653 1779 662 1794 ‚
674 1761 791 1801 utrique
802 1758 950 1790 nostrum.
971 1770 1027 1791 nos
1037 1762 1106 1801 qui-

144 1802 215 1833 dem
225 1822 234 1836 ‚
254 1800 309 1832 nisi
327 1801 406 1832 forte
425 1801 547 1832 molesti
567 1803 787 1832 intervenimus
799 1821 807 1836 a
827 1800 944 1832 veniss‘e
967 1802 1103 1832 deleEtat.

99 1851 127 1885 4
144 1847 229 1876 Tum
240 1842 355 1875 Crassus
364 1864 372 1878 ,
386 1843 527 1885 equidem
540 1864 548 1878 ‚
558 1853 755 1885 quaecumque
765 1844 849 1874 causa
858 1853 913 1874 vos
922 1845 981 1874 huc
990 1844 1104 1874 attulis-

145 1887 187 1918 set
197 1907 205 1921 ,
226 1886 336 1917 laetarer
345 1905 354 1919 ‚
381 1884 453 1915 curn
464 1886 541 1925 apud
552 1895 601 1916 me
611 1885 746 1916 viderem
756 1886 899 1916 homines
911 1887 987 1915 mihi
996 1884 1104 1916 cariffi-

144 1938 223 1961 mos,
235 1928 268 1957 8(
277 1925 471 1957 amiciffimos
484 1938 490 1956 :
513 1927 562 1958 sed
572 1936 673 1957 tamen
683 1928 753 1958 vere
766 1927 881 1957 dicam:
903 1930 1017 1968 quaevis
1029 1928 1105 1958 mal-

142 1970 207 2000 lem
215 1967 328 2001 fuisset,
339 1967 430 2008 quam
439 1967 492 1998 ista
502 1987 510 2002 ‚
522 1978 613 2009 quam
623 1969 707 1999 dicis.
731 1972 795 2009 Ego
804 1971 888 1998 enim
900 1989 908 2002 ,
919 1970 965 2008 (ut
975 1989 984 2003 ,
995 1979 1103 2010 quem-

145 2009 312 2044 admodum
322 2009 430 2043 sentio,
443 2009 558 2050 loquar)
567 2019 735 2051 numquam
745 2011 823 2039 mihi
832 2011 1041 2050 minus‚quam
1050 2011 1103 2040 he-

145 2052 246 2083 sterno
255 2051 303 2081 die
315 2070 323 2084 ,
333 2051 432 2090 placui
443 2061 448 2080 :
469 2053 565 2091 magis
573 2049 648 2081 adeo
658 2050 688 2081 id
691 2049 842 2090 facilitate
850 2071 858 2084 ,
878 2061 969 2092 quam
979 2052 1035 2081 alia
1045 2052 1105 2081 ulla

144 2094 231 2134 culpa
241 2102 308 2122 mea
316 2093 460 2133 contigit:
479 2096 532 2132 qui
543 2092 616 2122 dum
627 2092 777 2133 obsequor
785 2092 1021 2123 adolescentibus
1032 2113 1042 2127 ‚
1054 2103 1103 2123 me

144 2136 248 2167 senem
265 2132 323 2164 effe
343 2133 408 2164 sum
427 2133 556 2177 oblitus:
577 2133 695 2174 fecique
714 2134 745 2164 id
757 2154 766 2167 ,
785 2134 865 2174 quod
885 2144 923 2164 ne
933 2134 1103 2165 adolescens

145 2176 271 2219 quidem
281 2175 421 2208 feceram,
433 2183 465 2205 ut
474 2176 512 2204 iis
522 2174 558 2205 de
569 2175 667 2209 rebus,
680 2185 747 2216 quae
755 2175 893 2206 do&rina
901 2176 996 2216 aliqua
1006 2178 1104 2206 conti-

145 2227 287 2250 nerentur
296 2237 305 2252 ‚
327 2217 519 2256 disputarem.
542 2216 598 2247 Sed
609 2217 666 2247 hoc
677 2226 777 2251 tamen
787 2217 898 2248 cecidit
907 2219 985 2247 mihi
996 2227 1103 2258 perop-

144 2259 287 2302 portune,
298 2258 392 2300 quod,
403 2258 556 2289 transacstis
562 2260 625 2298 jam
636 2260 713 2289 meis
724 2258 854 2298 partibus
865 2279 873 2293 ‚
884 2259 920 2289 ad
931 2261 1103 2289 Antonium

143 2301 330 2334 audiendum
339 2299 470 2330 venistis.
489 2303 574 2330 Tum
585 2300 687 2334 Caesar,
699 2300 860 2342 Equidem,
873 2303 982 2342 inquit,
994 2299 1101 2335 Crasse,

145 2345 187 2375 ita
203 2344 271 2374 sum
285 2342 412 2383 cupidus
422 2350 449 2372 te
459 2344 492 2372 in
501 2342 553 2372 illa
563 2343 700 2383 longiore
711 2362 719 2376 ,
739 2353 770 2373 ac
780 2351 919 2382 perpetua
927 2343 979 2373 dis
973 2345 1102 2382 putatio-

145 2395 184 2417 ne
195 2405 204 2420 ‚
215 2384 356 2416 audiendi
368 2405 376 2418 ,
388 2393 420 2414 ut
431 2404 439 2417 ‚
455 2382 475 2413 fi
487 2383 517 2414 id
529 2385 607 2414 mihi
617 2386 719 2414 minus
729 2386 902 2425 contingat,
921 2386 970 2415 vel
980 2385 1038 2415 hoc
1047 2383 1101 2415 sim

144 2426 321 2470 quotidiano
331 2435 383 2456 tuo
392 2426 532 2456 sermone
544 2434 712 2456 contentus.
743 2429 846 2467 Itaque
865 2429 1000 2467 experiar
1018 2429 1102 2468 equi-

145 2468 312 2502 deminuti,
325 2476 357 2498 ut
367 2478 404 2497 ne
415 2468 574 2507 Sulpicius,
586 2467 742 2498 familiaris
753 2478 850 2502 meus,
860 2478 909 2498 aut
920 2471 1005 2499 Cotta
1015 2488 1023 2502 ‚
1037 2469 1103 2509 plus

144 2520 236 2553 quam
246 2520 301 2551 ego
310 2509 386 2550 apud
398 2517 425 2539 te
435 2511 532 2540 valere
541 2509 698 2540 videantur
708 2530 717 2543 ‚
728 2510 761 2540 &
773 2519 800 2540 te
810 2510 940 2541 exorabo
950 2509 1100 2550 profecto,

144 2561 181 2583 ut
190 2553 266 2582 mihi
276 2561 396 2593 quoque
408 2571 416 2585 ,
430 2551 462 2581 &
473 2551 579 2582 Catulo
589 2560 646 2581 tuae
654 2552 803 2582 suavitatis
813 2552 927 2593 aliquid
938 2554 1100 2592 impertias.

146 2596 201 2626 Sin
210 2594 265 2624 tibi
277 2594 307 2624 id
318 2595 421 2623 minus
433 2593 556 2623 libebit:
577 2603 641 2623 non
651 2602 678 2623 te
690 2593 800 2634 urgebo
811 2613 819 2627 ,
842 2604 939 2634 neque
957 2596 1101 2624 commit-

145 2635 340 2670 tam‚ut,dum
350 2645 467 2665 vereare
479 2643 510 2665 tu
520 2645 557 2665 ne
568 2634 602 2665 fis
613 2638 740 2675 ineptus,
753 2645 802 2665 me
813 2634 870 2665 este
876 2636 1005 2675 judices.
1017 2638 1100 2666 Turn

144 2677 198 2707 ille
210 2698 219 2711 ,
241 2680 305 2719 Ego
315 2677 485 2707 mehercule
496 2696 505 2710 ,
524 2678 624 2717 inquit
632 2677 725 2707 Caefiir
734 2697 741 2710 ‚
766 2687 804 2707 ex
823 2678 968 2707 omnibus
986 2679 1101 2708 Latinis

144 2719 243 2749 verbis
252 2719 340 2758 hujus
349 2718 432 2748 verbi
440 2720 506 2748 vim
515 2720 564 2748 vel
575 2721 742 2748 maximam
753 2719 867 2759 semper
875 2722 988 2758 putavi.
1009 2729 1101 2760 quem

2039 78 2052 91 d

1154 214 1260 245 habere
1269 214 1394 247 duRum
1406 237 1415 251 ,
1430 215 1512 259 quod
1522 226 1587 248 non
1595 213 1629 248 fit
1636 221 1729 257 aptus.
1752 213 1842 258 idque
1852 212 1885 246 ln
1896 214 2043 248 sermonis
2051 225 2113 248 no·-

1156 255 1206 286 stri
1216 257 1432 290 consuetudine
1441 260 1551 299 perlate
1561 267 1649 298 patet.
1673 261 1753 289 Nam
1764 259 1816 298 qui
1825 267 1875 288 aut
1883 278 1893 292 ‚
1910 267 2027 298 tempus
2037 261 2112 300 quid

1159 296 1299 336 postulet,
1310 310 1374 330 non
1384 300 1477 334 videt,
1487 310 1535 332 aut
1543 301 1628 341 plura
1637 300 1769 341 loquitur
1778 318 1793 333 ⁷
1806 309 1856 330 aut
1865 300 1895 330 se
1903 299 2029 331 ostentat
2040 321 2048 334 ‚
2061 311 2116 333 aut:

1154 347 1260 369 eorum
1272 360 1280 373 ,
1292 341 1471 381 quibuscum
1481 342 1525 373 est
1535 363 1543 377 ‚
1555 343 1602 373 vel
1612 342 1764 383 dignitatis
1774 361 1782 374 ‚
1793 341 1842 372 vel
1851 342 2010 373 commodi
2020 344 2114 374 ratio-

1154 388 1226 409 nem
1237 390 1301 411 non
1310 382 1399 413 habet
1409 403 1417 417 ,
1427 393 1477 414 aut
1486 384 1615 425 denique
1625 386 1658 415 in
1668 384 1706 415 ali
1729 393 1770 414 uo
1777 393 1884 424 genere
1895 393 1945 414 aut
1953 386 2113 415 inconcin-

1156 429 1213 450 nus
1225 440 1233 453 ,
1253 430 1303 451 aut
1312 424 1424 454 multus
1435 425 1476 455 est
1484 445 1492 457 ‚
1514 428 1538 456 is
1549 429 1667 466 ineptus
1678 436 1692 457 e
1720 436 1736 456 e
1746 425 1862 458 dicitur.
1895 428 1964 457 Hoc
1971 427 2050 457 vitio
2060 436 2113 456 cu-

1152 462 1265 508 mulata
1277 462 1323 508 'est
1342 465 1535 497 eruditnlima
1552 468 1604 498 illa
1621 470 1796 499 Graecorum
1807 469 1898 498 natio.
1921 469 2018 508 itaque
2028 466 2112 508 quod

1153 513 1220 552 turn
1231 504 1319 543 hilJuS
1330 506 1402 535 mali
1414 509 1510 537 Graeci
1519 518 1584 538 non
1593 510 1707 543 vident,
1719 519 1757 540 ne
1767 519 1882 540 nomen
1891 509 2016 550 quidem
2025 512 2054 540 ei
2065 511 2113 538 vi·-

1151 554 1195 592 tio
1206 546 1424 585 imposuerunt.
1448 557 1480 578 ut
1490 559 1573 579 emm
1581 560 1690 589 quaeras
1701 554 1805 582 omnia
1816 571 1826 584 ‚
1847 551 2004 592 quomodo
2015 553 2111 582 Graeci

1153 595 1291 626 ineptum
1301 588 1451 634 appellent
1461 609 1470 621 ‚
1482 599 1545 619 non
1556 595 1692 630 reperies.
1716 595 1866 623 Omnium
1875 601 1974 624 autem
1984 595 2113 633 ineptia-

1150 638 1220 658 rum
1233 648 1242 661 ,
1253 639 1318 669 quae
1331 632 1399 660 lunt
1408 632 1656 665 innumerabiles,
1670 634 1746 665 haud
1757 635 1827 668 scio,
1839 644 1876 665 an
1887 635 1947 665 ulla
1956 633 1991 665 sit
2000 635 2112 675 major,

1152 674 1166 690 ²
1176 669 1280 711 quam,
1292 680 1324 701 ut
1334 672 1379 700 illi
1391 672 1498 705 solent,
1511 682 1701 715 quocumque
1713 677 1745 706 in
1756 676 1835 710 loco,
1846 677 2052 717 quoscumque
2062 678 2112 707 in—

1151 720 1194 742 ter
1204 713 1346 742 homines
1357 714 1455 743 visum
1469 713 1512 743 est
1521 734 1528 747 ‚
1548 714 1682 745 derebus
1691 726 1740 746 aut
1748 716 1941 748 difficillimis
1952 739 1960 752 ‚
1981 727 2030 748 aut
2046 728 2111 748 non

1151 752 1319 784 necessariis
1329 754 1511 797 argutissime
1522 756 1573 785 dis
1566 765 1675 795 putare,
1686 759 1743 787 hoc
1755 768 1810 788 nos
1821 758 1856 789 ab
1866 759 1929 790 istis
1939 759 2111 790 adolescen-

1151 795 1230 825 tibus
1241 794 1336 827 facere
1347 817 1356 830 ‚
1367 799 1455 827 inviti
1467 798 1499 827 &
1510 798 1675 828 recusantes
1687 820 1696 831 ,
1708 800 1770 828 heri
1781 799 1876 830 coaffi
1888 802 2002 831 sumus.
2026 803 2109 832 Tum
2131 810 2152 840 ς’

1151 837 1272 867 Catulus
1281 858 1289 871 ‚
1302 840 1350 868 Ne
1361 840 1457 869 Graeci
1468 839 1592 880 quidem
1604 860 1612 873 ,
1623 841 1723 881 inquit
1733 860 1740 873 ,
1753 840 1847 871 Crasse
1859 861 1867 875 ‚
1879 845 1930 882 qui
1942 845 1975 872 in
1983 844 2112 873 civitati-

1152 878 1206 909 bus
1218 879 1278 909 suis
1287 880 1369 914 clari,
1383 881 1416 911 δε
1426 883 1527 922 magni
1538 880 1668 915 fuerunt,
1682 881 1765 912 sicuti
1775 891 1806 912 tu
1816 892 1846 912 es
1858 903 1866 915 ‚
1878 885 1990 924 nosque
2003 894 2114 914 omnes
2126 896 2130 898 ·

1151 923 1184 950 in
1196 920 1295 951 nostra
1305 922 1456 962 republica
1465 923 1608 953 volumus
1619 922 1688 956 effe,
1701 925 1812 954 horum
1823 926 2008 958 Graecorum,
2020 928 2071 966 qui
2083 927 2114 957 se

1151 962 1296 992 inculcant
1313 963 1431 993 auribus
1449 963 1557 994 nostris
1569 985 1577 998 ,
1598 963 1709 996 ssmiles
1726 964 1850 996 fuerunt
1862 976 1868 994 z
1888 975 1944 996 nec
1967 976 2066 997 tamen
2078 970 2112 998 in

1150 1006 1215 1034 otio
1226 1005 1380 1036 sermones
1391 1006 1567 1046 hujusmodi
1580 1027 1588 1040 ‚
1600 1007 1872 1048 disputationesque
1882 1006 2046 1047 fugiebant.
2070 1012 2114 1038 Ac

1150 1045 1171 1075 si
1182 1045 1236 1076 tibi
1245 1046 1396 1082 videntur,
1408 1050 1460 1088 qui
1473 1051 1628 1088 temporis,
1639 1051 1691 1089 qui
1701 1050 1770 1083 loci,
1782 1052 1834 1090 qui
1845 1050 2010 1080 hominum
2023 1052 2113 1079 ratio*

1151 1098 1222 1118 nem
1232 1098 1296 1118 non
1310 1090 1419 1120 habent
1431 1110 1439 1124 ‚
1451 1092 1545 1131 inepti
1558 1111 1566 1123 ,
1585 1089 1654 1121 sicut
1665 1090 1776 1121 debent
1785 1090 1894 1124 videri,
1905 1101 1980 1121 num
1990 1091 2112 1121 tandem

1149 1138 1196 1160 aut
1206 1130 1290 1160 locus
1302 1132 1352 1162 hic
1363 1142 1428 1161 non
1441 1132 1568 1162 idoneus
1578 1132 1744 1165 videtur,in
1753 1143 1814 1174 quo
1825 1134 1957 1172 porticus
1967 1134 2030 1163 haec
2041 1133 2115 1172 ipsar

1149 1171 1202 1201 ubi
1211 1172 1412 1207 ambulamus,
1427 1174 1459 1204 &
1468 1173 1598 1214 palaestra
1608 1195 1616 1208 ,
1631 1175 1663 1205 &
1674 1183 1718 1205 tot
1728 1175 1802 1205 locis
1813 1172 1952 1204 seffiones
1963 1194 1972 1208 ‚
1988 1184 2114 1215 gymna-

1149 1211 1259 1243 siorum
1271 1234 1280 1248 ‚
1297 1214 1330 1245 &
1341 1217 1512 1246 Graecarum
1524 1216 1762 1256 disputationum
1773 1218 1955 1246 memoriam
1965 1216 2115 1256 quodam-

1151 1255 1246 1286 modo
1257 1265 1457 1288 commovent
1469 1261 1479 1288 ?
1489 1267 1538 1288 aut
1549 1260 1760 1298 importunum
1771 1267 1890 1298 tempus
1904 1259 1936 1288 in
1946 1266 2029 1288 tanto
2038 1260 2114 1291 otio,

1149 1297 1231 1338 quod
1243 1297 1275 1327 &
1286 1299 1350 1329 raro
1362 1299 1454 1333 datur,
1472 1300 1505 1330 δε
1516 1310 1597 1330 nunc
1607 1299 1762 1340 peroptato
1772 1300 1863 1330 nobis
1872 1299 1975 1330 datum
1985 1299 2028 1330 est
2038 1303 2048 1329 ?
2067 1309 2117 1330 aut

1152 1340 1294 1369 homines
1313 1340 1350 1370 ab
1367 1342 1427 1371 1100
1436 1352 1542 1382 genere
1553 1341 1762 1382 disputationis
1771 1342 1861 1373 alieni
1874 1362 1882 1374 ‚
1902 1344 1954 1381 qui
1965 1351 2073 1371 omnes
2083 1342 2115 1370 hi

1150 1381 1266 1415 sumus,
1278 1390 1310 1411 ut
1319 1380 1380 1412 fine
1390 1384 1437 1413 his
1448 1383 1553 1414 studiis
1567 1384 1674 1413 nullam
1682 1384 1779 1413 virm
1788 1381 1846 1413 effe
1858 1383 2024 1413 ducamusj
2039 1386 2116 1413 Om-

1149 1424 1199 1452 nia
1208 1421 1272 1456 ista,
1285 1425 1385 1464 inquit
1394 1424 1509 1455 Crassus
1521 1445 1528 1459 ‚
1541 1435 1596 1466 ego
1606 1425 1667 1455 alio
1677 1425 1772 1456 modo
1781 1427 1961 1464 interpretor
1972 1445 1980 1458 ,
1991 1427 2044 1465 qui
2054 1427 2114 1464 pri—

1151 1463 1239 1494 mum
1250 1464 1425 1504 palaestram,
1441 1467 1474 1497 &
1484 1467 1576 1501 sedes,
1589 1467 1623 1497 &
1632 1469 1775 1507 porticus,
1787 1469 1876 1497 etiam
1888 1467 1966 1506 ipsos
1978 1487 1986 1499 ,
2000 1466 2112 1499 Catule,

1150 1508 1282 1540 Graecos,
1295 1510 1516 1538 exercitationis
1528 1530 1538 1542 ,
1559 1509 1591 1539 &
1601 1508 1811 1539 delectationis
1819 1508 1901 1539 causa
1910 1528 1919 1541 ‚
1940 1518 2004 1538 non
2015 1508 2065 1538 dis
2059 1518 2114 1548 pu*

1150 1549 1271 1578 tationis
1280 1548 1428 1580 invenisse
1439 1550 1572 1581 arbitror.
1603 1553 1684 1580 Nam
1696 1551 1729 1581 &
1741 1551 1856 1581 saeculis
1865 1549 1970 1580 multis
1982 1550 2050 1580 ante
2060 1560 2115 1591 gy-

1149 1588 1261 1621 mnasia
1270 1592 1390 1622 inventa
1401 1592 1468 1622 sunt
1479 1613 1489 1626 ,
1509 1592 1600 1633 quam
1621 1594 1654 1622 in
1673 1593 1721 1623 his
1739 1592 1912 1632 philosophi
1930 1593 2037 1633 garrire
2051 1601 2115 1621 cee-

1130 1662 1133 1665 4
1149 1641 1258 1671 pexunt
1267 1652 1275 1666 ,
1290 1633 1323 1663 &
1335 1634 1396 1664 hoc
1404 1635 1468 1674 ipso
1480 1644 1613 1674 tempore
1624 1654 1633 1668 ,
1656 1644 1731 1664 cum
1740 1636 1844 1664 omnia
1854 1631 2004 1674 gymnasia
2012 1633 2116 1673 philo-

1149 1673 1235 1713 sophi
1244 1683 1365 1706 teneant
1373 1695 1381 1709 ,
1393 1684 1493 1706 tamen
1504 1686 1609 1706 eorum
1620 1676 1769 1706 auditores
1779 1676 1888 1715 dzfium
1898 1675 2009 1709 audire,
2020 1674 2112 1716 quam

1148 1716 1365 1756 philosophum
1373 1736 1382 1751 ‚
1403 1718 1522 1748 malunt
1534 1729 1540 1747 ;
1558 1720 1611 1759 qui
1629 1717 1719 1749 simul
1738 1726 1771 1748 ut
1780 1719 1928 1758 increpuit
1939 1737 1948 1750 ‚
1969 1719 2003 1747 111
2014 1717 2116 1747 media

1149 1759 1283 1788 oratione
1294 1758 1330 1789 de
1341 1761 1485 1790 maximis
1496 1760 1594 1794 rebus,
1607 1760 1639 1790 ὅτ,
1648 1758 1825 1801 graviffimis
1835 1759 2034 1799 disputantem
2044 1759 2113 1799 phi-

1147 1800 1309 1839 losophum
1319 1810 1427 1831 omnes
1441 1805 1455 1829 3
1465 1801 1620 1833 immonis
1638 1802 1723 1832 causa
1740 1803 1928 1842 relinquunt.
1950 1803 1991 1831 ita
2001 1798 2111 1831 leviss'i—

1149 1851 1231 1871 mam
1241 1841 1475 1874 delectationem
1483 1842 1657 1884 graviffimae
1668 1864 1676 1877 ,
1689 1853 1721 1873 ut
1730 1842 1782 1883 ipsi
1790 1842 1893 1873 ferunt
1904 1863 1912 1877 ‚
1924 1844 2045 1873 utilitati
2056 1853 2110 1872 an-

1150 1892 1309 1923 teponunt.
1342 1887 1446 1915 Otium
1455 1895 1556 1916 autem
1566 1884 1648 1926 quod
1659 1885 1734 1915 dicis
1744 1883 1813 1918 effe,
1825 1883 1978 1915 assentior⁷
1999 1882 2107 1915 verum

1148 1935 1223 1955 orii
1232 1925 1346 1959 fruetus
1355 1926 1407 1960 est,
1419 1937 1483 1957 non
1493 1929 1649 1957 contentio
1658 1928 1766 1960 animi,
1778 1926 1828 1956 sed
1838 1926 1989 1956 relaxatio.
2026 1929 2108 1966 Saepe
2128 1924 2150 1956 6

1151 1976 1188 1996 ex
1201 1967 1301 1997 socero
1311 1978 1382 1997 meo
1392 1968 1491 1998 audivi
1502 1988 1510 2001 ‚
1531 1967 1603 1998 cum
1615 1971 1639 1997 is
1649 1968 1759 1998 diceret
1768 1987 1777 2001 ,
1798 1968 1933 1997 socerum
1943 1967 2030 1997 suum
2041 1969 2108 1998 Lae-

1150 2008 1228 2037 lium
1239 2009 1354 2048 semper
1364 2009 1426 2039 fere
1437 2020 1507 2040 cum
1527 2011 1667 2049 Scipione
1685 2009 1809 2039 solitum
1826 2008 1977 2042 rusticari,
1997 2009 2109 2049 eosque

1148 2049 1363 2080 incredibiliter
1371 2054 1388 2076 4
1397 2051 1578 2092 repueraftere
1587 2049 1646 2080 esse
1656 2051 1761 2081 solitos
1772 2071 1781 2084 ‚
1801 2049 1874 2080 011111
1892 2060 1942 2080 rus
1962 2060 2000 2080 ex
2020 2051 2107 2083 urbe,

1149 2100 1290 2132 tanquam
1302 2091 1318 2121 ἐ
1330 2094 1461 2122 vinculis
1471 2112 1479 2126 ‚
1491 2091 1696 2122 evolaviss'ent.
1720 2095 1795 2122 Non
1803 2092 1900 2122 audeo
1909 2092 2006 2122 dicere
2016 2092 2052 2121 de
2064 2101 2109 2122 ta·-

1148 2133 1227 2162 libus
1239 2135 1321 2167 viris,
1333 2134 1381 2163 sed
1392 2143 1493 2164 tamen
1503 2135 1543 2164 ita
1550 2134 1627 2164 solet
1635 2144 1748 2164 narrare
1756 2134 1897 2167 Scaevola,
1907 2135 2035 2164 conchas
2043 2143 2107 2167 eos,

1149 2174 1181 2204 80
1201 2175 1363 2205 umbilicos
1383 2179 1395 2202 5
1405 2176 1440 2206 ad
1464 2177 1594 2216 Cajetam
1606 2196 1615 2209 ‚
1636 2176 1669 2206 &
1687 2176 1723 2206 ad
1732 2178 1917 2206 Laurentum
1930 2176 2025 2216 legere
2033 2186 2107 2205 con-

1148 2214 1240 2245 suess'e
1251 2236 1260 2250 ‚
1283 2216 1360 2247 &ad
1370 2227 1497 2247 omnem
1513 2220 1609 2248 animi
1627 2216 1832 2248 remiffionem
1843 2237 1852 2252 ‚
1870 2217 2037 2257 ludumque
2056 2217 2111 2247 de-

1148 2257 1296 2288 scendere.
1317 2261 1364 2289 Sic
1373 2261 1457 2289 enim
1470 2260 1498 2290 se
1510 2269 1555 2289 res
1567 2260 1654 2290 habet
1666 2280 1673 2294 ‚
1686 2269 1718 2290 ut
1730 2281 1738 2293 ,
1750 2258 2010 2301 quemadmodum
2020 2260 2112 2288 voiu-

1146 2301 1219 2329 creis
1229 2300 1370 2331 videmus
1378 2303 1589 2341 procreationis
1600 2322 1608 2336 ,
1620 2311 1705 2342 atque
1715 2303 1851 2332 utilitatis
1862 2301 1920 2331 suae
1928 2301 2012 2330 causti
2021 2299 2037 2320 ⁶
2047 2299 2107 2330 fin-

1147 2351 1224 2383 gere,
1237 2342 1270 2371 &
1279 2342 1448 2373 construere
1458 2343 1559 2377 nidos,
1570 2344 1686 2374 easdem
1697 2352 1796 2374 autem
1806 2363 1814 2376 ,
1827 2341 1899 2372 cum
1910 2342 2023 2382 aliquid
2032 2340 2106 2372 effc-

1147 2385 1243 2413 cerint
1255 2404 1263 2417 ‚
1284 2384 1403 2415 levandi
1424 2385 1532 2415 laboris
1553 2385 1597 2416 sui
1617 2386 1699 2416 causa
1711 2406 1718 2418 ‚
1740 2383 1842 2425 paffim
1851 2394 1883 2414 ac
1894 2383 1988 2413 libere
1997 2383 2106 2413 solutas

1146 2435 1235 2465 opere
1251 2427 1376 2457 volitare
1389 2437 1395 2456 ε
1417 2425 1455 2457 fic
1465 2425 1558 2457 nostri
1568 2429 1663 2457 animi
1674 2425 1840 2457 forensibus
1851 2426 1978 2466 negotiis
1989 2445 1998 2458 ‚
2019 2433 2106 2465 atque

1148 2467 1261 2497 urbano
1271 2477 1360 2508 opere
1371 2467 1472 2499 defeffi
1483 2489 1491 2502 ‚
1511 2468 1642 2510 gestiunt
1651 2489 1659 2501 ,
1679 2479 1711 2498 ac
1721 2468 1845 2497 volitare
1856 2469 1998 2506 cupiunt,
2018 2469 2104 2496 vacui

1147 2519 1227 2543 cura,
1236 2518 1322 2550 atque
1332 2510 1442 2540 labore'.
1466 2513 1566 2551 Itaque
1576 2510 1651 2540 illud
1662 2530 1670 2543 ‚
1683 2508 1765 2550 quod
1775 2519 1830 2550 ego
1841 2510 1873 2538 in
1883 2509 1967 2538 causa
1976 2510 2106 2539 Curiana

1145 2551 1283 2582 Scaevolae
1295 2551 1360 2582 dixi
1372 2572 1379 2586 ‚
1393 2562 1457 2582 non
1467 2552 1530 2582 <lixi
1542 2552 1622 2581 secus
1633 2572 1641 2584 ,
1652 2561 1684 2581 ac
1694 2551 1868 2581 sentiebam.
1901 2552 1982 2580 Nam
1993 2548 2013 2579 fi
2024 2569 2033 2583 ‚
2056 2551 2104 2579 in-

1146 2595 1390 2634 quam‚Scaevola,
1402 2593 1521 2629 nullum
1533 2595 1586 2623 erit
1597 2592 1809 2622 testamentum
1820 2589 1898 2622 reete
1909 2590 2034 2625 faelium,
2047 2590 2103 2621 nisi

1143 2634 1226 2676 quod
1244 2644 1276 2665 tu
1297 2635 1441 2675 scripseris
1452 2655 1460 2668 ,
1479 2645 1530 2664 om
1537 2644 1587 2664 nes
1605 2634 1639 2664 ad
1662 2644 1689 2664 te
1708 2636 1788 2664 cives
1801 2643 1871 2664 cum
1883 2633 1989 2663 tabulis
1999 2635 2102 2663 venie-

1146 2687 1214 2707 mus
1224 2689 1232 2710 3
1246 2679 1388 2709 omniurn
1400 2676 1572 2707 testamenta
1583 2686 1614 2706 tu
1626 2676 1731 2706 scribes
1742 2685 1831 2706 unus.
1852 2674 1924 2716 quid
1935 2677 2025 2715 igitur
2036 2677 2046 2703 ἒ
2056 2677 2103 2704 in-

1144 2729 1234 2760 quam
1249 2730 1253 2747 z
1274 2718 1394 2759 quando
1411 2728 1477 2759 ages
1496 2727 1652 2759 negotium
1663 2718 1842 2757 publicum?
1862 2716 1982 2757 quando
1991 2719 2109 2746 amico-

146 2762 232 2792 enim
241 2770 297 2791 nos
307 2762 432 2802 ineptum
440 2769 583 2792 vocamus
592 2781 602 2794 ,
621 2763 647 2790 is
658 2761 735 2791 mihi
744 2760 862 2791 videtui·
870 2760 906 2792 ab
917 2761 976 2791 hoc
986 2771 1103 2791 nomen
1121 2759 1124 2791 l
1146 2771 1214 2791 rum
1227 2764 1236 2790 ?
1247 2761 1368 2801 quando
1380 2770 1467 2791 tuum
1480 2763 1490 2790 ?
1505 2760 1626 2801 quando
1635 2760 1766 2801 denique
1775 2759 1853 2789 nihil
1863 2761 1950 2799 ages?
1973 2761 2056 2788 Tum
2069 2759 2106 2787 il-

186 2884 197 2901 1
206 2895 212 2901 .
230 2876 352 2909 Itafrater
359 2878 468 2901 exora-ait
477 2884 510 2901 me
518 2874 603 2907 ipfimn
614 2875 680 2908 «ζῇ-0.]
699 2874 756 2900 Pal.
766 2877 806 2900 Ita
815 2875 933 2908 mesremr
942 2877 1069 2906 excita-cit,
1079 2884 1107 2900 nc

147 2911 296 2945 ipstquidem‚
306 2913 356 2942 &aa
366 2910 486 2947 probem,
497 2911 513 2937 si
525 2912 565 2944 ipſs
574 2918 692 2936 mutetur
703 2911 728 2937 in
740 2911 823 2944 ipsum.

185 2956 213 2973 2.
232 2948 320 2980 Qum,
331 2955 358 2973 ut
366 2948 476 2981 illifialent
484 2967 492 2978 ,
504 2947 572 2982 &c.]
584 2948 624 2972 lta
634 2945 717 2972 editio
727 2946 898 2977 vretorii,cu'1
908 2946 1037 2973 accedunt
1047 2956 1106 2973 om-

148 2990 194 3009 nes
205 2982 272 3009 Pau.
283 2990 378 3019 praeter
388 2991 511 3018 quartum
523 3002 532 3015 ,
543 2982 570 3009 in
581 2992 634 3018 quo
646 3002 654 3014 ,
667 2992 738 3017 quam
751 3001 759 3015 ,
768 2983 957 3017 quodilliselem.
980 2983 1085 3019 vulgata
1097 3002 1105 3014 ,

147 3027 219 3052 quam
227 3021 317 3044 illorum
326 3023 368 3053 qui
368 3020 443 3052 fiilem
454 3039 461 3051 ‚
471 3020 523 3050 ὡς.

169 3061 183 3088 3
190 3055 314 3080 ,Πηῧὶοπὶσ
323 3055 395 3087 causa
404 3054 694 3091 relinquunt.]Explicat
703 3054 822 3081 RFaber
833 3054 1102 3090 lib.71.Agouist.c.4.

183 3095 212 3121 4.
231 3091 422 3125 Repuerascere]
443 3091 520 3117 Nihil
540 3090 739 3118 auscultandum
759 3091 832 3117 libris
848 3091 969 3117 Lambini
982 3100 990 3121 ς
1013 3098 1102 3116 natum

2053 2800 2108 2830 lud

1189 2883 1203 2908 5
1210 2894 1215 2899 .
1235 2874 1275 2900 Ad
1283 2875 1390 2906 cajetam
1398 2874 1428 2903 όν
1437 2873 1471 2898 ad
1477 2871 1654 2905 Laurentum]
1668 2871 1698 2897 P.
1709 2870 1846 2898 ViCmrius
1856 2872 1881 2896 ὅ(
1894 2871 2009 2896 Manutii
2020 2873 2078 2895 Lim
2085 2871 2111 2893 i-

1151 2919 1215 2935 num.
1238 2910 1363 2936 vetustior
1372 2909 1458 2935 omnis
1474 2908 1558 2934 editio
1569 2910 1717 2933 Lam-tntum
1729 2926 1736 2939 ,
1756 2906 1827 2943 quod
1847 2908 1910 2933 item
1931 2907 1956 2932 in
1978 2905 2108 2941 p'eiisque

1151 2945 1218 2971 Pau.
1231 2955 1288 2972 nam
1301 2953 1364 2971 tert.
1375 2947 1544 2975 Laurentium,
1555 2951 1642 2980 quart.
1653 2946 1823 2969 Lavit-mium.
1843 2943 1964 2969 Memmii
1977 2941 2107 2967 membra-

1150 2991 1244 3007 naceus
1264 2984 1395 3006 Lauretum
1406 2989 1413 3010 3
1435 2979 1505 3015 quod
1526 2979 1627 3006 secutus
1647 2979 1698 3006 fuit
1712 2978 1867 3005 Lambinus.
1888 2978 2004 3005 nostrum
2017 2977 2107 3003 firm-1-

1151 3025 1195 3043 t111·
1206 3017 1305 3043 Valerii
1316 3016 1428 3043 Maximi
1440 3016 1509 3043 libro
1519 3025 1590 3042 viii.
1603 3025 1658 3052 cap.
1670 3015 1697 3042 8.
1717 3015 1761 3042 ubi
1774 3015 1911 3042 videantur
1922 3014 2010 3049 Pig'irii
2028 3012 2109 3039 nostri.

1150 3054 1241 3079 Notae.

1184 3089 1211 3114 6.
1233 3091 1327 3120 Fingere
1336 3089 1365 3119 <ly
1375 3090 1501 3121 construere
1510 3088 1603 3121 niden]
1626 3087 1779 3114 Pithoeanus
1791 3086 1920 3122 amboque
1931 3084 2059 3112 Gallicani
2072 3084 2105 3115 ej:

148 3124 219 3150 enlm
230 3124 296 3151 illud
306 3128 458 3163 reputrescere
467 3128 483 3155 ἐι
495 3125 586 3156 vitiosa
594 3126 734 3165 scriptura,
744 3128 946 3164 repuefierc‚quae
955 3127 982 3154 iu
994 3126 1050 3153 Pal.
1061 3135 1102 3162 pr.
1124 3137 1127 3155 1
1142 3126 1230 3158 fingere
1242 3143 1249 3154 ‚
1270 3123 1340 3158 quod
1351 3124 1377 3150 &
1391 3125 1416 3150 in
1429 3123 1484 3150 Pal.
1495 3133 1535 3164 pr.
1546 3124 1573 3149 8<
1586 3131 1648 3149 tert.
1660 3124 1704 3159 qni
1726 3131 1851 3160 praeterea
1869 3124 2018 3157 constituar-25
2038 3119 2107 3145 altc-

149 3160 178 3187 ὃ(
190 3161 361 3189 Memmiano.

1123 3157 1128 3188 l
1149 3169 1208 3187 tuin
1220 3168 1307 3188 tamen
1319 3160 1396 3188 restat
1407 3160 1434 3188 in
1444 3167 1537 3188 ceteris
1550 3159 1682 3187 omnibus·

1973 3199 1990 3225 ,1
1997 3211 2002 3217 .
2022 3191 2110 3218 Βοῦν,
