2337 3400
1161 126 1710 176 C1cartonis

1177 209 1359 256 lescentem:
1379 218 1408 240 at
1424 212 1566 242 omnium
1584 211 1647 244 fere
1665 212 1827 255 exemplo:
1850 212 1866 235 ⁶
1873 223 1970 257 neque
1982 222 2040 247 erat
2051 214 2137 256 supe-

1175 261 1252 301 tiore
1271 252 1388 298 honore
1407 251 1475 282 usus
1490 273 1499 286 ,
1519 263 1610 293 quem
1629 254 1822 295 praeficerem.
1845 259 2018 288 Pomtinius
2037 257 2137 288 multo

1177 303 1245 324 ante
1265 292 1439 323 discesserat.
1470 293 1487 324 a
1503 296 1620 366 quinto
1637 296 1725 328 fratre
1743 301 1896 339 impetrari
1917 309 1982 330 non
2003 308 2134 339 poterat:

1176 345 1268 377 quem
1280 344 1380 365 tamen
1391 333 1410 365 si
1423 335 1530 376 reliqui
1556 334 1607 367 'em
1617 356 1626 371 ‚
1639 338 1772 371 dicerent
1782 342 1881 382 iniqui
1893 361 1901 376 ,
1920 351 1983 371 non
1995 352 2043 371 me
2052 341 2143 381 plane

1178 376 1244 418 post
1254 387 1368 408 annum
1380 397 1388 411 ,
1412 385 1446 408 ut
1460 378 1577 408 senatus
1592 379 1732 412 voluiss'et
1743 403 1751 416 ,
1774 383 1809 413 de
1820 385 1975 423 provincia
1984 381 2142 413 deceffiffe:
2164 401 2166 403 >

1179 421 1325 460 quoniam
1337 419 1464 449 alterum
1477 429 1526 449 me
1536 420 1731 461 reliquissem.
1755 423 1883 456 Fortasse
1897 426 1988 456 etiam
2003 425 2078 455 illud
2089 424 2144 455 ad—

1162 489 1164 508 A,
1183 462 1287 492 derent
1296 481 1304 495 ‚
1323 461 1457 491 senatum
1468 471 1519 491 cos
1529 461 1656 492 voluisse
1666 467 1831 504 provinciis
1840 466 1960 507 praeess'e
1972 487 1980 501 ‚
1991 470 2043 508 qui
2054 466 2141 497 antea

183 526 233 546 ma
243 516 354 557 pagella
363 515 488 555 pupugit
498 522 547 542 me
558 521 611 541 tuo
622 509 826 549 chirographo.
840 506 921 545 Quid
932 507 985 535 ais?
996 504 1138 534 Caesarem
1163 509 1165 522 l
1185 514 1249 533 non
1258 501 1441 543 proefuiss'ent
1454 514 1459 532 :
1476 502 1598 534 fratrem
1608 514 1712 535 meum
1724 509 1891 538 triennium
1902 508 1974 539 Asiae
1985 506 2141 548 praefuiffe.

182 568 247 588 non
257 556 393 587 defendit
404 556 589 594 Curi0?quis
602 554 658 582 hoc
669 558 782 592 putaret
792 557 893 589 praeter
905 558 954 577 me
966 550 976 576 ?
989 550 999 567 ¹
1010 555 1094 579 nam,
1106 546 1145 574 ita
1164 583 1165 589 ἵ
1186 548 1326 586 Denique
1342 555 1424 575 nunc
1442 545 1588 576 sollicitus
1604 556 1669 576 non
1688 548 1771 578 sum:
1792 548 1812 578 fi
1822 549 1942 580 fratrem
1952 549 2147 591 reliquissem,

180 601 284 630 vivam
304 600 416 639 putavi.
440 594 707 627 Diiimmortales:
729 592 820 634 quam
831 600 886 631 ego
897 590 990 620 risum
1003 587 1139 618 nostrum
1164 596 1165 606 ¹
1186 590 1290 618 omnia
1310 589 1461 617 timerem.
1485 586 1641 618 Posti-emb
1661 599 1725 619 non
1744 599 1804 620 tam
1824 601 1891 621 mea
1908 592 2012 632 sponte
2025 613 2034 625 ‚
2054 602 2147 633 quam

182 640 334 672 desidero!
360 640 440 669 Mihi
459 647 518 668 erat
536 639 568 667 in
587 638 710 669 animo,
731 635 878 676 quoniam
898 629 1141 669 iurisdictionem
1164 644 1166 649 ·
1184 627 1461 670 potentissimorum
1479 628 1610 659 duorum
1631 632 1794 672 exemplo,
1813 635 1866 673 qui
1885 636 2003 663 omneis
2022 632 2144 667 Caffios,

182 683 371 715 confeceram
386 706 389 710 .
405 682 538 711 civitates
548 678 760 719 locupletatam
773 687 778 705 τ
794 675 960 716 publicanis
971 693 979 707 ,
993 674 1083 702 etiam
1097 670 1146 700 su-
1165 702 1167 710 ¹
1187 671 1397 712 Antoniosque
1406 671 1562 710 complexi
1574 671 1641 702 sunt
1652 692 1660 706 ,
1682 674 1841 703 hominem
1852 673 2070 705 adolescentem
2082 685 2148 706 non

183 723 544 768 periorislustrireliqua,
565 719 626 751 fine
637 720 787 750 sociorum
800 715 1004 757 ullaquerela,
1025 712 1148 743 confer·
1166 738 1168 748 Α
1188 723 1249 744 tarn
1267 713 1384 744 allicere
1404 714 1510 747 volui,
1530 713 1619 755 quam
1639 714 1765 745 alienare
1786 716 1882 745 nolui.
1907 719 1976 746 Hoc
1994 725 2025 746 tu
2045 727 2150 747 meum

184 777 285 798 varam
298 787 306 800 ,
321 767 442 807 privatis
452 785 459 798 ‚
472 765 602 795 summis
613 783 621 796 ‚
635 760 751 792 infimis
761 756 1037 797 fueramjucundus
1051 766 1057 784 2
1077 763 1146 802 pro·
1188 754 1349 786 confilium
1361 755 1462 786 laudes
1475 753 1590 786 necesie
1607 754 1657 786 est.
1681 759 1791 787 mutari
1805 759 1888 787 enim
1900 767 1963 787 non
1974 757 2078 798 potest.
2102 761 2150 788 De

186 809 277 840 ficisci
290 811 322 839 in
333 808 471 839 Ciliciam
482 808 573 836 nonis
584 804 676 844 Maji:
693 806 707 823 2
717 803 750 833 &
761 822 768 834 2
783 800 855 832 cum
866 809 963 840 prima
971 797 1070 828 aestiva
1079 804 1149 826 atti-
1167 797 1169 829 ἶ
1189 797 1290 828 Ocella
1299 807 1403 837 parum
1414 797 1448 827 ad
1460 808 1509 828 me
1519 796 1608 838 plane
1619 797 1786 839 scripseras:
1810 799 1842 829 δε
1856 801 1890 829 in
1909 799 1983 829 affis
2000 809 2064 829 non
2080 808 2151 830 erat.

185 849 290 893 gisseni
303 871 311 884 ,
334 850 555 889 militaremque
566 857 629 877 rem
642 842 831 876 collocassem
843 862 850 876 ,
866 840 1007 871 decedere
1019 849 1056 869 ex
1067 838 1149 884 sena·
1168 837 1170 846 ⁴
1190 842 1266 870 Tuae
1275 849 1321 869 res
1332 838 1419 880 gestae
1432 841 1472 869 ita
1482 849 1561 870 notae
1570 840 1637 869 sunt
1648 860 1656 873 ‚
1677 848 1710 871 ut
1723 849 1802 871 trans
1812 851 1951 871 montem
1962 844 2097 871 Taurum
2108 849 2154 871 et-

186 893 384 924 tusconsulto.
409 892 506 930 Cupio
524 899 550 920 te
567 888 687 919 aedilem
706 885 826 918 videre,
847 885 989 923 miroque
1005 879 1150 911 desiderio
1190 882 1251 911 iam
1272 881 1308 911 de
1327 883 1495 911 7Mat1·ini0
1507 881 1542 912 fit
1560 881 1708 913 auditum.
1733 886 1815 924 Ego,
1838 882 1892 912 nisi
1905 883 1979 923 quid
1991 893 2041 912 me
2052 881 2154 913 Etefiae

190 946 240 966 me
252 935 320 965 urbs
329 932 420 965 afficit
430 953 438 965 .
452 933 483 963 &
494 940 602 963 omnes
614 931 691 962 mei,
705 937 796 968 tuque
807 927 840 956 in
850 927 968 966 primis.
1013 923 1097 953 vale.
1195 923 1393 953 morabuntur
1403 943 1411 955 ‚
1421 923 1558 955 celeriter
1569 922 1613 963 (ut
1623 923 1719 964 spero)
1729 935 1785 955 vos
1796 925 1914 955 videbo.
1961 925 2044 955 Vale.
2137 958 2139 961 ¹

1475 1009 1698 1043 CURUL1‚
1730 1012 1757 1040 S.
1777 1011 1807 1039 P.
1828 1011 1869 1039 D.

128 1000 172 1032 14
213 996 356 1025 Msrxc.
378 994 460 1022 nup.
482 989 689 1020 M.coEL1o
706 987 835 1016 AEDtLt
854 984 1032 1016 cURULt,
1053 982 1133 1011 ευ.
1293 967 1432 996 M-T·C·
1463 968 1564 996 ῙΜΡ·
1585 969 1629 997 Μ·
1652 969 1852 1000 COEUO’
1885 968 2050 997 AED1L1

1311 1052 1404 1079 Aeno
1425 1049 1529 1080 dolore
1540 1060 1591 1080 me
1604 1048 1766 1081 affecissent
1777 1060 1833 1081 tuae
1843 1051 1946 1081 litterae
1957 1071 1966 1085 ‚
1980 1049 2035 1081 nisi
2045 1051 2104 1089 jam
2120 1049 2155 1083 ὃς

319 1042 418 1075 Fabio
429 1062 436 1075 ‚
458 1043 523 1070 viro
538 1041 659 1080 optimo
671 1059 679 1071 ,
706 1038 738 1067 &
750 1036 877 1066 homine
896 1031 1068 1064 dostiffimo
1080 1051 1088 1064 ‚
1107 1029 1154 1060 fa-

1308 1093 1382 1120 ratio
1392 1091 1451 1130 ipsa
1465 1091 1623 1131 depulisset
1631 1094 1753 1122 omneis
1771 1092 1942 1126 molestias,
1962 1093 1995 1123 ὃ(
2015 1093 2154 1124 diuturna

314 1090 321 1099 ·
338 1081 533 1115 miliariilime
553 1090 639 1114 utor,
664 1078 854 1118 mirificeque
865 1086 937 1107 eum
947 1075 1062 1125 diligo,
1079 1072 1153 1102 cfim

189 1137 312 1170 propter
323 1128 477 1158 summum
491 1127 647 1165 'lngemum
659 1131 733 1161 ‘⁸1⁰⁵‘
748 1121 958 1160 summamque
968 1117 1153 1147 doetsmam·
1194 1131 1399 1171 desperatione
1419 1142 1518 1162 rerum
1545 1132 1732 1164 obduruisset
1747 1136 1867 1164 animus
1884 1134 1920 1164 ad
1939 1135 2078 1165 dolorem
2097 1144 2157 1164 no-

1174 1197 1175 1206 ,
1194 1183 1280 1203 vum.
1303 1173 1360 1203 Sed
1371 1182 1472 1204 tamen
1481 1184 1571 1215 quare
1581 1175 1739 1208 acciderit,
1760 1184 1793 1206 ut
1810 1185 1849 1205 ex
1859 1178 1936 1205 meis
1953 1176 2156 1216 superioribus

192 1180 256 1201 tum
268 1178 386 1209 propter
396 1166 572 1207 singularem
584 1163 775 1194 modestiam.
798 1163 873 1201 EJ‘us
885 1167 1043 1201 negotium
1055 1155 1092 1186 sic
1102 1165 1153 1185 ve-

1193 1215 1300 1245 litteris
1310 1214 1343 1245 id
1353 1215 1539 1255 suspicarere,
1551 1216 1633 1257 quod
1644 1216 1746 1246 scribis
1757 1237 1765 1250 ‚
1778 1217 1890 1248 nescio.
1913 1218 1987 1258 quid
2002 1219 2087 1248 enim
2099 1217 2158 1248 fuit

191 1213 247 1242 lim
267 1211 405 1251 suscipias
418 1230 427 1242 ‚
448 1218 481 1239 ut
500 1206 521 1237 si
539 1205 611 1238 ess'et
628 1215 673 1236 res
692 1214 768 1235 mea.
791 1204 877 1234 Novi
892 1212 946 1243 ego
960 1209 1015 1230 vos
1030 1205 1154 1243 magnos

189 1263 343 1294 patronos.
368 1253 529 1281 hominem
540 1248 655 1279 occidar
665 1254 801 1287 oportet,
821 1246 874 1285 qui
892 1241 987 1272 vestra
1005 1250 1094 1280 opera
1111 1247 1156 1268 uti
1175 1253 1176 1256 =
1193 1258 1227 1286 in
1244 1256 1326 1290 mis,
1344 1266 1448 1297 praeoer
1461 1259 1615 1298 querelam
1635 1267 1807 1299 temporum
1822 1278 1831 1292 ,
1851 1269 1916 1300 quae
1937 1269 2001 1289 non
2015 1261 2156 1290 animum

1195 1308 1301 1328 meum
1312 1300 1406 1340 magis
1425 1299 1590 1330 sollicitum
1602 1300 1739 1334 haberet,
1759 1311 1852 1342 quam
1864 1306 1972 1332 tuum?
1994 1303 2078 1331 Nam
2091 1310 2158 1331 non

190 1296 274 1325 velit.
298 1294 347 1325 sed
367 1296 400 1323 in
421 1295 480 1323 hoc
497 1293 622 1321 homine
645 1290 763 1319 nuliam
782 1287 898 1326 accipio
919 1283 1155 1314 excusationem.
1175 1296 1177 1321 ἑ

1195 1350 1262 1371 eam
1273 1342 1405 1382 cognovi
1418 1343 1513 1372 aciem
1524 1343 1642 1383 ingenii
1654 1344 1697 1372 tui
1708 1362 1716 1376 ‚
1727 1342 1810 1383 quod
1821 1343 1883 1383 ipse
1894 1343 2014 1373 videam
2025 1363 2032 1377 ,
2046 1351 2073 1373 te
2082 1342 2113 1373 id
2122 1351 2159 1373 nt

197 1338 309 1367 Omnia
319 1336 470 1375 relinques
481 1354 490 1367 ,
508 1332 529 1362 fi
541 1343 589 1362 me
599 1331 714 1363 amabis
725 1350 734 1363 ‚
751 1328 824 1359 cum
835 1337 884 1358 tua
894 1335 984 1366 opera
994 1324 1100 1354 Fabius
1112 1323 1156 1352 uti
1175 1335 1178 1372 i

192 1379 287 1410 volet.
311 1381 375 1419 Ego
388 1387 432 1407 “³⁵
443 1379 598 1406 Romanas
608 1374 804 1404 vehementer
819 1368 960 1410 ΕΧΓΡΕᾶΟ
972 1387 980 1400 '
1002 1367 1035 1397 δῖ
1045 1363 1159 1396 defide’
1197 1393 1261 1413 non
1275 1392 1377 1423 putem
1389 1383 1502 1414 videre.
1524 1384 1604 1415 Illud
1614 1386 1710 1415 miror
1719 1385 1826 1416 adduci
1837 1382 1964 1425 potuisse
1973 1393 2001 1414 te
2013 1405 2021 1418 ‚
2042 1386 2093 1425 qui
2104 1394 2156 1414 me

1195 1426 1315 1465 penitus
1326 1424 1408 1455 noffe
1420 1425 1553 1460 deberes,
1564 1435 1597 1457 ut
1607 1436 1657 1457 me
1666 1426 1864 1460 existimares,
1874 1436 1923 1457 aut
1935 1435 1996 1456 tam
2006 1428 2156 1466 improvi-

195 1431 230 1452 ro
242 1432 247 1450 :
261 1423 292 1450 in
303 1419 479 1460 primisque,
491 1417 564 1458 quid
574 1426 650 1457 agas,
663 1415 735 1445 scire
744 1414 843 1453 cupio.
868 1420 939 1441 nam
948 1408 1076 1449 jamdiu,
1086 1416 1158 1447 pro-

192 1473 257 1503 pter
275 1463 386 1492 hiemis
401 1459 645 1502 magnitudinem
656 1477 666 1492 ‚
687 1455 767 1486 nihil
776 1455 852 1485 novi
862 1452 898 1484 ad
908 1461 965 1482 nos
974 1448 1158 1482 afferebatur.
1197 1467 1271 1497 dum
1281 1487 1289 1501 ³
1303 1468 1354 1508 qui
1366 1467 1401 1497 ab
1410 1470 1534 1499 excitata
1543 1468 1663 1499 somma
1681 1468 1718 1499 ad
1728 1469 1904 1499 inclinatam
1915 1488 1924 1502 ‚
1938 1463 1952 1487 8
1963 1468 1995 1498 &
2005 1472 2100 1508 prope
2111 1469 2156 1508 ja-

1197 1517 1316 1539 centem
1327 1508 1540 1540 desciscerem:
1564 1519 1683 1541 auttam
1694 1509 1916 1541 inconstantem
1927 1530 1937 1544 ‚
1953 1518 1985 1540 ut
1999 1509 2160 1541 collectam

197 1505 279 1535 Vale.

1197 1552 1322 1591 gratiam
1341 1550 1542 1582 florentissimi
1555 1553 1695 1582 hominis
1713 1551 1898 1583 effunderem
1911 1572 1920 1586 ‚
1942 1551 2078 1592 ameque
2096 1551 2161 1592 ipse

173 142 270 204 654
573 131 1079 182 M.Tut,1,11

172 226 271 267 spicati
285 221 399 254 fortasse
411 221 478 252 sunt
490 240 497 253 ,
517 219 693 249 animorum
705 215 900 246 contentione
911 231 919 244 ‚
931 220 995 241 non
1006 209 1132 250 opinio-

176 277 250 298 ninn
263 263 458 296 distensione,
480 271 529 291 me
545 261 582 291 ab
600 269 637 289 eo
655 258 826 298 discrepare.
852 253 941 285 Nihil
957 261 1058 283 autem
1078 249 1135 280 feci

178 316 322 348 nmquam
336 325 345 339 ,
364 314 460 345 neque
472 304 556 336 dixi,
576 301 658 342 quod
669 308 772 330 contra
782 297 863 328 illius
875 294 1133 326 existimationem

178 348 235 380 csse
246 348 365 377 vellem.
392 345 459 377 Post
470 347 526 375 hoc
536 344 693 385 negotium
704 350 816 373 autem,
828 337 1070 369 &temeritatem
1079 344 1138 365 no·

178 391 230 422 stri
242 389 408 420 Dolabellae
421 408 428 421 ,
447 388 669 427 deprecatorem
686 393 735 413 me
751 392 805 422 pro
820 381 901 411 illius
916 378 1050 419 periculo
1063 386 1139 417 prae-

176 434 245 463 beo.
270 435 338 462 Erat
355 432 387 460 in
405 429 509 460 eadem
522 426 646 468 epistola
660 433 800 455 veternus
813 425 952 453 civitatis.
977 419 1140 463 gaudebam

180 475 248 504 sine
262 494 269 507 ‚
292 474 325 504 ὃ(
335 469 501 511 congelasse
512 469 646 500 nostrum
659 469 792 498 amicum
808 464 923 495 laetabar
935 465 1011 493 otio.
1036 464 1142 492 Excre-

243 1556 291 1584 M.
306 1556 345 1584 T.
362 1555 396 1584 C.
419 1554 504 1582 IMP.
528 1552 571 1580 M.
587 1551 735 1581 COEL‘IO
755 1568 764 1582 ,
787 1546 948 1578 CURULI
969 1544 1119 1576 AEDILL

585 1595 614 1622 S·
659 1594 692 1622 P·
736 1592 779 1619 D·
1199 1591 1378 1638 deficere-m,
1399 1593 1433 1623 &
1449 1613 1458 1626 ,
1478 1593 1560 1634 quod
1573 1595 1682 1627 initio,
1699 1593 1872 1634 semperque
1881 1593 1964 1633 fugi,
1984 1594 2068 1624 civili
2078 1592 2161 1623 bello

302 1648 359 1676 ΟΝ
376 1645 477 1686 potuit
492 1643 653 1673 accuratius
665 1662 673 1675 ‚
694 1650 750 1670 nec
766 1639 943 1679 prudentius
956 1635 1047 1677 quam
1060 1633 1162 1665 affirm
1181 1656 1182 1662 η
1198 1633 1380 1665 interessem.
1404 1635 1494 1706 in-od
1505 1634 1547 1665 est
1556 1637 1644 1676 igitur
1654 1645 1760 1665 meum
1771 1635 1851 1665 triste
1861 1634 2044 1665 confilium?
2060 1642 2094 1664 ut
2101 1634 2164 1665 dis.

304 1687 345 1718 est
355 1687 371 1717 a
382 1697 410 1717 te
420 1696 490 1716 cum
503 1686 634 1715 Curione
645 1683 682 1713 de
693 1682 923 1722 supplicatione:
939 1679 972 1709 &
985 1699 993 1712 ,
1005 1678 1164 1708 mehercu-
1180 1668 1183 1702 l
1198 1676 1335 1707 cederem
1349 1675 1438 1706 fortas
1453 1687 1468 1706 e
1488 1678 1522 1707 in
1541 1678 1652 1718 aliquas
1669 1676 1846 1707 solitudines
1858 1680 1869 1706 ?
1891 1675 1971 1706 nosti
1991 1677 2074 1706 enim
2095 1685 2162 1706 non

199 1732 228 1762 le
241 1751 249 1764 ‚
261 1728 398 1760 confeCla
408 1738 453 1758 res
462 1737 501 1757 ex
512 1727 655 1757 sententia
665 1735 731 1754 mea
741 1722 783 1754 est
794 1743 802 1756 ‚
826 1732 897 1753 cum
908 1721 1057 1752 celeritate
1068 1739 1076 1753 ‚
1096 1727 1163 1749 tum
1180 1750 1181 1754 ,
1200 1718 1295 1749 modo
1306 1717 1452 1748 stomachi
1461 1720 1523 1748 mei
1533 1738 1541 1752 ,
1559 1720 1644 1757 cujus
1653 1727 1684 1748 tu
1705 1717 1836 1748 fimilem
1855 1717 2010 1759 quondam
2022 1717 2161 1752 habebas,
2336 1746 2337 1752 ¹

202 1772 282 1814 quod
302 1774 326 1801 is
337 1791 346 1804 ,
366 1770 419 1810 qui
430 1778 490 1799 erat
500 1770 588 1798 iratus
599 1788 607 1801 ‚
628 1768 811 1806 competitor
821 1774 889 1803 t—uus
899 1783 907 1797 ‚
929 1763 962 1793 &
973 1762 1053 1792 idem
1066 1769 1163 1794 meus,
1180 1769 1182 1787 i
1200 1760 1250 1790 sed
1261 1762 1352 1790 etiam
1362 1760 1574 1794 oculorum,in
1585 1762 1749 1790 hominum
1760 1760 1957 1790 insolentium
1970 1759 2158 1801 indignitate,
2335 1753 2337 1783 l

201 1813 331 1845 assensus
348 1812 392 1842 est
410 1812 457 1844 ei,
476 1812 528 1851 qui
546 1810 666 1839 ornavit
683 1817 727 1838 res
747 1806 860 1837 nostras
878 1806 992 1835 divinis
1012 1803 1161 1833 laudibus.
1180 1806 1182 1834 ἶ
1198 1801 1366 1832 fastidium.
1399 1802 1523 1832 Accedit
1542 1804 1634 1832 etiam
1653 1801 1780 1832 molesta
1801 1802 1863 1832 haec
1880 1811 1991 1841 pompa
2013 1801 2161 1832 liEtorum

200 1859 298 1897 Qare
316 1855 390 1884 scito
408 1862 459 1882 me
478 1853 588 1892 sperare
606 1860 656 1883 ea,
677 1859 744 1890 quae
764 1849 940 1888 sequuntur:
964 1845 1000 1875 ad
1014 1855 1080 1885 quae
1090 1853 1122 1874 tu
1135 1852 1163 1872 te
1181 1840 1183 1894 ¹,
1199 1853 1360 1876 meorum,
1381 1852 1556 1884 nomenque
1574 1845 1714 1883 imperii,
1736 1853 1798 1884 quo
1807 1843 1948 1883 appellor.
1972 1845 2017 1873 Eo
2037 1841 2058 1872 si
2073 1851 2165 1873 onere

201 1907 277 1938 para.
300 1895 494 1927 Dolabellam
505 1897 520 1923 a
534 1902 561 1922 te
574 1892 688 1934 gaudeo
697 1888 834 1930 primum
845 1887 956 1918 laudari
968 1907 976 1921 ,
997 1885 1107 1916 deinde
1119 1893 1164 1914 et-
1181 1902 1183 1923 ¹.
1199 1894 1329 1915 carerem
1342 1904 1350 1918 ,
1373 1888 1511 1926 quamvis
1524 1887 1621 1925 parvis
1632 1885 1723 1915 Italiae
1747 1885 1866 1915 latebris
1882 1893 2043 1915 contentus
2060 1882 2164 1915 effem-

200 1942 262 1970 iam
281 1940 383 1969 amari.
406 1939 489 1967 Nam
507 1945 559 1968 ea,
582 1944 648 1975 quae
667 1933 761 1973 speras
778 1930 891 1962 Tulliae
911 1939 986 1959 meae
1007 1927 1167 1968 prudentia
1182 1963 1184 1972 γ
1201 1926 1259 1958 Sed
1278 1928 1405 1957 incurrit
1418 1927 1480 1957 haec
1497 1926 1597 1958 nostra
1616 1927 1714 1957 laurus
1725 1936 1788 1957 non
1805 1925 1906 1957 solum
1920 1929 1952 1957 in
1967 1927 2094 1960 oculos,
2112 1925 2162 1957 sed

203 1977 471 2021 oemperaripoffe,
488 1978 548 2008 scio
559 1997 568 2010 ,
579 1978 628 2006 cui
639 1984 697 2006 tuae
708 1973 841 2014 epistolae
852 1971 1058 2011 respondeant·
1082 1969 1165 2009 Qid
1198 1978 1262 2009 Jarn
1272 1971 1363 1999 etiam
1378 1970 1411 1999 in
1428 1970 1551 2000 voculas
1571 1968 1798 1999 malivolorum.
1823 1968 1913 2010 Qiod
1931 1978 2001 1999 cum
2024 1971 2065 1998 ita
2079 1966 2164 2002 esset,

203 2021 223 2053 fi
238 2032 338 2053 meam
353 2022 430 2063 legas
440 2041 448 2054 ,
472 2023 485 2047 3
496 2029 586 2060 quam
603 2028 659 2060 ego
677 2026 743 2047 tum
755 2026 793 2046 ex
806 2015 867 2045 tuis
881 2011 947 2043 misi
962 2013 997 2042 ad
1008 2013 1141 2051 Appium
1153 2013 1164 2039 ?
1203 2012 1248 2042 nil
1261 2020 1361 2041 tamen
1371 2020 1505 2052 unquam
1516 2011 1552 2041 de
1563 2010 1751 2051 profec‘fione
1764 2031 1773 2044 ,
1794 2009 1850 2040 nisi
1866 2010 1955 2040 vobis
1971 2010 2164 2050 approbanti-

204 2065 260 2095 sed
271 2063 344 2105 quid
353 2065 438 2104 agas?
454 2060 491 2092 sic
502 2070 622 2091 viVitur.
646 2058 736 2098 Quod
746 2057 847 2088 airum
859 2055 901 2086 est
912 2076 920 2089 ‚
933 2055 979 2085 dii
989 2053 1164 2094 approbent.
1183 2055 1186 2080 l
1204 2054 1270 2087 bus,
1281 2054 1419 2094 cogitavi.
1442 2053 1499 2084 Sed
1511 2063 1576 2083 mea
1586 2053 1728 2093 praediola
1737 2052 1792 2082 tibi
1805 2061 1875 2083 nota
1889 2052 1967 2086 sunt,
1981 2055 2014 2082 jn
2027 2053 2072 2082 his
2083 2052 2163 2082 mihi

203 2110 295 2147 Spero
312 2106 376 2136 fore
392 2104 564 2146 jucundum
583 2111 727 2144 generum
744 2100 843 2130 nobis-
868 2098 1062 2137 multumque
1079 2098 1111 2125 in
1129 2104 1166 2124 eo
1185 2127 1187 2147 ἶ
1204 2093 1318 2126 necesse
1328 2094 1370 2125 est
1380 2093 1459 2130 effe,
1477 2106 1517 2126 ne
1526 2097 1631 2126 amicis
1642 2094 1788 2125 molestus
1804 2093 1868 2124 sim,
1890 2099 1905 2122 9
1919 2094 2009 2134 Qod
2020 2103 2118 2125 autem
2131 2094 2166 2123 in

205 2157 255 2178 tua
265 2158 320 2178 nos
330 2148 499 2178 humanitas
510 2145 671 2181 adiuvabit.
695 2143 785 2183 Resp.
799 2152 848 2172 me
859 2140 945 2171 valde
956 2139 1095 2169 sollicitat
1108 2148 1113 2167 :
1124 2136 1169 2167 fa·
1185 2149 1187 2184 ἦ
1207 2138 1369 2168 maritimis
1387 2136 1531 2168 facillime
1543 2137 1628 2172 sum3
1651 2147 1764 2167 moveo
1774 2137 1933 2166 nonnullis
1952 2137 2166 2176 suspicionem,

205 2199 263 2220 veo
274 2191 414 2220 Curioni:
429 2187 704 2218 emori4Caesarem
716 2183 879 2215 honestum
890 2179 948 2212 esse
959 2181 1050 2221 cupio
1064 2191 1069 2209 2
1086 2182 1100 2206 5
1114 2189 1169 2220 pro
1186 2187 1187 2216 5
1206 2180 1285 2210 velle
1305 2189 1354 2209 me
1374 2181 1510 2220 navigare
1526 2190 1532 2208 :
1555 2179 1637 2219 quod
1653 2188 1754 2209 tamen
1773 2176 1891 2209 fortass'e
1908 2188 1972 2209 non
1991 2177 2107 2207 nollem
2119 2196 2127 2210 ‚
2146 2175 2167 2206 s1

207 2233 355 2271 Pompeio
365 2232 462 2261 emori
472 2228 603 2270 poss'um.
628 2228 676 2259 sed
688 2237 787 2257 tamen
797 2226 858 2266 ipsa
871 2234 932 2263 rep.
946 2223 1024 2253 nihil
1036 2223 1116 2252 mihi
1128 2219 1170 2251 est
1187 2261 1188 2265 Ἰ
1208 2220 1322 2262 possem
1337 2221 1373 2251 ad
1392 2224 1501 2251 otium.
1524 2231 1596 2251 nam
1613 2221 1649 2251 ad
1669 2221 1782 2251 bellurn
1799 2220 1922 2261 quidem
1933 2217 1985 2259 qui
2000 2220 2167 2249 convenit?

210 2276 323 2304 carius:
345 2274 376 2302 in
388 2282 445 2313 qua
455 2281 486 2301 tu
498 2281 560 2301 non
570 2271 655 2301 valde
666 2279 693 2300 te
704 2268 804 2308 jactas.
828 2265 978 2297 distristus
991 2266 1077 2295 enim
1091 2264 1171 2293 mihi
1206 2264 1368 2304 praesertim
1381 2272 1485 2294 contra
1498 2273 1579 2296 eum,
1593 2265 1640 2293 cui
1653 2263 1737 2303 spero
1747 2272 1797 2291 me
1809 2260 1975 2292 satisfecisse
1987 2271 1992 2289 :
2011 2261 2047 2290 ab
2058 2269 2106 2293 en,
2118 2261 2168 2290 cui

206 2315 321 2346 videris
331 2312 388 2344 efl'e
398 2333 406 2348 ‚
417 2313 499 2354 quod
510 2313 543 2343 δε
556 2312 653 2342 bonus
663 2313 739 2340 civis
750 2330 759 2344 ‚
773 2310 805 2339 ὃ(
816 2309 915 2339 bonus
925 2309 1040 2337 amicus
1051 2316 1091 2336 es.
1107 2308 1171 2346 Ego
1186 2304 1188 2362 j
1206 2315 1308 2336 tamen
1328 2303 1459 2335 satisfieri
1482 2305 1568 2335 nullo
1581 2304 1677 2335 modo
1695 2303 1792 2344 potest
1805 2304 1815 2330 ?
1850 2303 1970 2333 Deinde
1987 2303 2167 2332 sententiam

211 2357 248 2388 de
265 2357 422 2397 provincia
434 2354 580 2385 decedens
590 2375 599 2388 ‚
617 2351 796 2394 quaestorem
808 2351 939 2381 Coelium
953 2348 1094 2388 proposui
1104 2357 1188 2396 pro-3
1208 2357 1305 2378 meam
1319 2356 1350 2377 tu
1360 2346 1505 2377 facillime
1523 2347 1685 2386 perspicere
1695 2343 1820 2385 potuisti
1830 2344 1888 2382 jam
1900 2345 2000 2374 abillo
2017 2353 2165 2384 tempore,

209 2399 332 2430 vinciae.
345 2401 476 2429 Puerum
487 2399 497 2426 ?
507 2397 636 2437 inquies.
660 2397 699 2424 At
708 2403 771 2435 quae
777 2392 898 2423 storem.
913 2398 942 2420 at
952 2390 1090 2420 nobilem
1100 2388 1173 2419 ado·
1185 2400 1188 2428 χ
1206 2388 1279 2419 cum
1292 2390 1326 2419 in
1337 2390 1510 2418 Cumanum
1521 2389 1598 2418 mihi
1608 2387 1731 2418 obviam
1739 2385 1859 2417 venisti.
1873 2389 1903 2406 ¹0
1914 2396 1978 2417 non
1990 2388 2073 2416 enim
2085 2395 2112 2416 te
2123 2395 2173 2415 ce—

2111 2427 2173 2458 lavi

135 1556 176 1587 15

248 2512 272 2529 1.
292 2505 356 2529 Nam
364 2505 402 2528 ita
410 2500 618 2535 vivampaettavi]
640 2499 717 2525 Hanc
729 2496 882 2534 scripturam
902 2497 929 2523 in
941 2495 995 2522 solo
1015 2502 1110 2531 quarto
1121 2494 1168 2520 de-

211 2539 360 2576 prehendi,
377 2538 472 2564 ceteris
484 2537 545 2563 vicii
565 2534 775 2577 pertinacissimis
794 2537 820 2559 in
829 2537 884 2559 vm.
905 2531 947 2559 sed
961 2541 1020 2557 cum
1036 2532 1121 2558 exstet
1141 2531 1167 2556 in

211 2575 360 2602 editionum
370 2575 473 2611 prima:
494 2572 666 2614 prob-iraque
677 2569 749 2597 ViSt.
769 2579 798 2596 :ic
809 2569 902 2597 Lamb.
914 2568 1030 2604 denique
1042 2568 1069 2593 &
1080 2567 1167 2593 Vatic.
1192 2564 1194 2573 ¹

213 2611 241 2637 ὃς
254 2611 335 2637 Peck.
346 2612 373 2637 8<
385 2609 436 2646 ipsa
449 2618 545 2636 veritas
555 2608 661 2640 asserat,
672 2607 731 2643 quis
741 2606 859 2641 ambigat
871 2607 881 2632 ?

251 2655 279 2673 2.
299 2651 332 2673 Ει
342 2657 392 2673 cum
398 2650 480 2680 prima
488 2648 566 2679 ,estivei
576 2644 726 2678 attigiffim]
748 2642 826 2669 Alias
833 2641 936 2674 primam
945 2652 952 2666 .-
973 2638 1015 2666 sed
1026 2648 1076 2675 pro
1085 2638 1139 2665 nost
1145 2647 1172 2664 ra

214 2691 333 2719 pugnant
352 2684 379 2709 &
399 2682 546 2709 editionum
565 2679 751 2716 antiquiffimae
768 2679 796 2705 &
817 2678 941 2715 optimae:
962 2677 991 2703 δε
1009 2685 1101 2702 omnes
1115 2675 1171 2702 sere

215 2718 273 2745 mss.
285 2719 352 2745 solus
363 2720 458 2754 quippe
470 2719 527 2744 Pal.
537 2718 626 2753 quint.
641 2720 727 2750 priva.

254 2763 266 2790 3
275 2775 280 2780 .
299 2756 377 2787 Qum
386 2765 420 2788 ego
429 2762 478 2780 mm
487 2764 516 2781 ex
525 2761 571 2780 tun
581 2754 631 2787 mtfi
639 2753 672 2778 ad
679 2753 794 2785 <Appium
799 2751 821 2785 .]
843 2750 944 2777 iterum
965 2748 1052 2776 delevi
1062 2746 1172 2784 glossam

213 2791 298 2817 litteris
309 2800 341 2817 ex
354 2791 411 2817 Pal.
423 2798 487 2817 tert.
498 2791 526 2816 8<
539 2789 736 2816 stewechiano.

253 2834 282 2859 4.
302 2827 411 2859 Caesarem
419 2829 534 2859 honestum
543 2828 583 2860 effe
593 2828 664 2858 cupio.
706 2825 748 2850 Sic
759 2822 832 2850 Med.
843 2821 940 2853 codex,
949 2820 1066 2848 Vistorii
1076 2819 1172 2852 editio,

217 2862 276 2889 Pal.
287 2872 328 2898 pr.
348 2863 387 2889 At
397 2863 492 2898 reliqui
503 2871 618 2898 quatuor
630 2881 638 2893 ‚
658 2861 722 2887 sicut
732 2861 759 2886 Sc
775 2861 857 2886 Grut.
877 2860 903 2884 δε
917 2857 999 2884 Peck.
1018 2866 1077 2882 cuin
1089 2856 1175 2893 prima

217 2897 383 2935 impressione
394 2909 400 2925 :
421 2900 531 2931 Caesarem
548 2898 690 2931 laonestaeffime
708 2899 782 2928 cupio.
802 2895 880 2922 Alias
902 2893 984 2930 (quod
1003 2892 1098 2920 Lamb.
1119 2902 1171 2920 uon

215 2934 407 2971 aspernandum
422 2935 530 2967 videtui-¹
546 2936 632 2968 Caesari
641 2932 783 2967 honestiffimk
794 2934 868 2964 rapio.

258 2979 286 3004 5.
304 2973 351 2996 'Pro
359 2972 461 3003 'Pompejo
470 2969 655 3003 emoripoffirm]
677 2969 770 2995 Emori
781 2967 855 3003 digni
867 2974 943 2993 erant
955 2985 963 2998 ‚
973 2965 1020 3002 qui
1030 2965 1080 2992 huc
1089 2964 1176 2992 incul—

220 3013 314 3034 mriint
325 3005 433 3042 simplex
445 3010 511 3037 mori,
523 3014 615 3032 contra
625 3015 716 3032 omnes
728 3003 809 3030 libros
819 3013 849 3029 ac
857 3003 1000 3029 editiones.

255 3043 282 3068 6.
301 3046 390 3078 Qque
399 3048 453 3066 crat
467 3042 584 3075 Jlaperiorc
593 3040 764 3076 honorensim]
786 3041 828 3065 Sic
847 3049 938 3066 omnes
959 3046 1014 3065 tum
1027 3037 1094 3064 Pali.
1114 3045 1173 3063 tum

218 3077 314 3107 Lamb.
325 3078 410 3104 vmic.
421 3078 532 3103 Criter.
553 3077 633 3102 Peck.
646 3077 725 3111 vulgo
738 3087 743 3103 :
764 3085 837 3111 neque
846 3083 898 3101 emt
910 3076 1029 3109 fimet-Iure
1046 3076 1127 3100 honore
1136 3075 1175 3098 ul-

216 3116 265 3141 lm.
286 3113 354 3141 unde
364 3112 460 3140 Lamb.
474 3114 738 3147 fieperiorhonurenllm
750 3132 758 3144 ‚
777 3112 848 3148 quod
867 3111 953 3138 statim
974 3110 1072 3137 imitari
1091 3110 1117 3136 in
1130 3109 1177 3135 hac

216 3150 335 3178 editione
353 3149 418 3178 esset
436 3149 550 3177 hominis
571 3158 623 3176 non
641 3147 725 3176 solum
745 3148 901 3180 temerarii,
919 3146 1053 3175 sedetiam
1065 3145 1176 3174 demen-

218 3195 262 3214 us.

1247 2502 1274 2528 7.
1293 2497 1326 2520 De
1338 2495 1457 2520 Matrinio
1468 2492 1646 2526 fitaudimm]
1668 2492 1774 2518 Invenit
1794 2491 1878 2518 hocin
1891 2489 2019 2517 Medic-mo
2032 2510 2039 2522 ,
2059 2490 2172 2517 adnota-

1214 2530 1305 2566 vitque
1327 2530 1475 2564 Egnatius,
1496 2528 1600 2564 sequuti
1619 2528 1673 2564 post
1684 2528 1818 2554 Vmor-ius
1831 2547 1839 2559 ,
1859 2527 1955 2554 Lamb.
1967 2528 2074 2554 Manut.
2097 2527 2170 2555 Nam

1214 2566 1287 2601 vulgi
1298 2566 1324 2590 de
1334 2568 1493 2596 matrimonio,
1510 2564 1591 2590 leffio
1603 2574 1654 2590 non
1666 2564 1701 2590 est
1713 2565 1800 2591 nauci.

1250 2602 1277 2628 8.
1297 2605 1330 2626 Et
1345 2608 1413 2634 prope
1423 2603 1542 2635 jacentem
1559 2600 1725 2635 desedi-erem]
1748 2600 1817 2626 Pall.
1830 2598 1877 2625 sec.
1896 2605 1960 2626 tert.
1981 2606 2069 2635 quart.
2088 2597 2172 2625 Peck.

1214 2637 1346 2672 defistcrem.
1368 2637 1426 2663 Pal.
1445 2637 1532 2672 quint>
1547 2637 1690 2670 dq'ceffirim.
1715 2637 1811 2663 Paullo
1829 2636 1902 2672 post:
1923 2635 1985 2670 quod
1990 2638 2058 2661 initio
2069 2636 2174 2668 [ἐγκριν-

1214 2684 1258 2709 que
1271 2676 1335 2708 fugi.
1355 2673 1487 2700 Gulielm.
1498 2672 1635 2699 attendere
1646 2672 1822 2706 nos-iubebat,
1833 2682 1863 2699 an
1875 2670 1981 2707 legend.
1991 2671 2083 2705 quodne
2092 2673 2148 2696 σεῖο.

1251 2718 1280 2745 9.
1301 2709 1372 2742 Qcpd
1388 2716 1466 2735 autem
1477 2712 1504 2735 in
1514 2709 1640 2735 maritimis
1644 2709 1750 2742 facilimb
1762 2709 1816 2742 firm
1828 2728 1836 2739 ‚
1856 2716 1930 2733 vno-veo
1938 2707 2054 2733 nonnullis
2057 2706 2174 2739 suspicio-

1214 2746 1292 2781 nem.]
1322 2745 1433 2771 Faciam&
1451 2745 1492 2780 effe
1509 2744 1574 2781 quid
1593 2745 1624 2771 fit
1642 2752 1740 2771 norunt
1759 2745 1803 2780 qui
1824 2744 1948 2770 Plautum
1968 2742 2092 2776 legerunt
2112 2752 2117 2768 :
2142 2742 2172 2767 δι’

1216 2782 1249 2809 sic
1259 2782 1343 2809 edidit
1355 2781 1478 2808 Lambin.
1497 2790 1555 2807 cum
1568 2782 1673 2807 Maiiut.
1692 2788 1820 2816 extatque
1837 2780 1863 2806 in
1876 2779 1962 2805 Vatic.
1980 2778 2007 2803 in
2020 2776 2086 2803 Pali.
2105 2777 2174 2803 alifis

1216 2818 1338 2846 omnibus
1350 2816 1408 2844 sere
1421 2836 1429 2849 ,
1441 2817 1622 2851 stemfacillimk.
1642 2818 1681 2843 At
1693 2817 1719 2843 in
1741 2813 1963 2852 quanter-esec.
1974 2812 2108 2839 stewech.
2120 2813 2176 2839 Mi-

1217 2855 1276 2882 tall.
1297 2861 1381 2880 movet.
1400 2853 1480 2880 alias:
1501 2853 1561 2887 quod
1577 2859 1657 2879 autem
1665 2855 1692 2878 in
1709 2851 1836 2878 maritimis
1849 2852 1903 2886 fi—'m
1918 2870 1926 2883 ,
1938 2851 2013 2884 facile
2031 2857 2106 2875 moveo
2115 2859 2176 2875 non-

1216 2891 1289 2917 nullis
1302 2891 1370 2924 fiasp.

1257 2936 1298 2953 ιο.
1312 2931 1374 2962 ‘IQn
1383 2927 1443 2951 enim
1451 2931 1474 2950 te
1483 2924 1689 2957 celaviftrmonem
1698 2923 1913 2956 TeAmpiiwiAifli
1921 2930 1992 2957 quam
2001 2920 2174 2956 abhorrerem]

1217 2963 1260 2989 Sic
1269 2962 1342 2989 redh-
1353 2971 1386 2988 ex
1397 2960 1471 2988 Med.
1483 2959 1566 2987 edidit
1577 2958 1680 2986 Vie'tor.
1700 2969 1748 2985 izec
1759 2959 1837 2994 longe
1857 2958 1976 2984 dillkiitit
1986 2957 2064 2983 liber.
2077 2957 2177 2993 Pagina

1217 2999 1243 3026 in
1256 2999 1313 3026 Pal.
1332 2998 1382 3025 sec.
1400 3003 1458 3024 erat
1469 2997 1596 3030 sermonem
1606 3004 1656 3021 mm
1671 2999 1705 3028 pn
1725 2995 1823 3028 γῑκίᾹίβὶς
1845 2995 1908 3020 licut
1927 3003 1961 3020 ex
1981 2993 2080 3020 Medic.
2099 2998 2176 3020 notat

1220 3037 1323 3062 Manut.
1340 3033 1383 3060 sed
1401 3041 1460 3059 cum
1484 3031 1516 3058 sic
1538 3030 1668 3058 visatur-'in
1679 3031 1851 3058 stewech&
1863 3032 1924 3057 Vat.
1945 3039 1996 3056 non
2015 3029 2128 3065 :implius
2142 3028 2176 3056 de

1219 3072 1331 3098 veritate
1351 3067 1553 3105 periclitandum
1572 3067 1618 3094 est.
1638 3069 1673 3093 T.
1685 3068 1812 3104 Ampium
1830 3067 1868 3093 ait
1886 3066 1956 3092 idem
1977 3065 2052 3091 Tull.
2072 3064 2176 3093 lib.v1,

1218 3108 1268 3143 Ep.
1283 3116 1326 3134 η.
1344 3105 1478 3132 ὐεΙΙῙιΙνῘΙὶι
1497 3105 1578 3129 tubam
1596 3106 1734 3136 appellatum
1746 3104 1828 3137 fi‘lffi·
1848 3103 1928 3137 vulgo
1947 3100 2065 3127 insubide
2085 3101 2176 3127 nimis.

1219 3145 1305 3169 celavi.
1319 3141 1442 3175 sednonne
1452 3139 1631 3172 tumprwidisti
1648 3149 1719 3174 quam
1738 3142 1794 3167 alah.
1814 3139 1840 3166 in
1852 3146 2004 3175 qiiatamen
2023 3136 2177 3172 conjeStura

1222 3187 1302 3214 quam
1312 3176 1359 3206 fibi
1368 3175 1456 3213 placet
1467 3175 1603 3204 Manutius
1615 3176 1622 3203 ‚⁹

2083 3210 2176 3236 1.Cum
