2297 3389
584 147 1037 193 ORA‘rto‘PRo
1096 144 1165 193 M.
1201 143 1520 194 Fon-ram.

113 233 210 266 tifices
217 231 254 265 ad
260 229 515 272 corrumpendum
521 227 673 271 judicium
680 230 776 260 velint
784 229 841 261 effe
850 250 859 265 ,
881 232 922 261 ita
941 228 997 260 sint
1014 239 1066 270 pa-

113 278 177 310 rati,
187 285 219 305 ut
230 275 407 314 disceptante
416 273 529 312 populo
538 274 576 302 R.
589 281 708 302 mecum
719 270 772 302 fibi
783 281 846 302 rem
855 272 976 302 videant
985 271 1067 302 futu-

112 326 190 347 ram.
212 316 246 347 δε
256 337 264 350 ,
277 315 298 345 fi
308 325 357 344 me
365 315 397 344 in
406 315 465 343 hoc
474 323 536 347 reo,
546 323 639 354 quem
650 314 728 343 mihi
739 314 900 343 inimicum
910 314 1001 343 Siculi
1014 313 1068 342 de-

112 358 232 391 derunt,
245 357 310 388 satis
319 356 531 386 vehementem
542 374 550 388 ,
562 355 628 385 satis
638 355 874 395 perseverantem
885 374 894 388 ‚
915 355 981 384 satis
991 355 1068 394 vigi-

112 400 227 433 lantem
234 396 292 428 esse
302 405 468 438 cognorunt
479 408 483 424 z
494 395 679 430 existiment,
691 396 724 425 in
734 397 780 425 his
790 395 978 429 hominibus,
990 404 1067 436 quo-

116 450 183 471 rum
194 449 250 481 ego
259 436 444 471 inimicitias,
450 438 546 479 populi
556 441 593 466 R.
600 437 701 477 shlutis
711 437 803 478 caufiz,
817 437 1066 477 suscepero‚mul-

52 491 71 523 7
79 490 98 514 2
114 490 146 512 to
155 483 320 523 graviorem
330 499 339 513 ‚
353 488 436 519 atque
448 481 591 509 acriorem
603 479 748 509 futurum.
793 481 885 509 Nunc
895 487 922 508 te
931 498 940 512 ,
950 479 1066 520 Jupiter

113 524 228 563 optime
238 541 247 555 ‚
263 522 397 551 maxime
409 541 417 553 ‚
437 521 522 560 cujus
537 520 592 551 iste
610 521 728 551 donum
741 521 834 562 regale
845 540 853 554 ‚
873 520 1000 561 dignum
1013 528 1065 549 tuo

109 563 313 604 pulcherrimo
330 562 445 602 templo
457 583 464 594 ‚
496 561 624 603 dignum
642 562 789 602 Capitolio
800 581 807 596 ‚
828 571 914 603 atque
934 561 987 593 ista
1002 564 1065 591 arce

108 606 252 636 omnium
263 606 433 637 nationum,
443 603 571 644 dignum
581 606 663 644 regio
673 613 798 634 munere
810 623 819 637 ,
836 604 892 633 tibi
902 602 1015 633 fastum
1028 602 1064 632 ab

108 646 236 687 regibus,
249 645 304 675 tibi
317 645 447 675 dicatum
459 665 467 679 ,
479 654 565 686 atque
575 644 754 685 promifl'um
765 665 773 678 ‚
785 655 837 685 per
846 643 994 674 nefarium
1003 644 1065 674 scc-

109 688 156 718 lus
165 687 202 718 de
210 688 298 728 regiis
308 686 447 717 manibus
459 685 579 716 extorsit
590 698 594 716 :
618 687 759 727 cujusque
769 684 983 716 sanffiffimum
997 705 1005 719 ‚
1029 685 1062 715 δε

107 729 347 770 pulcherrimum
358 727 548 759 simulacrum
558 726 700 767 Syracusis
710 726 844 758 sustulit:
863 736 949 767 teque
961 747 968 760 ,
979 728 1063 769 Juno

107 772 211 812 regina
221 790 229 803 .
249 771 296 809 cuj
301 780 334 800 us
352 769 414 800 duo
431 768 498 800 fana
516 769 629 800 duabus
639 771 673 799 in
682 769 788 799 insulis
797 767 888 808 posita
897 770 1060 801 sociorum,

109 812 234 845 Melitae,
247 812 278 841 &
289 813 381 844 Sami,
392 809 578 845 sanctiffima,
590 811 624 841 δι’
632 809 841 852 antiquissima,
853 809 943 839 simili
956 810 1062 840 scelere

108 853 192 885 idem
203 852 256 883 iste
269 852 413 883 omnibus
423 853 528 885 donis,
549 852 790 892 ornamentisque
801 851 942 882 nudavit:
963 860 1060 891 teque,

110 897 249 925 Minerva
261 917 269 928 ‚
281 904 370 936 quam
380 895 453 923 item
464 893 518 924 iste
526 893 644 923 duobus
653 895 685 923 in
695 891 859 923 clariffimis
869 913 877 926 ‚
898 894 931 923 δε
941 893 1062 934 religio-

108 935 229 967 siffimis
238 937 358 976 templis
369 935 527 975 expilavit:
551 936 679 965 Athenis
689 956 698 968 ‚
714 933 785 965 cum
796 937 857 965 auri
868 934 976 976 grande
984 944 1062 975 pon-

108 978 164 1009 dus
177 989 181 1007 :
201 976 354 1018 Syracusis,
363 976 435 1006 cum
446 978 558 1010 omnia,
565 985 662 1017 prater
669 975 784 1010 testum,
797 976 955 1018 &parietes
965 997 975 1009 ,
991 975 1059 1005 abs-

107 1021 192 1051 tulit:
215 1028 302 1060 teque
312 1039 321 1052 ‚
340 1020 455 1048 Latona
466 1038 474 1052 ‚
496 1019 529 1048 &
537 1019 649 1058 Apollo
659 1038 668 1052 ‚
687 1018 720 1048 &
730 1020 827 1048 Diana
836 1039 844 1051 ‚
865 1027 995 1059 qnorum
1008 1016 1060 1047 iste

107 1062 180 1092 Deli
189 1070 253 1091 non
261 1059 367 1090 fanum
381 1080 389 1093 ‚
410 1060 458 1089 sed
468 1068 500 1089 ut
509 1060 673 1090 hominum
685 1061 792 1100 opinio
802 1079 810 1093 ,
833 1060 865 1091 ὃς
875 1060 980 1100 religio
990 1058 1056 1093 fert,

107 1103 209 1134 sedern
218 1103 383 1143 antiquam,
394 1101 594 1142 divinumque
604 1101 799 1132 domicilium
809 1101 960 1131 ῐιοξὶωᾛο
970 1100 1059 1130 [Μνα-

106 1145 178 1174 cinio
190 1164 198 1177 ,
219 1153 304 1184 atque
315 1145 430 1183 impetu
439 1144 631 1182 compilavit:
648 1145 738 1173 etiam
749 1152 777 1172 te
787 1163 796 1177 ,
815 1143 927 1182 Apollo
935 1163 944 1176 ‚
965 1152 1058 1183 quem

107 1185 162 1216 iste
172 1186 249 1216 Chio
259 1184 391 1215 sustulit:
411 1193 498 1225 teque
507 1186 596 1214 etiam
607 1192 693 1226 atque
702 1187 792 1215 etiam
803 1204 812 1218 ‚
830 1187 928 1215 Diana
938 1204 946 1218 ‚
966 1193 1056 1225 quam

84 1228 86 1230 ’
105 1229 204 1269 Perga:
223 1227 358 1267 spoliavit
369 1237 374 1255 :
392 1227 478 1265 cujus
496 1224 687 1256 fimulacrum
698 1224 912 1256 sanffiffimum
923 1225 1057 1266 Segestae,

105 1269 155 1300 bis
165 1269 241 1309 apud
251 1267 423 1309 Segestanos
432 1268 646 1302 consecratum,
656 1268 748 1298 semel
757 1268 890 1307 ipsorum
900 1268 1056 1309 religione,

105 1312 217 1341 iterum
235 1313 265 1341 P.
277 1308 544 1339 Africanivizstoria
555 1329 565 1342 ‚
585 1309 755 1339 tollendum
766 1329 775 1343 ‚
790 1309 1058 1350 asportandumque

107 1353 238 1383 curavit:
259 1361 345 1391 teque
354 1352 483 1380 Mercuri
493 1370 501 1384 ‚
513 1360 604 1390 quem
613 1354 718 1380 Verres
726 1353 759 1380 in
768 1351 850 1384 villa,
862 1351 895 1381 ὃς
905 1353 938 1389 ’ῃ
947 1353 1058 1391 privata

105 1394 206 1435 aliqua
214 1392 341 1434 palaestra
348 1392 456 1432 posuit,
468 1394 498 1422 P.
510 1390 665 1422 Africanus
677 1393 710 1421 in
720 1392 792 1421 urbe
800 1393 951 1422 sociorum
962 1412 971 1426 ,
982 1392 1015 1422 &
1025 1395 1057 1422 in

105 1434 260 1477 gymnafio
275 1433 550 1474 Tyndaritanorum
561 1452 569 1466 ,
582 1434 745 1471 juventutis
753 1434 877 1464 illorum
888 1432 1055 1468 custodem,

104 1486 138 1507 ac
146 1475 299 1517 praesidem
308 1476 405 1504 voluit
414 1473 470 1504 esse
481 1485 486 1503 ς
505 1484 592 1515 teque
602 1494 611 1509 ‚
629 1476 772 1506 Hercules
782 1494 791 1509 ,
803 1485 896 1516 quem
905 1474 960 1505 iste
970 1478 1057 1516 Agri-

105 1520 204 1560 genti,
216 1516 305 1547 nodie
316 1516 492 1556 intempesta
504 1537 512 1549 ,
525 1517 678 1546 servorum
687 1516 839 1551 insti-uera,
849 1517 882 1547 ὃς
891 1526 1059 1557 comparata

107 1570 210 1593 manu,
222 1558 393 1589 convellere
403 1568 441 1587 ex
451 1559 468 1588 s
465 1560 510 1588 uis
521 1557 737 1599 sedibus,atque
746 1558 860 1589 auferre
869 1567 992 1589 conatus
1003 1559 1055 1589 est:

107 1611 194 1642 teque
203 1598 381 1631 sanStiffima
394 1609 488 1629 mater
496 1599 572 1630 Idaea
582 1620 591 1633 ‚
612 1610 702 1641 quam
711 1600 787 1640 apud
799 1602 955 1642 Enguinos
965 1610 1057 1641 augu-

109 1642 238 1675 stifftmo
249 1663 257 1676 ‚
270 1643 302 1672 &
312 1640 530 1682 religiofisfimo
539 1643 572 1671 in
585 1642 699 1681 templo
710 1641 748 1672 fic
757 1643 910 1681 spoliatam
922 1642 1056 1683 reliquit,

107 1694 142 1715 ut
150 1695 230 1715 nunc
239 1693 354 1714 nornen
364 1681 459 1713 modo
473 1682 617 1716 Africani,
633 1683 666 1713 δε
674 1682 791 1724 vestigia
799 1684 910 1713 violata
920 1684 1002 1724 religi
1005 1686 1058 1713 onis

107 1733 239 1755 maneant
247 1745 256 1760 ,
274 1734 472 1755 monumenta
489 1724 624 1755 vietoriae
634 1745 643 1759 ,
664 1724 785 1766 fanique
798 1734 974 1756 ornamenta
991 1736 1055 1756 non

106 1766 239 1798 exstent:
257 1769 367 1809 vosque
378 1786 387 1800 ‚
406 1769 548 1797 omnium
558 1776 657 1796 rerum
666 1766 830 1797 forensium
841 1787 849 1802 ,
861 1766 1056 1797 consiliorum

107 1811 325 1842 maximorum,
337 1809 437 1851 legum
446 1828 455 1842 ,
471 1808 712 1849 judiciorumque
721 1809 840 1842 arbitri,
857 1809 890 1839 δε
899 1808 998 1843 testeS‚
1008 1819 1057 1839 ce-

107 1849 269 1882 leberrimo
279 1852 313 1881 in
321 1850 389 1881 loco
397 1852 526 1891 praetorii
538 1850 627 1881 locati
637 1870 646 1885 a
658 1849 759 1882 Castor
769 1870 778 1885 ,
789 1850 822 1881 δε
832 1851 940 1882 Pollux
950 1871 959 1885 ‚
979 1861 1059 1892 quo-

440 1964 541 2028 M.
617 1961 1022 2029 TULLII

1114 240 1182 260 rum
1193 231 1209 261 ὲ
1219 232 1334 272 templo
1343 232 1490 273 quaestum
1500 231 1552 263 fibi
1563 230 1617 263 iste
1630 250 1638 265 ‚
1653 230 1686 263 δε
1695 231 1824 273 praedam
1836 233 2003 264 maximam
2014 237 2076 265 im-

1115 271 1288 312 probiffime
1298 276 1497 314 comparavit:
1521 275 1686 315 omnesque
1696 275 1750 308 dii,
1764 277 1815 316 qui
1826 276 1974 305 vehiculis
1983 277 2078 306 tensa-

1116 322 1183 342 rum
1196 313 1367 345 sollemneis
1379 324 1472 346 coetus
1484 316 1626 346 ludorum
1637 318 1737 346 initis:
1760 327 1890 358 quorum
1909 318 1964 347 iter
1974 317 2026 347 iste
2037 317 2074 348 ad

1116 353 1202 383 suum
1214 356 1371 395 quaestum,
1384 367 1447 387 non
1456 357 1491 388 ad
1502 358 1684 400 religionum
1695 357 2073 399 dignitatem‚faciendum,

1115 396 1356 437 exigendumque
1366 401 1493 428 curavit:
1511 408 1596 439 teque
1608 419 1616 432 ‚
1637 402 1723 429 Ceres
1736 421 1743 433 ,
1761 400 1793 429 &
1802 400 1913 430 Libera
1925 421 1933 432 ‚
1945 410 2073 440 quarum

1115 435 1200 469 sacra,
1212 435 1283 467 sicut
1294 441 1454 478 opiniones
1464 441 1627 470 hominum
1641 461 1648 473 ,
1661 450 1692 470 ac
1701 442 1862 481 religiones
1872 441 1973 471 ferunt
1982 462 1990 475 ,
2004 443 2074 472 lon-

1113 476 1150 516 ge
1168 480 1310 508 maximis
1320 499 1328 513 ‚
1350 489 1437 520 atque
1449 481 1654 511 occultissimis
1666 485 1854 513 caeremoniis
1864 485 2071 518 continentur,

1113 518 1130 548 a
1138 518 1248 558 quibus
1262 520 1348 548 initia
1358 522 1434 554 vita,
1445 532 1529 562 atque
1539 523 1646 556 vietus,
1659 524 1771 564 legum,
1784 534 1917 558 morum,
1931 526 2071 555 mansue-

1113 560 1226 590 tudinis
1244 580 1252 593 ,
1272 562 1465 592 humanitatis
1477 564 1614 602 exempla
1632 565 1809 595 hominibus
1823 586 1831 599 ,
1849 566 1881 596 &
1899 567 2072 597 civitatibus

1114 600 1177 631 data
1188 621 1196 634 ,
1216 611 1249 631 ac
1268 602 1417 642 dispertita
1435 602 1493 633 csse
1511 604 1667 634 dicuntur:
1695 616 1822 646 quarum
1846 607 1920 638 sacra
1938 608 2072 648 populus

1112 644 1206 672 Rom.
1223 642 1238 672 ἐι
1250 645 1360 673 Graecis
1371 645 1457 674 ascita
1467 665 1474 678 ‚
1494 645 1526 674 &
1537 655 1651 684 accepta
1661 667 1669 680 ,
1682 656 1761 678 tanta
1772 649 1916 689 religione
1928 649 1959 678 δε
1970 649 2073 689 publi-

1111 683 1144 713 ce
1158 704 1166 717 ‚
1177 684 1209 714 &
1217 686 1356 724 privatim
1367 694 1465 715 tuetur
1474 705 1482 719 ‚
1497 696 1558 715 non
1571 696 1603 716 ut
1613 687 1648 716 ab
1657 689 1723 717 aliis
1732 690 1790 719 huc
1800 690 1885 720 allata
1896 710 1903 723 ,
1920 690 1967 720 sed
1978 700 2009 721 ut
2020 701 2070 721 ce-

1112 727 1180 755 teris
1192 726 1264 756 hinc
1273 727 1375 757 tradita
1384 726 1442 756 esse
1451 727 1623 757 videantur:
1635 739 1698 768 quae
1709 730 1744 759 ab
1755 731 1810 760 isto
1821 741 1882 761 uno
1894 731 1929 761 sic
1939 733 2066 772 polluta,

1112 767 1145 796 δε
1154 767 1264 797 violata
1273 769 1357 801 sunt,
1377 777 1410 798 ut
1419 767 1609 799 simulacrum
1621 772 1732 800 Cereris
1741 781 1836 801 unum
1847 793 1855 806 ‚
1876 774 1956 813 quod
1971 770 1987 801 ἃ
2003 775 2068 802 viro

1111 817 1174 838 non
1185 809 1281 840 modo
1292 818 1339 839 tan
1363 811 1371 839 i
1383 829 1392 843 ,
1413 810 1460 840 sed
1472 820 1510 840 ne
1520 809 1554 840 ad
1560 811 1629 850 spici
1639 812 1763 851 quidem
1772 812 1814 842 fas
1824 813 1882 844 fuit
1892 835 1900 847 ,
1917 815 1934 844 e
1944 816 2071 845 sacrario

1111 851 1221 880 Catinae
1231 851 1340 881 convel
1354 851 1479 885 endum,
1494 852 1749 892 avertendumque
1759 858 1903 885 curaverit
1915 866 1921 884 τ
1940 854 2069 888 alterum

1109 899 1207 921 autem
1220 894 1315 923 Ennae
1325 903 1362 922 ex
1373 893 1422 923 sua
1434 893 1509 926 sede,
1522 903 1553 923 ac
1562 893 1657 923 domo
1668 894 1813 925 sustulerit
1826 907 1831 924 2
1853 897 1935 937 quod
1951 907 2012 928 crat
2027 908 2071 928 ta-

1109 933 1148 966 le,
1159 942 1191 962 ut
1201 934 1353 968 homines,
1365 933 1436 964 cum
1445 934 1590 967 viderent,
1603 943 1652 965 aut
1660 936 1752 975 ipsam
1764 937 1865 966 videre
1874 938 1902 967 se
1912 941 2064 974 Cererem,

1108 983 1158 1004 aut
1167 973 1298 1016 effigiem
1310 978 1424 1006 Cereris
1434 996 1442 1009 ‚
1464 986 1527 1006 non
1538 977 1669 1007 humana
1679 987 1770 1007 manu
1786 977 1893 1008 fastam
1905 999 1912 1012 ‚
1933 980 1981 1009 sed
2000 981 2065 1010 coelo

1105 1015 1264 1058 delapfizm,
1283 1017 1507 1048 arbitrarentur:
1524 1028 1579 1047 vos
1589 1020 1696 1052 etiam,
1720 1027 1806 1060 atque
1815 1022 1905 1050 etiam
1917 1021 2064 1060 imploro,

1108 1058 1141 1088 &
1151 1059 1279 1098 appello,
1291 1057 1479 1090 sanfflssrmae
1489 1058 1560 1093 deae,
1571 1070 1637 1100 quae
1647 1061 1716 1090 illos
1726 1062 1893 1091 Ennenseis
1904 1062 1982 1091 lacus
1992 1082 2000 1096 ‚
2016 1063 2065 1092 lu-

1107 1100 1214 1140 cosque
1223 1101 1340 1134 colitis,
1363 1100 1537 1142 cumGraeque
1547 1102 1654 1132 Siciliae
1666 1122 1674 1136 ‚
1695 1112 1760 1142 quae
1778 1104 1856 1132 mihi
1872 1102 2063 1135 defendenda

1107 1141 1209 1172 tradita
1219 1141 1271 1176 est,
1283 1141 1442 1182 praefidetis
1453 1153 1458 1171 :
1469 1143 1485 1172 a
1494 1143 1613 1183 quibus,
1626 1145 1757 1173 inventis
1766 1143 1915 1184 frugibus,
1927 1145 2003 1175 &in
2014 1156 2066 1176 or-

1107 1183 1177 1213 bem
1189 1192 1331 1214 terrarum
1341 1183 1506 1214 distributis
1517 1204 1525 1218 ,
1540 1194 1647 1214 omnes
1659 1194 1773 1226 gentes,
1786 1195 1818 1216 ac
1828 1188 1943 1216 nation(
1951 1196 1963 1216 s
1972 1186 2065 1217 vestri

1104 1225 1251 1264 religione
1262 1227 1399 1255 numinis
1412 1228 1622 1256 continentur:
1634 1236 1747 1256 ceteros
1757 1229 1830 1257 item
1841 1227 1925 1262 deos,
1935 1228 2065 1269 deasque

1105 1268 1226 1296 omneis
1234 1268 1367 1306 imploro
1379 1287 1387 1300 ‚
1400 1277 1485 1308 atque
1496 1267 1626 1297 obtestor
1636 1289 1644 1300 ‚
1656 1278 1785 1308 quorum
1797 1269 1917 1309 templis
1927 1290 1935 1303 ,
1949 1270 1981 1299 δε
1992 1270 2066 1300 reli-

1101 1308 1243 1349 gionibus
1254 1308 1307 1339 iste
1317 1309 1431 1339 nefario
1440 1309 1571 1349 quodam
1581 1308 1681 1339 furore
1692 1329 1700 1343 ‚
1714 1311 1746 1340 δε
1756 1310 1874 1340 audacia
1884 1310 2058 1346 instinCtus‚

1102 1350 1218 1379 bellum
1232 1351 1407 1392 sacrilegum
1417 1351 1533 1390 semper
1542 1371 1550 1384 ,
1574 1353 1764 1392 impiumque
1775 1352 1878 1382 babuit
1887 1352 2056 1386 indi&um.

1104 1400 1147 1425 ut,
1162 1389 1182 1421 fi
1193 1394 1226 1421 in
1236 1393 1295 1422 hoc
1305 1402 1356 1422 reo
1366 1411 1374 1426 ‚
1385 1401 1472 1432 atque
1482 1395 1515 1422 in
1525 1393 1578 1423 hac
1586 1393 1669 1422 causa
1681 1413 1688 1425 ‚
1701 1395 1806 1423 omnia
1816 1403 1882 1424 mea
1891 1393 2011 1424 consilia
2021 1394 2060 1424 ad,

1104 1433 1228 1463 salutem
1240 1433 1580 1474 sociorum‚d1gnitatem
1590 1435 1695 1474 populi
1704 1434 1945 1468 Romani,fidem
1958 1446 2059 1465 meam

1103 1473 1323 1513 specstaverunt:
1342 1473 1362 1504 si
1373 1476 1465 1506 ullam
1475 1475 1510 1506 ad
1522 1486 1584 1505 rem
1596 1496 1604 1508 ,
1626 1475 1680 1506 nisi
1694 1477 1733 1505 ad
1746 1476 1866 1515 efficium
1877 1497 1884 1510 ‚
1906 1477 1940 1509 «ἓν
1950 1478 2058 1506 verita-

1103 1523 1159 1545 tem
1176 1526 1283 1547 omnes
1300 1527 1375 1547 meae
1393 1527 1468 1547 curae
1479 1537 1487 1551 ‚
1513 1518 1624 1558 vigilia:
1637 1538 1645 1550 ,
1665 1520 1917 1559 cogitationesque
1926 1519 2059 1548 elabora·

1103 1566 1173 1588 runt
1184 1569 1188 1587 :
1198 1568 1262 1599 quae
1273 1569 1339 1588 mea
1349 1568 1436 1588 mens
1447 1561 1479 1588 in
1489 1558 1672 1598 suscipienda
1680 1560 1761 1589 causi
1769 1559 1916 1593 fuit‚fides
1926 1562 1959 1589 in
1969 1570 2059 1601 agen-

1102 1599 1138 1629 da
1149 1620 1158 1632 ,
1177 1600 1280 1630 eadem
1293 1600 1385 1630 vestra
1395 1602 1428 1630 in
1435 1600 1595 1639 judicanda
1606 1599 1652 1630 sit:
1673 1600 1803 1642 denique
1813 1603 1858 1631 uti
1875 1604 1908 1631 C.
1919 1604 2057 1636 Verrem,

1104 1640 1124 1671 fi
1134 1642 1198 1681 ejus
1210 1644 1314 1672 omnia
1325 1643 1392 1672 sunt
1402 1641 1534 1672 inaudita
1545 1662 1554 1675 ,
1574 1642 1607 1672 Sc
1627 1640 1782 1682 singularia
1791 1642 1921 1672 facinora
1932 1643 2059 1676 sceleris,

1101 1683 1239 1717 audaciae,
1250 1683 1381 1723 perfidiae
1393 1705 1401 1717 ‚
1418 1683 1553 1714 libidinis
1562 1704 1570 1717 ‚
1583 1686 1711 1714 avaritiae
1721 1704 1729 1717 ‚
1739 1684 1917 1714 crudelitatis
1928 1706 1936 1718 ‚
1954 1685 2058 1725 dignu>-

1101 1725 1195 1754 exitus
1203 1725 1334 1765 ejusmodi
1344 1726 1411 1754 vira
1421 1745 1429 1760 ‚
1447 1734 1534 1766 atque
1542 1724 1627 1755 fastis
1639 1745 1647 1759 ,
1661 1725 1759 1755 vestro
1767 1727 1778 1765 j
1784 1725 1883 1756 udicio
1890 1727 2053 1766 consequa-

1102 1775 1164 1796 tur:
1186 1775 1276 1807 utque
1290 1767 1408 1807 respub.
1426 1771 1435 1786 ¹
1447 1777 1572 1806 meaque
1581 1765 1654 1797 fides
1665 1777 1722 1797 una
1732 1769 1783 1797 hac
1793 1768 1976 1798 accusatione
1988 1775 2057 1798 mea

1100 1817 1242 1839 contenta
1259 1807 1308 1839 fit:
1327 1810 1466 1849 mihique
1481 1807 1602 1849 posthac
1620 1808 1720 1839 bonos
1736 1811 1837 1848 potius
1851 1808 2008 1841 defendere
2018 1809 2055 1840 li-

1101 1859 1164 1881 ceat
1173 1870 1183 1884 ,
1201 1850 1292 1891 quam
1302 1850 1459 1892 improbos
1470 1851 1600 1881 accusare
1610 1849 1723 1881 necesse
1732 1849 1776 1881 fit.

1105 1963 1717 2028 CicERoNIS

920 2092 1245 2146 PRO

103 2212 290 2347 M.

542 2213 2050 2341 FONTEIO,

343 2381 896 2439 ORATIO
1032 2380 1818 2438 UNDECIMA.

828 2515 1039 2585 ‘Desimt
1049 2516 1324 2587 permulta,

76 2639 88 2664 1
128 2641 132 2645 ·
160 2632 229 2660 Hoc
236 2637 360 2669 praetore
374 2628 539 2670 oppressam
551 2629 608 2661 ess'e
617 2640 672 2661 aere
682 2631 781 2661 alieno
792 2631 930 2661 Galliam.
954 2633 980 2660 A
989 2633 1057 2671 qui-

107 2671 162 2702 bus
171 2672 300 2701 versuras
309 2680 454 2702 tantarum
471 2675 667 2712 pecuniarum
688 2677 698 2692 ¹
711 2671 800 2703 faCtas
818 2672 875 2702 esse
889 2673 1016 2702 dicunt?
1040 2673 1056 2703 a

108 2713 225 2743 Gallis?
246 2713 325 2742 nihil
334 2714 445 2743 minus.
469 2716 496 2744 A
504 2714 611 2754 quibus
621 2715 729 2755 igitur?
743 2713 759 2744 ἐι
767 2714 884 2744 civibus
894 2715 1054 2748 Romanis,

105 2756 158 2795 qui
168 2756 357 2795 negotiantur
364 2756 397 2784 in
408 2755 512 2785 Gallia.
536 2758 596 2785 Cur
603 2765 710 2785 eorum
720 2755 810 2785 verba
821 2765 884 2785 non
895 2756 1034 2786 audimus
1046 2759 1056 2785 ?

103 2805 158 2825 cur
166 2805 271 2825 eorum
282 2795 386 2826 tabulae
397 2796 488 2826 nullae
497 2796 709 2836 proferuntur?
730 2796 864 2827 Infecitor
872 2795 959 2831 ultro,
971 2805 1056 2838 atque

106 2836 184 2866 insto
193 2838 362 2870 accusatori,
377 2837 509 2877 judices:
527 2838 674 2872 inse&or‚
695 2839 819 2880 'inquam
830 2859 839 2873 ,
859 2849 891 2869 ac
901 2837 1001 2880 flagito
1014 2848 1057 2869 te-

108 2876 185 2907 steis.
207 2879 276 2908 Plus
291 2888 346 2919 ego
362 2880 394 2908 in
411 2880 465 2909 hac
474 2880 558 2910 causa
566 2880 675 2910 laboris
686 2901 696 2915 ,
717 2881 750 2910 &
760 2890 856 2920 opera:
865 2881 1012 2910 consumo
1023 2882 1055 2910 in

107 2919 261 2958 poscendis
276 2919 397 2951 testibus
407 2941 416 2954 ‚
440 2921 531 2962 quam
549 2924 640 2952 ceteri
657 2921 828 2953 defensores
845 2922 875 2951 in
894 2921 1054 2961 refutandis.

1101 2635 1115 2652 2
1126 2632 1285 2662 Audaciter
1294 2633 1351 2661 hoc
1361 2630 1430 2661 dico
1440 2650 1448 2664 ‚
1458 2629 1575 2669 judices
1588 2640 1592 2659 :
1635 2634 1676 2660 dn
1686 2631 1796 2661 temere
1811 2630 1971 2662 confirmo.
1994 2632 2058 2663 Re-

1101 2673 1174 2704 ferta
1183 2674 1280 2703 Gallia
1291 2675 1510 2714 negotiatorum
1520 2672 1563 2702 est
1574 2691 1582 2705 ‚
1604 2682 1623 2712 p
1637 2682 1690 2702 ena
1704 2674 1819 2703 civium
1830 2675 2057 2703 Romanoium.

1101 2725 1194 2745 nemo
1204 2715 1360 2744 Gallorum
1370 2712 1429 2744 sine
1440 2716 1504 2743 cive
1515 2716 1657 2744 Romano
1667 2713 1832 2754 quidquam
1843 2716 1956 2756 negotii
1963 2716 2055 2755 gerit:

1101 2766 1247 2786 nummus
1264 2758 1297 2785 in
1316 2756 1412 2787 Gallia
1431 2755 1534 2785 nullus
1548 2754 1608 2786 sine
1622 2757 1736 2785 civium
1745 2758 1782 2786 R.
1795 2752 1902 2786 tabulis
1911 2766 2054 2786 commo-

1102 2806 1195 2828 vetur¹
1220 2797 1326 2827 Videte
1334 2796 1394 2838 quo
1406 2796 1582 2827 descendam
1594 2817 1602 2831 ‚
1614 2796 1741 2836 judices,
1753 2797 1843 2837 quam
1855 2797 1945 2838 longe
1955 2797 2057 2828 videar

1102 2839 1138 2868 ab
1148 2838 1365 2869 consuetudine
1377 2848 1454 2871 mea,
1468 2838 1500 2868 δε
1512 2840 1649 2869 cautione
1659 2858 1668 2871 ‚
1680 2848 1712 2868 ac
1722 2838 1877 2879 diligentia
1885 2839 2035 2869 discedere
2048 2862 2055 2868 .

1100 2883 1189 2911 UNAE
1208 2890 1351 2910 TAssuLAE
1373 2879 1574 2920 proferantur,
1600 2882 1632 2909 in
1650 2880 1760 2920 quibus
1776 2880 1935 2921 vestigium
1954 2879 1987 2910 sit
2001 2881 2057 2910 ali-

1098 2922 1180 2963 quod
1195 2943 1204 2956 ,
1223 2921 1304 2963 quod
1326 2919 1467 2961 significet
1478 2941 1487 2955 ‚
1509 2923 1669 2962 pecuniam
1680 2923 1807 2962 Fontcjo
1817 2921 1914 2952 datam
1926 2934 1936 2957 3
1959 2931 2058 2952 unum

1676 2979 1678 2981 ,
1998 2967 2007 2983 1
2020 2973 2058 2993 cx

148 3037 158 3053 ι
166 3047 172 3055 .
190 3031 383 3064 &ltaque-fides,
393 3040 444 3057 una
453 3032 496 3057 bae
505 3030 676 3065 accusatione]
689 3032 719 3057 P.
730 3032 844 3059 Manutii
856 3032 921 3058 edit.
933 3041 983 3057 mea
990 3033 1050 3066 fide,
1061 3041 1154 3066 unaque
1164 3034 1218 3057 hac.
1239 3030 1345 3057 sciamus
1357 3031 1406 3056 essi:
1418 3040 1467 3056 non
1480 3032 1495 3057 ὁ.
1506 3031 1592 3063 libris,
1603 3030 1646 3058 sed
1656 3031 1688 3058 ab
1699 3032 1845 3058 Hotomani
1858 3032 2020 3066 comestura.

111 3096 121 3114 ι
129 3106 135 3113 ,
220 3074 341 3121 ᾎῐίῐῖῃὶ
349 3091 374 3114 in
384 3090 481 3116 Gallias

151 3090 211 3175 F
223 3122 333 3149 Ursinus
351 3125 454 3151 monuit
473 3091 638 3161 litequentius
654 3125 728 3152 fuisse
740 3126 816 3160 hujus
828 3126 937 3152 familia:
975 3134 1059 3152 raeno-

225 3166 285 3186 men
293 3162 422 3189 &nantum
432 3179 441 3195 ,
459 3162 541 3197 quim»
550 3165 679 3191 ultanum
688 3180 698 3198 ,
715 3161 829 3199 ideoque
847 3162 881 3194 fic
899 3171 944 3199 per
954 3161 1060 3192 <riben-

507 3089 643 3117 Palatinus
656 3109 664 3122 ,
683 3093 785 3116 tranas.
814 3090 923 3117 Fulvius
934 3097 1059 3126 praeterea
1102 3090 1136 3116 du
1143 3098 1166 3116 m
1179 3088 1273 3114 videri.

1140 3134 1167 3150 π..
1187 3124 1331 3152 effu-latiur
1347 3125 1387 3149 hoc
1406 3124 1480 3159 diem]
1500 3125 1543 3152 Sic
1553 3133 1658 3162 quoque
1673 3124 1831 3156 mcmbranae
1840 3124 1982 3155 Palatinae:
2004 3134 2057 3150 non

1104 3162 1212 3190 andanei
1228 3179 1236 3195 ‚
1249 3168 1278 3190 ut
1292 3160 1371 3197 vulgo
1382 3160 1492 3201 legitur.

1546 3197 1601 3226 Τι’
1850 3227 1855 3230 ,
1985 3197 2059 3223 LEx
