2297 3389
744 110 817 158 L1
842 126 878 156 Β.
916 113 978 158 ΙΙ.
1027 129 1093 160 tn
1139 114 1196 159 C.
1233 113 1524 165 VERREM.

155 189 453 231 audeliffnnofflatre
460 186 908 232 innocentiflimo‚pecuniaque
916 194 1007 231 patria
1015 195 1060 232 pri
1065 204 1114 224 va-

155 245 204 267 tus
212 230 416 266 est-Verumdi
424 232 461 263 de
470 233 596 271 pecunia
604 230 726 262 testibus
736 232 862 271 planum
870 231 964 263 facere
975 244 1038 264 non
1046 235 1115 274 pos-

155 278 223 308 fiim
234 286 239 304 e
252 274 328 305 illud
336 283 441 315 negare
450 271 547 313 poffits
558 293 567 306 ‚
581 281 631 303 aut
639 283 721 303 nunc
731 273 852 315 negabis
860 293 869 307 ‚
883 283 911 304 te
922 274 1048 305 consilio
1059 286 1112 306 tuo

156 315 281 348 dimisso
291 335 299 350 ‚
310 317 383 345 vim
392 316 542 355 primariis
551 334 562 348 ‚
579 316 633 355 qui
641 316 674 344 in
687 313 813 345 confilio
823 318 855 345 C.
867 316 1031 346 Sacerdotis
1048 316 1115 347 fue-

154 367 222 390 mnt
230 378 239 391 ,
251 358 364 397 tibique
374 355 431 387 effe
441 356 592 389 solebant,
604 358 727 386 remotis
736 376 744 390 ,
756 357 789 386 de
798 357 1113 397 rejudimrajudicaffi?

155 409 244 441 teque
253 409 324 429 eum
336 418 345 431 ‚
356 408 447 439 quem
460 397 635 428 CSacerdos
646 418 658 432 ‚
673 398 809 428 adhibito
818 397 943 430 consilio
952 419 961 432 ‚
973 399 1056 431 causa
1063 410 1116 430 co·-

153 444 237 483 gnita
247 461 255 474 ,
267 438 438 470 absolvisset
446 460 456 473 ,
467 440 599 470 eundern
610 459 619 474 ‚
639 448 759 470 remoto
769 439 896 470 consilio
907 461 916 474 ,
935 442 1019 471 causa
1029 443 1116 472 inco-

154 485 236 525 gnita
245 503 253 516 ‚
270 480 481 512 condemnafl'e
493 486 503 511 ?
520 481 592 512 cum
602 483 664 512 haec
673 480 824 512 confefl'ua
833 484 889 512 eris
899 502 908 516 ‚
929 492 994 523 quae
1004 485 1038 513 in
1046 482 1115 513 foro

152 524 250 565 palam
261 522 405 564 Syracusis
415 544 424 557 ‚
447 526 480 553 in
489 533 541 553 ore
552 544 561 557 ‚
585 532 670 564 atque
689 525 722 553 in
741 524 838 554 oculis
852 526 1017 569 provinciae
1036 524 1116 565 gesta

153 566 224 597 sunt
238 576 244 595 t
269 569 279 585 ¹
291 575 399 607 negato
409 565 476 596 sane
485 585 493 598 ‚
516 564 536 594 fi
547 566 632 596 voles
641 585 650 599 ‚
670 568 828 605 pecuniam
840 564 982 605 accepisse
1002 577 1008 595 ε
1030 577 1115 606 repe-

151 608 210 638 ries
221 627 229 640 ,
248 607 338 637 credo
348 627 356 640 ‚
367 607 499 648 aliquem
512 626 520 640 ‚
532 609 582 648 qui
593 627 602 640 ,
620 605 684 636 ciam
693 608 744 636 hec
755 627 764 641 ,
783 603 1026 648 qoeaepale‘zmgesta
1032 609 1113 647 sunt,

153 649 261 682 videat,
272 657 388 690 querat,
399 649 471 690 quid
479 657 512 678 ru
521 648 625 678 οατιζῑὲ
637 659 719 689 eger-u
726 660 737 676 :
747 658 796 679 aut
803 659 856 689 qui
866 648 983 679 dubitet
991 669 999 683 ‚
1011 649 1115 679 utrum

108 702 115 707 ·
153 691 242 722 malit
251 692 329 720 meis
338 689 474 724 testibus,
481 701 520 721 an
529 692 586 721 tuis
596 690 802 720 defensoribus
811 689 938 720 credere.
963 693 1039 721 Dixi
1046 691 1111 730 jam

153 741 237 763 antea
246 752 256 766 ‚
261 732 273 772 j
277 732 391 766 udices,
402 742 453 762 me
463 742 528 762 non
539 734 643 762 omnia
651 731 752 765 istius,
765 741 830 773 quae
839 734 872 761 in
882 732 940 762 hoc
950 742 1058 773 genere
1070 733 1115 763 es-

152 775 218 806 sent
229 794 238 807 ,
258 783 503 804 enumeraturum
516 785 521 803 :
533 774 581 804 sed
591 772 758 803 creatu-um
769 783 802 803 ea
811 793 820 807 ,
837 783 903 814 quae
913 774 1050 804 maxime
1060 784 1114 804 ex-

151 816 304 847 cellerent.
328 817 461 856 Accipite
470 825 553 845 nunc
563 815 643 845 aliud
654 816 679 855 ej
684 825 717 844 us
726 815 842 845 facinus
851 815 955 845 nobile
964 835 972 849 ‚
984 816 1016 846 Sc
1027 817 1110 845 mul-

151 859 190 888 tis
201 858 276 888 locis
286 857 359 897 saepe
369 865 644 887 commemoratum
657 867 663 885 t
681 857 714 886 δε
723 857 873 897 ejusmodi
884 876 892 890 ,
906 858 976 887 utin
987 868 1040 888 uno
1051 868 1111 886 om-

149 900 202 928 m'a
211 898 352 937 maleficia
368 897 446 936 inoffi}
463 898 632 929 videantur.
658 898 822 929 2attendite
834 898 1001 940 diligenter.
1025 901 1114 930 inve-

152 943 244 971 nietis
253 942 336 970 enim
346 940 376 970 id
387 940 504 970 facinus
514 949 618 970 natum
628 939 644 970 a
653 940 814 980 cupiditate
825 960 834 974 ‚
854 940 977 971 auritum
986 950 1038 980 per
1050 941 1112 971 stu-

94 981 139 1016 34
150 991 239 1022 prum
253 1002 261 1017 :
274 981 444 1013 crudelitate
454 980 622 1021 perfectum
633 1002 642 1016 ‚
663 991 749 1022 atque
759 982 946 1012 conclusum.
969 984 1110 1013 Sthenius

151 1023 228 1054 estis
238 1043 247 1057 ,
269 1025 321 1064 qui
331 1023 420 1053 nobis
436 1022 538 1053 affidet
546 1044 554 1058 ‚
573 1025 791 1054 Thermitanus
799 1043 810 1057 ‚
831 1033 917 1054 antea
925 1025 1031 1054 multis
1040 1034 1112 1064 pro-

151 1074 216 1106 pter
234 1065 384 1095 summam
393 1066 532 1094 virtutem
543 1085 552 1098 ,
572 1065 784 1106 summamque
799 1065 977 1095 nobilitatem
987 1086 996 1100 ‚
1015 1076 1109 1100 nunc,

151 1111 166 1135 3
177 1115 296 1148 propter
304 1107 322 1136 s
320 1117 386 1137 uam
395 1106 602 1140 calamitatem,
614 1116 699 1148 atque
709 1107 794 1137 istius
802 1105 950 1148 infignem
960 1108 1108 1146 injuriam,

150 1148 296 1180 omnibus
307 1158 407 1178 notus.
432 1149 533 1188 Hujus
542 1149 675 1189 hospitio
685 1152 790 1179 Verres
800 1148 871 1179 cum
883 1147 954 1179 esset
963 1151 1031 1180 usus
1042 1170 1050 1183 ‚
1075 1151 1108 1180 &

147 1189 221 1221 cum
230 1190 307 1230 apud
318 1200 388 1220 eum
398 1210 406 1224 ,
431 1200 496 1220 non
512 1190 608 1221 modo
618 1192 763 1221 Thermis
772 1190 977 1231 saepenumero
994 1191 1106 1225 fuisset,

148 1232 198 1263 fed
208 1235 297 1263 etiam
308 1230 460 1262 habitass'et
469 1253 478 1265 ‚
490 1232 586 1262 domo
596 1234 658 1272 ejus
668 1234 773 1263 omnia
782 1232 919 1266 abstulit,
931 1243 995 1273 quae
1005 1234 1107 1273 paullo

151 1276 245 1316 magis
254 1276 394 1304 animum
404 1275 567 1314 cujuspiam
581 1295 589 1307 ,
600 1283 650 1304 aut
658 1275 763 1304 oculos
771 1273 888 1314 poffent
898 1285 1105 1306 commovere.

150 1318 276 1347 Etenim
283 1316 425 1345 Sthenius
435 1316 470 1345 ab
478 1316 674 1346 adolescentia
684 1316 785 1356 paullo
788 1315 939 1356 studiofiiaes
946 1317 1009 1346 haec
1019 1327 1108 1347 corn-

77 1357 80 1363 '
98 1383 100 1386 .
148 1366 268 1398 pararat,
276 1356 494 1397 supellefifilem
503 1367 541 1387 ex
550 1368 605 1387 aere
613 1358 839 1399 elegantiorem,
852 1358 884 1387 &
895 1359 1061 1392 Deliacam,
1075 1359 1107 1389 δε

148 1400 337 1430 Corinthiam
349 1409 355 1428 ς
366 1398 478 1429 tabulas
487 1398 580 1439 pifiias
593 1409 598 1428 :
608 1402 702 1430 etiam·
710 1401 823 1440 argenti
835 1399 910 1429 bene
919 1399 990 1430 faeti
999 1420 1007 1433 ‚
1018 1410 1107 1440 prout

149 1441 342 1471 Thermitani
352 1441 488 1470 hominis
497 1440 648 1471 facultates
658 1440 792 1471 ferebant
802 1461 810 1475 ‚
828 1441 906 1471 satis.
929 1452 996 1482 quae
1007 1463 1015 1475 ,
1032 1441 1104 1473 cum

149 1480 222 1513 effer
229 1484 263 1511 in
272 1481 337 1512 Afia
345 1481 518 1513 adolescens
527 1502 535 1516 ,
547 1482 689 1517 studiose,
701 1491 735 1513 ut
743 1483 809 1513 dixi
819 1503 828 1516 ‚
839 1493 1030 1523 compararat,
1041 1494 1105 1514 non

149 1532 209 1555 mm
214 1524 270 1563 sua
277 1522 463 1553 deled'tatiomsss
470 1525 555 1563 causa
563 1545 572 1558 ,
583 1524 674 1565 quam
686 1525 720 1555 ad
731 1526 922 1555 invitationis
930 1545 938 1559 ,
949 1525 1107 1556 adventus-

147 1575 206 1606 que
216 1565 389 1595 nostrorum
399 1567 563 1596 hominum
573 1586 582 1600 ,
601 1570 618 1593 4
625 1568 793 1597 amicorum
805 1567 940 1600 suorum,
951 1576 1037 1608 atque
1048 1569 1106 1598 ho-

149 1608 272 1647 spitum.
296 1609 370 1648 Qae
378 1607 571 1648 posteaquam
581 1608 635 1639 iste
646 1610 752 1638 omnia
760 1608 882 1638 abstulit
889 1629 898 1642 ‚
909 1609 966 1639 alia
975 1610 1104 1650 rogando,

147 1650 205 1679 alia
217 1657 252 1692 po
250 1649 345 1689 fiendo
355 1669 364 1683 ‚
386 1650 442 1679 alia
447 1650 580 1689 sumendo
598 1662 608 1677 :
630 1649 741 1681 ferebat
748 1651 889 1681 Sthenius
899 1670 908 1685 ‚
931 1660 966 1681 ut
980 1661 1104 1691 poterat.

149 1692 168 1719 5
176 1692 333 1732 angebatur
353 1700 453 1721 tamen
462 1694 559 1722 animi
569 1692 678 1722 dolore
684 1690 843 1723 neceflario
852 1712 862 1727 ,
881 1691 966 1733 qubd'
975 1694 1104 1724 domum

146 1741 212 1772 ejus
219 1741 393 1763 exornatam
404 1754 412 1766 ‚
428 1742 513 1774 atque
524 1733 701 1764 instruitam
712 1754 721 1769 ‚
732 1733 794 1764 fere
801 1735 866 1774 jam
875 1734 929 1764 iste
938 1734 1106 1766 reddiderat

146 1773 260 1804 nudam
270 1793 278 1808 ‚
287 1782 373 1816 atque
382 1777 515 1805 inanem.
537 1785 746 1806 verumtamen
756 1776 896 1806 dolorem
906 1777 994 1807 suum
1004 1779 1106 1807 nerni-

147 1817 182 1846 ni
193 1816 398 1856 impertiebat.
421 1819 601 1848 PRAEroms
624 1827 783 1856 INJURIAS
794 1838 803 1851 ‚
827 1828 970 1848 τᾼοιτεῑ
992 1829 1105 1849 nosm-

149 1867 204 1887 τις
224 1877 233 1891 ,
259 1866 408 1887 PLAcmE
427 1868 599 1889 FERENDAs
620 1859 820 1890 arbitrabatur.
851 1863 969 1891 Interea
986 1861 1104 1901 cupidi-

147 1907 206 1930 tate
215 1898 269 1929 iste
278 1899 330 1929 illa
341 1900 390 1929 sua
400 1909 482 1933 nota,
495 1909 583 1941 atque
592 1899 607 1921 ⁶
616 1901 692 1941 apud
702 1903 824 1931 omneis
833 1902 1001 1943 pervulgata
1010 1922 1019 1936 ‚
1031 1901 1104 1933 cum

100 1942 109 1949 ”
147 1939 229 1981 figna
236 1940 371 1981 quaedam
381 1942 580 1980 pulcherrima
590 1962 598 1975 ‚
610 1952 696 1983 atque
704 1941 904 1983 antiquiffima
912 1946 1055 1974 Thermis
1067 1947 1103 1974 in

148 1982 273 2022 publico
282 1980 374 2022 posita
383 1981 513 2016 vidiss'et,
523 1983 670 2014 adamavit
681 1995 686 2012 z
696 1983 712 2014 a
720 1985 844 2014 Sthenio
853 1993 951 2023 petere
958 1988 1060 2025 coepit,
1071 1995 1104 2016 ut

148 2023 184 2053 ad
195 2033 228 2054 ea
245 2024 379 2054 tollenda
395 2034 516 2064 operam
526 2025 609 2054 suam
619 2024 804 2065 profiteretur
814 2045 824 2059 ‚
842 2026 928 2066 seque
937 2025 1095 2066 adjuvaret.

145 2065 288 2096 Sthenius
305 2064 379 2095 vero
388 2075 453 2095 non
472 2065 572 2096 solum
590 2070 726 2106 negavit,
750 2067 799 2098 sed
809 2069 901 2097 etiam
921 2067 1053 2099 ostendit
1070 2069 1102 2099 id

139 2105 208 2145 fieri
217 2107 289 2136 nullo
298 2106 376 2136 modo
383 2106 452 2148 poffi
462 2127 473 2140 ,
488 2117 521 2137 ut
530 2106 609 2148 signa
618 2107 818 2149 antiquiffima
827 2128 835 2142 ‚
857 2119 1058 2140 monumenta
1067 2113 1100 2140 P.

147 2147 278 2179 Africani
288 2168 297 2183 ‚
307 2158 345 2179 ex
353 2149 467 2189 oppido
476 2149 746 2180 Thermitanorum
757 2170 766 2183 ‚
778 2150 928 2180 incolumi
937 2151 988 2181 illa
997 2154 1101 2182 civita-

85 2190 107 2231 ‘3
113 2196 132 2229 5
145 2192 174 2220 t‘e
183 2209 192 2223 ‚
204 2191 394 2237 imperioque
402 2191 507 2230 populi
515 2191 744 2222 Rsolleremur.
767 2194 888 2222 Etenim
899 2212 908 2226 ,
927 2201 960 2222 ut
969 2191 1058 2223 fimul
1067 2196 1099 2224 P.

146 2230 409 2273 Africamquoque
418 2233 636 2263 humanitatem
649 2253 657 2267 ‚
675 2234 886 2274 &aequitatem
906 2235 1098 2275 cognoscatis,

146 2273 293 2314 oppidum
315 2275 474 2304 Himeram
497 2276 758 2316 Karthaginienses
778 2276 932 2316 quondam
954 2286 1099 2317 ceperant:

146 2315 227 2356 quod
235 2314 330 2346 fuerat
337 2325 371 2345 in
382 2317 489 2356 primis
499 2316 608 2347 Siciliae
618 2318 731 2348 clarum
742 2337 751 2351 ‚
772 2318 805 2348 ὃς
814 2326 965 2348 ornatum.
987 2321 1098 2359 Scipio,

145 2358 198 2399 qui
208 2358 267 2387 hoc
274 2357 402 2399 dignum
410 2359 525 2398 populo
532 2360 560 2389 R
566 2379 573 2388 .
583 2359 770 2390 arbitraretur
777 2379 786 2393 ‚
808 2359 887 2390 bello
898 2358 1039 2390 confecffio
1050 2361 1097 2391 so-

149 2400 213 2430 cios
222 2399 271 2430 sua
281 2409 332 2439 per
340 2398 472 2430 nostram
482 2398 642 2431 vi&oriam
659 2411 828 2441 recuperare
849 2412 855 2430 :
876 2402 985 2432 Siculis
994 2412 1045 2432 om
1051 2405 1099 2433 ni-

147 2440 203 2471 bus
212 2461 222 2475 ,
240 2442 419 2482 Karthagine
439 2450 521 2481 capta
534 2461 543 2476 ‚
562 2452 628 2483 quae
645 2445 743 2482 potuit
751 2463 760 2477 ‚
780 2442 960 2474 restituenda
974 2447 1096 2475 curavit.

148 2483 273 2513 Himera
281 2479 375 2513 deleta
384 2502 393 2517 ‚
410 2493 486 2523 quos
496 2486 590 2514 civeis
599 2484 673 2514 belli
681 2485 830 2516 calamina
840 2486 970 2526 reliquos
979 2485 1097 2521 fecerat,

147 2523 170 2553 ii
179 2524 237 2554 sese
245 2525 388 2555 Thermis
397 2525 587 2559 collocaram,
597 2528 631 2556 in
641 2526 775 2566 ejusdem
785 2529 845 2568 agri
857 2526 967 2557 finibus
976 2547 985 2561 ‚
1001 2538 1099 2570 neque

143 2564 234 2608 longe
244 2566 280 2597 ab
290 2566 402 2607 oppido
411 2569 544 2608 antiquo.
568 2570 611 2598 Hi
621 2568 648 2598 se
655 2575 773 2609 patrum
772 2569 925 2608 fortunam
933 2588 942 2603 ‚
957 2579 988 2600 ac
999 2570 1099 2612 digni—

2027 133 2122 190 ”255

1138 188 1141 220 ἶ
1158 202 1249 223 tatem
1264 199 1439 235 'recuperare
1452 198 1666 232 arbitrabantur
1678 220 1687 236 ,
1711 200 1784 234 cum
1806 202 1858 234 illa
1871 204 2021 244 majorum
2035 217 2123 239 orna-

1138 258 1139 261 ,
1158 244 1260 265 menta
1279 246 1312 265 in
1330 248 1435 268 eorum
1445 240 1558 279 oppido
1574 243 1805 275 collocabantur.
1837 245 2005 287 erantfigna
2016 258 2054 278 ex
2064 260 2122 280 aere

1157 278 1330 322 complura:
1345 281 1377 309 in
1392 281 1438 310 his
1452 284 1527 313 mira
1538 284 1762 322 pulchritudine
1775 287 1836 327 ipsa
1847 289 1975 322 Himera,
1997 291 2029 319 in
2046 301 2117 321 mu·

1156 317 1418 366 liebrem'hguram
1430 342 1438 355 ‚
1451 323 1647 366 habitumque
1659 325 1786 358 formata
1797 349 1806 362 ,
1818 339 1857 359 ex
1866 330 1970 370 oppidi
1978 334 2118 366 nominc,

1161 358 1193 387 ὃς
1206 357 1353 391 fluminis.
1366 372 1424 393 erat
1433 366 1525 395 etiam
1534 367 1678 407 Sreficlsor‘
1686 371 1782 408 poe'tae
1792 370 1884 401 statua
1893 373 2007 406 senilis,
2018 375 2121 404 incur-

1157 409 1213 445 vaq,
1225 410 1296 430 cum
1306 402 1385 433 libro
1395 424 1403 437 ‚
1420 405 1542 437 summo
1553 428 1561 442 ,
1574 418 1605 439 ut
1615 420 1720 449 putant
1729 431 1737 445 ‚
1752 411 1880 443 artificio
1889 412 1966 445 fasta
1981 425 1986 443 :
1999 417 2051 455 qui
2059 414 2121 447 fuit

1160 443 1311 488 Himerae:
1331 444 1380 475 sed
1394 445 1427 475 &
1437 446 1480 477 est
1489 467 1498 480 ‚
1511 449 1543 478 &
1552 449 1611 480 fuit
1620 461 1680 482 tota
1690 455 1804 484 Graecia
1812 455 1933 485 summo
1943 465 2062 496 propter
2070 459 2120 487 in-

1156 492 1281 530 genium
1291 485 1407 515 honore
1418 487 1450 517 δε
1461 493 1598 520 nomine.
1613 494 1675 524 haec
1685 493 1739 524 iste
1749 495 1784 525 ad
1795 497 1940 526 insaniam
1952 501 2116 538 concupie-

1158 533 1209 554 rat.
1233 527 1342 574 Etiam,
1354 528 1436 567 quod
1447 539 1530 568 paene
1539 537 1678 571 praeterii,
1690 538 1791 576 capella
1799 538 1936 578 quaedam
1947 539 2035 573 est,ea
2047 543 2117 580 qui-

1158 565 1228 612 dem
1246 576 1323 613 mire
1336 587 1345 601 ‚
1360 571 1491 600 ucetiam
1502 582 1559 602 nos
1569 593 1577 607 ‚
1592 578 1645 615 qui
1658 577 1744 607 rudes
1762 579 1869 610 harum
1884 590 1984 611 rerum
1999 581 2063 611 sum
2070 592 2113 616 us,

1158 607 1325 653 intelligere
1333 608 1478 649 poffimus
1487 632 1496 645 ,
1511 614 1582 644 scite
1594 616 1670 647 satit-a
1679 637 1688 651 ‚
1702 620 1735 649 &
1744 620 1878 651 venuste.
1904 625 1977 652 Haec
1987 643 1996 655 ‚
2020 624 2117 654 &alia

1157 651 1258 693 Scipio
1269 659 1334 679 non
1343 652 1529 696 negligenter
1537 655 1674 694 abjecerat
1682 680 1690 693 ,
1701 670 1733 690 ut
1743 663 1838 692 horno
1849 664 2002 704 intelligens
2011 667 2118 695 Verres

1157 694 1271 721 auterre
1287 691 1382 731 posset
1392 705 1401 727 3
1416 694 1463 724 sed
1475 697 1681 729 Thermitanis
1698 701 1878 734 restituerat:
1894 716 1958 735 non
1974 716 2036 747 quo
2054 707 2117 746 ipse

1159 733 1261 762 hortos
1272 753 1280 766 ‚
1293 742 1343 763 aut
1353 734 1556 767 suburbanum
1566 758 1574 772 ‚
1588 750 1638 770 aut
1649 742 1750 772 locum
1760 747 1902 780 omnino,
1916 747 1967 776 ubi
1977 758 2010 777 ea
2019 758 2118 788 pone—

1156 783 1210 807 ret,
1220 774 1343 804 nullum
1353 776 1472 808 haberet
1484 789 1489 806 t
1504 779 1554 809 sed
1565 779 1584 810 si
1595 781 1724 813 domum
1734 784 1896 817 abstuliffet
1906 809 1914 820 ,
1932 799 1983 818 non
1991 789 2042 818 dtu
2052 790 2072 819 S
2075 790 2116 819 ci-

1153 817 1239 855 pionis
1247 818 1448 862 appellarentur
1457 840 1465 852 ‚
1478 820 1527 851 sed
1538 832 1642 853 eorum
1654 844 1662 857 ,
1684 825 1718 855 ad
1726 827 1919 868 quoscunque
1929 829 2017 869 ipsius
2031 841 2115 861 mor-

1157 865 1184 887 te
1193 859 1343 889 veniflent
1355 870 1360 888 z
1372 870 1453 891 nunc
1462 862 1508 892 ln's
1520 863 1595 893 locis
1607 865 1698 904 pofita
1707 867 1784 901 sunt,
1798 878 1828 898 ut
1840 872 1919 899 mihi
1928 872 2043 911 semper
2053 874 2116 903 Sci-

1155 901 1256 938 pionis
1270 900 1334 930 fore
1352 902 1509 933 videantur
1520 925 1528 937 ,
1544 907 1641 946 itaque
1655 907 1799 939 dicantur.
1827 913 1900 941 ch
1910 912 1981 942 cum
1998 913 2050 944 iste
2061 924 2116 954 po·
2137 919 2147 929 ⁸

1156 941 1247 971 sceret
1255 961 1265 975 ‚
1279 952 1469 985 agereturque
1479 955 1512 976 ea
1521 957 1564 976 res
1575 951 1608 977 in
1618 949 1719 980 senatu
1733 961 1741 979 t
1761 952 1902 982 Sthenius
1912 956 2115 986 vehementis-

1156 981 1230 1012 sime.
1241 983 1363 1014 restitit:
1376 987 1528 1027 multaque
1541 1008 1549 1022 ‚
1562 999 1593 1019 ut
1602 992 1636 1020 in
1644 993 1750 1030 primis
1759 993 1930 1024 Siculorum
1940 1005 1974 1025 in
1984 997 2113 1027 dicendo

1155 1025 1294 1065 copiosus
1305 1025 1358 1071 est,
1369 1034 1631 1061 commemoravit:
1642 1035 1767 1063 URBEM
1784 1045 2009 1076 RELINQERE
2019 1040 2116 1068 Ther—

1156 1075 1285 1097 mitanos
1295 1066 1352 1098 efle
1363 1069 1518 1101 honestius
1526 1092 1535 1104 ,
1549 1073 1640 1113 quam
1651 1077 1710 1114 pati
1722 1076 1792 1106 tolli
1801 1086 1840 1106 ex
1848 1078 1920 1108 urbe
1927 1088 2117 1111 monumen-

1155 1117 1182 1138 ta
1192 1110 1342 1148 majorum
1353 1130 1362 1144 ,
1380 1111 1474 1150 spolia
1484 1113 1618 1145 hostiurn
1627 1136 1636 1148 ,
1656 1116 1801 1148 beneficia
1810 1118 1960 1150 clarissimi
1970 1123 2027 1150 viri
2037 1141 2045 1155 ,
2066 1123 2117 1152 in-

1154 1150 1231 1180 dicia
1244 1151 1393 1182 societatis
1401 1155 1507 1193 populi
1522 1157 1562 1186 R.
1575 1165 1662 1197 atque
1675 1161 1825 1189 amicitiae.
1848 1163 2005 1192 Commoti
2017 1165 2115 1193 animi

1152 1192 1221 1222 sunt
1229 1194 1383 1223 omnium.
1405 1205 1538 1235 repertus
1547 1197 1590 1228 est
1598 1209 1691 1229 nemo
1702 1220 1711 1234 ‚
1730 1203 1804 1241 quin
1814 1203 1884 1231 mori
1893 1203 2003 1234 diceret
2016 1204 2113 1243 farma

1155 1232 1211 1271 effe.
1222 1236 1323 1275 Itaque
1333 1236 1392 1266 hoc
1399 1237 1495 1268 adhuc
1504 1240 1653 1279 oppidum
1664 1244 1771 1272 Verres
1780 1242 1900 1274 invenit
1908 1245 1999 1285 prope
2010 1247 2111 1277 solum

1153 1278 1186 1305 in
1201 1276 1272 1305 orbe
1291 1285 1432 1308 terrarum
1444 1299 1452 1312 ,
1473 1283 1553 1311 unde
1572 1283 1650 1312 nihil
1665 1284 1817 1323 ejusmodi
1832 1295 1932 1316 rerum
1943 1287 1979 1316 de
1988 1287 2113 1327 publico

1152 1327 1203 1357 per
1210 1319 1274 1347 vim
1284 1338 1293 1352 ,
1304 1320 1383 1350 nihil
1393 1322 1511 1352 occulti}
1521 1342 1529 1356 ‚
1541 1324 1759 1364 nihilimperio
1769 1346 1777 1360 ‚
1789 1327 1868 1357 nihil
1876 1330 1965 1366 gratia
1976 1349 1988 1362 ‚.
2008 1335 2021 1356 7
2031 1331 2113 1359 nihil

1152 1361 1248 1399 pretio
1258 1359 1353 1399 pofl'et
1362 1361 1485 1392 auferre.
1508 1367 1724 1397 Verumtamen
1735 1369 1820 1398 hasce
1834 1370 1885 1409 huj
1891 1380 1924 1399 us
1934 1371 2112 1410 cupiditates

1153 1411 1303 1440 exponam
1313 1403 1373 1432 alio
1382 1404 1451 1434 loco
1464 1415 1469 1434 :
1484 1415 1566 1437 nunc
1574 1407 1609 1437 ad
1620 1409 1780 1439 Sthenium
1790 1420 1929 1441 revertar.
1944 1414 2045 1452 Itaque
2055 1413 2111 1443 iste

1151 1445 1347 1488 vehementer
1360 1440 1373 1464 ⁸
1382 1447 1507 1476 Sthenio
1517 1448 1664 1483 infensus,
1675 1451 1840 1491 hospitium
1848 1453 1876 1482 ei
1885 1457 2044 1484 renuntiat:
2054 1455 2113 1484 do-

1154 1495 1207 1515 mo
1217 1495 1279 1525 ejus
1290 1487 1415 1527 emigrat
1423 1508 1433 1521 ,
1447 1498 1532 1529 atque
1543 1490 1617 1520 adeo
1630 1494 1702 1522 exit.
1725 1503 1796 1522 nam
1806 1494 1871 1533 jam
1880 1494 1949 1524 anre
1960 1497 2110 1537 migrarat.

1152 1529 1232 1557 Eum
1245 1536 1344 1557 autem
1358 1529 1560 1561 inimiciffimi
1577 1533 1692 1563 Sthenii
1704 1534 1834 1565 domum
1848 1536 1933 1566 suam
1947 1536 2049 1568 statim*
2060 1540 2111 1568 in—

1150 1571 1293 1602 vitant,ut
1305 1572 1444 1601 animum
1454 1573 1518 1612 ejus
1531 1575 1563 1603 in
1573 1576 1731 1605 Sthenium
1742 1576 1968 1609 inflammarent
1978 1600 1987 1612 ‚
2002 1590 2110 1610 ernen-

1153 1611 1259 1641 tiendo
1280 1611 1393 1652 aliquid
1406 1633 1416 1646 ‚
1444 1614 1477 1644 ὃς
1498 1615 1678 1646 criminando.
1706 1620 1749 1647 Hi
1762 1628 1862 1648 autem
1883 1629 1965 1650 erant
1977 1623 2109 1655 inimici,

1153 1654 1321 1693 Agathinus
1331 1674 1340 1688 ‚
1359 1655 1455 1685 homo
1466 1657 1580 1688 nobilis
1589 1678 1597 1692 ,
1621 1658 1655 1689 ὃς
1665 1662 1842 1690 Dorotheus
1850 1681 1858 1694 ‚
1878 1664 1931 1702 qui
1941 1663 2066 1693 habebat
2075 1665 2109 1694 in

1151 1697 1350 1725 matrimonio
1359 1697 1555 1729 Callidamam
1567 1720 1576 1733 ‚
1588 1702 1731 1742 Agathini
1739 1703 1803 1741 ejus
1813 1701 1925 1733 filiam:
1944 1704 1980 1734 de
1990 1715 2047 1745 qua
2057 1704 2112 1735 iste

1151 1737 1291 1768 audierat.
1309 1740 1411 1778 Itaque
1420 1739 1456 1769 ad
1464 1750 1608 1780 generum
1619 1743 1763 1784 Agathini
1770 1746 2021 1788 migr-aremaluit.
2042 1750 2112 1777 Una

1151 1789 1215 1809 nox
1224 1779 1425 1811 intercefl'erat
1433 1801 1442 1815 ‚
1454 1792 1524 1812 curn
1535 1782 1589 1813 iste
1600 1786 1792 1815 Dorotheum
1804 1785 1841 1816 sic
1851 1786 2008 1828 diligebat,
2020 1797 2054 1818 ut
2063 1788 2110 1818 di-

1151 1830 1231 1851 ceres
1247 1823 1341 1851 omm'a
1358 1822 1430 1852 inter
1448 1833 1489 1853 eos
1505 1823 1552 1862 eff}
1562 1827 1740 1855 communia:
1763 1828 1950 1867 Agathinum
1960 1832 1999 1860 ita
2008 1830 2111 1860 obser-

1151 1863 1238 1893 vabat
1246 1883 1254 1896 ‚
1270 1872 1301 1893 ut
1318 1865 1450 1904 aliquem
1465 1864 1588 1896 affinem
1598 1887 1606 1901 ‚
1623 1878 1655 1897 ac
1670 1870 1888 1909 propinquum.
1902 1880 2109 1902 contemnere

1151 1906 1242 1934 etiam
1253 1903 1454 1945 fignumillud
1464 1909 1598 1938 Himerae
1609 1910 1671 1948 jam
1681 1910 1932 1951 videbatur‚quod
1943 1922 2013 1943 eum
2024 1914 2107 1943 mul-

1150 1954 1181 1975 to
1193 1948 1288 1987 magis
1298 1945 1390 1987 figura
1400 1967 1409 1980 ‚
1422 1948 1454 1977 δε
1464 1948 1644 1980 lineamenta
1653 1951 1776 1990 hospitae
1784 1951 1980 1984 delectabant.
2002 1957 2107 1995 itaque
2128 1960 2140 1992 3
2152 1961 2170 1993 7

1150 1988 1262 2017 hortari
1272 1989 1414 2017 homines
1423 1991 1524 2029 coepit,
1531 1992 1687 2031 utaliquid
1694 1993 1819 2022 Sthenio
1828 1995 1955 2033 periculi
1963 2005 2106 2030 crearent,

1149 2029 1343 2069 criminisque
1361 2029 1578 2072 confingerent.
1601 2034 1750 2064 Dicebant
1768 2035 1797 2064 se
1818 2036 1864 2065 illi
1886 2037 1965 2066 nihil
1986 2038 2106 2072 habere,

1149 2070 1231 2112 quod
1240 2070 1381 2101 dicerent.
1406 2075 1489 2102 Tum
1498 2072 1553 2103 iste
1563 2075 1608 2104 his
1618 2076 1716 2115 aperte
1727 2075 1877 2112 ostendit,
1898 2078 1930 2108 δε
1938 2077 2104 2110 confirma-

1150 2114 1194 2142 vit
1206 2132 1214 2145 ‚
1230 2122 1281 2142 eos
1291 2133 1300 2146 ,
1315 2115 1349 2142 in
1363 2114 1522 2144 Sthenium
1544 2120 1559 2142 9
1570 2117 1715 2157 quidquid
1729 2119 1842 2148 vellent
1853 2139 1861 2152 ,
1877 2117 2054 2162 simulatque
2068 2121 2103 2152 ad

1149 2153 1178 2184 se
1188 2153 1377 2188 detuhffent,
1386 2154 1563 2196 probaturos.
1586 2161 1629 2188 Ita
1642 2159 1688 2188 illi
1699 2169 1762 2189 non
1776 2160 1990 2199 procrastinant
2002 2173 2007 2191 z
2022 2164 2107 2193 Sthe-

1150 2197 1238 2225 nium
1248 2195 1346 2225 statim
1354 2198 1486 2226 educunt
1496 2209 1505 2231 ·‚
1518 2200 1601 2238 ajunt
1610 2200 1646 2230 ab
1656 2210 1692 2230 eo
1704 2201 1814 2230 litteras
1820 2201 1948 2242 publicas
1956 2203 2004 2241 effi
2013 2215 2108 2234 corru-

1147 2245 1219 2277 ptas.
1242 2238 1382 2268 Sthenius
1390 2237 1530 2278 postulat,
1551 2244 1580 2259 ¹0
1591 2250 1621 2271 ut
1630 2252 1699 2272 curn
1711 2243 1812 2273 secum
1824 2243 1869 2273 sui
1885 2247 1965 2275 cives
1974 2255 2059 2287 agant
2069 2247 2107 2277 de

1148 2280 1254 2308 litteris
1263 2279 1391 2319 publicis
1399 2283 1585 2322 corruptis‚ej
1591 2283 1653 2313 usce
1662 2286 1703 2313 rei
1714 2284 1827 2325 legibus
1835 2287 2105 2318 Thermitanorum

1148 2320 1228 2351 'aestio
1239 2319 1281 2351 fit:
1292 2320 1364 2351 cum
1375 2322 1489 2352 senatus
1499 2325 1683 2366 populusque
1692 2328 1788 2356 Rom.
1800 2328 2104 2370 Thermitanis,qui›d

1150 2363 1266 2402 semper
1274 2365 1307 2392 in
1316 2365 1447 2394 amicitia
1456 2385 1465 2397 ‚
1480 2363 1595 2406 fideque
1607 2366 1777 2398 mansissent
1786 2388 1795 2401 ,
1807 2369 1906 2399 urbeis
1915 2390 1924 2404 ‚
1936 2380 2020 2412 agros
2032 2392 2040 2404 ‚
2063 2372 2106 2400 lo-

1148 2405 1254 2445 gesque
1265 2405 1329 2435 suas
1345 2404 1537 2437 reddidisset:
1558 2409 1740 2450 Publiusque
1750 2411 1891 2450 Rupilius
1908 2412 2011 2451 postea
2026 2414 2106 2458 leges

1147 2449 1187 2476 ita
1197 2447 1305 2476 Siculis
1323 2457 1361 2477 ex
1371 2450 1398 2477 S.
1410 2450 1444 2477 C.
1456 2448 1492 2478 de
1504 2449 1608 2479 decern
1619 2451 1783 2491 legatorum
1802 2453 1945 2484 sententia
1965 2453 2099 2489 dedisset,

1147 2497 1180 2518 ut
1189 2489 1262 2517 cives
1272 2490 1344 2517 inter
1347 2489 1503 2530 ftlegibus
1511 2491 1569 2521 suis
1579 2502 1698 2532 agerent
1709 2504 1714 2521 :
1733 2493 1876 2534 idemque
1885 2495 1943 2525 hoc
1962 2496 2102 2527 habuerit

1127 2546 1129 2551 ,
1149 2532 1254 2560 Verres
1265 2531 1326 2570 ipse
1335 2534 1367 2560 in
1379 2530 1490 2565 effluo,
1504 2541 1537 2562 ut
1547 2532 1583 2563 de
1593 2536 1639 2563 his
1648 2535 1793 2564 omnibus
1802 2534 1975 2576 caufisftad
1982 2538 2051 2578 leges
2061 2548 2105 2568 re-

1141 2572 1252 2611 jiceret.
1275 2572 1331 2603 Iste
1342 2592 1351 2607 ‚
1367 2573 1463 2603 homo
1474 2576 1617 2605 omnium
1629 2574 1812 2617 aequiffimus
1820 2596 1829 2611 ‚
1855 2581 1880 2597 ¹¹
1889 2587 1976 2619 atque
1988 2579 2004 2610 a
2016 2582 2104 2620 cupi-

2014 2621 2106 2652 ditate

154 2661 2110 2691 mmmm

116 2720 119 2723 -
158 2700 159 2703 ¹
178 2710 202 2729 1.
220 2697 403 2739 antosanest
409 2708 472 2732 voles
483 2725 491 2738 ,
501 2706 569 2741 siva]
582 2707 674 2734 Metel]
682 2728 687 2734 .
697 2716 754 2741 nega
763 2709 923 2743 tommsanesi
930 2711 1004 2736 voles.
1026 2710 1092 2746 legit
1119 2730 1120 2736 1
1138 2711 1188 2738 suis
1202 2715 1321 2745 precario.

143 2736 302 2767 Gulielmius
314 2760 322 2773 ‚
331 2743 561 2777 negatorumsankfi
568 2744 642 2770 voles.

175 2782 204 2801 2.
221 2777 341 2803 Attendite
349 2778 478 2811 diligenter.
487 2779 612 2804 invenietis
621 2781 680 2806 enim
689 2780 716 2805 id
723 2780 791 2815 εἴγε]
803 2781 846 2807 Sic
856 2781 963 2808 Metell.
974 2782 1002 2808 8<
1013 2783 1034 2809 F
1035 2780 1091 2809 abr.

140 2816 215 2837 antea
225 2811 303 2845 editi,
314 2815 427 2840 attendite
436 2817 496 2839 enim
505 2815 634 2847 diligenter.
654 2817 779 2842 invenietis
788 2818 815 2842 id
821 2817 872 2848 &⁶-

177 2854 204 2882 3.
222 2851 319 2881 Propter
328 2850 401 2883 fitam
418 2851 604 2886 calamitatem]

141 2882 295 2918 pbsteriores
306 2904 314 2917 ,
321 2886 449 2918 summam.

1174 2749 1201 2775 8.
1221 2750 1313 2774 Sthenio
1331 2750 1460 2784 infinsm]
1484 2750 1525 2777 Sic
1534 2750 1649 2778 Vittorii
1662 2751 1755 2779 editio.
1780 2753 1942 2790 antiquiores
1955 2754 2011 2781 fers:
2020 2758 2103 2781 incen-

1132 2785 1187 2818 sus.
1208 2784 1278 2820 qnod
1290 2786 1317 2811 Sc
1331 2786 1357 2811 in
1368 2787 1473 2813 Metell.
1495 2787 1539 2822 qui
1552 2794 1638 2814 tamen
1650 2788 1729 2823 longe
1748 2788 1799 2816 alia
1816 2790 1958 2818 exhibebat
1978 2791 2026 2817 reli
2048 2801 2078 2817 uzi
2092 2810 2101 2824 .,

1136 2823 1156 2845 Il
1164 2829 1220 2846 arm
1230 2823 1269 2853 iste
1277 2824 1424 2846 vehementer
1435 2824 1526 2848 Sthenio
1535 2831 1605 2857 arque
1614 2826 1723 2857 interi-stu
1735 2844 1742 2857 ,
1760 2826 1895 2861 quomodo
1906 2827 1970 2853 item
1981 2802 2104 2856 ediderat

627 2852 670 2880 Est
681 2854 697 2880 a
707 2852 776 2880 Pali.
788 2854 817 2879 δι’
826 2853 935 2880 Metell.
944 2854 972 2880 Sc
983 2853 1026 2881 ed.
1041 2862 1093 2882 vet.
1116 2849 1119 2885 l
1139 2856 1285 2884 Lambinus
1296 2867 1328 2883 ex
1342 2858 1507 2884 Fabriciano.
1527 2860 1554 2884 8<
1565 2860 1734 2895 praetuleram
1746 2861 1803 2888 lani:
1818 2862 1937 2898 vulgatu.

1172 2901 1201 2927 9.
1223 2894 1344 2927 Qz'Aqmd
1352 2896 1437 2919 vellmt
1447 2913 1455 2925 ‚
1461 2896 1602 2929 fimnlatque
1611 2897 1678 2931 gyne]
1695 2897 1739 2924 Est
1749 2899 1764 2923 ἐι
1776 2899 1796 2924 F
1798 2898 1853 2925 abr.
1869 2899 1933 2925 item
1944 2901 2013 2926 Met.
2024 2907 2100 2927 antea

153 2924 155 2927 ⁴
175 2925 204 2951 4.
223 2923 370 2948 <Amicorum
371 2923 469 2955 firm-um
479 2930 548 2957 atque
558 2924 696 2959 hospitum]
709 2924 752 2952 Est
762 2925 778 2951 a
788 2924 844 2952 Pal.
856 2924 905 2952 sec.
916 2935 976 2954 nam
987 2926 1096 2963 reliqui,
1136 2929 1186 2955 culi
1200 2929 1279 2956 verbo
1289 2930 1399 2965 amplius
1411 2949 1419 2962 ,
1430 2932 1516 2956 vellent
1527 2950 1534 2962 ‚
1545 2932 1661 2964 decerent,
1667 2934 1822 2968 snmuLatque.

116 2957 118 2959 ’
133 2953 232 2988 suorum
239 2959 374 2983 amicorum.
393 2958 498 2985 Metelli
509 2959 576 2985 liber
585 2959 651 2986 illud
658 2961 754 2994 suorum
763 2961 885 2988 tollebat.

158 3025 165 3028 .
179 2998 205 3024 5.
224 2994 374 3026 tangebatur
391 2996 495 3029 tamem]
518 2996 663 3023 Lambinus
682 2998 832 3031 tangebatur.
851 2998 930 3025 male.
951 2999 978 3026 in
989 2999 1096 3026 Metell.

140 3027 270 3058 angebatur
278 3031 353 3054 animi
360 3032 491 3065 necessamz.

178 3060 206 3086 6.
226 3064 311 3095 <Apud
317 3074 390 3090 onmes
405 3068 569 3103 pervagata]
591 3069 632 3095 Ita
643 3069 750 3096 Metell.
761 3070 792 3096 &
801 3069 904 3097 Fabric.
915 3070 983 3097 Pali.
995 3070 1059 3098 duo.
1070 3078 1098 3098 at

143 3095 260 3132 vulgati,
272 3102 423 3133 pervulgata.
453 3120 456 3123 -

1176 2973 1218 2991 ιο.
1230 2969 1259 2990 Ut
1269 2966 1400 2999 ctonſscum
1410 2967 1460 2996 &a
1471 2968 1542 3000 ejnfie
1552 2970 1585 2992 rei
1593 2969 1704 3003 legibus]
1710 2970 1820 2996 Secutus
1833 2969 1887 2997 fimi
1900 2971 2052 3008 scripturam
2065 2972 2099 2999 li-

1136 3000 1176 3026 bri
1189 3001 1329 3028 Metellici.
1358 3002 1467 3038 vulg-ita
1485 3002 1536 3029 line
1554 3003 1624 3031 bono
1639 3004 1710 3032 sensu
1723 3025 1732 3037 ,
1750 3013 1777 3031 ut
1789 3006 1869 3040 ficum
1887 3009 1938 3038 ὼε.
1957 3009 2046 3043 ejufiyue
2066 3018 2101 3034 ru

1136 3039 1232 3069 legibus.

1181 3082 1187 3098 1
1198 3082 1220 3099 1.
1239 3076 1319 3107 Atque
1328 3072 1343 3099 ἃ
1355 3075 1480 3107 cupiditate
1490 3076 1671 3111 remotiffimm]
1693 3077 1772 3104 Haud
1782 3079 1861 3105 aliter
1872 3079 1969 3105 iterum
1980 3079 2058 3106 Fabr.
2068 3079 2099 3104 δε

255 3136 258 3139 ¹
1142 3109 1170 3134 M
1174 3109 1248 3134 ctell.
1268 3109 1388 3144 vulg-ita,
1398 3112 1476 3147 cupid.
1485 3115 1584 3141 emulum
1593 3122 1650 3142 rem.
1670 3114 1870 3152 conjeceratque
1880 3115 2018 3147 Nunnius,
2028 3117 2099 3142 omni.
2121 3123 2129 3129 ·

177 3139 194 3168 7
200 3152 207 3160 ·
226 3135 396 3173 NJhilprcaa]
417 3138 586 3170 Hotomanus
596 3141 624 3168 ὃς
634 3140 781 3172 Lambinus
796 3141 943 3174 asserti-ant
960 3143 1062 3173 exstare
1071 3143 1098 3173 in
1135 3143 1177 3172 1ὶά
1188 3145 1293 3181 praestatt
1302 3145 1395 3175 abcffe.

1990 3194 2001 3214 1
2007 3205 2014 3213 .
2023 3188 2035 3212 1
2041 3185 2105 3224 inire
