2297 3389
706 117 1088 164 L1n.111.1N

136 200 187 233 hic
195 207 292 233 tantus
301 207 401 232 tamen
409 194 554 228 frumenti
565 215 573 230 ‚
593 196 786 236 pecuniaeque
803 205 947 226 numerus
957 196 992 227 ab
1002 205 1096 227 arato-

137 244 220 275 ribus
232 251 283 285 per
299 242 361 272 vim
369 239 483 271 ablatus
493 236 536 268 eff
547 241 558 267 ἓ
580 247 681 268 utrum
692 240 777 267 enim
788 239 899 267 horum
910 237 1023 267 dixeris
1032 257 1041 271 ,
1062 239 1095 268 in

136 296 174 316 eo
183 285 268 325 culpa
279 285 434 315 &crimen
443 279 576 311 haerebit.
599 281 682 310 Nam
693 279 771 310 illud
781 279 906 320 quidem
916 289 980 308 non
991 279 1072 309 dices
1082 299 1091 312 ,

134 327 217 369 quod
236 325 350 357 utinam
366 324 443 354 dicas
454 342 463 356 ,
480 321 516 353 ad
526 323 700 362 Apronium
711 331 776 352 non
785 319 952 361 pervenisse
963 329 1091 350 tantum.

133 366 176 400 ita
192 377 219 399 te
237 377 300 398 non
316 364 410 396 modo
420 364 547 405 publicis
557 363 667 394 tenebo
676 383 685 397 ‚
705 363 755 393 sed
766 364 857 393 etiarn
867 363 988 402 privatis
999 370 1092 392 arato-

134 420 203 442 rum
213 407 401 450 pactionibus
411 427 420 440 ‚
432 416 464 437 ac
473 406 596 436 litteris:
615 414 648 436 ut
656 406 806 446 intelligas
818 425 827 439 ‚
847 414 913 434 non
923 412 950 434 te
961 403 1091 444 diiigen-

132 454 241 484 tiorem
251 453 283 480 in
293 448 437 480 faciendis
445 447 533 479 furtis
542 446 641 482 fuifl'e,
658 446 748 489 quam
760 457 810 477 me
821 448 854 476 in
863 446 1090 486 deprehenden-

129 493 186 524 dis·
214 494 283 522 Hoc
293 500 324 522 tu
334 490 430 521 feres?
447 491 506 521 hoc
514 490 670 531 quisquam
682 489 843 520 defendet?
860 489 918 518 hoc
929 488 960 517 hi
973 508 981 521 ,
1003 486 1023 517 si
1034 487 1090 517 ali-

128 543 172 566 ter
181 533 218 565 de
228 542 256 564 te
266 532 390 564 statuere
399 532 576 566 voluerint,
585 531 792 562 sustinebunt?
815 534 887 561 Uno
897 530 1022 559 adventu
1033 549 1040 563 ,
1052 539 1090 559 ex

128 586 192 608 uno
200 585 270 617 agro
278 595 286 609 ‚
307 577 369 617 Q.
380 576 553 615 Apronium
565 595 573 607 ,
586 583 690 614 praeter
700 584 766 603 eam
777 593 785 607 ,
797 583 886 614 quam
896 572 960 602 dixi
972 593 980 605 ‚
1000 581 1090 611 pecu-

127 620 210 650 niam
221 626 407 647 numeratam
418 638 426 651 ‚
450 626 523 647 ccc.
544 616 641 646 millia
654 615 737 646 mod.
758 616 849 645 tritici
865 615 942 644 lucri
962 614 1090 643 nomine

126 658 292 692 sustulisse?
309 659 413 701 Qud?
434 660 494 689 hoc
504 659 663 688 AEtnenses
675 658 729 688 soli
741 657 846 687 dicunt
858 659 868 685 ?
886 654 987 686 immo
999 657 1089 685 etiam

126 703 335 742 Centuripini,
362 702 415 742 qui
434 703 495 743 agri
505 699 655 731 AEtnenfis
672 699 772 729 multo
790 699 958 728 maximam
977 705 1090 737 partem

125 742 291 786 possident:
313 753 446 784 quorum
458 745 560 785 legatis
570 762 579 777 ,
598 741 777 772 hominibus
787 739 985 770 nobiliss'imis
996 759 1005 772 ,
1027 741 1090 768 An-

126 785 264 818 droni,&
274 787 468 819 Arthemoni,
482 787 598 816 senatus
608 794 640 813 ea
650 782 789 813 mandata
798 782 959 822 dedit,quae
971 780 1089 821 publice

125 827 160 859 ad
170 829 325 858 civitatem
335 828 468 868 ipsorum
478 826 677 867 pertinebant,
688 825 724 855 de
735 826 772 854 iis
782 825 912 864 injuriis,
926 834 996 864 quas
1007 825 1088 852 cives

123 871 314 909 Centuripini
325 879 390 899 non
398 871 430 899 in
442 869 460 898 s
457 871 502 898 uis
511 888 519 902 ,
533 868 582 899 sed
594 871 603 886 ¹
617 868 646 897 in
655 865 890 905 ai'iorumfimbm
901 873 1087 905 acceperunt,

122 912 240 943 senatus
252 912 285 941 δε
293 912 424 951 populus
433 912 647 950 Centuripinus
656 909 766 950 legatos
776 909 876 938 noluit
887 909 1007 938 mittere
1020 918 1024 936 :
1037 904 1090 946 ipsi

123 962 253 984 aratores
263 954 469 992 Centuripini,
492 953 546 993 qui
564 961 709 982 numerus
720 950 762 981 est
773 952 805 981 in
814 951 914 981 Sicilia
935 951 1091 979 maximus

127 996 293 1025 hominum
303 993 585 1024 honestissimorum
595 1013 603 1027 ,
628 994 661 1024 &
669 991 975 1032 locupletissimorum
987 1011 996 1025 ,
1019 992 1090 1021 treis

126 1036 237 1078 legatos
247 1056 256 1070 ,
269 1037 363 1066 civeis
375 1036 455 1070 su08,
468 1036 659 1077 delegerunt:
677 1045 710 1065 ur
718 1034 824 1065 eorum
835 1033 1014 1064 testimonio
1024 1042 1089 1063 non

126 1080 219 1109 unius
229 1081 306 1119 agri,
320 1077 368 1108 sed
379 1078 473 1118 prope
483 1080 574 1108 totius
584 1078 692 1108 Siciliae
702 1077 882 1107 calamitates
895 1075 1089 1115 cognoscere,-

127 1121 165 1150 tis
176 1140 184 1153 ,
206 1129 286 1150 arant
303 1122 388 1150 enirn
408 1129 468 1150 tota
477 1121 578 1150 Sicilia
594 1119 656 1149 fere
669 1120 867 1158 Centuripini.
891 1117 924 1148 δί
934 1119 992 1147 hoc
1012 1119 1044 1147 in
1061 1125 1089 1146 te

124 1164 275 1204 graviores
286 1181 294 1196 ,
315 1162 513 1202 certioresque
532 1161 619 1196 testes
637 1162 722 1195 sunt,
742 1159 826 1202 quod
842 1169 945 1191 ceterae
955 1161 1088 1189 civitates

125 1204 185 1235 suis
197 1204 295 1234 solum
307 1204 515 1234 incommodis
525 1213 776 1234 commoventur:
790 1203 992 1241 Centuripini,
1004 1199 1087 1241 quod

125 1246 159 1275 in
168 1248 310 1276 omnium
322 1245 383 1276 fere
394 1245 505 1276 finibus
516 1246 628 1276 habent
638 1243 832 1286 poffeffiones
842 1265 850 1278 ,
874 1245 964 1274 etiam
985 1251 1087 1272 cetera-

60 1284 110 1328 ’46
125 1297 188 1317 rum
199 1288 355 1317 civitatum
363 1288 467 1317 damna
479 1309 487 1321 ,
499 1298 531 1318 ac
539 1288 719 1318 detrimenta
728 1287 890 1317 senscrunt.
915 1286 1043 1319 Veriim,
1055 1294 1088 1314 nt

51 2409 77 2455 ’Δ
122 2426 252 2448 merunt.

124 1329 208 1363 dixi,
220 1331 293 1360 ratio
302 1339 378 1360 certa
388 1329 430 1360 est
441 1329 631 1360 AEtnensium
643 1350 651 1362 ‚
664 1330 696 1359 δε
706 1328 844 1368 publicis,
859 1329 892 1358 ὃς
901 1329 1022 1368 privatis
1034 1327 1084 1356 lit-

123 1374 195 1401 teris
205 1371 384 1412 confignata.
408 1382 484 1402 meae
492 1371 642 1412 diligentins
650 1371 764 1411 penficm
777 1372 871 1412 magis
886 1371 919 1399 in
929 1370 1086 1399 Leontino

123 1422 193 1454 agro
202 1412 244 1443 est
253 1412 436 1455 exigendum
447 1433 454 1447 ,
467 1423 588 1453 propter
597 1414 672 1443 hanc
681 1413 796 1443 causam
807 1432 815 1445 ‚
828 1411 911 1453 quod
924 1409 975 1451 ipsi
984 1413 1087 1440 Leon-

123 1457 180 1485 tini
189 1455 309 1494 publice
319 1465 384 1485 non
394 1455 463 1485 sane
476 1466 525 1485 me
536 1451 671 1485 multum'
682 1454 870 1493 adjuverunt.
893 1463 991 1494 neque
1002 1455 1086 1482 enim

124 1506 176 1527 eos
186 1496 396 1536 isto'piaetore,
415 1498 462 1527 hae
477 1497 715 1527 decumanorum
725 1497 844 1536 injuria:
855 1495 1010 1525 laeserunt:
1030 1504 1085 1535 po-

122 1536 182 1569 tius
191 1540 292 1571 etiam,
304 1538 430 1578 judices,
442 1539 632 1580 adjuverunt.
662 1541 779 1568 Mirum
787 1536 906 1568 fortass'e
917 1538 975 1567 hoc
986 1537 1084 1569 vobis,

122 1588 174 1613 aut
182 1580 360 1611 incredibile
369 1581 523 1615 videatur,
543 1583 576 1611 in
595 1582 684 1611 tantis
699 1589 847 1611 aratorum
858 1578 1065 1609 incommodis
1076 1598 1084 1612 ,

123 1623 292 1653 Leontinos
302 1643 310 1656 ,
329 1625 382 1664 qui
391 1625 540 1664 principes
550 1625 593 1653 rei
603 1622 807 1653 fmmentanae
816 1621 939 1652 fuerunt
949 1641 957 1655 ,
977 1630 1083 1661 exper-

123 1665 177 1695 teis
196 1665 467 1695 incommodorum
477 1686 485 1700 ,
504 1674 554 1706 atq
610 1666 654 1705 inj
658 1667 789 1695 uriarum
804 1662 903 1694 fuisse.
926 1665 984 1693 hoc
992 1663 1084 1693 causae

122 1704 183 1740 est,
201 1706 315 1747 judices
325 1727 334 1741 ,
349 1705 431 1748 quod
442 1709 476 1738 in
485 1676 736 1749 agro-&mutium
757 1716 860 1746 praeter
870 1715 962 1736 unam
973 1703 1085 1735 Mnafi-

123 1746 202 1778 strati
212 1747 361 1779 familiam
372 1768 380 1782 ,
392 1749 517 1790 glaebam
528 1751 753 1780 Leontinorum
765 1747 889 1788 possidet
898 1757 1004 1777 nemo.
1026 1750 1085 1777 Ita·

120 1799 180 1831 que
190 1789 366 1821 Mnasistrati
378 1811 387 1824 ,
407 1792 543 1822 hominis
561 1790 764 1822 honestissimi
774 1811 781 1824 ‚
803 1800 891 1832 atque
905 1791 1015 1830 optimi
1026 1791 1085 1820 viri

120 1830 334 1862 testimonium
345 1853 354 1865 ,
364 1833 374 1872 j
380 1832 478 1863 udices
490 1834 628 1864 audietis.
652 1843 764 1864 ceteros
774 1834 943 1863 Leontinos
953 1852 961 1865 ,
975 1831 1084 1872 quibus

121 1882 187 1903 non
197 1873 294 1904 modo
304 1876 455 1914 Apronius
465 1877 498 1905 in
508 1877 582 1917 agris
592 1896 600 1910 ,
621 1875 671 1906 sed
681 1885 718 1905 ne
729 1873 872 1917 tempestas
888 1873 1013 1915 quidem
1024 1874 1085 1903 ulla

121 1924 230 1945 nocere
239 1916 518 1956 potuit,exspe63:are
527 1918 634 1948 nolite.
656 1919 770 1947 etenim
781 1927 846 1947 non
857 1915 953 1946 modo
963 1917 1082 1945 incom-

123 1956 211 1987 modi
223 1957 300 1987 nibil
311 1966 454 1997 ceperunt
465 1969 471 1987 τ
488 1958 538 1989 sed
549 1961 640 1988 etiam
650 1960 684 1988 in
693 1960 873 1998 Apronianis
887 1957 949 1987 illis
959 1958 1082 1997 rapinis,

126 2000 159 2028 in
169 1998 283 2039 quaestu
295 1999 379 2033 sunt,
391 1999 633 2041 compendioque
643 2001 757 2030 versati.
783 2002 967 2040 Qapropter
978 2018 986 2032 ,
1005 2008 1083 2039 quo-

121 2041 204 2070 niam
224 2051 273 2070 me
289 2042 442 2071 Leontina
458 2043 562 2072 civitas
573 2063 581 2075 ,
606 2051 690 2082 atque
710 2042 817 2083 legatio
828 2061 835 2074 ‚
858 2050 978 2081 propter
998 2050 1062 2071 eam
1073 2060 1081 2074 ,

120 2092 212 2123 quam
223 2082 307 2116 dixi,
325 2083 460 2117 causam,
479 2083 606 2114 defecit:
625 2085 769 2113 mihimet
785 2082 916 2112 ineunda
931 2083 1007 2112 ratio
1018 2103 1026 2115 ,
1050 2082 1083 2112 &

106 2148 111 2152 .
120 2125 171 2154 via
181 2124 358 2164 reperiunda
366 2124 409 2155 est
419 2146 428 2157 ,
439 2135 498 2166 qua
508 2125 542 2156 ad
554 2127 681 2165 Apronii
691 2124 850 2166 quaestum,
862 2123 919 2154 sive
929 2123 1015 2157 adeo,
1027 2134 1084 2165 qua

119 2165 157 2196 ad
168 2165 252 2196 istius
263 2168 428 2208 ingentem,
435 2170 664 2208 immanemque
670 2167 790 2208 praedam
798 2165 907 2205 pofl'im
916 2169 1081 2206 pervenire.

121 2210 193 2249 Agri
211 2210 355 2238 Leontini
374 2209 509 2239 decumae
525 2219 608 2239 anno
625 2211 712 2239 tertio
729 2210 890 2238 venierunt
910 2209 998 2237 tritici
1018 2218 1084 2237 me-

124 2248 269 2281 dimnum
281 2260 385 2281 xxxw
398 2262 406 2285 ;
418 2251 475 2281 hoc
486 2250 529 2281 est
538 2271 546 2285 ,
559 2250 649 2281 tri'tici
659 2250 742 2280 mod.
754 2259 847 2280 ccxvr
856 2273 860 2277 .
870 2260 991 2291 magno,
1000 2250 1083 2289 judi-

121 2301 181 2325 ces,
190 2301 313 2333 magno.
329 2302 426 2333 neque
435 2294 521 2322 enim
531 2294 589 2323 hoc
597 2291 716 2333 possum
728 2302 843 2334 negare.
861 2294 960 2333 itaque
970 2289 1084 2321 necesse

123 2332 168 2363 est
176 2342 225 2363 aut
234 2334 380 2364 damnum
390 2355 398 2367 ,
418 2344 467 2364 aut
475 2334 553 2365 certe
564 2345 628 2365 non
637 2345 786 2376 magnum
795 2335 910 2364 lucrum
921 2332 1022 2364 fecisse
1031 2333 1084 2363 de-

120 2384 294 2406 cumanum.
318 2377 376 2406 hoc
386 2377 470 2406 enim
481 2377 556 2407 solet
566 2377 619 2407 usu
630 2382 734 2407 venire
744 2379 782 2406 iis
791 2397 800 2410 ,
812 2378 865 2418 qui
875 2386 987 2418 magno
997 2375 1082 2405 rede-

315 2418 364 2448 uid
374 2438 383 2452 ,
395 2416 415 2448 fi
426 2418 552 2449 ostendo
564 2439 572 2452 ‚
584 2421 618 2449 in
628 2420 681 2449 hac
692 2428 751 2448 una
760 2422 896 2449 emtione
907 2439 915 2453 ,
929 2419 1003 2448 lucri
1015 2416 1081 2448 fieri

120 2456 210 2489 tritici
220 2459 363 2490 modium
375 2460 492 2501 c?quid
503 2481 512 2495 ,
522 2459 542 2491 fi
555 2471 596 2490 cc
606 2465 615 2491 ?
626 2461 699 2501 quid
709 2481 717 2494 ,
730 2459 751 2490 si
763 2467 844 2492 ccc?
855 2460 928 2501 quid
940 2481 947 2493 ‚
961 2459 982 2489 si
993 2469 1080 2489 cccc

120 2501 236 2531 millia?
247 2501 388 2532 dubitatis
397 2505 500 2536 etiam,
510 2505 558 2533 cui
568 2502 622 2534 ista
631 2511 710 2533 tanta
718 2503 815 2543 praeda
824 2501 942 2544 quaesita
953 2501 1004 2532 sit?
1016 2503 1080 2531 Ini—

119 2551 214 2583 quum
232 2553 282 2573 me
298 2542 357 2573 effe
373 2544 520 2584 quispiam
532 2544 611 2575 dicet
620 2565 629 2579 ‚
650 2547 701 2585 qui
721 2555 758 2574 ex
777 2545 852 2574 lucri
871 2543 1080 2586 magnitudine

78 2590 82 2592 '
117 2584 322 2625 conjeEkuram
333 2585 439 2616 faciam
449 2586 533 2620 furti,
546 2596 634 2628 atque
642 2586 757 2627 praedae.
782 2586 874 2628 Qd,
886 2585 905 2615 fi
916 2587 1021 2619 doceo,
1028 2586 1078 2625 ju-

59 2723 86 2740 s

119 2625 198 2656 dices
207 2647 216 2660 ‚
235 2637 285 2657 eos
294 2647 301 2661 ,
312 2630 384 2668 qui,
399 2637 485 2658 cecc
495 2630 592 2659 millia
601 2627 744 2658 modium
756 2627 969 2661 lucrifaciunt,
990 2627 1076 2658 darn—

105 2679 107 2681 ’
119 2677 194 2706 num
207 2668 338 2699 faeturos
348 2668 434 2700 fuisse
444 2690 453 2703 ,
475 2673 489 2689 2
501 2669 520 2700 fi
531 2679 580 2700 tua
589 2672 731 2711 iniquitas
744 2691 752 2704 ,
766 2669 786 2700 si
797 2672 840 2700 tui
850 2680 888 2700 ex
897 2671 1021 2700 cohorte
1032 2679 1077 2699 re-

117 2718 300 2750 cuperatores
319 2721 384 2742 non
403 2712 638 2744 intercederent?
660 2723 736 2742 num
748 2714 816 2754 quis
834 2714 983 2752 poteritin
995 2720 1078 2742 tanto

118 2751 201 2782 lucro
211 2772 219 2786 ,
231 2759 369 2794 tantaque
377 2755 535 2795 iniquitate
546 2754 679 2784 dubitare
691 2775 699 2788 ,
712 2758 786 2796 quin
796 2763 916 2794 propter
926 2753 1078 2793 improbi-

118 2800 207 2824 tatem
226 2803 286 2825 tam
305 2805 430 2837 magnos
447 2795 577 2836 quaestus
595 2796 720 2826 feceris?
734 2805 843 2837 propter
852 2795 1079 2836 magnitudinem

51 2827 100 2883 ⁴¹47
117 2834 230 2876 quaestus
247 2836 386 2879 improbus
396 2836 453 2867 esse
463 2838 614 2868 volueris?
636 2839 803 2880 Qomodo
820 2840 912 2879 igitur
930 2839 987 2868 hoc
1005 2835 1077 2867 ass‘e-

101 2890 104 2894 ·
116 2885 204 2918 quar,
213 2888 224 2919 J
230 2878 329 2910 udices
341 2900 349 2913 ‚
365 2889 396 2910 ut
410 2880 499 2910 sciam
510 2900 518 2914 ,
530 2889 677 2921 quantum
689 2882 764 2911 lucri
773 2879 891 2911 fadtum
902 2878 934 2910 sit
944 2882 954 2908 ἓ
964 2889 1030 2910 non
1039 2889 1077 2909 ex

1130 114 1193 162 C.
1228 115 1519 164 VERREM.
2010 134 2105 184 279

1142 198 1272 236 Apronii
1285 197 1393 228 tabulis
1402 218 1410 231 ,
1425 207 1498 239 quas
1508 206 1562 240 ego
1572 195 1643 228 cum
1654 197 1864 239 conquirerem
1876 218 1884 231 ‚
1904 208 1969 230 non
1980 199 2084 231 inveni
2097 210 2104 230 ε

1141 237 1173 267 &
1183 237 1255 269 cum
1265 241 1298 269 in
1306 239 1355 279 jus
1366 240 1463 279 ipsum
1475 239 1586 273 eduxi,
1610 239 1736 280 expressi
1748 262 1756 274 ,
1779 250 1811 271 ut
1821 240 1945 279 conficere
1954 241 2102 282 rabulasftz

1139 288 1257 319 negaret.
1282 284 1312 311 Si
1322 281 1524 311 mentiebatur
1536 293 1540 310 ;
1555 282 1754 323 quamobrem
1765 283 1940 313 removebat
1949 304 1957 317 ,
1970 281 1990 312 si
2001 285 2046 313 hae
2057 293 2102 314 ta-

1138 320 1214 351 bulae
1226 323 1305 352 nihil
1316 323 1370 353 tibi
1381 333 1463 353 erant
1473 323 1666 355 obfuturae?Si
1677 327 1810 355 omnino
1828 329 1839 353 3
1852 325 1949 355 nullas
1959 325 2101 356 confece-

1132 371 1173 391 rat
1183 363 1294 394 litteras
1305 376 1309 392 ;
1320 374 1359 394 ne
1368 364 1397 393 id
1408 365 1534 406 quidem
1545 366 1610 395 satis
1620 364 1798 408 significabat
1813 387 1821 401 ,
1829 367 1918 397 illurn
1930 376 1995 397 non
2005 367 2094 398 suum

1135 406 1292 447 negotium
1304 404 1427 445 gess'isse.
1452 417 1483 436 ea
1494 406 1536 437 est
1548 410 1630 437 enim
1644 410 1718 438 ratio
1729 405 1965 439 decumanorum
1975 429 1983 443 ,
2004 409 2101 450 utfine

1133 446 1261 483 piurimis
1283 448 1381 475 litteris
1397 447 1508 477 confici
1527 459 1591 478 non
1609 448 1710 489 possit.
1734 449 1846 492 singula
1866 453 1950 481 enim
1969 454 2098 481 nomina

1132 496 1280 517 aratorum
1293 508 1301 521 ,
1323 488 1356 517 &
1365 499 1435 518 cum
1448 488 1568 530 singulis
1580 490 1732 529 paGtiones
1743 492 1981 523 decumanorum
1990 512 2000 526 ,
2017 493 2099 523 litte-

1133 530 1174 557 ris
1185 529 1361 570 persequi&
1369 540 1427 559 con
1433 529 1515 560 ficere
1527 531 1639 562 necesse
1651 532 1699 563 est.
1716 535 1813 575 [ugera
1823 533 1944 574 professi
1955 535 2024 564 sunt
2033 544 2100 565 ara-

1134 579 1211 600 tores
1221 580 1329 600 omnes
1338 573 1568 613 imperio,atque
1579 569 1715 604 instituto*
1725 585 1786 605 tuo:
1798 586 1862 606 non
1872 578 2099 617 opinorquem·

1134 622 1224 652 quam
1237 614 1340 642 minus
1350 612 1407 643 este
1418 612 1578 652 profestum
1593 636 1599 647 ,
1612 616 1703 656 quam
1714 637 1722 650 ,
1732 627 1877 658 quantum
1889 617 1987 648 arasset
1997 639 2005 652 ‚
2022 618 2096 649 cum

1135 663 1179 684 tot
1188 664 1290 684 cruces
1301 675 1308 688 ‚
1320 658 1337 681 4
1349 664 1394 685 tot
1404 655 1554 694 suppiicia,
1567 666 1612 686 tot
1623 668 1659 687 ex
1669 660 1791 689 cohorte
1802 670 2017 700 recuperatores
2024 670 2097 700 pro-

1133 705 1326 736 ponerentur.
1358 699 1396 726 In
1410 698 1515 738 jugero
1526 701 1583 739 agri
1595 701 1739 729 Leontini
1752 701 1947 732 medimnum
1963 702 2024 732 fei-e
2044 704 2100 732 tri-

1134 738 1317 771 ticiseritur,
1337 747 1492 778 perpetua,
1515 749 1601 780 atque
1611 742 1749 780 aequabili
1760 743 1880 773 satione.
1904 754 1970 784 ager
1981 742 2094 778 efficit,

1133 790 1197 809 cum
1212 778 1310 809 013}an
1320 780 1397 810 bene
1408 789 1439 810 ut
1449 790 1547 822 agatur
1560 793 1565 810 z
1582 792 1688 811 verum
1699 803 1707 816 ,
1720 792 1752 813 ut
1761 794 1869 814 omnes
1880 785 1922 815 dii
1931 785 2094 825 adjuvent,

1131 832 1201 852 cum
1212 822 1352 852 decumo.
1376 822 1458 862 quod
1469 821 1488 852 si
1499 823 1620 863 quando
1630 825 1752 858 accidit,
1776 834 1840 855 tum
1861 825 1893 856 fit
1904 847 1912 860 ,
1933 836 1966 857 ut
1977 836 2096 858 tantum

1132 863 1265 894 decuma:
1276 863 1309 894 sit
1320 884 1328 898 ‚
1340 874 1486 904 quintum
1498 866 1622 895 severis:
1640 867 1697 895 hoc
1709 866 1760 900 est,
1773 876 1814 900 ut,
1833 877 1907 908 quot
1917 870 2015 910 jugera
2024 870 2096 900 sunt

1130 906 1205 940 sata,
1225 905 1355 936 totidem
1371 906 1670 937 medimnadecumae
1687 907 1859 939 debeantur.
1884 912 1951 940 Hoc
1966 910 2038 940 curn
2055 913 2097 943 ita

1132 946 1219 978 effer:
1240 947 1377 988 primum
1391 949 1468 978 illud
1480 948 1566 982 dico,
1586 950 1721 989 pluribus
1740 951 1878 981 millibus
1898 951 2094 982 medimnum

1131 989 1246 1020 venisse
1263 990 1403 1029 decumas
1417 992 1476 1032 agri
1488 993 1652 1025 Leontini,
1679 991 1771 1032 qussim
1790 1001 1866 1033 quot
1883 993 1980 1023 millia
1995 995 2097 1035 jugera

1130 1032 1187 1062 sata
1206 1041 1288 1062 erant
1304 1034 1337 1061 in
1353 1042 1422 1073 agro
1437 1035 1600 1062 Leontino.
1627 1032 1717 1075 Qod
1732 1033 1753 1063 si
1764 1033 1827 1064 fieri
1838 1045 1902 1065 non
1912 1043 2042 1074 poterat,
2063 1044 2098 1066 ut

1130 1074 1197 1114 plus
1209 1073 1300 1114 quarn
1312 1073 1415 1103 decem
1427 1074 1583 1105 medimna
1594 1085 1630 1105 ex
1641 1077 1743 1117 jugero
1752 1085 1864 1106 ararent
1876 1087 1880 1105 :
1896 1077 2095 1107 medimnum

1131 1124 1231 1146 autem
1242 1126 1279 1145 ex
1286 1117 1389 1157 jugere
1399 1116 1568 1146 decumano
1578 1117 1638 1147 dari
1648 1126 1762 1158 poterat
1771 1138 1778 1152 ,
1791 1117 1862 1148 cum
1872 1129 1939 1160 ager
1947 1139 1956 1152 ,
1968 1119 1999 1149 id
2010 1118 2094 1159 quod

1128 1157 1236 1198 [γενναία
1255 1166 1367 1190 evenit„
1388 1168 1458 1188 cum
1480 1158 1609 1189 decumo
1627 1158 1793 1190 extulisset:
1812 1171 1877 1201 quae
1886 1168 1947 1191 erat
1957 1163 2031 1191 ratio
2042 1161 2097 1191 de-

1130 1201 1271 1233 cumani,
1293 1198 1314 1229 si
1329 1199 1453 1241 quidem
1466 1200 1598 1231 decumae
1611 1222 1619 1234 ,
1641 1211 1674 1232 ac
1692 1212 1756 1231 non
1776 1202 1856 1232 bona
1873 1202 2018 1233 venibant
2033 1213 2097 1234 am-

1131 1251 1232 1272 torum
1243 1261 1252 1275 ,
1273 1250 1305 1271 ut
1314 1242 1449 1282 pluribus
1463 1242 1616 1283 aliquanto
1633 1243 1799 1274 medimnis
1811 1244 1948 1275 decumas
1959 1254 2072 1275 emeret
2081 1264 2090 1280 ‚

1129 1337 1160 1356 ac
1169 1324 1313 1365 profess'io
1322 1345 1331 1360 ,
1355 1335 1420 1355 non
1436 1325 1554 1366 estplus
1571 1337 1639 1357 xxx
1649 1328 1794 1357 millium.
1818 1331 1962 1359 Decumae
1973 1339 2092 1359 xxxvr.

1129 1367 1297 1398 medimnis
1315 1369 1483 1398 venierunt.
1518 1371 1633 1400 Erravit
1643 1389 1652 1403 ,
1671 1379 1709 1399 an
1726 1372 1826 1410 potius
1843 1371 1986 1401 insanivit
1997 1374 2096 1411 Apro-

1129 1412 1199 1439 nius
1211 1414 1221 1440 ?
1243 1408 1343 1439 immo
1354 1419 1420 1439 tum
1433 1409 1586 1441 insanisset
1596 1431 1605 1445 ,
1617 1409 1637 1440 fi
1653 1411 1816 1442 aratoribus
1827 1432 1835 1445 ,
1847 1412 1929 1453 quod
1940 1412 2094 1447 deberent,

1129 1453 1247 1481 licitum
1259 1450 1348 1482 effer:
1372 1452 1405 1481 &
1416 1462 1479 1482 non
1490 1473 1498 1485 ,
1515 1452 1598 1493 quod
1609 1455 1761 1493 Apronius
1772 1453 1956 1494 imperasset,
1979 1453 2095 1485 necesse

1128 1492 1229 1524 fuisset
1239 1493 1317 1523 dare.
1348 1495 1379 1524 Si
1389 1493 1533 1528 ostendo,
1555 1497 1659 1525 minus
1671 1495 1763 1525 tribus
1781 1495 1949 1526 medimnis
1965 1498 1998 1526 in
2011 1497 2094 1538 iuge-

1128 1546 1195 1566 rum
1206 1537 1367 1565 neminem
1377 1535 1489 1566 dedisse
1501 1536 1636 1567 decumae
1647 1547 1652 1566 :
1664 1537 1810 1568 concedes
1819 1558 1827 1571 ,
1839 1540 1950 1577 opinor
1959 1558 1968 1572 ,
1981 1547 2011 1568 ut
2020 1548 2092 1568 cum

1128 1578 1297 1608 decumano
1307 1576 1423 1607 fruetus
1433 1580 1573 1608 arationis
1588 1588 1742 1619 perceptus
1753 1577 1785 1609 sit
1797 1599 1805 1613 ,
1817 1581 1977 1610 neminem
1987 1581 2093 1611 minus

1127 1620 1220 1650 tribus
1237 1619 1373 1650 decumis
1391 1618 1514 1650 dedisse.
1539 1622 1636 1661 Atque
1647 1622 1704 1650 hoc
1718 1622 1751 1651 in
1762 1619 1885 1659 beneficii
1895 1621 1949 1651 loco
1961 1624 2091 1662 petitum

1126 1661 1170 1692 est
1180 1662 1216 1692 ab
1224 1663 1363 1702 Apronio
1373 1681 1382 1696 ,
1403 1664 1417 1688 5
1428 1671 1460 1692 ut
1469 1663 1502 1692 in
1512 1663 1612 1704 jugera
1622 1661 1733 1703 singula
1751 1665 1842 1693 ternis
1860 1664 2028 1694 medimnis
2038 1664 2091 1694 de-

1126 1704 1223 1735 cidere
1242 1704 1354 1734 iiceret.
1387 1702 1551 1734 Namcum
1563 1705 1578 1735 a
1591 1705 1695 1734 multis
1712 1713 1871 1745 quaterna,
1889 1708 1978 1736 etiam
1999 1708 2093 1747 quina

1128 1747 1336 1788 exigerentur:
1360 1746 1467 1776 multis
1485 1756 1585 1777 autem
1605 1757 1670 1777 non
1689 1745 1784 1777 modo
1801 1757 1926 1789 granum
1944 1748 2066 1777 nullum
2080 1768 2091 1781 ,

1127 1789 1145 1819 s
1141 1789 1177 1819 ed
1187 1799 1225 1818 ne
1231 1788 1314 1830 paseae
1324 1787 1450 1829 quidem
1459 1798 1498 1818 ex
1508 1790 1595 1818 omni
1605 1787 1705 1819 srue‘ru
1715 1809 1723 1822 ,
1746 1797 1832 1829 atque
1843 1799 1881 1819 cx
1891 1799 1994 1820 annuo
2005 1791 2090 1820 labo-

1126 1841 1156 1861 re
1166 1831 1406 1872 relinquerentur
1418 1840 1423 1859 :
1445 1838 1511 1860 tum
1521 1840 1646 1861 aratores
1658 1832 1847 1871 Centuripini
1859 1851 1866 1864 ,
1879 1831 1930 1872 qui
1944 1842 2091 1862 nume-ius

1125 1875 1158 1903 in
1168 1883 1236 1915 agro
1246 1874 1402 1903 Leontino
1411 1874 1564 1902 maximus
1575 1872 1617 1902 est
1629 1893 1637 1905 ‚
1658 1882 1753 1902 unum
1766 1874 1798 1902 in
1815 1873 1919 1903 locum
1937 1883 2091 1904 convene—

1126 1924 1212 1945 runt:
1231 1916 1394 1944 hominem
1411 1914 1469 1944 sua:
1485 1916 1614 1945 civitatis
1625 1916 1658 1943 in
1668 1916 1773 1954 primis
1786 1913 1946 1944 honestum
1959 1935 1968 1948 ,
1987 1925 2019 1945 ac
2029 1925 2089 1945 iio-

1126 1957 1220 1987 bilem
1230 1976 1238 1989 ,
1255 1955 1435 1986 Andr-onem
1445 1957 1678 1995 Centuripinum
1689 1975 1696 1989 ‚
1708 1955 1843 1996 legarunt
1857 1956 1892 1986 ad
1903 1959 2088 1996 Apronium,

1126 1998 1257 2028 eundem
1270 2018 1278 2031 ,
1297 2007 1391 2038 quem
1409 1999 1466 2028 hoc
1483 2007 1619 2037 tempore
1638 1997 1673 2027 ad
1693 1998 1750 2027 hoc
1762 1997 1913 2036 judicium
1925 2018 1934 2032 ,
1956 1998 2088 2040 legatum

1127 2039 1276 2070 &testem
1290 2041 1486 2079 Centuripina
1502 2041 1606 2069 civitas
1626 2037 1722 2069 misit:
1742 2048 1774 2069 ut
1790 2041 1816 2069 is
1833 2039 1909 2079 apud
1927 2050 1998 2070 eum
2017 2050 2088 2070 cau-

1126 2082 1188 2112 sam
1206 2091 1356 2112 aratorum
1374 2091 1470 2122 ageret
1481 2100 1489 2114 ‚
1507 2081 1544 2111 ab
1561 2091 1617 2121 eoq
1622 2092 1658 2111 ue
1678 2089 1788 2121 peteret
1797 2101 1806 2115 ,
1829 2091 1862 2111 ut
1874 2081 1911 2111 ab
1923 2082 2088 2112 aratoribus

1127 2125 1332 2164 Centuripinis
1341 2133 1373 2152 ne
1381 2122 1502 2165 amplius
1513 2122 1773 2164 injugemfingula,
1784 2118 1872 2164 quam
1880 2132 1959 2152 terna
1967 2124 2087 2152 medim-

1126 2177 1162 2195 na
1173 2167 1304 2206 exigeret.
1336 2167 1406 2195 Hoc
1414 2168 1467 2195 vix
1476 2165 1512 2195 ab
1522 2167 1658 2204 Apronio
1669 2165 1834 2195 insummo
1845 2164 1994 2196 beneficio
2006 2187 2014 2200 ,
2033 2176 2089 2205 pro

1126 2211 1173 2241 iis,
1186 2210 1237 2249 qui
1247 2210 1337 2238 etiam
1348 2217 1413 2237 tum
1423 2207 1595 2237 incolumes
1606 2209 1895 2247 erant‚impetratuni
1906 2207 1957 2238 est.
1974 2207 2004 2238 id
2013 2208 2086 2238 cum

1126 2250 1356 2290 impetrabatur,
1376 2250 1435 2279 hoc
1445 2248 1585 2279 videlicet
1596 2250 1807 2289 impetrabatur
1819 2269 1827 2282 ,
1849 2258 1882 2278 ut
1898 2259 1951 2289 pro
1966 2248 2088 2291 singuiis

1126 2292 1262 2322 decumis
1271 2313 1280 2325 ‚
1297 2300 1395 2322 ternas
1404 2291 1544 2321 decumas
1553 2290 1620 2320 dare
1630 2292 1740 2321 liceret.
1772 2290 1863 2332 Qod
1875 2289 1895 2320 si
1907 2300 1955 2321 tua
1966 2302 2010 2321 res
2022 2302 2087 2322 non

1124 2343 1258 2376 ageretur
1267 2354 1276 2367 ,
1287 2333 1303 2363 a
1314 2342 1341 2363 te
1350 2335 1451 2374 potius
1460 2332 1644 2373 postularent
1652 2353 1660 2366 ,
1672 2343 1710 2362 ne
1720 2334 1850 2373 amplius
1861 2353 1869 2367 ,
1889 2334 1980 2373 quam
1990 2332 2087 2375 singu—

1124 2377 1174 2410 las,
1187 2375 1278 2417 quarn
1290 2375 1327 2406 ab
1336 2377 1473 2415 Apronio
1482 2395 1490 2409 ,
1502 2384 1582 2405 utne
1591 2376 1668 2414 plus,
1679 2374 1770 2415 quam
1781 2384 1877 2405 ternas
1885 2376 2026 2405 decumas
2035 2375 2087 2405 da—

1123 2428 1199 2449 rent.
1223 2421 1327 2452 Nunc,
1338 2427 1371 2447 ut
1381 2419 1438 2447 hoc
1450 2427 1584 2457 tempore
1593 2427 1635 2450 ea,
1647 2427 1713 2458 quae
1724 2416 1805 2458 regie,
1819 2418 1867 2447 seu
1875 2419 1976 2457 potius
1987 2425 2084 2458 tyran-

1123 2460 1192 2494 m'ce,
1204 2459 1304 2490 statuit
1312 2462 1346 2489 in
1355 2468 1481 2489 aratores
1491 2461 1655 2499 Apronius,
1666 2461 1890 2498 praetermittam
1904 2469 1909 2487 2
1925 2469 2022 2500 neque
2033 2468 2087 2489 eos

1122 2503 1270 2542 appellem
1280 2522 1288 2536 ‚
1308 2502 1325 2532 a
1344 2501 1452 2542 quibus
1472 2511 1564 2531 omne
1577 2500 1768 2531 frumentum
1781 2502 1889 2540 eripuit
1900 2520 1908 2533 ,
1931 2500 2085 2542 &quibus

1122 2545 1200 2574 nihil
1210 2554 1274 2574 non
1283 2542 1379 2574 modo
1391 2543 1428 2573 de
1436 2542 1536 2573 fruEku
1547 2562 1556 2576 ,
1582 2542 1630 2573 sed
1643 2552 1680 2572 ne
1688 2542 1725 2572 dc
1734 2543 1822 2572 bonis
1832 2542 1958 2583 quidem
1968 2544 2026 2573 suis
2037 2553 2085 2572 re-

1122 2586 1198 2627 liqui
1206 2585 1295 2616 fecit:
1318 2596 1355 2615 ex
1366 2586 1412 2614 his
1422 2587 1514 2614 ternis
1526 2584 1691 2614 medimnis
1700 2583 1793 2624 (quod
1808 2582 1958 2618 beneficii,
1967 2585 2085 2625 gratiae-

1121 2638 1178 2669 que
1188 2629 1272 2658 causa
1281 2625 1431 2666 COncefflt)
1442 2626 1514 2666 quid
1528 2627 1600 2655 lucri
1613 2625 1671 2659 fiat,
1682 2625 1864 2666 cognoscite.
1888 2625 2030 2656 Profeffio
2041 2625 2083 2657 est
2103 2638 2149 2671 49

1121 2671 1180 2711 agri
1190 2671 1337 2700 Leontini
1350 2666 1534 2708 adjugerum
1548 2677 1623 2697 xxx.
1644 2667 1751 2697 miliia.
1785 2669 1859 2697 Haec
1868 2667 1981 2698 suntad
1991 2669 2083 2698 tritici

1120 2710 1315 2742 medimnum
1327 2721 1370 2740 xc
1381 2731 1389 2743 ,
1409 2711 1440 2740 id
1451 2708 1493 2739 est
1503 2729 1511 2743 ,
1530 2711 1621 2740 tritici
1631 2709 1714 2739 mod.
1726 2719 1800 2739 Dxr...
1812 2709 1909 2740 millia
1918 2729 1927 2743 ,
1946 2710 2085 2740 dedueris

1120 2755 1211 2783 tritici
1221 2753 1304 2783 mod.
1319 2762 1433 2782 ccxvi.
1447 2751 1595 2785 millibus,
1605 2753 1706 2792 quanti
1715 2750 1851 2781 decumae
1862 2753 2087 2785 venierunt‚re-

1120 2796 1203 2836 liqua
1213 2795 1279 2825 sunt
1290 2796 1379 2825 tritici
1392 2803 1538 2823 cccxxtv
1551 2794 1659 2823 millia.
1675 2792 1747 2823 adde
1759 2795 1851 2823 totius
1862 2793 1986 2823 summae
2000 2803 2082 2824 ioxr.

1120 2838 1255 2867 millium
1275 2835 1416 2866 modium
1427 2838 1495 2865 treis
1503 2833 1758 2877 quinquagesimas
1769 2855 1777 2869 ,
1788 2835 1819 2865 id
1830 2834 1872 2865 est
1882 2856 1891 2870 ,
1912 2837 2002 2866 tritici
2013 2846 2083 2866 mo-

1119 2878 1207 2910 dium
1221 2888 1319 2909 xxxii
1340 2878 1457 2912 millia,
1480 2887 1566 2907 cccc
1580 2878 1616 2908 ab
1627 2876 1772 2908 omnibus
1781 2878 1866 2907 enim
1876 2887 1966 2908 ternae
1977 2897 1986 2912 ,
2006 2887 2082 2918 pra:-

2005 2929 2082 2950 terea

156 2985 166 3003 1
174 2997 179 3003 .
188 2980 217 3003 In
226 2979 502 3013 omniumftrefi'm‘bm]
515 2980 556 3005 Ut
565 2983 680 3012 antea,in
690 2980 896 3014 aliorumfinihm:
909 2978 993 3013 sicque
1005 2979 1078 3004 Nan.

115 3012 173 3039 mss.
185 3022 243 3039 iiam
256 3014 335 3049 vulgo
347 3034 355 3046 ,
365 3018 390 3041 in
399 3017 522 3048 omnibus5
533 3015 604 3051 quod
615 3026 662 3043 nec
678 3018 834 3042 Hotomauo
845 3014 1030 3041 satisfaciebat.

151 3057 180 3075 2.
198 3053 223 3075 Si
232 3056 274 3075 tua
282 3053 399 3084 iniquitat
410 3053 448 3083 ,fi
455 3054 492 3077 tui
501 3062 530 3078 cx
540 3054 626 3078 cohorte
636 3052 784 3086 recuperat]
806 3051 886 3077 Haud
895 3051 973 3077 aliter
984 3051 1062 3076 Narin
1072 3071 1077 3076 .

100 3108 103 3109 .
115 3084 175 3110 cod.
196 3094 255 3110 nani
268 3085 374 3120 vulgatu
384 3087 454 3112 varie
465 3095 565 3114 mutata
584 3098 631 3124 pro
650 3089 758 3124 ingenio
778 3087 972 3114 comessorum.
993 3088 1078 3112 Vetu—

104 3120 178 3146 -stior
190 3138 197 3151 ,
207 3121 231 3153 fi
239 3127 282 3146 tua
290 3123 404 3155 iniquitas
409 3125 442 3156 fit
452 3142 460 3154 ,
472 3131 498 3148 ur
509 3134 537 3150 ex
547 3126 632 3150 cohorte
644 3144 651 3156 ‚
662 3126 714 3155 &aa
734 3125 820 3159 sicque
831 3123 995 3149 Vitqoriana.
1016 3131 1076 3149 num

83 3164 86 3165 ⁷
115 3155 230 3184 Hotoiu.
243 3157 301 3191 fiut
311 3160 478 3194 mainiquitas
486 3159 539 3195 fuit
549 3179 558 3196 ,
578 3164 614 3201 mi·
623 3170 652 3203 gx
663 3160 811 3202 ςοῂονισὰᾳ
827 3160 855 3189 ὅς
867 3159 937 3201 Pal-l.
948 3158 1001 3190 fide
1011 3167 1077 3189 mox

1097 2987 1099 3001 ⁴
1119 2979 1219 3004 mutavi
1229 2982 1378 3012 iniquitatem
1389 2978 1414 3003 in
1425 2978 1604 3009 impmbitarem.

1155 3023 1181 3049 3.
1201 3014 1540 3048 Nullas*co.-1j·ecc2·atlmras.]
1562 3013 1715 3040 Fortuitum
1726 3022 1759 3040 ne
1770 3012 1805 3040 est
1816 3011 1888 3048 quod
1898 3011 1959 3038 edd.
1973 3018 2039 3038 vett.
2050 3012 2079 3038 Sc

1117 3050 1184 3076 Pall.
1195 3050 1370 3086 expresserint
1381 3051 1390 3076 ἲ
1400 3051 1488 3074 nullm.
2087 3056 2090 3057 ⁷

1152 3094 1180 3120 4.
1200 3086 1387 3120 Torsiipplicia]
1400 3085 1497 3112 Melius
1509 3084 1576 3113 istud
1587 3085 1667 3122 longe
1681 3105 1688 3118 ,
1699 3085 1768 3121 quod
1780 3083 1905 3121 praeferat
1915 3083 2009 3113 Naun.
2020 3082 2078 3110 niff-

1116 3125 1196 3158 quiim
1211 3123 1347 3157 iulgatum
1360 3141 1368 3153 ‚
1382 3122 1522 3155 rot—judicia.

1151 3167 1179 3196 5.
1199 3158 1478 3195 Utinjrtget·afi71gula-]
1490 3157 1548 3189 Pal.
1558 3167 1599 3197 pr.
1611 3157 1660 3189 sec.
1670 3159 1794 3193 utijtrgera
1806 3176 1814 3192 ι
1824 3157 1877 3190 &0-

1998 3189 2080 3227 LQi

1129 1283 1328 1325 quflmjugera
1336 1292 1420 1314 erant
1429 1284 1503 1314 sata?
1520 1288 1557 1315 In
1567 1287 1723 1316 Leontino
1736 1284 1876 1328 jugerum
1893 1287 2068 1327 subscriptio
2079 1307 2087 1321 ,
2111 1284 2155 1326 48
