2297 3389
936 3 941 19 Ι

747 134 874 180 Lra.
912 114 1008 178 111'.
1058 147 1123 181 iu
1171 132 1225 177 C.
1263 130 1557 178 VERREM.

2063 146 2158 193 277

199 225 213 248 x
222 225 234 248 r
249 214 345 247 millia
354 219 366 248 ,θ
375 222 412 246 an
422 233 430 249 ‚
441 211 514 246 cum
523 219 633 254 magno
642 209 782 242 decumas
792 209 973 242 vendidisses
984 231 992 244 ‚
1008 220 1036 241 te
1048 212 1155 253 expres-
1195 221 1320 253 praetore
1331 233 1340 246 ‚
1351 212 1506 244 damnatus
1517 209 1568 245 est,
1583 217 1639 242 3-5
1656 216 1760 241 xxxvi
1769 217 1781 240 ι
1799 207 1832 240 &
1847 217 1882 240 iz>
1893 207 1960 240 dare
1971 207 2065 240 coaffi
2080 210 2158 240 sunt.

188 258 252 300 fisse
263 257 299 287 ab
311 258 408 287 invitis
415 253 620 297 Liparensibus
631 254 706 284 hanc
715 255 887 293 pecuniam.
899 252 954 283 Sed
963 253 1036 293 quid
1047 263 1102 294 ego
1114 263 1153 283 ex

193 309 222 331 te
251 310 330 330 uaero
341 319 348 333 ‚
361 298 433 339 quid
444 296 619 327 defensurus
630 294 665 325 fis
674 298 775 335 potius
786 315 794 328 ‚
815 305 904 335 quani
923 295 1102 335 cognoscam
1114 304 1152 324 ex

191 343 222 382 ip
239 353 255 372 a
270 343 386 372 civitate
396 360 404 372 ,
417 338 491 379 quid
509 337 625 379 gestum
635 335 688 367 sir?
709 338 815 368 Recita
823 336 1036 366 testimonium
1048 335 1152 374 publi-

190 393 263 414 cum
273 379 475 422 Liparensium
489 400 497 413 ‚
513 378 620 409 deinde
630 378 890 419 quemadmodum
901 377 1041 407 Valentio
1056 387 1149 406 num-

194 426 239 454 mi
261 422 316 453 fint
339 422 410 452 dati.
460 420 829 451 TESTIMONIUM
869 421 928 448 PU
942 419 1147 451 BLICUM,

192 464 446 504 QUOMODO
477 463 723 493 SoLvTvM
751 462 834 491 SIT
852 481 860 494 ,
895 462 962 490 ΕΧ
985 461 1149 489 LITTE-

189 510 217 536 R
226 507 270 540 IS
290 507 348 534 PU
357 507 379 534 B
388 507 406 534 I
422 505 528 534 ICIS.
553 506 693 534 Etiamne
702 505 764 534 haec
775 513 835 533 tam
847 512 933 543 parva
942 504 1046 532 civitas
1057 521 1064 535 ‚
1086 510 1145 531 tam

187 547 319 588 procula
328 547 467 577 manibus
479 548 536 576 tuis
549 566 558 579 ,
577 555 662 586 atque
672 541 689 574 Σι
701 543 838 584 σοηῙρεἷὲιι
848 552 953 574 remota
964 563 973 577 ,
991 541 1123 582 sejun&a
1132 542 1148 573 a

187 589 289 620 sicilia
299 608 308 622 ‚
334 592 343 609 ¹
355 589 494 619 ininsula
512 588 625 618 inculta
638 589 780 628 tenuique
791 585 882 626 posita
892 606 900 620 ‚
920 586 1071 616 cumulata
1079 585 1149 614 aliis

188 632 248 662 tuis
257 630 422 670 majoribus
432 631 550 670 injuriis
561 650 569 663 ,
582 631 615 659 in
625 630 682 659 hoc
691 639 808 669 quoque
819 627 1017 658 frumentario
1028 636 1145 667 genere,

186 672 292 714 praedae
303 672 369 705 tibi,
382 671 547 712 &quaestui
555 671 613 701 fuit
622 672 631 697 ?
639 680 730 711 quam
741 679 771 700 tu
782 679 875 699 totam
886 669 1014 699 insulam
1025 668 1144 698 cuidam

187 723 310 745 tuorum
322 713 479 746 sodalium,
478 713 555 755 ficut
562 712 678 753 aliquod
684 710 1081 751 munuscuiurmcondonaras
1093 720 1098 738 :
1109 709 1145 739 ab

186 756 240 786 hac
250 758 339 786 etiam
350 756 413 785 hrcc
421 754 612 785 frumentaria
624 755 703 784 lucra
713 774 722 786 ,
742 752 883 793 tanquam
897 753 912 782 a
923 752 1146 782 mediterraneis

186 797 381 839 exigebantur
398 800 409 826 ?
430 800 533 838 Itaque
541 798 594 837 qui
606 804 651 825 tot
663 797 748 825 annis
759 795 869 836 agellos
881 795 947 824 suos
957 802 1024 823 ante
1035 801 1062 822 te
1071 802 1145 832 prae-

187 847 286 870 torem
303 839 450 869 redimere
468 839 484 869 a
501 840 602 878 piratis
613 837 762 870 solebant,
784 835 879 865 iidem
896 835 1004 875 seipsos
1021 834 1036 864 a
1046 836 1144 873 pretio

125 877 166 922 38
188 880 328 921 imposito
339 880 539 911 redemerunt.
562 878 644 920 Qid
655 881 744 920 ergo?
763 878 778 907 a
788 876 981 908 Tiffiensibus
992 886 1142 916 perparva,

160 945 165 951 ,
188 924 222 953 &
231 926 315 953 tenui
324 924 443 952 civitate
452 941 461 955 ‚
480 921 529 951 sed
539 920 702 951 aratoribus
715 917 947 950 laboriosiffimis
958 940 967 952 ‚
988 916 1146 959 frugalissi—

187 965 304 1005 misque
324 963 501 993 horninibus
511 983 519 996 ‚
538 972 644 992 nonne
661 962 728 1001 plus
738 981 747 995 ,
770 961 843 990 lucri
862 962 971 990 nomine
981 980 989 994 ‚
1008 961 1143 999 eripitur,

184 1016 276 1047 quain
294 1014 440 1046 quantum
457 1003 606 1034 frumenti
624 1005 755 1033 omnino
772 1004 942 1033 exararant?
963 1002 999 1032 ad
1018 1011 1094 1042 quos
1114 1010 1146 1031 tu

182 1049 386 1079 decumanum
410 1049 423 1065 ²
435 1048 626 1088 Diognotum
637 1047 804 1075 Venerium
823 1043 927 1074 misisti
938 1064 946 1077 ,
968 1053 1084 1073 novum
1096 1053 1145 1083 ge-

186 1099 244 1121 nus
253 1089 470 1129 publicani.cur
479 1089 537 1118 hoc
547 1086 668 1117 au&01·e
678 1097 741 1116 non
752 1089 862 1117 Rornae
873 1096 992 1127 quoque
1004 1086 1078 1115 sewi
1088 1095 1145 1125 pu-

185 1131 259 1162 blici
274 1131 310 1161 ad
319 1129 476 1172 veffigalia
486 1129 623 1160 accedant
635 1135 645 1160 ?
668 1131 758 1159 Anno
778 1129 909 1159 secundo
919 1125 1079 1158 Tiffienses
1091 1136 1144 1156 H-s

184 1182 248 1204 xxr
266 1173 338 1202 lucri
350 1172 415 1202 dare
424 1180 573 1213 coguntur
590 1172 689 1201 inviti.
713 1172 800 1200 tertio
811 1180 891 1200 anno
915 1179 976 1199 cio
997 1178 1057 1198 cio
1081 1178 1141 1198 ein

185 1212 382 1245 medimnum
401 1216 491 1244 tritici
504 1233 513 1247 ‚
537 1214 613 1243 lucri
630 1215 790 1254 Diognoto
808 1213 940 1242 Venerio
960 1210 1026 1241 dare
1046 1209 1143 1240 coaCti

183 1257 263 1288 sunt.
289 1257 348 1286 Hic
358 1258 545 1296 DiognotuS,
556 1256 655 1295 quiex
665 1254 793 1294 publicis
803 1253 998 1295 veffigalibus
1009 1261 1086 1282 tanta
1097 1253 1143 1281 lu-

183 1297 329 1331 crafacit‚
348 1299 495 1336 vicariurn
509 1298 629 1327 nullum
649 1296 758 1329 habet,
777 1294 1001 1325 nihilomnino
1020 1294 1143 1333 peculii.

184 1342 251 1370 Vos
268 1342 358 1370 etiam
370 1350 451 1369 nunc
468 1339 600 1369 dubitate
610 1357 619 1371 ‚
639 1337 790 1378 fipotestis
803 1358 811 1370 ‚
834 1336 937 1367 utrum
949 1345 1065 1366 tantum
1085 1345 1144 1364 nu·

183 1391 307 1412 merum
323 1383 412 1412 tritici
423 1382 571 1411 Venerius
590 1381 734 1420 apparitor
751 1378 836 1409 istius
854 1377 906 1408 sibi
921 1379 1065 1417 acceperit
1075 1397 1082 1411 ‚
1104 1387 1143 1407 an

182 1424 256 1454 huic
265 1425 404 1464 exegerit.
427 1432 513 1464 atque
531 1423 593 1451 haec
609 1431 647 1451 ex
665 1420 789 1460 publico
800 1418 994 1451 Tifi'iensium
1006 1418 1143 1448 testimo-

181 1467 239 1496 nio
259 1464 439 1506 cognoscite.
478 1464 563 1494 TES
574 1463 849 1493 TIMONIvM
877 1465 936 1491 PU
947 1463 1003 1491 BL
1014 1463 1093 1490 [cv
1104 1461 1144 1490 M

181 1507 287 1538 TISS
296 1509 313 1535 l
322 1509 346 1536 Ε
354 1507 414 1537 NS
423 1509 476 1535 lv
485 1507 532 1536 M.
555 1504 684 1536 obscure
696 1525 705 1539 ,
719 1504 835 1544 judices
846 1525 855 1538 ‚
866 1513 974 1544 praetor
982 1503 1042 1543 ipse
1052 1502 1143 1533 decu-

182 1559 291 1580 manus
304 1547 350 1587 est
361 1568 369 1582 ‚
389 1547 460 1578 cum
479 1549 544 1587 ejus
562 1549 738 1587 apparitores
746 1546 937 1576 frumentum
947 1543 962 1575 a
973 1544 1142 1575 civitatibus

179 1592 304 1632 exigant
313 1610 322 1624 ,
338 1592 478 1631 pecunias
487 1591 637 1629 imperent
647 1609 656 1622 ,
674 1589 826 1629 aliquanto
843 1588 906 1629 plus
923 1586 975 1629 ipsi
981 1587 1054 1616 lucri
1063 1586 1144 1626 aufe-

179 1640 247 1663 rant
257 1653 267 1666 ‚
285 1631 375 1674 quam
386 1641 532 1674 quantum
551 1632 665 1671 populo
675 1633 822 1661 Romano
831 1631 1026 1660 decumarum
1038 1630 1142 1658 nomi-

183 1684 223 1705 ne
230 1674 324 1705 daturi
332 1674 419 1705 sunt?
431 1676 504 1704 Haec
512 1675 632 1714 aeqiiitas
640 1674 673 1702 in
683 1682 736 1703 tuo
748 1674 876 1712 imperio
886 1670 954 1705 fuit,
965 1672 1027 1701 haec
1035 1679 1144 1710 praeto-

181 1717 223 1747 ris
239 1716 366 1757 dignitas
376 1736 385 1750 ‚
406 1725 439 1746 ut
459 1716 555 1746 servos
568 1716 713 1745 Venerios
731 1715 902 1755 Siculorum
920 1712 1066 1743 dominos
1083 1711 1141 1742 effe

179 1758 284 1788 velles.
306 1758 356 1788 hic
365 1756 498 1788 delefiius
509 1778 518 1790 ‚
542 1758 600 1787 hoc
610 1757 772 1787 discrimen
783 1777 790 1790 ‚
812 1766 840 1787 te
850 1764 973 1796 praetore
984 1775 993 1789 ,
1012 1754 1073 1784 fuit
1083 1775 1092 1788 ,
1110 1764 1144 1785 ut

179 1808 306 1830 aratores
320 1801 352 1829 in
361 1800 506 1840 servorum
515 1809 625 1828 numero
635 1797 728 1829 efl'ent
737 1819 745 1832 ,
765 1798 840 1828 serui
850 1801 883 1828 in
893 1797 1137 1838 publicanorum.

118 1846 160 1882 39
181 1841 284 1883 Qid?
300 1841 604 1872 Amestratinimiseri
615 1861 622 1874 ‚
646 1839 795 1880 impositis
804 1842 844 1871 ita
860 1841 977 1880 magnis
991 1838 1140 1872 decumis,

181 1893 215 1914 nt
222 1881 290 1923 ipfis
299 1883 407 1924 reliqui
417 1883 495 1914 nihil
506 1882 597 1916 fieret,
608 1892 714 1912 nonne
724 1891 825 1912 tamen
834 1891 991 1911 numerare
1001 1882 1142 1920 pecunias

181 1924 279 1955 coa&
289 1925 356 1955 sunt
368 1928 379 1953 ‚⁷
402 1924 590 1954 Addicuntui·
598 1924 733 1954 decumae
743 1926 791 1952 M.
801 1922 891 1954 Caesio
901 1942 911 1957 ‚
929 1921 1000 1952 cum
1011 1920 1142 1952 adess'ent

182 1967 271 2008 legati
280 1965 482 1996 Amestratini.
507 1965 604 1995 statim
614 1967 730 2006 cogitur
740 1965 896 1995 Heraclius
912 1965 1021 2003 legatus
1032 1973 1142 1993 nume-

181 2018 244 2039 rare
261 2018 316 2038 11-s
330 2018 390 2038 xxr
401 2018 424 2037 i.
448 2007 529 2048 Qd
540 2008 598 2037 hoc
608 2006 672 2036 est?
686 2017 751 2048 quae
761 2006 802 2036 est
811 2006 865 2036 ista
875 2005 970 2046 praeda
983 2009 1069 2045 ?qua:
1080 2007 1141 2034 vis?

179 2059 246 2091 quae
256 2050 371 2090 direptio
376 2050 528 2089 ficiomm?
539 2051 569 2079 Si
579 2058 638 2079 erat
648 2049 789 2079 Heraclio
798 2048 833 2078 ab
842 2049 943 2078 senatu
952 2047 1138 2081 mandatum,

180 2100 215 2122 ut
225 2101 353 2121 emeret:
372 2090 500 2120 emisset.
525 2089 545 2120 si
557 2100 620 2120 non
630 2100 706 2120 erat:
725 2088 779 2131 qui
794 2099 908 2130 poterat
919 2090 967 2120 sua
976 2089 1080 2129 sponte
1091 2099 1142 2128 pe—

177 2135 302 2164 cuniam
320 2137 498 2163 numerare?
523 2131 614 2163 Caesio
625 2136 774 2162 renuntiat
783 2134 810 2163 se
820 2130 940 2162 dedisse.
965 2131 1141 2173 cognoscite

179 2176 440 2206 renuntiationem
450 2184 488 2204 ex
499 2175 616 2204 litteris.
631 2176 737 2204 Recita
746 2184 783 2204 ex
794 2174 899 2204 litteris
909 2172 1048 2213 publicis.
1061 2175 1142 2202 Lir—

179 2226 280 2247 TERAE
302 2226 471 2247 PUBLICAE.
495 2219 565 2257 Qip
583 2218 657 2246 S.C.
678 2225 737 2246 erat
754 2217 811 2246 hoc
830 2216 927 2256 legato
945 2213 1138 2255 permissum?
1160 2224 1162 2248 ς

1160 2268 1161 2273 ’
1177 2256 1343 2286 habitarent
1353 2258 1386 2285 in
1393 2255 1501 2288 Sicilia,
1512 2264 1573 2288 aut,
1591 2257 1643 2295 qui
1653 2255 1784 2285 Siciliam
1795 2264 1822 2284 te
1832 2264 1957 2295 praetore
1965 2253 2142 2295 attigissent,

1160 2318 1161 2322 ,
1175 2298 1293 2338 judices
1304 2299 1442 2337 rejicere,
1463 2296 1579 2327 utillud
1590 2306 1653 2326 non
1663 2298 1822 2336 cogitares,
1847 2305 1949 2326 tamen
1959 2296 1995 2327 ad
2006 2295 2144 2335 ejusdem

176 2259 278 2290 nullo.
302 2268 354 2288 cur
363 2257 434 2288 fecit
444 2262 457 2287 ἓ
476 2258 596 2289 coa&us
607 2257 658 2288 est.
681 2260 749 2298 quis
768 2258 826 2287 hoc
837 2257 933 2286 dicit?
954 2265 1016 2286 tota
1025 2258 1138 2285 civitas.

180 2301 287 2339 Recita
316 2299 526 2330 testimonium
554 2299 722 2340 publicum.
768 2301 824 2328 TE
833 2299 854 2329 S
864 2299 909 2327 T1
918 2299 957 2328 M
965 2301 988 2326 O
998 2299 1090 2326 NIU
1101 2299 1141 2327 M

179 2344 240 2373 PU
249 2344 273 2372 B
281 2344 307 2372 L
317 2344 397 2372 ICU
406 2343 457 2371 M.
480 2342 527 2372 Ab
537 2343 590 2372 hac
598 2341 701 2372 eadem
716 2342 834 2371 civitate
844 2351 925 2370 anno
941 2339 1072 2371 secundo
1081 2358 1090 2373 ,
1103 2338 1139 2369 si-

179 2384 249 2415 mili
257 2386 370 2414 ratione
381 2392 530 2414 extortam
538 2382 597 2413 effe
606 2385 779 2423 pecuniam,
794 2383 827 2412 ὃς
836 2385 902 2413 Sex.
912 2384 1080 2412 Vennonio
1090 2381 1142 2411 da—

178 2434 241 2457 tam
249 2445 259 2460 ‚
280 2435 320 2456 ex
328 2425 437 2456 eodem
448 2424 626 2456 testimonio
636 2424 831 2466 cognovistis.
855 2427 894 2454 At
904 2422 1135 2456 Amestratinos,

181 2469 324 2498 homines
342 2469 459 2498 tenueis
471 2477 476 2496 ι
497 2467 569 2497 curn
589 2477 694 2497 eorum
713 2466 854 2497 decumas
872 2466 1038 2496 medimnis
1053 2474 1140 2494 nccc

182 2507 362 2540 vendidiss'es
373 2509 518 2540 Bariobali
527 2511 659 2539 Venerio
678 2507 859 2551 (cognoscite
869 2509 997 2538 nomina
1007 2506 1141 2547 publica-

180 2552 303 2592 norum)
313 2553 395 2591 cogis
408 2561 460 2581 eos
486 2550 531 2579 lm
540 2550 612 2580 lucri
621 2550 717 2579 addere
727 2571 736 2584 ,
757 2550 848 2591 quam
858 2551 961 2590 quanti
971 2551 1138 2582 venierant,

177 2591 251 2623 cum
262 2603 372 2634 magno
380 2595 451 2623 veni
476 2591 538 2622 ent.
562 2592 633 2622 dant
641 2592 784 2622 Bariobali
794 2591 960 2622 medimnis
973 2600 1071 2623 nece,
1084 2600 1139 2620 ivs

182 2644 243 2665 MD.
266 2634 404 2666 Profecit>
416 2645 583 2675 numquam
594 2633 648 2664 iste
659 2644 720 2664 tam
731 2643 834 2664 amens
843 2631 943 2663 fuiss'et
954 2653 964 2665 ‚
978 2641 1010 2662 ut
1021 2642 1058 2662 ex
1068 2642 1138 2673 agro

179 2677 285 2717 populi
294 2678 427 2707 Romani
436 2677 504 2716 plus
512 2675 659 2706 frumenti
670 2676 755 2706 servo
767 2676 910 2708 Venerio,
922 2673 1013 2715 quam
1023 2674 1138 2714 populo

180 2720 324 2749 Romano
333 2718 424 2748 tribui
434 2726 592 2758 pateretur,
602 2716 657 2746 nisi
669 2720 769 2747 omnis
781 2727 813 2747 ea
821 2716 918 2757 praeda
928 2736 935 2749 ,
948 2716 1023 2745 servi
1034 2717 1138 2745 nomi-

179 2769 231 2794 ne,
240 2758 368 2796 adistum
377 2760 467 2800 ipsimi
497 2760 639 2788 erveniret.
664 2761 789 2791 Petrini,
799 2761 871 2789 curn
882 2767 990 2788 eorum
1001 2757 1137 2788 decumae

178 2810 290 2842 magno
305 2801 429 2832 addietae
448 2812 462 2830 e
487 2799 540 2831 'ent
550 2821 559 2835 ‚
579 2811 680 2831 tamen
699 2798 871 2831 invitissimi
890 2803 925 2830 P.
936 2801 1046 2829 Naevio
1056 2802 1138 2829 Tur-

177 2851 284 2884 pioni,
303 2841 527 2884 improbifl‘imo
537 2844 659 2873 homini
670 2863 679 2877 ‚
699 2845 751 2883 qui
761 2844 940 2883 injuriarum
952 2861 960 2875 ‚
982 2841 1136 2871 Sacerdote
1152 2858 1154 2874 2

217 2955 242 2973 ι.
260 2949 288 2972 In
297 2947 500 2981 infidainculta]
520 2946 687 2973 Fabricianus
699 2945 783 2971 codex
794 2943 822 2971 ῖνῖ
829 2947 902 2979 ficulo
912 2964 920 2977 ‚
932 2944 977 2970 sub
988 2954 1041 2980 quo
1053 2944 1133 2970 verbo
1157 2955 1161 2994 l

177 2980 245 3009 latet
255 2982 354 3018 aliquid
364 2982 583 3018 Qrimensoribus
594 2982 679 3008 fni-fian
690 2981 847 3008 eruendum.

216 3026 244 3043 2.
262 3019 420 3052 Diognetum]
433 3018 555 3046 Placebat
565 3017 632 3045 istud
643 3019 810 3046 Honomzuio.
828 3027 913 3053 neque
923 3017 1002 3044 aliter
1014 3016 1070 3043 Pal.
1081 3015 1132 3043 sec.

181 3052 289 3088 vulgata
301 3072 308 3084 ,
317 3057 460 3086 Diognetum.

219 3097 245 3123 3.
265 3092 353 3115 Contra
361 3090 526 3124 omniajura]
539 3089 700 3116 Gulielmius
711 3089 822 3116 inclinat
833 3089 934 3124 legere,
944 3097 1025 3115 contra
1035 3097 1134 3114 commu-

1195 257 1278 284 Itane
1296 253 1437 284 diss'olute
1452 254 1592 284 decumas
1604 250 1765 282 vendidisti
1778 271 1787 284 ‚
1805 260 1856 284 ut,
1877 250 1948 281 curn
1961 249 2103 281 modium
2113 261 2156 282 xv

1195 296 1332 325 millibus
1350 294 1518 328 venifl‘ent,
1543 292 1742 325 medimnum
1765 303 1826 323 010
1851 302 1912 322 cro
1938 302 1997 322 cro
2020 293 2078 322 hoc
2099 292 2155 327 est,

1194 346 1248 366 H-s
1262 346 1381 367 xxxxv.
1406 338 1480 367 lucri
1491 336 1659 366 decumano
1670 335 1809 365 darentur
1829 338 1840 364 ἲ
1864 337 1904 366 At
1920 343 2084 374 permagno
2102 334 2155 364 de-

1192 387 1295 408 cumas
1313 380 1378 416 ejus
1388 381 1448 419 agri
1460 377 1634 408 vendidisti.
1658 376 1807 407 Videlicet
1816 376 1976 417 gloriatur,
1997 386 2061 406 non
2072 378 2155 406 Tur-

1192 420 1279 457 pioni
1289 419 1406 449 lucrum
1415 419 1582 452 daturn‚sed
1594 421 1720 450 Petrinis
1730 420 1891 458 pecuniam
1901 427 2042 457 erepcam.
2054 418 2151 457 Qid?
2173 422 2220 453 40

1192 460 1378 490 Halicienses
1389 480 1398 494 ‚
1418 471 1548 501 quorum
1561 461 1666 490 incolae
1679 460 1820 490 decumas
1827 459 1896 489 dant
1907 480 1915 493 ‚
1934 458 1986 499 ipsi
1997 470 2078 499 agros
2090 462 2151 489 im-

1191 503 1312 531 muneis
1323 501 1432 531 habent
1444 514 1448 529 ;
1460 512 1564 531 nonne
1576 503 1645 532 huic
1654 502 1753 531 eidem
1763 500 2002 541 Turpioni,cum
2013 502 2149 532 deciimae

1190 542 1206 556 *⁸
1219 552 1249 572 c.
1260 542 1340 572 rned.
1351 542 1500 572 veniss'cnt
1511 564 1519 576 ‚
1539 553 1592 572 ihs
1614 553 1656 573 xv
1676 552 1729 573 cm
1748 543 1815 573 dare
1833 542 1929 573 coatffi
1948 543 2038 572 sunt?
2059 545 2090 573 Si
2106 544 2149 576 id¹

1190 584 1272 624 quod
1284 584 1419 614 maxime
1430 586 1477 613 vis
1489 604 1497 617 ‚
1516 582 1612 624 polles
1624 584 1744 624 probare
1756 604 1764 618 ‚
1786 585 1848 614 haec
1858 584 1892 614 ad
1903 584 2087 615 decumanos
2105 585 2156 615 lu-

1188 636 1235 656 cra
1253 624 1368 655 veniss'e
1379 646 1388 660 ‚
1410 626 1488 655 nihil
1508 635 1536 654 te
1547 624 1670 666 attigisse
1683 637 1687 654 :
1707 635 1808 656 tamen
1826 627 1870 656 hae
1882 628 2015 666 pecuniae
2025 647 2034 660 ,
2059 629 2114 656 PE
2124 630 2151 656 R

1191 669 1286 697 VIM
1299 688 1308 701 ‚
1349 667 1530 708 ATQJE
1562 668 1841 705 JNJURJAM
1875 670 2028 698 TvAM
2068 671 2151 697 coi-

1189 711 1290 738 PT<AE
1301 729 1309 742 ‚
1322 710 1354 739 ὃ(
1363 710 1530 739 conciliatae
1541 729 1548 742 ‚
1560 708 1614 738 tibi
1626 708 1738 742 fraudi,
1752 709 1783 738 δε
1794 709 1981 740 damnationi
1990 708 2048 740 effe
2059 710 2152 740 debe-

1188 760 1262 780 rent.
1273 750 1346 781 cum
1357 749 1430 781 verb
1443 752 1500 781 hoc
1510 752 1629 780 nemini
1640 749 1811 789 persuadere
1821 749 1921 790 poss'is,
1936 761 1962 781 te
1972 761 2032 781 tam
2045 762 2151 782 amen-

1189 801 1249 822 tem
1260 791 1347 822 fuisse
1358 813 1366 826 ,
1382 802 1414 822 ut
1425 794 1596 832 Apronium
1608 812 1616 824 ,
1627 802 1659 821 ac
1669 793 1872 831 Turpionem,
1886 793 1982 822 servos
1993 794 2149 828 homines,

1185 842 1234 863 tuo
1244 855 1252 867 ‚
1263 833 1467 875 liberorumque
1477 842 1591 863 tuorum
1603 832 1722 874 periculo
1733 833 1842 863 divites
1854 832 1917 863 fieri
1928 835 2021 864 velles
2033 847 2038 864 :
2058 834 2148 865 dubi-

1185 886 1315 906 taturum
1324 886 1506 917 quemquam
1519 875 1684 908 existimas,
1696 877 1771 915 quin
1781 875 1842 904 illis
1851 874 2006 905 emissariis
2017 877 2080 906 haec
2091 877 2149 906 tibi

1185 920 1289 947 omnis
1298 920 1425 958 pecunia
1435 916 1553 958 quaesita
1562 916 1595 946 sit
1608 921 1618 946 ?
1630 915 1779 957 Segestam
1791 918 1863 946 item
1874 917 1909 946 ad
1920 919 2092 947 immunem
2102 921 2146 948 ci-

1184 961 1307 990 vitatem
1317 961 1465 989 Venerius
1476 960 1674 999 Symmachus
1685 958 1868 988 decumanus
1880 960 2063 989 immittitur.
2075 962 2101 988 is
2111 960 2148 990 ab

1184 1001 1241 1031 isto
1261 1002 1371 1032 litteras
1382 999 1486 1034 affert,
1510 1009 1542 1030 ut
1551 999 1604 1030 sibi
1614 1009 1717 1030 eontra
1727 1003 1756 1030 S.
1769 1002 1803 1030 C.
1824 1003 1835 1026 3
1846 1009 1950 1030 contra
1959 1003 2062 1031 omnia
2073 1003 2145 1039 jura,

1182 1052 1343 1084 contraque
1354 1044 1451 1084 legem
1462 1043 1633 1083 Rupiliam,
1645 1051 1729 1072 extra
1738 1040 1841 1072 forum
1851 1041 2064 1072 vadimonium
2076 1053 2145 1083 pro-

1185 1087 1306 1115 mittant
1314 1094 1452 1115 aratores.
1475 1084 1587 1115 Audite
1596 1084 1706 1114 litteras
1717 1103 1726 1117 ‚
1746 1094 1816 1124 quas
1829 1083 1863 1113 ad
1874 1083 2046 1125 Segestanos
2057 1085 2147 1114 inise-

1182 1129 1230 1156 rit.
1255 1129 1281 1156 L
1290 1128 1372 1155 ITT
1381 1129 1406 1157 E
1417 1130 1441 1156 R
1450 1128 1503 1156 <AE
1525 1128 1555 1155 C.
1568 1128 1622 1156 VE
1632 1128 1657 1154 R
1666 1128 1691 1154 R
1701 1125 1754 1155 IS.
1777 1127 1835 1156 Hic
1845 1128 1992 1156 Venerius
2001 1126 2149 1167 quemad-

1183 1168 1313 1198 modum
1322 1177 1448 1199 aratores
1460 1168 1579 1199 eluserit
1586 1187 1597 1201 ‚
1607 1178 1644 1198 ex
1654 1178 1713 1198 una
1722 1166 1859 1208 paAEtione
1868 1167 2005 1197 hominis
2013 1167 2145 1201 honesti,

1180 1209 1356 1251 gratiofique
1373 1210 1553 1252 cognoscite.
1577 1211 1610 1239 in
1621 1209 1729 1239 eodem
1748 1211 1832 1239 enim
1842 1219 1949 1250 genere
1960 1210 2029 1239 sunt
2037 1219 2141 1240 cetera.

1182 1252 1308 1282 Diocles
1327 1251 1370 1282 est
1379 1253 1608 1283 Panormitanus
1620 1271 1629 1285 ‚
1642 1252 1762 1282 Phimes
1771 1253 1956 1293 cognomine
1968 1271 1976 1285 ‚
1998 1252 2095 1282 homo
2106 1253 2146 1281 il-

1182 1293 1280 1324 lustris
1290 1314 1299 1327 ,
1311 1305 1343 1324 ac
1353 1294 1467 1324 nobilis
1476 1302 1579 1324 arator.
1602 1296 1630 1323 Is
1641 1303 1743 1334 agrum
1754 1294 1786 1323 in
1797 1291 1954 1334 Segestano
1966 1292 2049 1331 (nam
2057 1303 2146 1324 com-

1184 1338 1333 1365 mercium
1343 1338 1376 1366 in
1395 1346 1432 1366 eo
1442 1346 1511 1377 agro
1521 1337 1740 1366 Panormitanis
1750 1334 1804 1375 est)
1823 1334 2009 1366 condut‘lum
2021 1335 2147 1365 habebar

1181 1387 1236 1407 ir-s
1247 1378 1298 1408 sex
1308 1378 1455 1408 millibus.
1471 1388 1525 1418 pro
1536 1377 1663 1408 decuma
1673 1375 1744 1407 cum
1755 1377 1885 1416 pulsatus
1894 1375 1910 1406 a
1920 1378 2052 1407 Venerio
2062 1376 2145 1410 ess'et,

1178 1423 1196 1446 4
1208 1418 1320 1450 decidit
1330 1429 1384 1449 H-s
1394 1429 1456 1450 Χνι
1472 1419 1657 1453 millibus‚&
1675 1425 1762 1449 mciii
1773 1428 1783 1448 1
1793 1428 1804 1448 1
1814 1429 1838 1448 1.
1850 1418 1880 1448 id
1891 1427 1929 1448 ex
1938 1418 2047 1448 tabulis
2056 1417 2146 1458 ipsius

1180 1462 1364 1504 cognoscite.
1393 1464 1523 1491 NOMEN
1546 1464 1686 1492 D1oc1.is
1710 1464 1972 1492 Paxoainmxi.
2005 1462 2086 1490 Huic
2101 1462 2145 1490 ei-

1180 1502 1251 1533 dem
1268 1504 1450 1543 Symmacho
1461 1523 1470 1537 ,
1489 1504 1588 1543 Annej
1593 1513 1628 1533 us
1649 1504 1796 1533 Brocchus
1808 1522 1816 1536 ,
1837 1503 1954 1532 senator
1962 1522 1970 1536 ‚
1990 1503 2087 1532 homo
2107 1512 2146 1532 eo

1180 1544 1337 1585 splendore
1347 1565 1356 1578 ‚
1377 1555 1410 1576 ea
1420 1547 1529 1575 virtute
1543 1565 1551 1578 ,
1592 1554 1628 1575 ua
1636 1546 1761 1574 omneis
1775 1543 1955 1574 existimatis
1965 1564 1974 1578 ‚
1994 1553 2144 1574 nummos

1181 1595 1287 1627 praeter
1303 1586 1496 1617 frumentum
1512 1597 1566 1617 coa
1585 1588 1632 1616 tus
1651 1586 1693 1616 est
1710 1586 1786 1616 dare.
1804 1587 1976 1616 Venerione
1991 1586 2072 1625 fervo
2084 1606 2092 1620 ,
2114 1596 2144 1616 te

1179 1637 1303 1669 praetore
1312 1649 1321 1663 ‚
1344 1629 1410 1659 talis
1427 1630 1473 1659 vir
1485 1649 1494 1662 ‚
1514 1629 1629 1659 senator
1645 1628 1751 1670 populi
1761 1629 1914 1661 Romani,
1954 1627 2058 1658 uaestui
2068 1627 2142 1657 fuit?

1180 1673 1270 1701 Hunc
1280 1670 1422 1701 ordinem
1433 1669 1453 1700 fi
1463 1670 1606 1711 dignitate
1616 1670 1792 1700 antecellere
1802 1679 1866 1700 non
1876 1638 1953 1699 exis}

1180 1714 1238 1743 hoc
1247 1713 1372 1753 quidem
1384 1712 1493 1743 sciebas
1504 1733 1512 1747 ,
1533 1713 1724 1754 JUDICARE?
1739 1714 1912 1742 Anteacum
1923 1711 2056 1753 equester
2065 1711 2142 1742 ordo

1174 1755 1321 1795 judicaret
1332 1775 1340 1788 ‚
1352 1754 1484 1795 improbi
1495 1774 1503 1788 ,
1520 1754 1553 1784 ὃ(
1563 1762 1672 1795 rapaces
1682 1752 1863 1794 magistratus
1873 1755 1905 1783 in
1916 1755 2082 1794 provinciis
2094 1755 2145 1783 in-

1178 1797 1345 1827 serviebant
1360 1797 1546 1837 publicanis:
1566 1795 1711 1826 ornabant
1729 1805 1780 1825 eos
1793 1816 1801 1828 ‚
1818 1797 1990 1836 quicunque
2000 1797 2033 1826 iri
2045 1798 2146 1835 operis

1182 1847 1263 1869 erant
1275 1849 1280 1868 ;
1292 1849 1505 1880 quemcunque
1516 1840 1648 1879 equitem
1658 1840 1837 1868 Romanurn
1848 1839 1880 1866 in
1890 1839 2045 1876 provincia
2056 1838 2144 1868 vide-

1176 1889 1242 1911 rant
1251 1900 1259 1914 ,
1272 1879 1427 1910 beneficiis
1439 1901 1446 1914 ,
1458 1890 1490 1910 ac
1500 1880 1675 1910 liberalitate
1684 1878 1954 1919 prosequebantur:
1965 1889 2064 1920 neque
2073 1888 2140 1909 tan-

1180 1931 1246 1952 tum
1258 1922 1310 1952 illa
1320 1932 1365 1952 res
1377 1920 1535 1951 nocentibus
1541 1921 1828 1962 proderat‚quantum
1839 1920 1939 1950 obtuit
1950 1922 2141 1955 multis,cum

1180 1963 1294 2004 aliquid
1310 1972 1414 1993 contra
1426 1963 1587 1993 utilitatem
1606 1963 1669 2001 ejus
1683 1962 1816 1996 ordinis,
1836 1961 2023 1992 voluntatem
2047 1972 2083 1992 ue
2096 1961 2143 1993 fe·-

1179 2004 1297 2035 ciss'ent.
1319 2004 1516 2035 Retinebatur
1531 2005 1586 2034 hoc
1600 2013 1666 2033 tuin
1681 2000 1781 2034 nescio
1791 2003 1948 2044 quomodo
1959 2014 2016 2044 qua
2028 2015 2038 2033 1
2055 2013 2142 2034 com—

1180 2048 1267 2077 muni
1288 2044 1416 2077 confilio
1432 2046 1469 2076 ab
1482 2046 1542 2076 illis
1559 2045 1735 2087 diligenter,
1754 2054 1785 2075 ut
1796 2066 1805 2079 ,
1819 2047 1871 2086 qui
1892 2055 1988 2075 unum
2008 2047 2141 2086 equitem

1178 2091 1272 2119 Rom.
1287 2088 1475 2119 contumelia
1483 2088 1612 2128 dignum
1623 2086 1765 2128 putasset,
1780 2087 1816 2117 ab
1826 2088 1953 2127 univer-fi>
1968 2087 2059 2116 ordine
2068 2097 2114 2115 ma
2125 2088 2143 2116 'a

1177 2131 1279 2171 dignm
1291 2131 1480 2170 judicaretur.
1505 2132 1556 2159 Tu
1569 2127 1605 2159 sic
1618 2129 1759 2159 ordinem
1774 2129 1957 2159 senatorium
1970 2128 2143 2168 despexisti:

1180 2171 1217 2202 sic
1231 2172 1266 2202 ad
1277 2172 1399 2209 injurias
1412 2192 1420 2205 ‚
1440 2171 1642 2211 libidinesque
1655 2181 1718 2200 tuas
1727 2173 1834 2201 omnia
1845 2169 2004 2211 coaequasti
2017 2195 2021 2200 .
2042 2169 2079 2200 sic
2089 2173 2142 2201 ha·

1179 2214 1269 2244 buisti
1280 2213 1420 2244 statutum
1434 2223 1506 2243 cum
1516 2214 1632 2246 animo,
1645 2223 1675 2243 ac
1687 2212 1894 2246 deliberatum,
1906 2214 2025 2242 omneis
2037 2233 2045 2246 ‚
2066 2213 2142 2253 squ}

1179 2340 1294 2369 ordinis
1304 2340 1447 2369 homines
1458 2338 1610 2379 rejudices
1621 2336 1678 2368 effe
1689 2340 1872 2368 venturum?
1888 2339 1918 2367 in
1928 2338 2037 2373 quibus
2049 2357 2057 2371 ‚
2070 2336 2090 2367 fi
2101 2347 2142 2368 ex

1180 2382 1314 2421 ipsorum
1326 2379 1496 2411 domestico
1505 2379 1708 2410 incommodo
1720 2380 1820 2409 nullus
1829 2379 1918 2409 dolor
1928 2375 2080 2409 insideret:
2098 2389 2143 2409 ta-

1182 2433 1255 2453 men
1265 2422 1337 2453 efl'et
1347 2423 1399 2453 illa
1408 2424 1550 2463 cogitatio
1561 2442 1569 2455 ‚
1591 2423 1619 2450 in
1629 2422 1747 2450 atterius
1758 2422 1865 2460 injuria
1870 2421 1927 2460 sese
1933 2419 2064 2460 despecfios
2074 2441 2083 2454 ‚
2094 2421 2144 2451 di-

1179 2467 1384 2506 gnitatemque
1402 2465 1517 2494 ordinis
1536 2472 1719 2494 contemtam
1731 2483 1739 2496 ‚
1757 2463 1789 2493 ὃς
1802 2462 1957 2499 abjestum.
1981 2463 2064 2503 quod
2076 2472 2142 2493 me-

1177 2507 1297 2537 hercule
1309 2527 1318 2540 ,
1328 2506 1458 2546 judices,
1476 2506 1554 2535 mihi
1565 2515 1628 2535 nori
1641 2504 1833 2534 mediocritei·
1842 2503 2001 2534 ferendum
2013 2504 2142 2535 videtur.

1155 2556 1159 2560 ·
1179 2551 1254 2578 ΗΛ
1262 2551 1285 2577 Β
1296 2551 1320 2578 E
1332 2549 1393 2588 ΓΕ
1403 2548 1507 2577 NJM
1518 2546 1666 2587 quendam
1677 2547 1814 2576 aculeum
1825 2546 2022 2579 contumelia,
2033 2549 2141 2587 fquem

1180 2593 1239 2631 pati
1254 2590 1420 2630 pudentes,
1441 2599 1474 2618 ac
1487 2590 1544 2618 viri
1564 2589 1639 2618 boni
1658 2586 1841 2617 difficillime
1852 2583 1981 2627 poss'unt.
1990 2587 2143 2629 §poliasti

1177 2634 1305 2663 Siculos.
1335 2632 1432 2662 solent
1449 2632 1531 2659 enim
1544 2630 1634 2659 inulti
1644 2627 1702 2659 ess'e
1721 2631 1754 2658 in
1764 2629 1883 2669 injuriis
1894 2629 1954 2660 suis
1969 2631 2144 2670 provincia-

1177 2675 1232 2704 les.
1255 2672 1369 2704 vexasti
1389 2672 1578 2712 negotiatores.
1603 2672 1694 2701 inviti
1708 2673 1792 2700 enim
1809 2673 1942 2701 Romam
1957 2691 1965 2705 ‚
1988 2669 2143 2712 ⁶iaroque

1176 2715 1335 2746 decedunt.
1362 2715 1482 2755 Equites
1504 2716 1643 2742 Romanos
1663 2712 1699 2743 ad
1722 2714 1854 2752 Apronii
1876 2714 2000 2750 injurias
2021 2712 2141 2744 dedisti.

1177 2757 1250 2798 quid
1266 2759 1349 2787 enim
1360 2758 1422 2796 jam
1434 2765 1542 2785 nocere
1556 2752 1694 2794 possunt,
1714 2753 1823 2795 quibus
1837 2764 1901 2784 non
1911 2755 1980 2785 licet
1995 2754 2138 2793 judicare?

1178 2798 1260 2840 Qid
1270 2819 1278 2831 ‚
1291 2808 1362 2828 cum
1373 2798 1520 2827 senatores
1531 2797 1658 2826 summis
1668 2797 1787 2835 injuriis
1797 2794 1888 2826 afficis
1900 2799 1910 2825 ?
1920 2796 1992 2837 quid
2003 2796 2139 2827 aliud'di-

1173 2839 1288 2875 cis,nisi
1297 2839 1446 2870 hoc3cedo
1455 2839 1533 2868 mihi
1542 2840 1632 2868 etiam
1643 2836 1734 2868 istum
1738 2838 1940 2878 senatorem-ut
1949 2839 2005 2868 hoc
2015 2839 2141 2878 §mplis-

1729 2884 1735 2893 '
2028 2879 2140 2912 fimum

1214 2952 1240 2976 4,
1263 2945 1354 2969 stridit
1365 2942 1549 2975 H-Sfixfi'ecim
1560 2941 1688 2975 mianum]
1704 2940 1843 2976 indignius
1853 2940 1922 2966 illud
1934 2960 1942 2973 ,
1953 2950 2030 2977 quam
2042 2941 2140 2978 vulga-

1178 2980 1312 3011 tiim‚dedit
1323 2979 1502 3011 H-sszssxdmm
1513 2979 1596 3002 millia.
1616 2976 1676 3003 scias
1687 2976 1738 3002 ess'e
1748 2979 1763 3003 :i
1774 2977 1934 3003 Nauuianis.

1215 3025 1240 3049 5.
1259 3017 1307 3047 Qi
1324 3016 1461 3040 habitarent
1477 3016 1503 3039 in
1519 3013 1628 3047 Sicilia]
1647 3012 1794 3040 Lambinus
1812 3015 1925 3050 haberent
1941 3031 1950 3045 ‚
1968 3011 2021 3040 fide
2039 3011 2138 3040 codicis

1178 3052 1269 3078 Natin.
1284 3060 1330 3077 iiec
1339 3049 1470 3085 displicet.

1213 3087 1242 3113 6·
1261 3088 1334 3119 fQssm
1346 3088 1401 3119 pari
1415 3085 1554 3119 pudentes]
1575 3085 1616 3111 Ita
1626 3085 1682 3111 Pal.
1693 3084 1780 3111 sed&
1791 3085 1883 3111 Naun.
1894 3083 1959 3110 editi
1969 3083 2142 3117 fereprudm-

181 3126 297 3157 niajura.
317 3134 402 3162 neque
411 3126 484 3154 euim.
492 3125 548 3153 fieri
558 3127 629 3163 poste
638 3145 651 3161 „
667 3133 698 3155 ut
708 3135 761 3154 uno
774 3125 875 3155 ἂεὶίξὶο
892 3125 982 3154 omnia
995 3125 1058 3161 jura
1077 3124 1134 3152 vio-
1177 3130 1226 3154 tes,
1235 3123 1321 3148 minus
1332 3120 1488 3158 prudenter,
1498 3120 1711 3157 iiiiprobavitque
1721 3122 1801 3147 etiam
1814 3122 1993 3146 Hotomanus.

182 3159 282 3188 lentur.

1219 3166 1246 3194 7.
1264 3160 1370 3194 Raroque
1378 3156 1515 3192 decadum]
1527 3156 1583 3186 Pal.
1595 3156 1644 3185 suc,
1655 3158 1804 3190 descendum,
1813 3159 1858 3184 alii
1866 3155 1982 3185 maluere
1992 3155 2122 3191 Δι’[σεᾱιιητ.

1644 3194 1709 3221 nm
1730 3201 1745 3230 3
2048 3191 2142 3218 »τω

1955 1670 2067 1700 imabas
2079 1690 2087 1703 ,
2100 1680 2140 1700 ne
2162 1680 2204 1713 4¹
