<?xml version="1.0" encoding="UTF-8"?>
<!DOCTYPE html PUBLIC "-//W3C//DTD XHTML 1.0 Transitional//EN"
    "http://www.w3.org/TR/xhtml1/DTD/xhtml1-transitional.dtd">
<html xmlns="http://www.w3.org/1999/xhtml" xml:lang="en" lang="en">
 <head>
  <title>
</title>
<meta http-equiv="Content-Type" content="text/html;charset=utf-8" />
  <meta name='ocr-system' content='tesseract 3.04.00' />
  <meta name='ocr-capabilities' content='ocr_page ocr_carea ocr_par ocr_line ocrx_word'/>
</head>
<body>
  <div class='ocr_page' id='page_1' title='image "./mtuliiciceroniso00cice_1277.png"; bbox 0 0 2360 3400; ppageno 0'>
   <div class='ocr_carea' id='block_1_1' title="bbox 83 1341 450 1385">
    <p class='ocr_par' dir='ltr' id='par_1_1' title="bbox 83 1341 450 1385">
     <span class='ocr_line' id='line_1_1' title="bbox 83 1341 450 1385; baseline -0.003 -13"><span class='ocrx_word' id='word_1_1' title='bbox 83 1351 129 1385; x_wconf 84' lang='lat'>51</span> <span class='ocrx_word' id='word_1_2' title='bbox 147 1343 268 1372; x_wconf 87' lang='lat' dir='ltr'>oracula</span> <span class='ocrx_word' id='word_1_3' title='bbox 278 1341 450 1372; x_wconf 87' lang='lat' dir='ltr'>funderent.</span> 
     </span>
    </p>
   </div>
   <div class='ocr_carea' id='block_1_2' title="bbox 544 82 1404 136">
    <p class='ocr_par' dir='ltr' id='par_1_2' title="bbox 544 82 1404 136">
     <span class='ocr_line' id='line_1_2' title="bbox 544 82 1404 136; baseline 0.002 -2"><span class='ocrx_word' id='word_1_4' title='bbox 544 102 640 136; x_wconf 63' lang='grc' dir='ltr'>ΒΕ</span> <span class='ocrx_word' id='word_1_5' title='bbox 719 82 1404 136; x_wconf 71' lang='grc' dir='ltr'>ΒινιΝΑῚ-ῐοΝΕ</span> 
     </span>
    </p>
   </div>
   <div class='ocr_carea' id='block_1_3' title="bbox 1484 94 2115 168">
    <p class='ocr_par' dir='ltr' id='par_1_3' title="bbox 1484 94 2115 168">
     <span class='ocr_line' id='line_1_3' title="bbox 1484 94 2115 168; baseline 0.013 -29"><span class='ocrx_word' id='word_1_6' title='bbox 1484 94 1643 142; x_wconf 73' lang='lat' dir='ltr'>Lin.</span> <span class='ocrx_word' id='word_1_7' title='bbox 1710 99 1742 143; x_wconf 78' lang='lat'>1.</span> <span class='ocrx_word' id='word_1_8' title='bbox 1999 105 2115 168; x_wconf 74' lang='lat'>1163</span> 
     </span>
    </p>
   </div>
   <div class='ocr_carea' id='block_1_4' title="bbox 160 165 2124 223">
    <p class='ocr_par' dir='ltr' id='par_1_4' title="bbox 160 165 2124 223">
     <span class='ocr_line' id='line_1_4' title="bbox 160 165 2124 223; baseline 0.019 -48"><span class='ocrx_word' id='word_1_9' title='bbox 160 175 257 212; x_wconf 62' lang='lat' dir='ltr'>quam.</span> <span class='ocrx_word' id='word_1_10' title='bbox 274 169 396 202; x_wconf 60' lang='lat' dir='ltr'>animus</span> <span class='ocrx_word' id='word_1_11' title='bbox 416 167 554 198; x_wconf 63' lang='lat' dir='ltr'>hominis</span> <span class='ocrx_word' id='word_1_12' title='bbox 571 168 742 198; x_wconf 83' lang='lat' dir='ltr'>naturaliter</span> <span class='ocrx_word' id='word_1_13' title='bbox 758 167 876 198; x_wconf 85' lang='lat' dir='ltr'>divinat</span> <span class='ocrx_word' id='word_1_14' title='bbox 895 187 903 201; x_wconf 85' lang='lat'><strong>‚</strong></span> <span class='ocrx_word' id='word_1_15' title='bbox 931 166 986 197; x_wconf 71' lang='lat' dir='ltr'>nis,</span> <span class='ocrx_word' id='word_1_16' title='bbox 1002 166 1074 198; x_wconf 83' lang='lat' dir='ltr'>cum</span> <span class='ocrx_word' id='word_1_17' title='bbox 1087 169 1129 200; x_wconf 61' lang='lat' dir='ltr'>ita</span> <span class='ocrx_word' id='word_1_18' title='bbox 1160 165 1299 205; x_wconf 80' lang='lat' dir='ltr'>jecorum</span> <span class='ocrx_word' id='word_1_19' title='bbox 1314 165 1401 203; x_wconf 80' lang='lat' dir='ltr'>fiffis,</span> <span class='ocrx_word' id='word_1_20' title='bbox 1419 177 1469 200; x_wconf 88' lang='lat' dir='ltr'>aut</span> <span class='ocrx_word' id='word_1_21' title='bbox 1486 173 1588 203; x_wconf 87' lang='lat' dir='ltr'>avium</span> <span class='ocrx_word' id='word_1_22' title='bbox 1600 174 1883 208; x_wconf 76' lang='lat' dir='ltr'>cantibusinterefle</span> <span class='ocrx_word' id='word_1_23' title='bbox 1893 177 2002 210; x_wconf 81' lang='lat' dir='ltr'>deum:</span> <span class='ocrx_word' id='word_1_24' title='bbox 2024 191 2124 223; x_wconf 86' lang='lat' dir='ltr'>neque</span> 
     </span>
    </p>
   </div>
   <div class='ocr_carea' id='block_1_5' title="bbox 161 208 1125 250">
    <p class='ocr_par' dir='ltr' id='par_1_5' title="bbox 161 208 1125 250">
     <span class='ocr_line' id='line_1_5' title="bbox 161 208 1125 250; baseline -0.005 -6"><span class='ocrx_word' id='word_1_25' title='bbox 161 213 280 244; x_wconf 82' lang='lat' dir='ltr'>solutus</span> <span class='ocrx_word' id='word_1_26' title='bbox 292 211 355 245; x_wconf 83' lang='lat' dir='ltr'>est,</span> <span class='ocrx_word' id='word_1_27' title='bbox 375 210 408 241; x_wconf 89' lang='lat'>&amp;</span> <span class='ocrx_word' id='word_1_28' title='bbox 419 220 548 244; x_wconf 89' lang='lat' dir='ltr'>vacuus,</span> <span class='ocrx_word' id='word_1_29' title='bbox 569 220 602 241; x_wconf 89' lang='lat' dir='ltr'>ut</span> <span class='ocrx_word' id='word_1_30' title='bbox 616 212 643 241; x_wconf 89' lang='lat' dir='ltr'>ei</span> <span class='ocrx_word' id='word_1_31' title='bbox 654 210 743 250; x_wconf 76' lang='lat' dir='ltr'>plane</span> <span class='ocrx_word' id='word_1_32' title='bbox 766 211 845 240; x_wconf 84' lang='lat' dir='ltr'>nihil</span> <span class='ocrx_word' id='word_1_33' title='bbox 864 208 978 240; x_wconf 89' lang='lat' dir='ltr'>sitcum</span> <span class='ocrx_word' id='word_1_34' title='bbox 992 219 1125 249; x_wconf 79' lang='lat' dir='ltr'>corpore.</span> 
     </span>
    </p>
   </div>
   <div class='ocr_carea' id='block_1_6' title="bbox 156 251 1686 550">
    <p class='ocr_par' dir='ltr' id='par_1_6' title="bbox 156 251 1686 550">
     <span class='ocr_line' id='line_1_6' title="bbox 163 251 1128 296; baseline -0.002 -12"><span class='ocrx_word' id='word_1_35' title='bbox 163 255 245 296; x_wconf 90' lang='lat' dir='ltr'>quod</span> <span class='ocrx_word' id='word_1_36' title='bbox 261 262 311 285; x_wconf 88' lang='lat' dir='ltr'>aut</span> <span class='ocrx_word' id='word_1_37' title='bbox 327 252 445 284; x_wconf 85' lang='lat' dir='ltr'>vatibus</span> <span class='ocrx_word' id='word_1_38' title='bbox 464 254 633 294; x_wconf 83' lang='lat' dir='ltr'>contingit,</span> <span class='ocrx_word' id='word_1_39' title='bbox 651 261 700 283; x_wconf 89' lang='lat' dir='ltr'>aut</span> <span class='ocrx_word' id='word_1_40' title='bbox 713 251 947 282; x_wconf 82' lang='lat' dir='ltr'>dormientibus.</span> <span class='ocrx_word' id='word_1_41' title='bbox 972 254 1075 292; x_wconf 85' lang='lat' dir='ltr'>Itaque</span> <span class='ocrx_word' id='word_1_42' title='bbox 1095 262 1128 282; x_wconf 89' lang='lat' dir='ltr'>ea</span> 
     </span>
     <span class='ocr_line' id='line_1_7' title="bbox 162 292 1127 337; baseline -0.004 -10"><span class='ocrx_word' id='word_1_43' title='bbox 162 298 224 327; x_wconf 83' lang='lat' dir='ltr'>duo</span> <span class='ocrx_word' id='word_1_44' title='bbox 232 305 339 337; x_wconf 87' lang='lat' dir='ltr'>genera</span> <span class='ocrx_word' id='word_1_45' title='bbox 348 294 364 325; x_wconf 78' lang='lat' dir='ltr'>a</span> <span class='ocrx_word' id='word_1_46' title='bbox 374 296 548 326; x_wconf 80' lang='lat' dir='ltr'>Dicaearcho</span> <span class='ocrx_word' id='word_1_47' title='bbox 556 295 721 335; x_wconf 87' lang='lat' dir='ltr'>probantur</span> <span class='ocrx_word' id='word_1_48' title='bbox 731 314 741 328; x_wconf 93' lang='lat'>,</span> <span class='ocrx_word' id='word_1_49' title='bbox 754 294 787 324; x_wconf 75' lang='grc' dir='ltr'>δε</span> <span class='ocrx_word' id='word_1_50' title='bbox 798 314 807 327; x_wconf 87' lang='grc'><strong><em>,</em></strong></span> <span class='ocrx_word' id='word_1_51' title='bbox 819 302 851 324; x_wconf 92' lang='lat' dir='ltr'>ut</span> <span class='ocrx_word' id='word_1_52' title='bbox 860 293 925 324; x_wconf 81' lang='lat' dir='ltr'>dixi</span> <span class='ocrx_word' id='word_1_53' title='bbox 938 313 945 326; x_wconf 83' lang='lat'>‚</span> <span class='ocrx_word' id='word_1_54' title='bbox 962 292 978 323; x_wconf 77' lang='lat' dir='ltr'>a</span> <span class='ocrx_word' id='word_1_55' title='bbox 989 295 1127 333; x_wconf 82' lang='lat' dir='ltr'>Cratippo</span> 
     </span>
     <span class='ocr_line' id='line_1_8' title="bbox 159 334 1127 378; baseline -0.004 -10"><span class='ocrx_word' id='word_1_56' title='bbox 159 336 265 368; x_wconf 83' lang='lat' dir='ltr'>nostro</span> <span class='ocrx_word' id='word_1_57' title='bbox 275 357 284 371; x_wconf 91' lang='lat'>,</span> <span class='ocrx_word' id='word_1_58' title='bbox 304 335 326 366; x_wconf 88' lang='lat' dir='ltr'>fi</span> <span class='ocrx_word' id='word_1_59' title='bbox 338 346 492 377; x_wconf 85' lang='lat' dir='ltr'>propterea</span> <span class='ocrx_word' id='word_1_60' title='bbox 502 357 510 370; x_wconf 88' lang='grc'>,</span> <span class='ocrx_word' id='word_1_61' title='bbox 532 337 613 378; x_wconf 88' lang='lat' dir='ltr'>quod</span> <span class='ocrx_word' id='word_1_62' title='bbox 623 347 656 368; x_wconf 87' lang='lat' dir='ltr'>ea</span> <span class='ocrx_word' id='word_1_63' title='bbox 664 335 894 377; x_wconf 81' lang='lat' dir='ltr'>proficiscuntur</span> <span class='ocrx_word' id='word_1_64' title='bbox 902 335 919 366; x_wconf 75' lang='lat' dir='ltr'>a</span> <span class='ocrx_word' id='word_1_65' title='bbox 929 343 1032 366; x_wconf 88' lang='lat' dir='ltr'>natura</span> <span class='ocrx_word' id='word_1_66' title='bbox 1043 355 1052 369; x_wconf 89' lang='lat'><em>‚</em></span> <span class='ocrx_word' id='word_1_67' title='bbox 1071 334 1127 365; x_wconf 87' lang='lat' dir='ltr'>sint</span> 
     </span>
     <span class='ocr_line' id='line_1_9' title="bbox 159 375 1232 424; baseline -0.005 -14"><span class='ocrx_word' id='word_1_68' title='bbox 159 379 282 410; x_wconf 85' lang='lat' dir='ltr'>summa</span> <span class='ocrx_word' id='word_1_69' title='bbox 294 378 362 410; x_wconf 78' lang='lat' dir='ltr'>sane</span> <span class='ocrx_word' id='word_1_70' title='bbox 374 399 382 413; x_wconf 86' lang='lat'>‚</span> <span class='ocrx_word' id='word_1_71' title='bbox 404 378 500 409; x_wconf 78' lang='lat' dir='ltr'>modo</span> <span class='ocrx_word' id='word_1_72' title='bbox 512 389 549 410; x_wconf 86' lang='lat' dir='ltr'>ne</span> <span class='ocrx_word' id='word_1_73' title='bbox 564 379 633 410; x_wconf 91' lang='lat' dir='ltr'>sola.</span> <span class='ocrx_word' id='word_1_74' title='bbox 656 379 699 409; x_wconf 85' lang='lat' dir='ltr'>fin</span> <span class='ocrx_word' id='word_1_75' title='bbox 711 387 810 409; x_wconf 87' lang='lat' dir='ltr'>autern</span> <span class='ocrx_word' id='word_1_76' title='bbox 822 378 900 408; x_wconf 88' lang='lat' dir='ltr'>nihil</span> <span class='ocrx_word' id='word_1_77' title='bbox 910 375 968 407; x_wconf 83' lang='lat' dir='ltr'>effe</span> <span class='ocrx_word' id='word_1_78' title='bbox 979 379 1012 407; x_wconf 89' lang='lat' dir='ltr'>in</span> <span class='ocrx_word' id='word_1_79' title='bbox 1024 376 1125 407; x_wconf 89' lang='lat' dir='ltr'>obser·</span> <span class='ocrx_word' id='word_1_80' title='bbox 1226 416 1232 424; x_wconf 18' lang='grc' dir='ltr'>Κ</span> 
     </span>
     <span class='ocr_line' id='line_1_10' title="bbox 158 415 1686 468; baseline 0.003 -17"><span class='ocrx_word' id='word_1_81' title='bbox 158 422 281 452; x_wconf 81' lang='lat' dir='ltr'>vatione</span> <span class='ocrx_word' id='word_1_82' title='bbox 299 430 406 462; x_wconf 88' lang='lat' dir='ltr'>putant</span> <span class='ocrx_word' id='word_1_83' title='bbox 418 431 423 450; x_wconf 88' lang='lat'>:</span> <span class='ocrx_word' id='word_1_84' title='bbox 444 422 540 452; x_wconf 89' lang='lat' dir='ltr'>multa</span> <span class='ocrx_word' id='word_1_85' title='bbox 551 422 680 455; x_wconf 83' lang='lat' dir='ltr'>tollii-nt,</span> <span class='ocrx_word' id='word_1_86' title='bbox 699 419 810 462; x_wconf 91' lang='lat' dir='ltr'>quibus</span> <span class='ocrx_word' id='word_1_87' title='bbox 820 421 888 450; x_wconf 81' lang='lat' dir='ltr'>vitae</span> <span class='ocrx_word' id='word_1_88' title='bbox 899 420 975 449; x_wconf 80' lang='lat' dir='ltr'>ratio</span> <span class='ocrx_word' id='word_1_89' title='bbox 986 420 1124 465; x_wconf 76' lang='lat' dir='ltr'>contine-</span> <span class='ocrx_word' id='word_1_90' title='bbox 1160 415 1237 446; x_wconf 85' lang='lat' dir='ltr'>bene</span> <span class='ocrx_word' id='word_1_91' title='bbox 1251 427 1388 465; x_wconf 85' lang='lat' dir='ltr'>percepta</span> <span class='ocrx_word' id='word_1_92' title='bbox 1396 421 1464 452; x_wconf 87' lang='lat' dir='ltr'>sunt</span> <span class='ocrx_word' id='word_1_93' title='bbox 1475 442 1484 456; x_wconf 86' lang='lat'>,</span> <span class='ocrx_word' id='word_1_94' title='bbox 1504 425 1601 455; x_wconf 91' lang='lat' dir='ltr'>iinon</span> <span class='ocrx_word' id='word_1_95' title='bbox 1614 427 1686 468; x_wconf 85' lang='lat' dir='ltr'>saepe</span> 
     </span>
     <span class='ocr_line' id='line_1_11' title="bbox 159 458 1513 506; baseline 0.001 -13"><span class='ocrx_word' id='word_1_96' title='bbox 159 471 217 493; x_wconf 87' lang='lat' dir='ltr'>tur.</span> <span class='ocrx_word' id='word_1_97' title='bbox 240 462 297 494; x_wconf 98' lang='lat' dir='ltr'>Sed</span> <span class='ocrx_word' id='word_1_98' title='bbox 306 465 454 504; x_wconf 85' lang='lat' dir='ltr'>quoniam</span> <span class='ocrx_word' id='word_1_99' title='bbox 466 462 537 494; x_wconf 88' lang='lat' dir='ltr'>dant</span> <span class='ocrx_word' id='word_1_100' title='bbox 545 463 658 504; x_wconf 89' lang='lat' dir='ltr'>aliquid</span> <span class='ocrx_word' id='word_1_101' title='bbox 671 483 680 497; x_wconf 91' lang='lat'>,</span> <span class='ocrx_word' id='word_1_102' title='bbox 697 463 786 503; x_wconf 90' lang='lat' dir='ltr'>idque</span> <span class='ocrx_word' id='word_1_103' title='bbox 796 471 860 492; x_wconf 90' lang='lat' dir='ltr'>non</span> <span class='ocrx_word' id='word_1_104' title='bbox 870 470 998 501; x_wconf 81' lang='lat' dir='ltr'>parvum</span> <span class='ocrx_word' id='word_1_105' title='bbox 1011 481 1020 494; x_wconf 91' lang='lat'>,</span> <span class='ocrx_word' id='word_1_106' title='bbox 1043 467 1125 490; x_wconf 74' lang='lat' dir='ltr'>vati·</span> <span class='ocrx_word' id='word_1_107' title='bbox 1141 478 1142 496; x_wconf 56' lang='lat'>2</span> <span class='ocrx_word' id='word_1_108' title='bbox 1158 458 1296 499; x_wconf 85' lang='lat' dir='ltr'>maleque</span> <span class='ocrx_word' id='word_1_109' title='bbox 1305 471 1495 506; x_wconf 80' lang='lat' dir='ltr'>interpretata</span> <span class='ocrx_word' id='word_1_110' title='bbox 1504 485 1513 498; x_wconf 93' lang='lat'>,</span> 
     </span>
     <span class='ocr_line' id='line_1_12' title="bbox 156 503 1670 550; baseline 0.005 -16"><span class='ocrx_word' id='word_1_111' title='bbox 156 505 312 534; x_wconf 80' lang='lat' dir='ltr'>cinationes</span> <span class='ocrx_word' id='word_1_112' title='bbox 325 515 389 534; x_wconf 83' lang='lat' dir='ltr'>cum</span> <span class='ocrx_word' id='word_1_113' title='bbox 397 505 530 545; x_wconf 75' lang='lat' dir='ltr'>somniis:</span> <span class='ocrx_word' id='word_1_114' title='bbox 545 506 624 536; x_wconf 85' lang='lat' dir='ltr'>nihil</span> <span class='ocrx_word' id='word_1_115' title='bbox 635 504 678 535; x_wconf 87' lang='lat' dir='ltr'>est</span> <span class='ocrx_word' id='word_1_116' title='bbox 688 524 697 538; x_wconf 93' lang='lat'>,</span> <span class='ocrx_word' id='word_1_117' title='bbox 712 503 795 545; x_wconf 90' lang='lat' dir='ltr'>quod</span> <span class='ocrx_word' id='word_1_118' title='bbox 805 513 876 534; x_wconf 89' lang='lat' dir='ltr'>cum</span> <span class='ocrx_word' id='word_1_119' title='bbox 886 503 933 532; x_wconf 90' lang='lat' dir='ltr'>his</span> <span class='ocrx_word' id='word_1_120' title='bbox 943 512 1124 543; x_wconf 85' lang='lat' dir='ltr'>magnopere</span> <span class='ocrx_word' id='word_1_121' title='bbox 1139 535 1141 550; x_wconf 38' lang='lat'>1</span> <span class='ocrx_word' id='word_1_122' title='bbox 1159 507 1311 541; x_wconf 81' lang='lat' dir='ltr'>terprerum</span> <span class='ocrx_word' id='word_1_123' title='bbox 1321 504 1478 542; x_wconf 72' lang='lat' dir='ltr'>inscientia.</span> <span class='ocrx_word' id='word_1_124' title='bbox 1494 509 1562 539; x_wconf 91' lang='lat' dir='ltr'>Hoc</span> <span class='ocrx_word' id='word_1_125' title='bbox 1571 519 1670 541; x_wconf 88' lang='lat' dir='ltr'>autem</span> 
     </span>
    </p>
   </div>
   <div class='ocr_carea' id='block_1_7' title="bbox 155 543 1121 715">
    <p class='ocr_par' dir='ltr' id='par_1_7' title="bbox 155 543 1121 715">
     <span class='ocr_line' id='line_1_13' title="bbox 159 543 1121 592; baseline -0.003 -15"><span class='ocrx_word' id='word_1_126' title='bbox 159 556 331 588; x_wconf 86' lang='lat' dir='ltr'><strong>pugnemus</strong></span> <span class='ocrx_word' id='word_1_127' title='bbox 342 568 350 581; x_wconf 93' lang='lat'>,</span> <span class='ocrx_word' id='word_1_128' title='bbox 361 548 524 588; x_wconf 84' lang='lat' dir='ltr'>praesertim</span> <span class='ocrx_word' id='word_1_129' title='bbox 534 547 606 578; x_wconf 69' lang='lat' dir='ltr'>esim</span> <span class='ocrx_word' id='word_1_130' title='bbox 618 546 691 581; x_wconf 73' lang='lat' dir='ltr'>fini,</span> <span class='ocrx_word' id='word_1_131' title='bbox 708 548 761 587; x_wconf 89' lang='lat' dir='ltr'>qui</span> <span class='ocrx_word' id='word_1_132' title='bbox 770 543 902 576; x_wconf 78' lang='lat' dir='ltr'>omnino</span> <span class='ocrx_word' id='word_1_133' title='bbox 914 545 1030 592; x_wconf 83' lang='lat' dir='ltr'>nullam</span> <span class='ocrx_word' id='word_1_134' title='bbox 1041 545 1121 575; x_wconf 87' lang='lat' dir='ltr'>divi-</span> 
     </span>
     <span class='ocr_line' id='line_1_14' title="bbox 159 587 1121 635; baseline -0.003 -16"><span class='ocrx_word' id='word_1_135' title='bbox 159 593 316 620; x_wconf 88' lang='lat' dir='ltr'>nationem</span> <span class='ocrx_word' id='word_1_136' title='bbox 327 590 465 630; x_wconf 88' lang='lat' dir='ltr'>probent.</span> <span class='ocrx_word' id='word_1_137' title='bbox 488 592 566 631; x_wconf 83' lang='lat' dir='ltr'>Ergo</span> <span class='ocrx_word' id='word_1_138' title='bbox 577 590 640 620; x_wconf 91' lang='lat' dir='ltr'>&amp;ii</span> <span class='ocrx_word' id='word_1_139' title='bbox 654 609 663 622; x_wconf 90' lang='lat'>,</span> <span class='ocrx_word' id='word_1_140' title='bbox 675 597 806 629; x_wconf 90' lang='lat' dir='ltr'>quorum</span> <span class='ocrx_word' id='word_1_141' title='bbox 815 588 931 621; x_wconf 88' lang='lat' dir='ltr'>animi,</span> <span class='ocrx_word' id='word_1_142' title='bbox 942 587 1044 635; x_wconf 73' lang='lat' dir='ltr'>spretis</span> <span class='ocrx_word' id='word_1_143' title='bbox 1054 596 1121 635; x_wconf 71' lang='lat' dir='ltr'>cor—</span> 
     </span>
     <span class='ocr_line' id='line_1_15' title="bbox 155 629 1120 676; baseline -0.003 -15"><span class='ocrx_word' id='word_1_144' title='bbox 155 631 280 671; x_wconf 87' lang='lat' dir='ltr'>poribus</span> <span class='ocrx_word' id='word_1_145' title='bbox 293 652 301 666; x_wconf 92' lang='lat'>,</span> <span class='ocrx_word' id='word_1_146' title='bbox 313 632 436 663; x_wconf 86' lang='lat' dir='ltr'>evolant</span> <span class='ocrx_word' id='word_1_147' title='bbox 445 651 454 666; x_wconf 86' lang='lat'>‚</span> <span class='ocrx_word' id='word_1_148' title='bbox 468 640 555 672; x_wconf 89' lang='lat' dir='ltr'>atque</span> <span class='ocrx_word' id='word_1_149' title='bbox 565 639 730 662; x_wconf 84' lang='lat' dir='ltr'>excurrunt</span> <span class='ocrx_word' id='word_1_150' title='bbox 737 630 816 660; x_wconf 88' lang='lat' dir='ltr'>foras</span> <span class='ocrx_word' id='word_1_151' title='bbox 826 649 835 664; x_wconf 81' lang='lat'><em>‚</em></span> <span class='ocrx_word' id='word_1_152' title='bbox 847 629 951 660; x_wconf 83' lang='lat' dir='ltr'>ardore</span> <span class='ocrx_word' id='word_1_153' title='bbox 959 630 1060 669; x_wconf 84' lang='lat' dir='ltr'>aliquo</span> <span class='ocrx_word' id='word_1_154' title='bbox 1071 639 1120 676; x_wconf 82' lang='lat' dir='ltr'>in-</span> 
     </span>
     <span class='ocr_line' id='line_1_16' title="bbox 156 669 1118 715; baseline -0.003 -12"><span class='ocrx_word' id='word_1_155' title='bbox 156 671 306 705; x_wconf 82' lang='lat' dir='ltr'>flammati</span> <span class='ocrx_word' id='word_1_156' title='bbox 316 694 324 708; x_wconf 96' lang='lat'>‚</span> <span class='ocrx_word' id='word_1_157' title='bbox 343 682 430 715; x_wconf 88' lang='lat' dir='ltr'>atque</span> <span class='ocrx_word' id='word_1_158' title='bbox 441 675 575 708; x_wconf 87' lang='lat' dir='ltr'>incitati,</span> <span class='ocrx_word' id='word_1_159' title='bbox 592 681 720 704; x_wconf 89' lang='lat' dir='ltr'>cernunt</span> <span class='ocrx_word' id='word_1_160' title='bbox 730 673 781 702; x_wconf 90' lang='lat' dir='ltr'>illa</span> <span class='ocrx_word' id='word_1_161' title='bbox 789 669 927 712; x_wconf 64' lang='lat' dir='ltr'>profeffl)</span> <span class='ocrx_word' id='word_1_162' title='bbox 938 691 946 704; x_wconf 87' lang='lat'>,</span> <span class='ocrx_word' id='word_1_163' title='bbox 966 681 1032 712; x_wconf 85' lang='lat' dir='ltr'>quae</span> <span class='ocrx_word' id='word_1_164' title='bbox 1044 680 1118 702; x_wconf 91' lang='lat' dir='ltr'>vati-</span> 
     </span>
    </p>
   </div>
   <div class='ocr_carea' id='block_1_8' title="bbox 154 712 1136 758">
    <p class='ocr_par' dir='ltr' id='par_1_8' title="bbox 154 712 1136 758">
     <span class='ocr_line' id='line_1_17' title="bbox 154 712 1136 758; baseline -0.002 -13"><span class='ocrx_word' id='word_1_165' title='bbox 154 716 293 746; x_wconf 86' lang='lat' dir='ltr'>cinantes</span> <span class='ocrx_word' id='word_1_166' title='bbox 301 717 520 756; x_wconf 82' lang='lat' dir='ltr'>praenuntiant:</span> <span class='ocrx_word' id='word_1_167' title='bbox 535 716 698 755; x_wconf 88' lang='lat' dir='ltr'>multisque</span> <span class='ocrx_word' id='word_1_168' title='bbox 708 714 796 745; x_wconf 87' lang='lat' dir='ltr'>rebus</span> <span class='ocrx_word' id='word_1_169' title='bbox 807 712 1033 743; x_wconf 87' lang='lat' dir='ltr'>inflammantur</span> <span class='ocrx_word' id='word_1_170' title='bbox 1046 713 1117 743; x_wconf 88' lang='lat' dir='ltr'>tales</span> <span class='ocrx_word' id='word_1_171' title='bbox 1134 737 1136 758; x_wconf 36' lang='lat' dir='ltr'>j</span> 
     </span>
    </p>
   </div>
   <div class='ocr_carea' id='block_1_9' title="bbox 152 755 1117 840">
    <p class='ocr_par' dir='ltr' id='par_1_9' title="bbox 152 755 1117 840">
     <span class='ocr_line' id='line_1_18' title="bbox 154 755 1117 799; baseline -0.002 -13"><span class='ocrx_word' id='word_1_172' title='bbox 154 759 252 788; x_wconf 88' lang='lat' dir='ltr'>animi</span> <span class='ocrx_word' id='word_1_173' title='bbox 265 777 274 792; x_wconf 87' lang='lat'>,</span> <span class='ocrx_word' id='word_1_174' title='bbox 285 760 339 799; x_wconf 84' lang='lat' dir='ltr'>qui</span> <span class='ocrx_word' id='word_1_175' title='bbox 350 757 526 798; x_wconf 83' lang='lat' dir='ltr'>corporibus</span> <span class='ocrx_word' id='word_1_176' title='bbox 534 767 598 788; x_wconf 90' lang='lat' dir='ltr'>non</span> <span class='ocrx_word' id='word_1_177' title='bbox 609 759 780 790; x_wconf 82' lang='lat' dir='ltr'>inhaerent·,</span> <span class='ocrx_word' id='word_1_178' title='bbox 797 764 829 785; x_wconf 89' lang='lat' dir='ltr'>ut</span> <span class='ocrx_word' id='word_1_179' title='bbox 837 757 860 785; x_wconf 84' lang='lat' dir='ltr'>i&#39;i</span> <span class='ocrx_word' id='word_1_180' title='bbox 869 774 878 788; x_wconf 97' lang='lat'>,</span> <span class='ocrx_word' id='word_1_181' title='bbox 890 756 942 796; x_wconf 91' lang='lat' dir='ltr'>qui</span> <span class='ocrx_word' id='word_1_182' title='bbox 953 755 1027 785; x_wconf 85' lang='lat' dir='ltr'>sono</span> <span class='ocrx_word' id='word_1_183' title='bbox 1037 765 1117 796; x_wconf 89' lang='lat' dir='ltr'>quo-</span> 
     </span>
     <span class='ocr_line' id='line_1_19' title="bbox 152 797 1117 840; baseline -0.001 -12"><span class='ocrx_word' id='word_1_184' title='bbox 152 799 226 829; x_wconf 83' lang='lat' dir='ltr'>dam</span> <span class='ocrx_word' id='word_1_185' title='bbox 242 809 353 830; x_wconf 90' lang='lat' dir='ltr'>vocum</span> <span class='ocrx_word' id='word_1_186' title='bbox 365 819 374 833; x_wconf 89' lang='lat'>,</span> <span class='ocrx_word' id='word_1_187' title='bbox 396 800 574 840; x_wconf 84' lang='lat' dir='ltr'>&amp;Phrygiis</span> <span class='ocrx_word' id='word_1_188' title='bbox 584 798 911 830; x_wconf 82' lang='lat' dir='ltr'>cantibusincitantur:</span> <span class='ocrx_word' id='word_1_189' title='bbox 929 797 1045 827; x_wconf 89' lang='lat' dir='ltr'>multos</span> <span class='ocrx_word' id='word_1_190' title='bbox 1063 807 1117 827; x_wconf 89' lang='lat' dir='ltr'>ne-</span> 
     </span>
    </p>
   </div>
   <div class='ocr_carea' id='block_1_10' title="bbox 153 840 1134 882">
    <p class='ocr_par' dir='ltr' id='par_1_10' title="bbox 153 840 1134 882">
     <span class='ocr_line' id='line_1_20' title="bbox 153 840 1134 882; baseline -0.003 -12"><span class='ocrx_word' id='word_1_191' title='bbox 153 850 240 872; x_wconf 88' lang='lat' dir='ltr'>mora</span> <span class='ocrx_word' id='word_1_192' title='bbox 253 861 263 876; x_wconf 88' lang='lat'>,</span> <span class='ocrx_word' id='word_1_193' title='bbox 283 841 437 882; x_wconf 85' lang='lat' dir='ltr'>filvaeque:</span> <span class='ocrx_word' id='word_1_194' title='bbox 462 842 578 870; x_wconf 89' lang='lat' dir='ltr'>multos</span> <span class='ocrx_word' id='word_1_195' title='bbox 592 849 716 873; x_wconf 86' lang='lat' dir='ltr'>amnes,</span> <span class='ocrx_word' id='word_1_196' title='bbox 737 849 787 869; x_wconf 88' lang='lat' dir='ltr'>aut</span> <span class='ocrx_word' id='word_1_197' title='bbox 801 840 892 869; x_wconf 88' lang='lat' dir='ltr'>maria</span> <span class='ocrx_word' id='word_1_198' title='bbox 903 847 1114 869; x_wconf 86' lang='lat' dir='ltr'>commovent:</span> <span class='ocrx_word' id='word_1_199' title='bbox 1133 867 1134 872; x_wconf 63' lang='grc'>,</span> 
     </span>
    </p>
   </div>
   <div class='ocr_carea' id='block_1_11' title="bbox 126 879 1115 2680">
    <p class='ocr_par' dir='ltr' id='par_1_11' title="bbox 151 879 1112 964">
     <span class='ocr_line' id='line_1_21' title="bbox 152 879 1112 922; baseline -0.003 -10"><span class='ocrx_word' id='word_1_200' title='bbox 152 892 285 922; x_wconf 88' lang='lat' dir='ltr'>quorum</span> <span class='ocrx_word' id='word_1_201' title='bbox 296 881 460 912; x_wconf 85' lang='lat' dir='ltr'>furibunda</span> <span class='ocrx_word' id='word_1_202' title='bbox 469 891 558 911; x_wconf 88' lang='lat' dir='ltr'>mens</span> <span class='ocrx_word' id='word_1_203' title='bbox 566 882 648 912; x_wconf 89' lang='lat' dir='ltr'>videt</span> <span class='ocrx_word' id='word_1_204' title='bbox 657 880 726 912; x_wconf 72' lang='lat' dir='ltr'>ante</span> <span class='ocrx_word' id='word_1_205' title='bbox 735 881 916 922; x_wconf 85' lang='lat' dir='ltr'>multo,quae</span> <span class='ocrx_word' id='word_1_206' title='bbox 925 879 1025 911; x_wconf 82' lang='lat' dir='ltr'>futura</span> <span class='ocrx_word' id='word_1_207' title='bbox 1034 880 1112 912; x_wconf 82' lang='lat' dir='ltr'>sunt.</span> 
     </span>
     <span class='ocr_line' id='line_1_22' title="bbox 151 922 546 964; baseline -0.005 -10"><span class='ocrx_word' id='word_1_208' title='bbox 151 927 223 964; x_wconf 90' lang='lat' dir='ltr'>Quo</span> <span class='ocrx_word' id='word_1_209' title='bbox 233 924 269 954; x_wconf 87' lang='lat' dir='ltr'>de</span> <span class='ocrx_word' id='word_1_210' title='bbox 277 933 384 964; x_wconf 82' lang='lat' dir='ltr'>genere</span> <span class='ocrx_word' id='word_1_211' title='bbox 393 923 446 953; x_wconf 88' lang='lat' dir='ltr'>illa</span> <span class='ocrx_word' id='word_1_212' title='bbox 454 922 525 953; x_wconf 90' lang='lat' dir='ltr'>sunt</span> <span class='ocrx_word' id='word_1_213' title='bbox 539 932 546 952; x_wconf 79' lang='lat' dir='ltr'>z</span> 
     </span>
    </p>

    <p class='ocr_par' dir='ltr' id='par_1_12' title="bbox 234 963 922 1006">
     <span class='ocr_line' id='line_1_23' title="bbox 234 963 922 1006; baseline 0 -14"><span class='ocrx_word' id='word_1_214' title='bbox 234 966 316 996; x_wconf 78' lang='lat' dir='ltr'>Eheu</span> <span class='ocrx_word' id='word_1_215' title='bbox 326 984 335 999; x_wconf 91' lang='lat'>‚</span> <span class='ocrx_word' id='word_1_216' title='bbox 352 964 465 994; x_wconf 77' lang='lat' dir='ltr'>videte:</span> <span class='ocrx_word' id='word_1_217' title='bbox 475 964 625 1003; x_wconf 62' lang='lat' dir='ltr'>judicavit</span> <span class='ocrx_word' id='word_1_218' title='bbox 633 964 770 1006; x_wconf 76' lang='lat' dir='ltr'>inclytum</span> <span class='ocrx_word' id='word_1_219' title='bbox 775 963 922 1003; x_wconf 83' lang='lat' dir='ltr'>judicium</span> 
     </span>
    </p>

    <p class='ocr_par' dir='ltr' id='par_1_13' title="bbox 233 1005 982 1048">
     <span class='ocr_line' id='line_1_24' title="bbox 233 1005 982 1048; baseline 0 -12"><span class='ocrx_word' id='word_1_220' title='bbox 233 1008 314 1036; x_wconf 84' lang='lat' dir='ltr'><em>Inter</em></span> <span class='ocrx_word' id='word_1_221' title='bbox 322 1006 385 1035; x_wconf 71' lang='lat' dir='ltr'>dem</span> <span class='ocrx_word' id='word_1_222' title='bbox 393 1007 456 1035; x_wconf 72' lang='lat' dir='ltr'>treis</span> <span class='ocrx_word' id='word_1_223' title='bbox 463 1006 572 1048; x_wconf 81' lang='lat' dir='ltr'>aliquis</span> <span class='ocrx_word' id='word_1_224' title='bbox 578 1017 590 1034; x_wconf 81' lang='grc'>.·</span> <span class='ocrx_word' id='word_1_225' title='bbox 597 1017 651 1048; x_wconf 83' lang='lat' dir='ltr'>quo</span> <span class='ocrx_word' id='word_1_226' title='bbox 655 1007 764 1046; x_wconf 82' lang='lat' dir='ltr'>judicio</span> <span class='ocrx_word' id='word_1_227' title='bbox 773 1005 982 1036; x_wconf 74' lang='lat' dir='ltr'>Lacedaemonia</span> 
     </span>
    </p>

    <p class='ocr_par' dir='ltr' id='par_1_14' title="bbox 148 1048 1115 1173">
     <span class='ocr_line' id='line_1_25' title="bbox 235 1048 766 1088; baseline -0.002 -9"><span class='ocrx_word' id='word_1_228' title='bbox 235 1048 347 1079; x_wconf 79' lang='lat' dir='ltr'><em>Mulier</em></span> <span class='ocrx_word' id='word_1_229' title='bbox 355 1068 364 1083; x_wconf 94' lang='lat'>‚</span> <span class='ocrx_word' id='word_1_230' title='bbox 371 1049 523 1088; x_wconf 82' lang='lat' dir='ltr'>furiarum</span> <span class='ocrx_word' id='word_1_231' title='bbox 532 1059 590 1078; x_wconf 84' lang='lat' dir='ltr'>una</span> <span class='ocrx_word' id='word_1_232' title='bbox 600 1069 609 1083; x_wconf 89' lang='lat'>,</span> <span class='ocrx_word' id='word_1_233' title='bbox 620 1049 766 1079; x_wconf 79' lang='lat' dir='ltr'><em>adveniet.</em></span> 
     </span>
     <span class='ocr_line' id='line_1_26' title="bbox 149 1088 1115 1132; baseline 0.002 -12"><span class='ocrx_word' id='word_1_234' title='bbox 149 1088 270 1121; x_wconf 80' lang='lat' dir='ltr'>Eodem</span> <span class='ocrx_word' id='word_1_235' title='bbox 281 1092 364 1121; x_wconf 87' lang='lat' dir='ltr'>enim</span> <span class='ocrx_word' id='word_1_236' title='bbox 375 1090 470 1121; x_wconf 88' lang='lat' dir='ltr'>modo</span> <span class='ocrx_word' id='word_1_237' title='bbox 490 1094 501 1110; x_wconf 88' lang='lat'><em>¹</em></span> <span class='ocrx_word' id='word_1_238' title='bbox 512 1091 608 1122; x_wconf 88' lang='lat' dir='ltr'>multa</span> <span class='ocrx_word' id='word_1_239' title='bbox 616 1091 632 1122; x_wconf 75' lang='lat' dir='ltr'>&#39;a</span> <span class='ocrx_word' id='word_1_240' title='bbox 643 1089 875 1122; x_wconf 85' lang='lat' dir='ltr'>vaticinantibus</span> <span class='ocrx_word' id='word_1_241' title='bbox 887 1089 959 1132; x_wconf 77' lang='lat' dir='ltr'>saepe</span> <span class='ocrx_word' id='word_1_242' title='bbox 973 1089 1115 1132; x_wconf 63' lang='lat' dir='ltr'>praedieia</span> 
     </span>
     <span class='ocr_line' id='line_1_27' title="bbox 148 1131 754 1173; baseline 0 -10"><span class='ocrx_word' id='word_1_243' title='bbox 148 1133 220 1164; x_wconf 79' lang='lat' dir='ltr'>sunt</span> <span class='ocrx_word' id='word_1_244' title='bbox 230 1152 239 1167; x_wconf 90' lang='lat'>‚</span> <span class='ocrx_word' id='word_1_245' title='bbox 252 1141 350 1173; x_wconf 89' lang='lat' dir='ltr'>neque</span> <span class='ocrx_word' id='word_1_246' title='bbox 360 1131 461 1162; x_wconf 79' lang='lat' dir='ltr'>solum</span> <span class='ocrx_word' id='word_1_247' title='bbox 473 1132 570 1163; x_wconf 88' lang='lat' dir='ltr'>verbis</span> <span class='ocrx_word' id='word_1_248' title='bbox 581 1153 590 1166; x_wconf 91' lang='lat'>,</span> <span class='ocrx_word' id='word_1_249' title='bbox 604 1133 653 1164; x_wconf 89' lang='lat' dir='ltr'>sed</span> <span class='ocrx_word' id='word_1_250' title='bbox 663 1135 754 1163; x_wconf 84' lang='lat' dir='ltr'>etiam</span> 
     </span>
    </p>

    <p class='ocr_par' dir='ltr' id='par_1_15' title="bbox 126 1173 1111 2680">
     <span class='ocr_line' id='line_1_28' title="bbox 235 1173 960 1216; baseline -0.001 -12"><span class='ocrx_word' id='word_1_251' title='bbox 235 1173 357 1215; x_wconf 80' lang='lat' dir='ltr'>Verfibu’</span> <span class='ocrx_word' id='word_1_252' title='bbox 370 1193 378 1208; x_wconf 86' lang='lat'>‚</span> <span class='ocrx_word' id='word_1_253' title='bbox 390 1184 459 1215; x_wconf 86' lang='lat' dir='ltr'>quos</span> <span class='ocrx_word' id='word_1_254' title='bbox 467 1174 536 1204; x_wconf 87' lang='lat' dir='ltr'>olim</span> <span class='ocrx_word' id='word_1_255' title='bbox 544 1176 636 1204; x_wconf 82' lang='lat' dir='ltr'><em>Fauni</em></span> <span class='ocrx_word' id='word_1_256' title='bbox 647 1195 656 1208; x_wconf 94' lang='lat'><em>‚</em></span> <span class='ocrx_word' id='word_1_257' title='bbox 670 1175 806 1216; x_wconf 80' lang='lat' dir='ltr'>vatesque</span> <span class='ocrx_word' id='word_1_258' title='bbox 813 1173 960 1205; x_wconf 79' lang='lat' dir='ltr'><em>canebant.</em></span> 
     </span>
     <span class='ocr_line' id='line_1_29' title="bbox 148 1215 1109 1250; baseline 0 -4"><span class='ocrx_word' id='word_1_259' title='bbox 148 1216 298 1248; x_wconf 81' lang='lat' dir='ltr'>Similiter</span> <span class='ocrx_word' id='word_1_260' title='bbox 315 1218 461 1250; x_wconf 75' lang='lat' dir='ltr'>Martius,</span> <span class='ocrx_word' id='word_1_261' title='bbox 484 1217 516 1247; x_wconf 91' lang='lat'>&amp;</span> <span class='ocrx_word' id='word_1_262' title='bbox 527 1217 683 1248; x_wconf 81' lang='lat' dir='ltr'>Publicius</span> <span class='ocrx_word' id='word_1_263' title='bbox 700 1225 781 1247; x_wconf 88' lang='lat' dir='ltr'>vates</span> <span class='ocrx_word' id='word_1_264' title='bbox 798 1215 938 1247; x_wconf 82' lang='lat' dir='ltr'>ceciniffe</span> <span class='ocrx_word' id='word_1_265' title='bbox 957 1216 1109 1248; x_wconf 84' lang='lat' dir='ltr'>dicuntur.</span> 
     </span>
     <span class='ocr_line' id='line_1_30' title="bbox 145 1257 1110 1300; baseline 0.002 -12"><span class='ocrx_word' id='word_1_266' title='bbox 145 1267 210 1298; x_wconf 91' lang='lat' dir='ltr'>quo</span> <span class='ocrx_word' id='word_1_267' title='bbox 227 1257 244 1288; x_wconf 78' lang='grc' dir='ltr'>ὲ</span> <span class='ocrx_word' id='word_1_268' title='bbox 260 1268 387 1298; x_wconf 79' lang='lat' dir='ltr'>genere,</span> <span class='ocrx_word' id='word_1_269' title='bbox 405 1258 560 1299; x_wconf 77' lang='lat' dir='ltr'>Apollinis</span> <span class='ocrx_word' id='word_1_270' title='bbox 570 1257 669 1300; x_wconf 88' lang='lat' dir='ltr'>operta</span> <span class='ocrx_word' id='word_1_271' title='bbox 679 1259 793 1299; x_wconf 85' lang='lat' dir='ltr'>prolata</span> <span class='ocrx_word' id='word_1_272' title='bbox 804 1259 882 1289; x_wconf 88' lang='lat' dir='ltr'>sunt.</span> <span class='ocrx_word' id='word_1_273' title='bbox 905 1258 1002 1289; x_wconf 86' lang='lat' dir='ltr'>Credo</span> <span class='ocrx_word' id='word_1_274' title='bbox 1019 1261 1110 1290; x_wconf 81' lang='lat' dir='ltr'>etiam</span> 
     </span>
     <span class='ocr_line' id='line_1_31' title="bbox 147 1299 1111 1342; baseline 0.002 -12"><span class='ocrx_word' id='word_1_275' title='bbox 147 1301 298 1330; x_wconf 85' lang='lat' dir='ltr'>anhelitus</span> <span class='ocrx_word' id='word_1_276' title='bbox 316 1299 462 1341; x_wconf 87' lang='lat' dir='ltr'>quosdam</span> <span class='ocrx_word' id='word_1_277' title='bbox 472 1299 559 1331; x_wconf 82' lang='lat' dir='ltr'>fuiffe</span> <span class='ocrx_word' id='word_1_278' title='bbox 569 1309 712 1331; x_wconf 89' lang='lat' dir='ltr'>terrarum</span> <span class='ocrx_word' id='word_1_279' title='bbox 725 1321 734 1335; x_wconf 91' lang='lat'>,</span> <span class='ocrx_word' id='word_1_280' title='bbox 753 1300 862 1342; x_wconf 90' lang='lat' dir='ltr'>quibus</span> <span class='ocrx_word' id='word_1_281' title='bbox 873 1299 982 1331; x_wconf 84' lang='lat' dir='ltr'>inflatae</span> <span class='ocrx_word' id='word_1_282' title='bbox 994 1311 1111 1332; x_wconf 86' lang='lat' dir='ltr'>mentes</span> 
     </span>
     <span class='ocr_line' id='line_1_32' title="bbox 495 1343 1110 1384; baseline 0.002 -11"><span class='ocrx_word' id='word_1_283' title='bbox 495 1345 592 1384; x_wconf 85' lang='lat' dir='ltr'>Atque</span> <span class='ocrx_word' id='word_1_284' title='bbox 608 1343 672 1374; x_wconf 83' lang='lat' dir='ltr'>haec</span> <span class='ocrx_word' id='word_1_285' title='bbox 689 1343 816 1384; x_wconf 89' lang='lat' dir='ltr'>quidem</span> <span class='ocrx_word' id='word_1_286' title='bbox 837 1346 851 1362; x_wconf 91' lang='lat'><em>²</em></span> <span class='ocrx_word' id='word_1_287' title='bbox 861 1351 962 1373; x_wconf 87' lang='lat' dir='ltr'>vatum</span> <span class='ocrx_word' id='word_1_288' title='bbox 973 1345 1048 1374; x_wconf 90' lang='lat' dir='ltr'>ratio</span> <span class='ocrx_word' id='word_1_289' title='bbox 1058 1343 1110 1374; x_wconf 89' lang='lat' dir='ltr'>est:</span> 
     </span>
     <span class='ocr_line' id='line_1_33' title="bbox 147 1382 1110 1426; baseline 0 -11"><span class='ocrx_word' id='word_1_290' title='bbox 147 1394 205 1415; x_wconf 86' lang='lat' dir='ltr'>nec</span> <span class='ocrx_word' id='word_1_291' title='bbox 215 1382 367 1414; x_wconf 86' lang='lat' dir='ltr'>diffimilis</span> <span class='ocrx_word' id='word_1_292' title='bbox 375 1384 443 1415; x_wconf 70' lang='lat' dir='ltr'>sane</span> <span class='ocrx_word' id='word_1_293' title='bbox 455 1384 656 1414; x_wconf 84' lang='lat' dir='ltr'>somniorum.</span> <span class='ocrx_word' id='word_1_294' title='bbox 679 1394 750 1415; x_wconf 89' lang='lat' dir='ltr'>nam</span> <span class='ocrx_word' id='word_1_295' title='bbox 768 1394 834 1425; x_wconf 85' lang='lat' dir='ltr'>quae</span> <span class='ocrx_word' id='word_1_296' title='bbox 851 1385 1049 1426; x_wconf 82' lang='lat' dir='ltr'>vigilantibus</span> <span class='ocrx_word' id='word_1_297' title='bbox 1062 1396 1110 1416; x_wconf 91' lang='lat' dir='ltr'>ac-</span> 
     </span>
     <span class='ocr_line' id='line_1_34' title="bbox 145 1425 1109 1467; baseline 0.002 -11"><span class='ocrx_word' id='word_1_298' title='bbox 145 1425 255 1457; x_wconf 91' lang='lat' dir='ltr'>cidunt</span> <span class='ocrx_word' id='word_1_299' title='bbox 264 1425 400 1459; x_wconf 62' lang='lat' dir='ltr'>vatibus,</span> <span class='ocrx_word' id='word_1_300' title='bbox 420 1425 523 1455; x_wconf 90' lang='lat' dir='ltr'>eadem</span> <span class='ocrx_word' id='word_1_301' title='bbox 539 1425 630 1455; x_wconf 88' lang='lat' dir='ltr'>nobis</span> <span class='ocrx_word' id='word_1_302' title='bbox 647 1425 881 1456; x_wconf 82' lang='lat' dir='ltr'>dormientibus.</span> <span class='ocrx_word' id='word_1_303' title='bbox 909 1430 921 1454; x_wconf 86' lang='lat'>3</span> <span class='ocrx_word' id='word_1_304' title='bbox 936 1428 1015 1467; x_wconf 80' lang='lat' dir='ltr'>viget</span> <span class='ocrx_word' id='word_1_305' title='bbox 1025 1430 1109 1458; x_wconf 88' lang='lat' dir='ltr'>enim</span> 
     </span>
     <span class='ocr_line' id='line_1_35' title="bbox 145 1465 1110 1508; baseline 0.002 -11"><span class='ocrx_word' id='word_1_306' title='bbox 145 1467 261 1497; x_wconf 75' lang='lat' dir='ltr'>animus</span> <span class='ocrx_word' id='word_1_307' title='bbox 277 1468 307 1496; x_wconf 83' lang='lat' dir='ltr'>in</span> <span class='ocrx_word' id='word_1_308' title='bbox 317 1466 444 1507; x_wconf 65' lang='lat' dir='ltr'>firmuis,</span> <span class='ocrx_word' id='word_1_309' title='bbox 464 1467 600 1507; x_wconf 88' lang='lat' dir='ltr'>liberque</span> <span class='ocrx_word' id='word_1_310' title='bbox 613 1465 744 1497; x_wconf 84' lang='lat' dir='ltr'>senfibus</span> <span class='ocrx_word' id='word_1_311' title='bbox 761 1468 797 1497; x_wconf 89' lang='lat' dir='ltr'>ab</span> <span class='ocrx_word' id='word_1_312' title='bbox 807 1468 1110 1508; x_wconf 88' lang='lat' dir='ltr'>omniimpeditione</span> 
     </span>
     <span class='ocr_line' id='line_1_36' title="bbox 143 1508 1110 1549; baseline 0.002 -10"><span class='ocrx_word' id='word_1_313' title='bbox 143 1518 283 1540; x_wconf 87' lang='lat' dir='ltr'>curarum</span> <span class='ocrx_word' id='word_1_314' title='bbox 292 1528 301 1542; x_wconf 89' lang='lat'><em>‚</em></span> <span class='ocrx_word' id='word_1_315' title='bbox 316 1509 433 1548; x_wconf 85' lang='lat' dir='ltr'>jacente</span> <span class='ocrx_word' id='word_1_316' title='bbox 445 1508 479 1539; x_wconf 87' lang='lat'>&amp;</span> <span class='ocrx_word' id='word_1_317' title='bbox 489 1518 613 1539; x_wconf 84' lang='lat' dir='ltr'>mortuo</span> <span class='ocrx_word' id='word_1_318' title='bbox 621 1508 709 1548; x_wconf 73' lang='lat' dir='ltr'>paene</span> <span class='ocrx_word' id='word_1_319' title='bbox 719 1517 854 1548; x_wconf 86' lang='lat' dir='ltr'>corpore.</span> <span class='ocrx_word' id='word_1_320' title='bbox 878 1511 940 1546; x_wconf 89' lang='lat' dir='ltr'>Qui</span> <span class='ocrx_word' id='word_1_321' title='bbox 950 1511 1020 1549; x_wconf 85' lang='lat' dir='ltr'>quia</span> <span class='ocrx_word' id='word_1_322' title='bbox 1030 1513 1110 1541; x_wconf 84' lang='lat' dir='ltr'>vixit</span> 
     </span>
     <span class='ocr_line' id='line_1_37' title="bbox 142 1548 1109 1591; baseline 0.002 -11"><span class='ocrx_word' id='word_1_323' title='bbox 142 1550 182 1581; x_wconf 80' lang='lat' dir='ltr'>ab</span> <span class='ocrx_word' id='word_1_324' title='bbox 200 1551 288 1580; x_wconf 89' lang='lat' dir='ltr'>omni</span> <span class='ocrx_word' id='word_1_325' title='bbox 298 1551 480 1584; x_wconf 86' lang='lat' dir='ltr'>aeternitate,</span> <span class='ocrx_word' id='word_1_326' title='bbox 500 1551 685 1591; x_wconf 85' lang='lat' dir='ltr'>versatusque</span> <span class='ocrx_word' id='word_1_327' title='bbox 695 1548 738 1580; x_wconf 89' lang='lat' dir='ltr'>est</span> <span class='ocrx_word' id='word_1_328' title='bbox 749 1559 821 1580; x_wconf 91' lang='lat' dir='ltr'>cum</span> <span class='ocrx_word' id='word_1_329' title='bbox 833 1551 1109 1582; x_wconf 81' lang='lat' dir='ltr'>innumerabilibus</span> 
     </span>
     <span class='ocr_line' id='line_1_38' title="bbox 138 1591 1108 1633; baseline 0.002 -12"><span class='ocrx_word' id='word_1_330' title='bbox 138 1593 257 1623; x_wconf 77' lang='lat' dir='ltr'>animis</span> <span class='ocrx_word' id='word_1_331' title='bbox 268 1611 277 1626; x_wconf 90' lang='lat'>‚</span> <span class='ocrx_word' id='word_1_332' title='bbox 289 1593 395 1623; x_wconf 88' lang='lat' dir='ltr'>omnia</span> <span class='ocrx_word' id='word_1_333' title='bbox 404 1611 413 1626; x_wconf 90' lang='lat'>‚</span> <span class='ocrx_word' id='word_1_334' title='bbox 424 1601 490 1633; x_wconf 85' lang='lat' dir='ltr'>quae</span> <span class='ocrx_word' id='word_1_335' title='bbox 499 1594 533 1622; x_wconf 89' lang='lat' dir='ltr'>in</span> <span class='ocrx_word' id='word_1_336' title='bbox 544 1601 645 1623; x_wconf 90' lang='lat' dir='ltr'>natura</span> <span class='ocrx_word' id='word_1_337' title='bbox 654 1601 754 1622; x_wconf 89' lang='lat' dir='ltr'>rerum</span> <span class='ocrx_word' id='word_1_338' title='bbox 765 1592 834 1622; x_wconf 89' lang='lat' dir='ltr'>sunt</span> <span class='ocrx_word' id='word_1_339' title='bbox 844 1611 852 1625; x_wconf 88' lang='lat'>‚</span> <span class='ocrx_word' id='word_1_340' title='bbox 865 1591 947 1622; x_wconf 89' lang='lat' dir='ltr'>videt</span> <span class='ocrx_word' id='word_1_341' title='bbox 959 1612 969 1625; x_wconf 89' lang='lat'>,</span> <span class='ocrx_word' id='word_1_342' title='bbox 981 1591 1000 1622; x_wconf 78' lang='lat' dir='ltr'>si</span> <span class='ocrx_word' id='word_1_343' title='bbox 1012 1594 1108 1623; x_wconf 76' lang='lat' dir='ltr'>modo</span> 
     </span>
     <span class='ocr_line' id='line_1_39' title="bbox 140 1632 1111 1676; baseline 0.002 -12"><span class='ocrx_word' id='word_1_344' title='bbox 140 1635 313 1674; x_wconf 82' lang='lat' dir='ltr'>temperatis</span> <span class='ocrx_word' id='word_1_345' title='bbox 322 1634 396 1664; x_wconf 89' lang='lat' dir='ltr'>escis</span> <span class='ocrx_word' id='word_1_346' title='bbox 406 1634 597 1676; x_wconf 88' lang='lat' dir='ltr'>modicisque</span> <span class='ocrx_word' id='word_1_347' title='bbox 605 1634 786 1675; x_wconf 89' lang='lat' dir='ltr'>potionibus</span> <span class='ocrx_word' id='word_1_348' title='bbox 804 1635 845 1664; x_wconf 87' lang='lat' dir='ltr'>ita</span> <span class='ocrx_word' id='word_1_349' title='bbox 857 1633 899 1664; x_wconf 88' lang='lat' dir='ltr'>est</span> <span class='ocrx_word' id='word_1_350' title='bbox 909 1632 1035 1666; x_wconf 68' lang='lat' dir='ltr'>afleEms</span> <span class='ocrx_word' id='word_1_351' title='bbox 1047 1656 1057 1670; x_wconf 94' lang='lat'>,</span> <span class='ocrx_word' id='word_1_352' title='bbox 1077 1644 1111 1666; x_wconf 89' lang='lat' dir='ltr'>ut</span> 
     </span>
     <span class='ocr_line' id='line_1_40' title="bbox 137 1675 1105 1717; baseline 0 -11"><span class='ocrx_word' id='word_1_353' title='bbox 137 1675 242 1715; x_wconf 73' lang='lat' dir='ltr'>sopito</span> <span class='ocrx_word' id='word_1_354' title='bbox 258 1685 383 1716; x_wconf 90' lang='lat' dir='ltr'>corpore</span> <span class='ocrx_word' id='word_1_355' title='bbox 399 1676 461 1716; x_wconf 90' lang='lat' dir='ltr'>ipse</span> <span class='ocrx_word' id='word_1_356' title='bbox 481 1678 596 1717; x_wconf 82' lang='lat' dir='ltr'>vigilet.</span> <span class='ocrx_word' id='word_1_357' title='bbox 620 1678 681 1707; x_wconf 85' lang='lat' dir='ltr'>haec</span> <span class='ocrx_word' id='word_1_358' title='bbox 691 1676 870 1706; x_wconf 82' lang='lat' dir='ltr'>somniantis</span> <span class='ocrx_word' id='word_1_359' title='bbox 884 1675 927 1706; x_wconf 87' lang='lat' dir='ltr'>est</span> <span class='ocrx_word' id='word_1_360' title='bbox 944 1677 1105 1708; x_wconf 90' lang='lat' dir='ltr'>divinatio.</span> 
     </span>
     <span class='ocr_line' id='line_1_41' title="bbox 140 1717 1107 1758; baseline 0.002 -10"><span class='ocrx_word' id='word_1_361' title='bbox 140 1718 205 1748; x_wconf 82' lang='lat' dir='ltr'>Hic</span> <span class='ocrx_word' id='word_1_362' title='bbox 214 1727 320 1758; x_wconf 87' lang='lat' dir='ltr'>magna</span> <span class='ocrx_word' id='word_1_363' title='bbox 330 1718 468 1758; x_wconf 88' lang='lat' dir='ltr'>quaedam</span> <span class='ocrx_word' id='word_1_364' title='bbox 485 1720 622 1749; x_wconf 82' lang='lat' dir='ltr'>exoritur</span> <span class='ocrx_word' id='word_1_365' title='bbox 630 1737 640 1752; x_wconf 85' lang='lat'>,</span> <span class='ocrx_word' id='word_1_366' title='bbox 660 1727 757 1758; x_wconf 89' lang='lat' dir='ltr'>neque</span> <span class='ocrx_word' id='word_1_367' title='bbox 767 1727 800 1748; x_wconf 89' lang='lat' dir='ltr'>ea</span> <span class='ocrx_word' id='word_1_368' title='bbox 811 1717 965 1752; x_wconf 77' lang='lat' dir='ltr'>naturalis,</span> <span class='ocrx_word' id='word_1_369' title='bbox 976 1718 1026 1749; x_wconf 86' lang='lat' dir='ltr'>sed</span> <span class='ocrx_word' id='word_1_370' title='bbox 1036 1721 1107 1750; x_wconf 86' lang='lat' dir='ltr'>arti-</span> 
     </span>
     <span class='ocr_line' id='line_1_42' title="bbox 136 1758 1108 1802; baseline 0.002 -12"><span class='ocrx_word' id='word_1_371' title='bbox 136 1758 246 1790; x_wconf 79' lang='lat' dir='ltr'>ficiosa</span> <span class='ocrx_word' id='word_1_372' title='bbox 263 1761 454 1791; x_wconf 89' lang='lat' dir='ltr'>somniorum</span> <span class='ocrx_word' id='word_1_373' title='bbox 472 1761 685 1800; x_wconf 81' lang='lat' dir='ltr'>4Antiphonis</span> <span class='ocrx_word' id='word_1_374' title='bbox 699 1761 921 1800; x_wconf 81' lang='lat' dir='ltr'>interpretatio:</span> <span class='ocrx_word' id='word_1_375' title='bbox 938 1760 1108 1802; x_wconf 85' lang='lat' dir='ltr'>eodemque</span> 
     </span>
     <span class='ocr_line' id='line_1_43' title="bbox 140 1801 1106 1836; baseline 0 -4"><span class='ocrx_word' id='word_1_376' title='bbox 140 1801 240 1832; x_wconf 86' lang='lat' dir='ltr'>modo</span> <span class='ocrx_word' id='word_1_377' title='bbox 252 1802 285 1833; x_wconf 88' lang='lat'>&amp;</span> <span class='ocrx_word' id='word_1_378' title='bbox 295 1802 487 1832; x_wconf 88' lang='lat' dir='ltr'>oraculorum</span> <span class='ocrx_word' id='word_1_379' title='bbox 500 1822 509 1836; x_wconf 90' lang='lat'>‚</span> <span class='ocrx_word' id='word_1_380' title='bbox 529 1801 562 1832; x_wconf 90' lang='lat'>&amp;</span> <span class='ocrx_word' id='word_1_381' title='bbox 574 1803 834 1832; x_wconf 85' lang='lat' dir='ltr'>vaticinationum·</span> <span class='ocrx_word' id='word_1_382' title='bbox 859 1801 928 1832; x_wconf 89' lang='lat' dir='ltr'>sunt</span> <span class='ocrx_word' id='word_1_383' title='bbox 947 1804 1032 1832; x_wconf 88' lang='lat' dir='ltr'>enim</span> <span class='ocrx_word' id='word_1_384' title='bbox 1052 1813 1106 1833; x_wconf 85' lang='lat' dir='ltr'>ex-</span> 
     </span>
     <span class='ocr_line' id='line_1_44' title="bbox 132 1844 1105 1885; baseline 0.001 -11"><span class='ocrx_word' id='word_1_385' title='bbox 132 1844 307 1884; x_wconf 65' lang='lat' dir='ltr'>planatores</span> <span class='ocrx_word' id='word_1_386' title='bbox 318 1864 327 1878; x_wconf 84' lang='lat'>,</span> <span class='ocrx_word' id='word_1_387' title='bbox 347 1853 379 1874; x_wconf 90' lang='lat' dir='ltr'>ut</span> <span class='ocrx_word' id='word_1_388' title='bbox 388 1845 577 1885; x_wconf 83' lang='lat' dir='ltr'>grammatici</span> <span class='ocrx_word' id='word_1_389' title='bbox 587 1844 755 1883; x_wconf 85' lang='lat' dir='ltr'>po&#39;e&#39;tarum.</span> <span class='ocrx_word' id='word_1_390' title='bbox 780 1845 862 1873; x_wconf 91' lang='lat' dir='ltr'>Nam</span> <span class='ocrx_word' id='word_1_391' title='bbox 877 1852 910 1873; x_wconf 91' lang='lat' dir='ltr'>ut</span> <span class='ocrx_word' id='word_1_392' title='bbox 921 1852 1028 1874; x_wconf 90' lang='lat' dir='ltr'>aurum</span> <span class='ocrx_word' id='word_1_393' title='bbox 1044 1864 1053 1879; x_wconf 91' lang='lat'>,</span> <span class='ocrx_word' id='word_1_394' title='bbox 1071 1845 1105 1875; x_wconf 73' lang='grc' dir='ltr'>δε</span> 
     </span>
     <span class='ocr_line' id='line_1_45' title="bbox 137 1884 1105 1927; baseline 0 -10"><span class='ocrx_word' id='word_1_395' title='bbox 137 1895 295 1927; x_wconf 84' lang='lat' dir='ltr'>argentum</span> <span class='ocrx_word' id='word_1_396' title='bbox 307 1905 316 1919; x_wconf 84' lang='lat'>,</span> <span class='ocrx_word' id='word_1_397' title='bbox 327 1895 366 1916; x_wconf 82' lang='lat' dir='ltr'>aes</span> <span class='ocrx_word' id='word_1_398' title='bbox 376 1906 385 1920; x_wconf 93' lang='lat'>,</span> <span class='ocrx_word' id='word_1_399' title='bbox 407 1885 521 1916; x_wconf 85' lang='lat' dir='ltr'>ferrum</span> <span class='ocrx_word' id='word_1_400' title='bbox 531 1884 637 1916; x_wconf 87' lang='lat' dir='ltr'>frustra</span> <span class='ocrx_word' id='word_1_401' title='bbox 647 1894 749 1916; x_wconf 89' lang='lat' dir='ltr'>natura</span> <span class='ocrx_word' id='word_1_402' title='bbox 759 1884 1035 1926; x_wconf 21' lang='lat' dir='ltr'>divinavgenuiss&#39;eu</span> <span class='ocrx_word' id='word_1_403' title='bbox 1048 1885 1105 1917; x_wconf 87' lang='lat' dir='ltr'>nifi</span> 
     </span>
     <span class='ocr_line' id='line_1_46' title="bbox 137 1926 1104 1970; baseline 0.002 -12"><span class='ocrx_word' id='word_1_404' title='bbox 137 1927 246 1958; x_wconf 85' lang='lat' dir='ltr'>eadem</span> <span class='ocrx_word' id='word_1_405' title='bbox 257 1926 412 1961; x_wconf 76' lang='lat' dir='ltr'>docuiffet,</span> <span class='ocrx_word' id='word_1_406' title='bbox 423 1927 684 1968; x_wconf 81' lang='lat' dir='ltr'>quemadmodum</span> <span class='ocrx_word' id='word_1_407' title='bbox 697 1927 732 1958; x_wconf 95' lang='lat' dir='ltr'>ad</span> <span class='ocrx_word' id='word_1_408' title='bbox 742 1936 851 1958; x_wconf 88' lang='lat' dir='ltr'>eorum</span> <span class='ocrx_word' id='word_1_409' title='bbox 862 1936 953 1959; x_wconf 89' lang='lat' dir='ltr'>venas</span> <span class='ocrx_word' id='word_1_410' title='bbox 962 1930 1104 1970; x_wconf 82' lang='lat' dir='ltr'>perveni-</span> 
     </span>
     <span class='ocr_line' id='line_1_47' title="bbox 139 1969 1101 2011; baseline 0.001 -11"><span class='ocrx_word' id='word_1_411' title='bbox 139 1978 236 2000; x_wconf 79' lang='lat' dir='ltr'>retur:</span> <span class='ocrx_word' id='word_1_412' title='bbox 251 1969 414 2011; x_wconf 76' lang='lat' dir='ltr'>necfruges</span> <span class='ocrx_word' id='word_1_413' title='bbox 424 1979 506 2000; x_wconf 80' lang='lat' dir='ltr'>terrae</span> <span class='ocrx_word' id='word_1_414' title='bbox 517 1990 526 2004; x_wconf 86' lang='lat'>‚</span> <span class='ocrx_word' id='word_1_415' title='bbox 539 1970 660 2001; x_wconf 86' lang='lat' dir='ltr'>bacasve</span> <span class='ocrx_word' id='word_1_416' title='bbox 670 1969 811 2000; x_wconf 89' lang='lat' dir='ltr'>arborum</span> <span class='ocrx_word' id='word_1_417' title='bbox 821 1978 892 2000; x_wconf 91' lang='lat' dir='ltr'>cum</span> <span class='ocrx_word' id='word_1_418' title='bbox 903 1972 1031 2002; x_wconf 84' lang='lat' dir='ltr'>utilitate</span> <span class='ocrx_word' id='word_1_419' title='bbox 1042 1972 1101 2001; x_wconf 88' lang='lat' dir='ltr'>ulla</span> 
     </span>
     <span class='ocr_line' id='line_1_48' title="bbox 139 2010 1105 2052; baseline 0.002 -10"><span class='ocrx_word' id='word_1_420' title='bbox 139 2014 245 2052; x_wconf 79' lang='lat' dir='ltr'>generi</span> <span class='ocrx_word' id='word_1_421' title='bbox 255 2013 392 2042; x_wconf 90' lang='lat' dir='ltr'>humano</span> <span class='ocrx_word' id='word_1_422' title='bbox 403 2011 526 2042; x_wconf 82' lang='lat' dir='ltr'>dedifl&#39;et</span> <span class='ocrx_word' id='word_1_423' title='bbox 536 2032 546 2047; x_wconf 84' lang='lat'>,</span> <span class='ocrx_word' id='word_1_424' title='bbox 557 2010 614 2042; x_wconf 87' lang='lat' dir='ltr'>nifi</span> <span class='ocrx_word' id='word_1_425' title='bbox 624 2021 725 2042; x_wconf 86' lang='lat' dir='ltr'>earum</span> <span class='ocrx_word' id='word_1_426' title='bbox 737 2012 836 2043; x_wconf 86' lang='lat' dir='ltr'>cultus</span> <span class='ocrx_word' id='word_1_427' title='bbox 844 2031 852 2045; x_wconf 90' lang='lat'>‚</span> <span class='ocrx_word' id='word_1_428' title='bbox 866 2011 899 2042; x_wconf 89' lang='lat'>&amp;</span> <span class='ocrx_word' id='word_1_429' title='bbox 911 2013 1105 2044; x_wconf 87' lang='lat' dir='ltr'>conditiones</span> 
     </span>
     <span class='ocr_line' id='line_1_49' title="bbox 137 2052 1103 2096; baseline 0.004 -13"><span class='ocrx_word' id='word_1_430' title='bbox 137 2052 303 2084; x_wconf 84' lang='lat' dir='ltr'>tradidiffet</span> <span class='ocrx_word' id='word_1_431' title='bbox 314 2073 324 2088; x_wconf 94' lang='lat'>‚</span> <span class='ocrx_word' id='word_1_432' title='bbox 346 2057 359 2082; x_wconf 89' lang='lat'>5</span> <span class='ocrx_word' id='word_1_433' title='bbox 370 2056 529 2084; x_wconf 84' lang='lat' dir='ltr'>materiave</span> <span class='ocrx_word' id='word_1_434' title='bbox 547 2054 622 2096; x_wconf 92' lang='lat' dir='ltr'>quid</span> <span class='ocrx_word' id='word_1_435' title='bbox 636 2056 752 2094; x_wconf 86' lang='lat' dir='ltr'>juvaret</span> <span class='ocrx_word' id='word_1_436' title='bbox 765 2073 775 2089; x_wconf 87' lang='lat'>,</span> <span class='ocrx_word' id='word_1_437' title='bbox 798 2052 815 2074; x_wconf 80' lang='lat'><strong><em>⁶</em></strong></span> <span class='ocrx_word' id='word_1_438' title='bbox 824 2053 880 2084; x_wconf 90' lang='lat' dir='ltr'>nisi</span> <span class='ocrx_word' id='word_1_439' title='bbox 899 2054 1103 2087; x_wconf 69' lang='lat' dir='ltr'>confeffionis</span> 
     </span>
     <span class='ocr_line' id='line_1_50' title="bbox 137 2095 1101 2140; baseline 0.003 -14"><span class='ocrx_word' id='word_1_440' title='bbox 137 2096 204 2135; x_wconf 84' lang='lat' dir='ltr'>ejus</span> <span class='ocrx_word' id='word_1_441' title='bbox 213 2095 355 2127; x_wconf 86' lang='lat' dir='ltr'>fabricam</span> <span class='ocrx_word' id='word_1_442' title='bbox 366 2095 544 2127; x_wconf 83' lang='lat' dir='ltr'>haberemus</span> <span class='ocrx_word' id='word_1_443' title='bbox 553 2104 564 2126; x_wconf 69' lang='lat'><em>3</em></span> <span class='ocrx_word' id='word_1_444' title='bbox 578 2096 615 2127; x_wconf 85' lang='lat' dir='ltr'>fic</span> <span class='ocrx_word' id='word_1_445' title='bbox 625 2106 695 2127; x_wconf 90' lang='lat' dir='ltr'>cum</span> <span class='ocrx_word' id='word_1_446' title='bbox 709 2097 797 2127; x_wconf 89' lang='lat' dir='ltr'>omni</span> <span class='ocrx_word' id='word_1_447' title='bbox 808 2097 1046 2140; x_wconf 84' lang='lat' dir='ltr'>utilitate,quam</span> <span class='ocrx_word' id='word_1_448' title='bbox 1058 2099 1101 2129; x_wconf 91' lang='lat' dir='ltr'>dii</span> 
     </span>
     <span class='ocr_line' id='line_1_51' title="bbox 133 2137 1098 2182; baseline 0.003 -14"><span class='ocrx_word' id='word_1_449' title='bbox 133 2138 319 2168; x_wconf 82' lang='lat' dir='ltr'>hominibus</span> <span class='ocrx_word' id='word_1_450' title='bbox 327 2137 492 2173; x_wconf 81' lang='lat' dir='ltr'>dederunt,</span> <span class='ocrx_word' id='word_1_451' title='bbox 514 2149 557 2170; x_wconf 91' lang='lat' dir='ltr'>ars</span> <span class='ocrx_word' id='word_1_452' title='bbox 573 2139 671 2180; x_wconf 86' lang='lat' dir='ltr'>aliqua</span> <span class='ocrx_word' id='word_1_453' title='bbox 688 2137 853 2178; x_wconf 70' lang='lat' dir='ltr'>conjun&amp;a</span> <span class='ocrx_word' id='word_1_454' title='bbox 866 2138 926 2173; x_wconf 85' lang='lat' dir='ltr'>est,</span> <span class='ocrx_word' id='word_1_455' title='bbox 946 2150 1098 2182; x_wconf 85' lang='lat' dir='ltr'>perquam</span> 
     </span>
     <span class='ocr_line' id='line_1_52' title="bbox 133 2179 1100 2222; baseline 0.004 -13"><span class='ocrx_word' id='word_1_456' title='bbox 133 2179 188 2210; x_wconf 82' lang='lat' dir='ltr'>illa</span> <span class='ocrx_word' id='word_1_457' title='bbox 197 2180 310 2211; x_wconf 87' lang='lat' dir='ltr'>utilitas</span> <span class='ocrx_word' id='word_1_458' title='bbox 318 2182 432 2221; x_wconf 83' lang='lat' dir='ltr'>percipi</span> <span class='ocrx_word' id='word_1_459' title='bbox 441 2179 536 2221; x_wconf 85' lang='lat' dir='ltr'>poffit.</span> <span class='ocrx_word' id='word_1_460' title='bbox 560 2184 638 2211; x_wconf 88' lang='lat' dir='ltr'>Item</span> <span class='ocrx_word' id='word_1_461' title='bbox 650 2182 740 2222; x_wconf 87' lang='lat' dir='ltr'>igitur</span> <span class='ocrx_word' id='word_1_462' title='bbox 749 2181 878 2211; x_wconf 88' lang='lat' dir='ltr'>somniis</span> <span class='ocrx_word' id='word_1_463' title='bbox 887 2201 896 2215; x_wconf 89' lang='lat'>,</span> <span class='ocrx_word' id='word_1_464' title='bbox 909 2184 1100 2214; x_wconf 83' lang='lat' dir='ltr'>vaticinatio-</span> 
     </span>
     <span class='ocr_line' id='line_1_53' title="bbox 135 2221 1100 2264; baseline 0.004 -12"><span class='ocrx_word' id='word_1_465' title='bbox 135 2221 228 2252; x_wconf 87' lang='lat' dir='ltr'>nibus</span> <span class='ocrx_word' id='word_1_466' title='bbox 238 2241 248 2256; x_wconf 87' lang='lat'>,</span> <span class='ocrx_word' id='word_1_467' title='bbox 268 2222 415 2257; x_wconf 86' lang='lat' dir='ltr'>oraculis,</span> <span class='ocrx_word' id='word_1_468' title='bbox 436 2223 518 2264; x_wconf 90' lang='lat' dir='ltr'>quod</span> <span class='ocrx_word' id='word_1_469' title='bbox 528 2231 610 2253; x_wconf 88' lang='lat' dir='ltr'>erant</span> <span class='ocrx_word' id='word_1_470' title='bbox 619 2225 715 2253; x_wconf 86' lang='lat' dir='ltr'>multa</span> <span class='ocrx_word' id='word_1_471' title='bbox 723 2222 845 2253; x_wconf 88' lang='lat' dir='ltr'>obscura</span> <span class='ocrx_word' id='word_1_472' title='bbox 856 2243 866 2256; x_wconf 82' lang='grc'><strong><em>,</em></strong></span> <span class='ocrx_word' id='word_1_473' title='bbox 886 2225 982 2256; x_wconf 87' lang='lat' dir='ltr'>multa</span> <span class='ocrx_word' id='word_1_474' title='bbox 999 2225 1100 2255; x_wconf 89' lang='lat' dir='ltr'>ambi-</span> 
     </span>
     <span class='ocr_line' id='line_1_54' title="bbox 134 2264 1098 2307; baseline 0.004 -13"><span class='ocrx_word' id='word_1_475' title='bbox 134 2273 193 2305; x_wconf 85' lang='lat' dir='ltr'>gua</span> <span class='ocrx_word' id='word_1_476' title='bbox 203 2283 212 2297; x_wconf 88' lang='lat'>‚</span> <span class='ocrx_word' id='word_1_477' title='bbox 224 2265 450 2305; x_wconf 85' lang='lat' dir='ltr'>explanationes</span> <span class='ocrx_word' id='word_1_478' title='bbox 460 2264 601 2295; x_wconf 86' lang='lat' dir='ltr'>adhibitae</span> <span class='ocrx_word' id='word_1_479' title='bbox 612 2265 679 2296; x_wconf 91' lang='lat' dir='ltr'>sunt</span> <span class='ocrx_word' id='word_1_480' title='bbox 688 2266 899 2305; x_wconf 86' lang='lat' dir='ltr'>interpretum.</span> <span class='ocrx_word' id='word_1_481' title='bbox 922 2269 993 2307; x_wconf 83' lang='lat' dir='ltr'>Qo</span> <span class='ocrx_word' id='word_1_482' title='bbox 1002 2266 1098 2298; x_wconf 89' lang='lat' dir='ltr'>modo</span> 
     </span>
     <span class='ocr_line' id='line_1_55' title="bbox 133 2307 1098 2350; baseline 0.004 -14"><span class='ocrx_word' id='word_1_483' title='bbox 133 2313 239 2336; x_wconf 85' lang='lat' dir='ltr'>autem</span> <span class='ocrx_word' id='word_1_484' title='bbox 250 2315 300 2337; x_wconf 87' lang='lat' dir='ltr'>aut</span> <span class='ocrx_word' id='word_1_485' title='bbox 308 2315 389 2337; x_wconf 86' lang='lat' dir='ltr'>vates</span> <span class='ocrx_word' id='word_1_486' title='bbox 398 2326 408 2341; x_wconf 87' lang='lat'>,</span> <span class='ocrx_word' id='word_1_487' title='bbox 422 2315 472 2337; x_wconf 88' lang='lat' dir='ltr'>aut</span> <span class='ocrx_word' id='word_1_488' title='bbox 482 2307 668 2337; x_wconf 86' lang='lat' dir='ltr'>somniantes</span> <span class='ocrx_word' id='word_1_489' title='bbox 678 2316 712 2337; x_wconf 92' lang='lat' dir='ltr'>ea</span> <span class='ocrx_word' id='word_1_490' title='bbox 721 2307 843 2338; x_wconf 86' lang='lat' dir='ltr'>videant</span> <span class='ocrx_word' id='word_1_491' title='bbox 853 2327 862 2342; x_wconf 85' lang='lat'>‚</span> <span class='ocrx_word' id='word_1_492' title='bbox 873 2317 939 2348; x_wconf 83' lang='lat' dir='ltr'>quae</span> <span class='ocrx_word' id='word_1_493' title='bbox 949 2309 1098 2350; x_wconf 89' lang='lat' dir='ltr'>nusquam</span> 
     </span>
     <span class='ocr_line' id='line_1_56' title="bbox 134 2348 1101 2390; baseline 0.003 -12"><span class='ocrx_word' id='word_1_494' title='bbox 134 2348 228 2378; x_wconf 84' lang='lat' dir='ltr'>etiam</span> <span class='ocrx_word' id='word_1_495' title='bbox 248 2357 320 2379; x_wconf 90' lang='lat' dir='ltr'>tunc</span> <span class='ocrx_word' id='word_1_496' title='bbox 334 2348 389 2379; x_wconf 88' lang='lat' dir='ltr'>fint</span> <span class='ocrx_word' id='word_1_497' title='bbox 399 2368 408 2382; x_wconf 91' lang='lat'>,</span> <span class='ocrx_word' id='word_1_498' title='bbox 426 2358 532 2388; x_wconf 81' lang='lat' dir='ltr'>magna</span> <span class='ocrx_word' id='word_1_499' title='bbox 541 2348 666 2390; x_wconf 87' lang='lat' dir='ltr'>quaestio</span> <span class='ocrx_word' id='word_1_500' title='bbox 677 2348 728 2379; x_wconf 90' lang='lat' dir='ltr'>est.</span> <span class='ocrx_word' id='word_1_501' title='bbox 754 2349 811 2380; x_wconf 89' lang='lat' dir='ltr'>Sed</span> <span class='ocrx_word' id='word_1_502' title='bbox 832 2351 984 2390; x_wconf 82' lang='lat' dir='ltr'>explorata</span> <span class='ocrx_word' id='word_1_503' title='bbox 1004 2351 1024 2381; x_wconf 87' lang='lat' dir='ltr'><strong>fi</strong></span> <span class='ocrx_word' id='word_1_504' title='bbox 1044 2349 1101 2382; x_wconf 86' lang='lat' dir='ltr'>fint</span> 
     </span>
     <span class='ocr_line' id='line_1_57' title="bbox 135 2389 1100 2433; baseline 0.004 -14"><span class='ocrx_word' id='word_1_505' title='bbox 135 2397 169 2419; x_wconf 80' lang='lat' dir='ltr'>ea</span> <span class='ocrx_word' id='word_1_506' title='bbox 180 2408 189 2423; x_wconf 85' lang='lat'>,</span> <span class='ocrx_word' id='word_1_507' title='bbox 200 2399 267 2430; x_wconf 87' lang='lat' dir='ltr'>quae</span> <span class='ocrx_word' id='word_1_508' title='bbox 279 2390 348 2420; x_wconf 80' lang='lat' dir='ltr'>ante</span> <span class='ocrx_word' id='word_1_509' title='bbox 358 2391 452 2431; x_wconf 87' lang='lat' dir='ltr'>quaeri</span> <span class='ocrx_word' id='word_1_510' title='bbox 461 2390 605 2421; x_wconf 85' lang='lat' dir='ltr'>debeant:</span> <span class='ocrx_word' id='word_1_511' title='bbox 621 2389 677 2421; x_wconf 88' lang='lat' dir='ltr'>fint</span> <span class='ocrx_word' id='word_1_512' title='bbox 687 2392 752 2422; x_wconf 81' lang='lat' dir='ltr'>haec</span> <span class='ocrx_word' id='word_1_513' title='bbox 761 2410 770 2426; x_wconf 83' lang='lat'>‚</span> <span class='ocrx_word' id='word_1_514' title='bbox 783 2401 850 2433; x_wconf 87' lang='lat' dir='ltr'>quae</span> <span class='ocrx_word' id='word_1_515' title='bbox 861 2395 1026 2433; x_wconf 76' lang='lat' dir='ltr'>quaerimus</span> <span class='ocrx_word' id='word_1_516' title='bbox 1037 2413 1046 2428; x_wconf 88' lang='lat'>‚</span> <span class='ocrx_word' id='word_1_517' title='bbox 1056 2391 1100 2423; x_wconf 86' lang='lat' dir='ltr'>fa-</span> 
     </span>
     <span class='ocr_line' id='line_1_58' title="bbox 133 2430 1097 2474; baseline 0.003 -12"><span class='ocrx_word' id='word_1_518' title='bbox 133 2430 238 2462; x_wconf 86' lang='lat' dir='ltr'>ciliora</span> <span class='ocrx_word' id='word_1_519' title='bbox 249 2451 258 2465; x_wconf 89' lang='lat'>,</span> <span class='ocrx_word' id='word_1_520' title='bbox 278 2434 417 2462; x_wconf 84' lang='lat' dir='ltr'>continet</span> <span class='ocrx_word' id='word_1_521' title='bbox 435 2434 519 2463; x_wconf 90' lang='lat' dir='ltr'>enim</span> <span class='ocrx_word' id='word_1_522' title='bbox 537 2441 631 2463; x_wconf 86' lang='lat' dir='ltr'>totam</span> <span class='ocrx_word' id='word_1_523' title='bbox 649 2435 726 2464; x_wconf 88' lang='lat' dir='ltr'>hanc</span> <span class='ocrx_word' id='word_1_524' title='bbox 743 2433 942 2474; x_wconf 84' lang='lat' dir='ltr'>quaestionem</span> <span class='ocrx_word' id='word_1_525' title='bbox 957 2445 990 2465; x_wconf 89' lang='lat' dir='ltr'>ea</span> <span class='ocrx_word' id='word_1_526' title='bbox 1010 2437 1097 2469; x_wconf 84' lang='lat' dir='ltr'>ratio,</span> 
     </span>
     <span class='ocr_line' id='line_1_59' title="bbox 132 2472 1100 2518; baseline 0.006 -16"><span class='ocrx_word' id='word_1_527' title='bbox 132 2482 199 2514; x_wconf 87' lang='lat' dir='ltr'>quae</span> <span class='ocrx_word' id='word_1_528' title='bbox 209 2472 252 2503; x_wconf 88' lang='lat' dir='ltr'>est</span> <span class='ocrx_word' id='word_1_529' title='bbox 261 2472 298 2503; x_wconf 88' lang='lat' dir='ltr'>de</span> <span class='ocrx_word' id='word_1_530' title='bbox 308 2482 411 2504; x_wconf 84' lang='lat' dir='ltr'>natura</span> <span class='ocrx_word' id='word_1_531' title='bbox 419 2473 549 2505; x_wconf 90' lang='lat' dir='ltr'>deorum</span> <span class='ocrx_word' id='word_1_532' title='bbox 560 2495 570 2508; x_wconf 87' lang='lat'>,</span> <span class='ocrx_word' id='word_1_533' title='bbox 580 2485 646 2515; x_wconf 84' lang='lat' dir='ltr'>quae</span> <span class='ocrx_word' id='word_1_534' title='bbox 653 2475 670 2505; x_wconf 75' lang='lat' dir='ltr'>a</span> <span class='ocrx_word' id='word_1_535' title='bbox 682 2484 710 2506; x_wconf 87' lang='lat' dir='ltr'>te</span> <span class='ocrx_word' id='word_1_536' title='bbox 720 2475 853 2506; x_wconf 88' lang='lat' dir='ltr'>secundo</span> <span class='ocrx_word' id='word_1_537' title='bbox 864 2476 943 2507; x_wconf 88' lang='lat' dir='ltr'>libro</span> <span class='ocrx_word' id='word_1_538' title='bbox 953 2477 1100 2518; x_wconf 87' lang='lat' dir='ltr'>explicata</span> 
     </span>
     <span class='ocr_line' id='line_1_60' title="bbox 128 2514 1099 2560; baseline 0.005 -15"><span class='ocrx_word' id='word_1_539' title='bbox 128 2514 280 2545; x_wconf 77' lang='lat' dir='ltr'>dilucide.</span> <span class='ocrx_word' id='word_1_540' title='bbox 303 2517 403 2554; x_wconf 89' lang='lat' dir='ltr'>Quam</span> <span class='ocrx_word' id='word_1_541' title='bbox 413 2514 433 2545; x_wconf 89' lang='lat' dir='ltr'>fi</span> <span class='ocrx_word' id='word_1_542' title='bbox 444 2516 620 2547; x_wconf 88' lang='lat' dir='ltr'>obtinemus</span> <span class='ocrx_word' id='word_1_543' title='bbox 632 2537 641 2552; x_wconf 92' lang='lat'>,</span> <span class='ocrx_word' id='word_1_544' title='bbox 661 2517 834 2548; x_wconf 88' lang='lat' dir='ltr'>stabitillud</span> <span class='ocrx_word' id='word_1_545' title='bbox 846 2518 971 2559; x_wconf 88' lang='lat' dir='ltr'>quidem</span> <span class='ocrx_word' id='word_1_546' title='bbox 982 2539 992 2553; x_wconf 91' lang='lat'>,</span> <span class='ocrx_word' id='word_1_547' title='bbox 1015 2519 1099 2560; x_wconf 86' lang='lat' dir='ltr'>quod</span> 
     </span>
     <span class='ocr_line' id='line_1_61' title="bbox 126 2556 1100 2600; baseline 0.005 -14"><span class='ocrx_word' id='word_1_548' title='bbox 126 2556 236 2587; x_wconf 73' lang='lat' dir='ltr'>locum</span> <span class='ocrx_word' id='word_1_549' title='bbox 249 2557 329 2587; x_wconf 89' lang='lat' dir='ltr'>hunc</span> <span class='ocrx_word' id='word_1_550' title='bbox 338 2559 475 2588; x_wconf 89' lang='lat' dir='ltr'>continet</span> <span class='ocrx_word' id='word_1_551' title='bbox 488 2579 497 2592; x_wconf 88' lang='lat'>‚</span> <span class='ocrx_word' id='word_1_552' title='bbox 518 2558 556 2588; x_wconf 92' lang='lat' dir='ltr'>de</span> <span class='ocrx_word' id='word_1_553' title='bbox 565 2569 627 2599; x_wconf 91' lang='lat' dir='ltr'>quo</span> <span class='ocrx_word' id='word_1_554' title='bbox 637 2561 752 2600; x_wconf 88' lang='lat' dir='ltr'>agimus</span> <span class='ocrx_word' id='word_1_555' title='bbox 764 2579 773 2594; x_wconf 87' lang='lat'>‚</span> <span class='ocrx_word' id='word_1_556' title='bbox 784 2562 860 2590; x_wconf 76' lang='lat' dir='ltr'>Esse</span> <span class='ocrx_word' id='word_1_557' title='bbox 874 2570 951 2591; x_wconf 67' lang='lat' dir='ltr'>neos</span> <span class='ocrx_word' id='word_1_558' title='bbox 963 2581 972 2596; x_wconf 91' lang='lat'>‚</span> <span class='ocrx_word' id='word_1_559' title='bbox 987 2570 1028 2591; x_wconf 82' lang='lat' dir='ltr'>ET</span> <span class='ocrx_word' id='word_1_560' title='bbox 1042 2571 1100 2591; x_wconf 80' lang='grc' dir='ltr'>εο-</span> 
     </span>
     <span class='ocr_line' id='line_1_62' title="bbox 133 2608 1098 2637; baseline 0.006 -9"><span class='ocrx_word' id='word_1_561' title='bbox 133 2608 213 2629; x_wconf 80' lang='lat' dir='ltr'>RUM</span> <span class='ocrx_word' id='word_1_562' title='bbox 227 2608 460 2629; x_wconf 77' lang='lat' dir='ltr'>PROVIDENTlA</span> <span class='ocrx_word' id='word_1_563' title='bbox 475 2609 630 2631; x_wconf 65' lang='lat' dir='ltr'>mutinum</span> <span class='ocrx_word' id='word_1_564' title='bbox 645 2610 759 2631; x_wconf 68' lang='lat' dir='ltr'>Anium</span> <span class='ocrx_word' id='word_1_565' title='bbox 767 2610 904 2632; x_wconf 75' lang='lat' dir='ltr'>15TRAR1</span> <span class='ocrx_word' id='word_1_566' title='bbox 918 2623 927 2637; x_wconf 91' lang='lat'>,</span> <span class='ocrx_word' id='word_1_567' title='bbox 951 2613 1098 2634; x_wconf 67' lang='lat' dir='ltr'>eosnaM-</span> 
     </span>
     <span class='ocr_line' id='line_1_63' title="bbox 131 2648 1086 2680; baseline 0.007 -11"><span class='ocrx_word' id='word_1_568' title='bbox 131 2648 202 2680; x_wconf 74' lang='lat' dir='ltr'>Qn</span> <span class='ocrx_word' id='word_1_569' title='bbox 223 2650 420 2672; x_wconf 64' lang='lat' dir='ltr'>consumma</span> <span class='ocrx_word' id='word_1_570' title='bbox 440 2651 545 2672; x_wconf 78' lang='lat' dir='ltr'>Rx-:an</span> <span class='ocrx_word' id='word_1_571' title='bbox 566 2651 726 2673; x_wconf 66' lang='lat' dir='ltr'>nuivmms</span> <span class='ocrx_word' id='word_1_572' title='bbox 744 2663 753 2677; x_wconf 88' lang='lat'><em>‚</em></span> <span class='ocrx_word' id='word_1_573' title='bbox 783 2652 850 2674; x_wconf 71' lang='lat' dir='ltr'>Nnc</span> <span class='ocrx_word' id='word_1_574' title='bbox 870 2655 984 2675; x_wconf 74' lang='lat' dir='ltr'>soLuM</span> <span class='ocrx_word' id='word_1_575' title='bbox 1006 2655 1086 2676; x_wconf 74' lang='lat' dir='ltr'>um-</span> 
     </span>
    </p>
   </div>
   <div class='ocr_carea' id='block_1_12' title="bbox 130 2684 1114 2768">
    <p class='ocr_par' dir='ltr' id='par_1_16' title="bbox 130 2684 1114 2768">
     <span class='ocr_line' id='line_1_64' title="bbox 131 2684 1114 2728; baseline 0.005 -15"><span class='ocrx_word' id='word_1_576' title='bbox 131 2691 266 2717; x_wconf 60' lang='lat' dir='ltr'>vmzsrs,</span> <span class='ocrx_word' id='word_1_577' title='bbox 283 2693 406 2714; x_wconf 76' lang='lat' dir='ltr'>VERUM</span> <span class='ocrx_word' id='word_1_578' title='bbox 418 2693 531 2714; x_wconf 76' lang='lat' dir='ltr'>ErrAM</span> <span class='ocrx_word' id='word_1_579' title='bbox 542 2694 713 2715; x_wconf 74' lang='lat' dir='ltr'><strong>SINGULIS.</strong></span> <span class='ocrx_word' id='word_1_580' title='bbox 737 2684 838 2716; x_wconf 84' lang='lat' dir='ltr'>Haecfi</span> <span class='ocrx_word' id='word_1_581' title='bbox 855 2694 994 2718; x_wconf 87' lang='lat' dir='ltr'>tenemus</span> <span class='ocrx_word' id='word_1_582' title='bbox 1006 2707 1014 2721; x_wconf 93' lang='lat'>‚</span> <span class='ocrx_word' id='word_1_583' title='bbox 1029 2697 1097 2728; x_wconf 84' lang='lat' dir='ltr'>quae</span> <span class='ocrx_word' id='word_1_584' title='bbox 1112 2703 1114 2710; x_wconf 52' lang='grc' dir='ltr'><em>ν</em></span> 
     </span>
     <span class='ocr_line' id='line_1_65' title="bbox 130 2724 1113 2768; baseline 0.007 -15"><span class='ocrx_word' id='word_1_585' title='bbox 130 2725 209 2754; x_wconf 82' lang='lat' dir='ltr'>mihi</span> <span class='ocrx_word' id='word_1_586' title='bbox 221 2724 344 2766; x_wconf 89' lang='lat' dir='ltr'>quidem</span> <span class='ocrx_word' id='word_1_587' title='bbox 357 2734 420 2755; x_wconf 89' lang='lat' dir='ltr'>non</span> <span class='ocrx_word' id='word_1_588' title='bbox 431 2727 572 2756; x_wconf 88' lang='lat' dir='ltr'>videntur</span> <span class='ocrx_word' id='word_1_589' title='bbox 581 2725 662 2766; x_wconf 81' lang='lat' dir='ltr'>poffe</span> <span class='ocrx_word' id='word_1_590' title='bbox 672 2728 806 2758; x_wconf 89' lang='lat' dir='ltr'>convelli</span> <span class='ocrx_word' id='word_1_591' title='bbox 818 2738 824 2758; x_wconf 89' lang='grc'>;</span> <span class='ocrx_word' id='word_1_592' title='bbox 844 2728 986 2768; x_wconf 66' lang='grc' dir='ltr'>Ρῐοὶεξὶὸ</span> <span class='ocrx_word' id='word_1_593' title='bbox 996 2731 1099 2760; x_wconf 84' lang='lat' dir='ltr'>homi·</span> <span class='ocrx_word' id='word_1_594' title='bbox 1111 2754 1113 2760; x_wconf 94' lang='lat'>.</span> 
     </span>
    </p>
   </div>
   <div class='ocr_carea' id='block_1_13' title="bbox 130 2766 1096 2811">
    <p class='ocr_par' dir='ltr' id='par_1_17' title="bbox 130 2766 1096 2811">
     <span class='ocr_line' id='line_1_66' title="bbox 130 2766 1096 2811; baseline 0.006 -15"><span class='ocrx_word' id='word_1_595' title='bbox 130 2766 223 2796; x_wconf 88' lang='lat' dir='ltr'>nibus</span> <span class='ocrx_word' id='word_1_596' title='bbox 243 2768 258 2797; x_wconf 75' lang='lat' dir='ltr'>a</span> <span class='ocrx_word' id='word_1_597' title='bbox 277 2767 336 2797; x_wconf 91' lang='lat' dir='ltr'>diis</span> <span class='ocrx_word' id='word_1_598' title='bbox 351 2766 450 2798; x_wconf 84' lang='lat' dir='ltr'>futura</span> <span class='ocrx_word' id='word_1_599' title='bbox 468 2766 627 2808; x_wconf 83' lang='lat' dir='ltr'>significari</span> <span class='ocrx_word' id='word_1_600' title='bbox 639 2768 754 2800; x_wconf 83' lang='lat' dir='ltr'>necesse</span> <span class='ocrx_word' id='word_1_601' title='bbox 765 2769 816 2800; x_wconf 87' lang='lat' dir='ltr'>est.</span> <span class='ocrx_word' id='word_1_602' title='bbox 839 2770 895 2800; x_wconf 88' lang='lat' dir='ltr'>Sed</span> <span class='ocrx_word' id='word_1_603' title='bbox 907 2770 1096 2811; x_wconf 85' lang='lat' dir='ltr'>distinguen-</span> 
     </span>
    </p>
   </div>
   <div class='ocr_carea' id='block_1_14' title="bbox 68 2807 1093 2853">
    <p class='ocr_par' dir='ltr' id='par_1_18' title="bbox 68 2807 1093 2853">
     <span class='ocr_line' id='line_1_67' title="bbox 68 2807 1093 2853; baseline 0.005 -15"><span class='ocrx_word' id='word_1_604' title='bbox 68 2816 91 2849; x_wconf 87' lang='lat'>5</span> <span class='ocrx_word' id='word_1_605' title='bbox 100 2816 118 2841; x_wconf 88' lang='lat'><em>2</em></span> <span class='ocrx_word' id='word_1_606' title='bbox 131 2807 206 2839; x_wconf 87' lang='lat' dir='ltr'>dum</span> <span class='ocrx_word' id='word_1_607' title='bbox 216 2808 335 2840; x_wconf 85' lang='lat' dir='ltr'>videtur</span> <span class='ocrx_word' id='word_1_608' title='bbox 343 2829 352 2844; x_wconf 90' lang='lat'>,</span> <span class='ocrx_word' id='word_1_609' title='bbox 364 2819 498 2851; x_wconf 83' lang='lat' dir='ltr'>quonam</span> <span class='ocrx_word' id='word_1_610' title='bbox 509 2810 613 2841; x_wconf 75' lang='lat' dir='ltr'>modo.</span> <span class='ocrx_word' id='word_1_611' title='bbox 638 2813 713 2842; x_wconf 88' lang='lat' dir='ltr'>Non</span> <span class='ocrx_word' id='word_1_612' title='bbox 721 2812 817 2852; x_wconf 84' lang='lat' dir='ltr'>placet</span> <span class='ocrx_word' id='word_1_613' title='bbox 826 2814 934 2843; x_wconf 84' lang='lat' dir='ltr'>Stoicis</span> <span class='ocrx_word' id='word_1_614' title='bbox 945 2832 954 2847; x_wconf 89' lang='lat'>‚</span> <span class='ocrx_word' id='word_1_615' title='bbox 969 2811 1093 2853; x_wconf 81' lang='lat' dir='ltr'>singulis</span> 
     </span>
    </p>
   </div>
   <div class='ocr_carea' id='block_1_15' title="bbox 1145 209 1742 257">
    <p class='ocr_par' dir='ltr' id='par_1_19' title="bbox 1145 209 1742 257">
     <span class='ocr_line' id='line_1_68' title="bbox 1145 209 1742 257; baseline 0.018 -21"><span class='ocrx_word' id='word_1_616' title='bbox 1145 209 1147 245; x_wconf 73' lang='grc' dir='ltr'><strong>ξ</strong></span> <span class='ocrx_word' id='word_1_617' title='bbox 1160 209 1244 238; x_wconf 88' lang='lat' dir='ltr'>enim</span> <span class='ocrx_word' id='word_1_618' title='bbox 1255 209 1401 241; x_wconf 89' lang='lat' dir='ltr'>decorum</span> <span class='ocrx_word' id='word_1_619' title='bbox 1412 211 1464 246; x_wconf 85' lang='lat' dir='ltr'>est,</span> <span class='ocrx_word' id='word_1_620' title='bbox 1477 222 1532 243; x_wconf 89' lang='lat' dir='ltr'>nec</span> <span class='ocrx_word' id='word_1_621' title='bbox 1542 215 1591 244; x_wconf 74' lang='lat' dir='ltr'>diis</span> <span class='ocrx_word' id='word_1_622' title='bbox 1606 216 1726 257; x_wconf 78' lang='lat' dir='ltr'>dignum</span> <span class='ocrx_word' id='word_1_623' title='bbox 1734 238 1742 253; x_wconf 86' lang='lat'>,</span> 
     </span>
    </p>
   </div>
   <div class='ocr_carea' id='block_1_16' title="bbox 1119 218 2124 2402">
    <p class='ocr_par' dir='ltr' id='par_1_20' title="bbox 1119 218 2124 2402">
     <span class='ocr_line' id='line_1_69' title="bbox 1264 218 2124 265; baseline 0.019 -25"><span class='ocrx_word' id='word_1_624' title='bbox 1264 251 1272 256; x_wconf 54' lang='lat'>,</span> <span class='ocrx_word' id='word_1_625' title='bbox 1318 252 1322 256; x_wconf 27' lang='grc' dir='ltr'><strong>Δ</strong></span> <span class='ocrx_word' id='word_1_626' title='bbox 1428 255 1432 259; x_wconf 38' lang='grc'><em>.</em></span> <span class='ocrx_word' id='word_1_627' title='bbox 1756 229 1812 250; x_wconf 88' lang='lat' dir='ltr'>nec</span> <span class='ocrx_word' id='word_1_628' title='bbox 1822 218 1886 251; x_wconf 87' lang='lat' dir='ltr'>fieri</span> <span class='ocrx_word' id='word_1_629' title='bbox 1896 222 1960 252; x_wconf 89' lang='lat' dir='ltr'>ullo</span> <span class='ocrx_word' id='word_1_630' title='bbox 1968 222 2057 263; x_wconf 63' lang='lat' dir='ltr'>padio</span> <span class='ocrx_word' id='word_1_631' title='bbox 2064 233 2124 265; x_wconf 86' lang='lat' dir='ltr'>po—</span> 
     </span>
     <span class='ocr_line' id='line_1_70' title="bbox 1162 249 2124 298; baseline 0.021 -20"><span class='ocrx_word' id='word_1_632' title='bbox 1162 249 1233 279; x_wconf 86' lang='lat' dir='ltr'>test:</span> <span class='ocrx_word' id='word_1_633' title='bbox 1254 251 1303 281; x_wconf 81' lang='lat' dir='ltr'>ied</span> <span class='ocrx_word' id='word_1_634' title='bbox 1314 261 1355 283; x_wconf 89' lang='lat' dir='ltr'>ita</span> <span class='ocrx_word' id='word_1_635' title='bbox 1365 253 1380 283; x_wconf 74' lang='lat' dir='ltr'>a</span> <span class='ocrx_word' id='word_1_636' title='bbox 1391 257 1540 295; x_wconf 83' lang='lat' dir='ltr'>principio</span> <span class='ocrx_word' id='word_1_637' title='bbox 1551 259 1727 291; x_wconf 86' lang='lat' dir='ltr'>inchoatum</span> <span class='ocrx_word' id='word_1_638' title='bbox 1738 260 1795 292; x_wconf 82' lang='lat' dir='ltr'>effe</span> <span class='ocrx_word' id='word_1_639' title='bbox 1805 263 1957 294; x_wconf 89' lang='lat' dir='ltr'>mundum</span> <span class='ocrx_word' id='word_1_640' title='bbox 1969 284 1978 298; x_wconf 92' lang='lat'>,</span> <span class='ocrx_word' id='word_1_641' title='bbox 1992 274 2025 296; x_wconf 89' lang='lat' dir='ltr'>ut</span> <span class='ocrx_word' id='word_1_642' title='bbox 2034 269 2124 298; x_wconf 85' lang='lat' dir='ltr'>certis</span> 
     </span>
     <span class='ocr_line' id='line_1_71' title="bbox 1161 291 2121 344; baseline 0.02 -24"><span class='ocrx_word' id='word_1_643' title='bbox 1161 291 1249 339; x_wconf 69' lang='lat' dir='ltr'>rebus</span> <span class='ocrx_word' id='word_1_644' title='bbox 1258 303 1334 324; x_wconf 81' lang='lat' dir='ltr'>certa</span> <span class='ocrx_word' id='word_1_645' title='bbox 1345 292 1423 335; x_wconf 84' lang='lat' dir='ltr'>signa</span> <span class='ocrx_word' id='word_1_646' title='bbox 1433 305 1660 336; x_wconf 71' lang='lat' dir='ltr'>praecurrerent,</span> <span class='ocrx_word' id='word_1_647' title='bbox 1673 302 1729 333; x_wconf 84' lang='lat' dir='ltr'>alia</span> <span class='ocrx_word' id='word_1_648' title='bbox 1741 305 1774 334; x_wconf 90' lang='lat' dir='ltr'>in</span> <span class='ocrx_word' id='word_1_649' title='bbox 1784 305 1861 335; x_wconf 87' lang='lat' dir='ltr'>extis</span> <span class='ocrx_word' id='word_1_650' title='bbox 1871 324 1880 339; x_wconf 86' lang='lat'>‚</span> <span class='ocrx_word' id='word_1_651' title='bbox 1893 306 1949 336; x_wconf 88' lang='lat' dir='ltr'>alia</span> <span class='ocrx_word' id='word_1_652' title='bbox 1960 308 1992 336; x_wconf 90' lang='lat' dir='ltr'>in</span> <span class='ocrx_word' id='word_1_653' title='bbox 2002 307 2121 344; x_wconf 86' lang='lat' dir='ltr'>avibus,</span> 
     </span>
     <span class='ocr_line' id='line_1_72' title="bbox 1160 332 2121 383; baseline 0.021 -22"><span class='ocrx_word' id='word_1_654' title='bbox 1160 332 1217 363; x_wconf 87' lang='lat' dir='ltr'>alia</span> <span class='ocrx_word' id='word_1_655' title='bbox 1235 344 1269 381; x_wconf 82' lang='lat' dir='ltr'>in</span> <span class='ocrx_word' id='word_1_656' title='bbox 1288 334 1474 383; x_wconf 80' lang='lat' dir='ltr'>fulguribus,</span> <span class='ocrx_word' id='word_1_657' title='bbox 1495 341 1551 370; x_wconf 89' lang='lat' dir='ltr'>alia</span> <span class='ocrx_word' id='word_1_658' title='bbox 1570 343 1602 372; x_wconf 84' lang='lat' dir='ltr'>in</span> <span class='ocrx_word' id='word_1_659' title='bbox 1616 342 1759 378; x_wconf 86' lang='lat' dir='ltr'>ostentis,</span> <span class='ocrx_word' id='word_1_660' title='bbox 1779 346 1833 376; x_wconf 89' lang='lat' dir='ltr'>alia</span> <span class='ocrx_word' id='word_1_661' title='bbox 1843 349 1876 377; x_wconf 90' lang='lat' dir='ltr'>in</span> <span class='ocrx_word' id='word_1_662' title='bbox 1887 347 1999 383; x_wconf 77' lang='lat' dir='ltr'>stellis,</span> <span class='ocrx_word' id='word_1_663' title='bbox 2019 350 2075 380; x_wconf 88' lang='lat' dir='ltr'>alia</span> <span class='ocrx_word' id='word_1_664' title='bbox 2085 352 2121 383; x_wconf 87' lang='lat' dir='ltr'>in</span> 
     </span>
     <span class='ocr_line' id='line_1_73' title="bbox 1158 374 2122 432; baseline 0.021 -29"><span class='ocrx_word' id='word_1_665' title='bbox 1158 374 1381 408; x_wconf 82' lang='lat' dir='ltr'>somniantium</span> <span class='ocrx_word' id='word_1_666' title='bbox 1392 378 1459 410; x_wconf 89' lang='lat' dir='ltr'>visis</span> <span class='ocrx_word' id='word_1_667' title='bbox 1470 400 1479 415; x_wconf 94' lang='lat'>,</span> <span class='ocrx_word' id='word_1_668' title='bbox 1502 383 1558 413; x_wconf 86' lang='lat' dir='ltr'>alia</span> <span class='ocrx_word' id='word_1_669' title='bbox 1569 385 1601 413; x_wconf 87' lang='lat' dir='ltr'>in</span> <span class='ocrx_word' id='word_1_670' title='bbox 1615 384 1783 418; x_wconf 86' lang='lat' dir='ltr'>furentium</span> <span class='ocrx_word' id='word_1_671' title='bbox 1794 389 1932 420; x_wconf 89' lang='lat' dir='ltr'>vocibus.</span> <span class='ocrx_word' id='word_1_672' title='bbox 1955 393 1996 422; x_wconf 85' lang='lat' dir='ltr'>Ea</span> <span class='ocrx_word' id='word_1_673' title='bbox 2010 391 2122 432; x_wconf 79' lang='lat' dir='ltr'>quibus</span> 
     </span>
     <span class='ocr_line' id='line_1_74' title="bbox 1539 428 2118 472; baseline 0.016 -16"><span class='ocrx_word' id='word_1_674' title='bbox 1539 465 1546 469; x_wconf 30' lang='grc' dir='ltr'>ι</span> <span class='ocrx_word' id='word_1_675' title='bbox 1697 428 1852 460; x_wconf 85' lang='lat' dir='ltr'>falluntur.</span> <span class='ocrx_word' id='word_1_676' title='bbox 1876 431 1959 462; x_wconf 79' lang='lat' dir='ltr'>Male</span> <span class='ocrx_word' id='word_1_677' title='bbox 1969 433 2118 472; x_wconf 48' lang='lat' dir='ltr'>confina,</span> 
     </span>
     <span class='ocr_line' id='line_1_75' title="bbox 1532 467 2121 508; baseline 0.02 -13"><span class='ocrx_word' id='word_1_678' title='bbox 1532 467 1602 498; x_wconf 77' lang='lat' dir='ltr'>ialsa</span> <span class='ocrx_word' id='word_1_679' title='bbox 1613 469 1700 504; x_wconf 83' lang='lat' dir='ltr'>sunt,</span> <span class='ocrx_word' id='word_1_680' title='bbox 1721 481 1786 502; x_wconf 90' lang='lat' dir='ltr'>non</span> <span class='ocrx_word' id='word_1_681' title='bbox 1800 482 1892 502; x_wconf 86' lang='lat' dir='ltr'>rerum</span> <span class='ocrx_word' id='word_1_682' title='bbox 1901 474 1995 508; x_wconf 80' lang='lat' dir='ltr'>vitio,</span> <span class='ocrx_word' id='word_1_683' title='bbox 2015 475 2064 506; x_wconf 86' lang='lat' dir='ltr'>sed</span> <span class='ocrx_word' id='word_1_684' title='bbox 2075 478 2121 506; x_wconf 87' lang='lat' dir='ltr'>in-</span> 
     </span>
     <span class='ocr_line' id='line_1_76' title="bbox 1435 511 2117 555; baseline 0.016 -17"><span class='ocrx_word' id='word_1_685' title='bbox 1435 549 1437 552; x_wconf 32' lang='lat'>·</span> <span class='ocrx_word' id='word_1_686' title='bbox 1468 550 1471 553; x_wconf 26' lang='grc' dir='ltr'>Ι</span> <span class='ocrx_word' id='word_1_687' title='bbox 1681 511 1788 552; x_wconf 73' lang='lat' dir='ltr'>ponto,</span> <span class='ocrx_word' id='word_1_688' title='bbox 1797 523 1884 555; x_wconf 88' lang='lat' dir='ltr'>atque</span> <span class='ocrx_word' id='word_1_689' title='bbox 1893 516 2045 552; x_wconf 73' lang='lat' dir='ltr'>concesso,</span> <span class='ocrx_word' id='word_1_690' title='bbox 2057 517 2117 549; x_wconf 85' lang='lat' dir='ltr'>effe</span> 
     </span>
     <span class='ocr_line' id='line_1_77' title="bbox 1139 542 2117 596; baseline 0.021 -26"><span class='ocrx_word' id='word_1_691' title='bbox 1139 555 1140 560; x_wconf 66' lang='lat'>=</span> <span class='ocrx_word' id='word_1_692' title='bbox 1156 542 1306 590; x_wconf 83' lang='lat' dir='ltr'>quandam</span> <span class='ocrx_word' id='word_1_693' title='bbox 1325 554 1389 592; x_wconf 80' lang='lat' dir='ltr'>vim</span> <span class='ocrx_word' id='word_1_694' title='bbox 1410 547 1545 580; x_wconf 87' lang='lat' dir='ltr'>divinam</span> <span class='ocrx_word' id='word_1_695' title='bbox 1565 570 1573 584; x_wconf 94' lang='lat'>‚</span> <span class='ocrx_word' id='word_1_696' title='bbox 1597 553 1763 586; x_wconf 87' lang='lat' dir='ltr'>hominum</span> <span class='ocrx_word' id='word_1_697' title='bbox 1783 558 1875 587; x_wconf 88' lang='lat' dir='ltr'>vitam</span> <span class='ocrx_word' id='word_1_698' title='bbox 1892 559 2117 596; x_wconf 86' lang='lat' dir='ltr'>continentem,</span> 
     </span>
     <span class='ocr_line' id='line_1_78' title="bbox 1137 583 2117 640; baseline 0.021 -28"><span class='ocrx_word' id='word_1_699' title='bbox 1137 620 1139 635; x_wconf 60' lang='lat' dir='ltr'>r</span> <span class='ocrx_word' id='word_1_700' title='bbox 1155 593 1221 614; x_wconf 89' lang='lat' dir='ltr'>non</span> <span class='ocrx_word' id='word_1_701' title='bbox 1240 583 1365 633; x_wconf 80' lang='lat' dir='ltr'>difficile</span> <span class='ocrx_word' id='word_1_702' title='bbox 1382 587 1424 634; x_wconf 84' lang='lat' dir='ltr'>est</span> <span class='ocrx_word' id='word_1_703' title='bbox 1436 608 1445 622; x_wconf 84' lang='lat'>‚</span> <span class='ocrx_word' id='word_1_704' title='bbox 1465 600 1530 630; x_wconf 83' lang='lat' dir='ltr'>quae</span> <span class='ocrx_word' id='word_1_705' title='bbox 1546 591 1610 624; x_wconf 85' lang='lat' dir='ltr'>fieri</span> <span class='ocrx_word' id='word_1_706' title='bbox 1621 596 1702 626; x_wconf 70' lang='lat' dir='ltr'>certe</span> <span class='ocrx_word' id='word_1_707' title='bbox 1711 598 1850 629; x_wconf 81' lang='lat' dir='ltr'>videmus</span> <span class='ocrx_word' id='word_1_708' title='bbox 1861 618 1870 633; x_wconf 86' lang='lat'>‚</span> <span class='ocrx_word' id='word_1_709' title='bbox 1891 609 1924 630; x_wconf 90' lang='lat' dir='ltr'>ea</span> <span class='ocrx_word' id='word_1_710' title='bbox 1933 609 1991 640; x_wconf 88' lang='lat' dir='ltr'>qua</span> <span class='ocrx_word' id='word_1_711' title='bbox 1999 602 2117 633; x_wconf 84' lang='lat' dir='ltr'>ratione</span> 
     </span>
     <span class='ocr_line' id='line_1_79' title="bbox 1134 625 2115 682; baseline 0.02 -27"><span class='ocrx_word' id='word_1_712' title='bbox 1134 651 1138 663; x_wconf 61' lang='lat'>,</span> <span class='ocrx_word' id='word_1_713' title='bbox 1156 625 1405 674; x_wconf 24' lang='lat' dir='ltr'>fiant,&#39;suspicar1.</span> <span class='ocrx_word' id='word_1_714' title='bbox 1425 633 1505 662; x_wconf 74' lang='lat' dir='ltr'>Nam</span> <span class='ocrx_word' id='word_1_715' title='bbox 1517 633 1548 663; x_wconf 68' lang='grc' dir='ltr'>δε</span> <span class='ocrx_word' id='word_1_716' title='bbox 1559 635 1592 664; x_wconf 85' lang='lat' dir='ltr'>ad</span> <span class='ocrx_word' id='word_1_717' title='bbox 1604 636 1731 669; x_wconf 84' lang='lat' dir='ltr'>hostiam</span> <span class='ocrx_word' id='word_1_718' title='bbox 1741 639 1933 682; x_wconf 79' lang='lat' dir='ltr'>deligendam</span> <span class='ocrx_word' id='word_1_719' title='bbox 1943 642 2041 682; x_wconf 86' lang='lat' dir='ltr'>potest</span> <span class='ocrx_word' id='word_1_720' title='bbox 2051 643 2115 676; x_wconf 81' lang='lat' dir='ltr'>dux</span> 
     </span>
     <span class='ocr_line' id='line_1_80' title="bbox 1136 667 2114 718; baseline 0.02 -22"><span class='ocrx_word' id='word_1_721' title='bbox 1136 696 1137 706; x_wconf 16' lang='grc' dir='ltr'>γ</span> <span class='ocrx_word' id='word_1_722' title='bbox 1154 667 1212 698; x_wconf 81' lang='lat' dir='ltr'>esse</span> <span class='ocrx_word' id='word_1_723' title='bbox 1224 678 1270 716; x_wconf 74' lang='lat' dir='ltr'>vis</span> <span class='ocrx_word' id='word_1_724' title='bbox 1282 670 1419 715; x_wconf 75' lang='lat' dir='ltr'>quaedam</span> <span class='ocrx_word' id='word_1_725' title='bbox 1430 673 1560 705; x_wconf 87' lang='lat' dir='ltr'>sentiens</span> <span class='ocrx_word' id='word_1_726' title='bbox 1571 696 1579 710; x_wconf 86' lang='lat'>‚</span> <span class='ocrx_word' id='word_1_727' title='bbox 1591 687 1657 718; x_wconf 81' lang='lat' dir='ltr'>quae</span> <span class='ocrx_word' id='word_1_728' title='bbox 1668 679 1709 710; x_wconf 84' lang='lat' dir='ltr'>est</span> <span class='ocrx_word' id='word_1_729' title='bbox 1721 690 1782 712; x_wconf 93' lang='lat' dir='ltr'>toto</span> <span class='ocrx_word' id='word_1_730' title='bbox 1795 682 1918 714; x_wconf 85' lang='lat' dir='ltr'>confusa</span> <span class='ocrx_word' id='word_1_731' title='bbox 1929 684 2065 715; x_wconf 85' lang='lat' dir='ltr'>mundo:</span> <span class='ocrx_word' id='word_1_732' title='bbox 2079 686 2114 716; x_wconf 72' lang='grc' dir='ltr'>δε</span> 
     </span>
     <span class='ocr_line' id='line_1_81' title="bbox 1151 712 2112 757; baseline 0.021 -19"><span class='ocrx_word' id='word_1_733' title='bbox 1151 718 1236 744; x_wconf 89' lang='lat' dir='ltr'>tum,</span> <span class='ocrx_word' id='word_1_734' title='bbox 1255 712 1348 750; x_wconf 88' lang='lat' dir='ltr'>ipsam</span> <span class='ocrx_word' id='word_1_735' title='bbox 1359 717 1604 748; x_wconf 87' lang='lat' dir='ltr'>cumimmolare</span> <span class='ocrx_word' id='word_1_736' title='bbox 1620 722 1714 755; x_wconf 84' lang='lat' dir='ltr'>velis,</span> <span class='ocrx_word' id='word_1_737' title='bbox 1733 733 1877 755; x_wconf 68' lang='lat' dir='ltr'>eittorum</span> <span class='ocrx_word' id='word_1_738' title='bbox 1898 723 1963 756; x_wconf 88' lang='lat' dir='ltr'>fieri</span> <span class='ocrx_word' id='word_1_739' title='bbox 1982 729 2112 757; x_wconf 81' lang='lat' dir='ltr'>mutatio</span> 
     </span>
     <span class='ocr_line' id='line_1_82' title="bbox 1148 751 2111 807; baseline 0.02 -27"><span class='ocrx_word' id='word_1_740' title='bbox 1148 751 1246 790; x_wconf 79' lang='lat' dir='ltr'>porest</span> <span class='ocrx_word' id='word_1_741' title='bbox 1256 773 1265 786; x_wconf 87' lang='lat'>,</span> <span class='ocrx_word' id='word_1_742' title='bbox 1286 762 1379 797; x_wconf 82' lang='lat' dir='ltr'>utaut</span> <span class='ocrx_word' id='word_1_743' title='bbox 1388 754 1460 786; x_wconf 85' lang='lat' dir='ltr'>absit</span> <span class='ocrx_word' id='word_1_744' title='bbox 1470 758 1582 798; x_wconf 85' lang='lat' dir='ltr'>aliquid</span> <span class='ocrx_word' id='word_1_745' title='bbox 1595 780 1603 793; x_wconf 81' lang='lat'>‚</span> <span class='ocrx_word' id='word_1_746' title='bbox 1622 771 1671 792; x_wconf 88' lang='lat' dir='ltr'>aut</span> <span class='ocrx_word' id='word_1_747' title='bbox 1681 764 1812 803; x_wconf 81' lang='lat' dir='ltr'>supersit.</span> <span class='ocrx_word' id='word_1_748' title='bbox 1830 769 1924 807; x_wconf 72' lang='lat' dir='ltr'>parvis</span> <span class='ocrx_word' id='word_1_749' title='bbox 1941 770 2025 798; x_wconf 86' lang='lat' dir='ltr'>enirn</span> <span class='ocrx_word' id='word_1_750' title='bbox 2048 779 2111 798; x_wconf 79' lang='lat' dir='ltr'>mo-</span> 
     </span>
     <span class='ocr_line' id='line_1_83' title="bbox 1151 802 2112 844; baseline 0.018 -22"><span class='ocrx_word' id='word_1_751' title='bbox 1151 803 1247 823; x_wconf 72' lang='lat' dir='ltr'>mentu</span> <span class='ocrx_word' id='word_1_752' title='bbox 1264 802 1359 824; x_wconf 71' lang='lat' dir='ltr'>multa</span> <span class='ocrx_word' id='word_1_753' title='bbox 1379 805 1483 827; x_wconf 78' lang='lat' dir='ltr'>natura</span> <span class='ocrx_word' id='word_1_754' title='bbox 1498 808 1551 829; x_wconf 75' lang='lat' dir='ltr'>aut</span> <span class='ocrx_word' id='word_1_755' title='bbox 1563 803 1675 844; x_wconf 76' lang='lat' dir='ltr'>affingit</span> <span class='ocrx_word' id='word_1_756' title='bbox 1688 814 1741 834; x_wconf 71' lang='lat' dir='ltr'>aut</span> <span class='ocrx_word' id='word_1_757' title='bbox 1761 816 1857 837; x_wconf 57' lang='lat' dir='ltr'>mittat</span> <span class='ocrx_word' id='word_1_758' title='bbox 1866 828 1875 842; x_wconf 90' lang='lat'>,</span> <span class='ocrx_word' id='word_1_759' title='bbox 1897 817 1952 838; x_wconf 78' lang='lat' dir='ltr'>aut</span> <span class='ocrx_word' id='word_1_760' title='bbox 1968 810 2092 841; x_wconf 77' lang='lat' dir='ltr'>detrahit</span> <span class='ocrx_word' id='word_1_761' title='bbox 2099 821 2112 839; x_wconf 79' lang='lat'>.-</span> 
     </span>
     <span class='ocr_line' id='line_1_84' title="bbox 1148 837 2113 895; baseline 0.021 -30"><span class='ocrx_word' id='word_1_762' title='bbox 1148 837 1232 876; x_wconf 90' lang='lat' dir='ltr'>quod</span> <span class='ocrx_word' id='word_1_763' title='bbox 1242 847 1280 867; x_wconf 91' lang='lat' dir='ltr'>ne</span> <span class='ocrx_word' id='word_1_764' title='bbox 1291 837 1425 869; x_wconf 84' lang='lat' dir='ltr'>dubitare</span> <span class='ocrx_word' id='word_1_765' title='bbox 1434 840 1578 880; x_wconf 74' lang='lat' dir='ltr'>possimus</span> <span class='ocrx_word' id='word_1_766' title='bbox 1590 864 1598 877; x_wconf 92' lang='lat'>,</span> <span class='ocrx_word' id='word_1_767' title='bbox 1611 848 1751 877; x_wconf 85' lang='lat' dir='ltr'>maximo</span> <span class='ocrx_word' id='word_1_768' title='bbox 1761 848 1803 879; x_wconf 87' lang='lat' dir='ltr'>est</span> <span class='ocrx_word' id='word_1_769' title='bbox 1812 860 1988 890; x_wconf 87' lang='lat' dir='ltr'>argumento</span> <span class='ocrx_word' id='word_1_770' title='bbox 1999 872 2008 887; x_wconf 88' lang='lat'>‚</span> <span class='ocrx_word' id='word_1_771' title='bbox 2029 853 2113 895; x_wconf 87' lang='lat' dir='ltr'>quod</span> 
     </span>
     <span class='ocr_line' id='line_1_85' title="bbox 1145 879 2113 932; baseline 0.02 -25"><span class='ocrx_word' id='word_1_772' title='bbox 1145 879 1248 918; x_wconf 89' lang='lat' dir='ltr'>paullo</span> <span class='ocrx_word' id='word_1_773' title='bbox 1258 889 1325 910; x_wconf 89' lang='lat' dir='ltr'>ante</span> <span class='ocrx_word' id='word_1_774' title='bbox 1336 882 1496 914; x_wconf 85' lang='lat' dir='ltr'>interitum</span> <span class='ocrx_word' id='word_1_775' title='bbox 1508 886 1629 916; x_wconf 70' lang='lat' dir='ltr'>Caesaris</span> <span class='ocrx_word' id='word_1_776' title='bbox 1639 891 1783 930; x_wconf 86' lang='lat' dir='ltr'>contigit:</span> <span class='ocrx_word' id='word_1_777' title='bbox 1795 894 1927 932; x_wconf 83' lang='lat' dir='ltr'>quicum</span> <span class='ocrx_word' id='word_1_778' title='bbox 1939 896 2113 926; x_wconf 80' lang='lat' dir='ltr'>immolaret</span> 
     </span>
     <span class='ocr_line' id='line_1_86' title="bbox 1148 920 2112 977; baseline 0.02 -28"><span class='ocrx_word' id='word_1_779' title='bbox 1148 920 1203 950; x_wconf 87' lang='lat' dir='ltr'>illo</span> <span class='ocrx_word' id='word_1_780' title='bbox 1214 921 1264 951; x_wconf 90' lang='lat' dir='ltr'>die</span> <span class='ocrx_word' id='word_1_781' title='bbox 1277 941 1285 955; x_wconf 91' lang='lat'>‚</span> <span class='ocrx_word' id='word_1_782' title='bbox 1299 932 1361 962; x_wconf 88' lang='lat' dir='ltr'>quo</span> <span class='ocrx_word' id='word_1_783' title='bbox 1369 926 1505 963; x_wconf 88' lang='lat' dir='ltr'>primum</span> <span class='ocrx_word' id='word_1_784' title='bbox 1519 928 1553 957; x_wconf 88' lang='lat' dir='ltr'>in</span> <span class='ocrx_word' id='word_1_785' title='bbox 1564 928 1633 959; x_wconf 83' lang='lat' dir='ltr'>sella</span> <span class='ocrx_word' id='word_1_786' title='bbox 1642 939 1726 962; x_wconf 83' lang='lat' dir='ltr'>aurea</span> <span class='ocrx_word' id='word_1_787' title='bbox 1736 932 1810 964; x_wconf 84' lang='lat' dir='ltr'>sedit</span> <span class='ocrx_word' id='word_1_788' title='bbox 1821 953 1829 966; x_wconf 85' lang='lat'>‚</span> <span class='ocrx_word' id='word_1_789' title='bbox 1844 934 1876 964; x_wconf 87' lang='lat'>&amp;</span> <span class='ocrx_word' id='word_1_790' title='bbox 1884 934 1956 965; x_wconf 79' lang='lat' dir='ltr'>cum</span> <span class='ocrx_word' id='word_1_791' title='bbox 1966 946 2112 977; x_wconf 84' lang='lat' dir='ltr'>purpurea</span> 
     </span>
     <span class='ocr_line' id='line_1_87' title="bbox 1131 962 2112 1012; baseline 0.018 -20"><span class='ocrx_word' id='word_1_792' title='bbox 1131 996 1133 1010; x_wconf 34' lang='grc' dir='ltr'><em>Α</em></span> <span class='ocrx_word' id='word_1_793' title='bbox 1147 962 1227 993; x_wconf 84' lang='lat' dir='ltr'>veste</span> <span class='ocrx_word' id='word_1_794' title='bbox 1237 963 1374 1003; x_wconf 82' lang='lat' dir='ltr'>processit</span> <span class='ocrx_word' id='word_1_795' title='bbox 1386 986 1395 998; x_wconf 92' lang='lat'>‚</span> <span class='ocrx_word' id='word_1_796' title='bbox 1414 968 1446 996; x_wconf 86' lang='lat' dir='ltr'>in</span> <span class='ocrx_word' id='word_1_797' title='bbox 1462 971 1541 998; x_wconf 85' lang='lat' dir='ltr'>extis</span> <span class='ocrx_word' id='word_1_798' title='bbox 1555 970 1642 1001; x_wconf 88' lang='lat' dir='ltr'>bovis</span> <span class='ocrx_word' id='word_1_799' title='bbox 1661 975 1756 1012; x_wconf 82' lang='lat' dir='ltr'>opimi</span> <span class='ocrx_word' id='word_1_800' title='bbox 1781 985 1832 1006; x_wconf 88' lang='lat' dir='ltr'>cor</span> <span class='ocrx_word' id='word_1_801' title='bbox 1850 986 1915 1007; x_wconf 87' lang='lat' dir='ltr'>non</span> <span class='ocrx_word' id='word_1_802' title='bbox 1931 977 1998 1008; x_wconf 89' lang='lat' dir='ltr'>fuit.</span> <span class='ocrx_word' id='word_1_803' title='bbox 2023 981 2112 1010; x_wconf 89' lang='lat' dir='ltr'>Num</span> 
     </span>
     <span class='ocr_line' id='line_1_88' title="bbox 1147 1006 2111 1062; baseline 0.018 -28"><span class='ocrx_word' id='word_1_804' title='bbox 1147 1006 1348 1051; x_wconf 75' lang='lat' dir='ltr'>igiturcenses</span> <span class='ocrx_word' id='word_1_805' title='bbox 1369 1008 1464 1052; x_wconf 82' lang='lat' dir='ltr'>ullum</span> <span class='ocrx_word' id='word_1_806' title='bbox 1479 1012 1612 1046; x_wconf 87' lang='lat' dir='ltr'>animal,</span> <span class='ocrx_word' id='word_1_807' title='bbox 1634 1015 1715 1054; x_wconf 90' lang='lat' dir='ltr'>quod</span> <span class='ocrx_word' id='word_1_808' title='bbox 1727 1016 1900 1058; x_wconf 77' lang='lat' dir='ltr'>sanguinem</span> <span class='ocrx_word' id='word_1_809' title='bbox 1913 1019 2015 1050; x_wconf 90' lang='lat' dir='ltr'>habeat</span> <span class='ocrx_word' id='word_1_810' title='bbox 2028 1041 2036 1054; x_wconf 87' lang='lat'>,</span> <span class='ocrx_word' id='word_1_811' title='bbox 2052 1020 2111 1062; x_wconf 78' lang='lat' dir='ltr'>fine</span> 
     </span>
     <span class='ocr_line' id='line_1_89' title="bbox 1148 1047 2113 1103; baseline 0.02 -28"><span class='ocrx_word' id='word_1_812' title='bbox 1148 1047 1224 1094; x_wconf 55' lang='lat' dir='ltr'>carde</span> <span class='ocrx_word' id='word_1_813' title='bbox 1237 1047 1293 1078; x_wconf 80' lang='lat' dir='ltr'>esse</span> <span class='ocrx_word' id='word_1_814' title='bbox 1305 1047 1408 1088; x_wconf 85' lang='lat' dir='ltr'>pofle?</span> <span class='ocrx_word' id='word_1_815' title='bbox 1427 1061 1483 1091; x_wconf 88' lang='lat' dir='ltr'>qua</span> <span class='ocrx_word' id='word_1_816' title='bbox 1496 1053 1547 1082; x_wconf 84' lang='lat' dir='ltr'>ille</span> <span class='ocrx_word' id='word_1_817' title='bbox 1561 1057 1603 1084; x_wconf 84' lang='lat' dir='ltr'>rei</span> <span class='ocrx_word' id='word_1_818' title='bbox 1614 1059 1751 1088; x_wconf 83' lang='lat' dir='ltr'>novitate</span> <span class='ocrx_word' id='word_1_819' title='bbox 1760 1060 1913 1098; x_wconf 87' lang='lat' dir='ltr'>perculsus</span> <span class='ocrx_word' id='word_1_820' title='bbox 1924 1081 1932 1095; x_wconf 89' lang='lat'>‚</span> <span class='ocrx_word' id='word_1_821' title='bbox 1953 1072 2023 1092; x_wconf 89' lang='lat' dir='ltr'>cum</span> <span class='ocrx_word' id='word_1_822' title='bbox 2035 1066 2113 1103; x_wconf 88' lang='lat' dir='ltr'>Spu·</span> 
     </span>
     <span class='ocr_line' id='line_1_90' title="bbox 1131 1089 2112 1142; baseline 0.016 -24"><span class='ocrx_word' id='word_1_823' title='bbox 1131 1111 1132 1122; x_wconf 61' lang='grc'>,</span> <span class='ocrx_word' id='word_1_824' title='bbox 1146 1099 1234 1119; x_wconf 88' lang='lat' dir='ltr'>rinna</span> <span class='ocrx_word' id='word_1_825' title='bbox 1244 1089 1355 1122; x_wconf 88' lang='lat' dir='ltr'>diceret</span> <span class='ocrx_word' id='word_1_826' title='bbox 1366 1111 1375 1126; x_wconf 91' lang='lat'>‚</span> <span class='ocrx_word' id='word_1_827' title='bbox 1393 1093 1563 1125; x_wconf 86' lang='lat' dir='ltr'>timendum</span> <span class='ocrx_word' id='word_1_828' title='bbox 1576 1095 1635 1127; x_wconf 84' lang='lat' dir='ltr'>effe</span> <span class='ocrx_word' id='word_1_829' title='bbox 1647 1118 1655 1131; x_wconf 91' lang='lat'><em>‚</em></span> <span class='ocrx_word' id='word_1_830' title='bbox 1675 1109 1713 1129; x_wconf 91' lang='lat' dir='ltr'>ne</span> <span class='ocrx_word' id='word_1_831' title='bbox 1724 1100 1756 1130; x_wconf 75' lang='grc' dir='ltr'>ὃς</span> <span class='ocrx_word' id='word_1_832' title='bbox 1765 1101 1909 1142; x_wconf 68' lang='lat' dir='ltr'>confilium</span> <span class='ocrx_word' id='word_1_833' title='bbox 1919 1123 1927 1137; x_wconf 91' lang='lat'><em>‚</em></span> <span class='ocrx_word' id='word_1_834' title='bbox 1947 1103 1979 1134; x_wconf 90' lang='lat'>&amp;</span> <span class='ocrx_word' id='word_1_835' title='bbox 1989 1104 2056 1133; x_wconf 75' lang='lat' dir='ltr'>vita</span> <span class='ocrx_word' id='word_1_836' title='bbox 2063 1105 2112 1135; x_wconf 73' lang='lat' dir='ltr'>de-</span> 
     </span>
     <span class='ocr_line' id='line_1_91' title="bbox 1137 1130 2111 1187; baseline 0.018 -27"><span class='ocrx_word' id='word_1_837' title='bbox 1137 1130 1255 1170; x_wconf 82' lang='lat' dir='ltr'>ficeret:</span> <span class='ocrx_word' id='word_1_838' title='bbox 1266 1143 1368 1164; x_wconf 86' lang='lat' dir='ltr'>earum</span> <span class='ocrx_word' id='word_1_839' title='bbox 1379 1137 1573 1168; x_wconf 87' lang='lat' dir='ltr'>enimi·e1·um</span> <span class='ocrx_word' id='word_1_840' title='bbox 1587 1148 1746 1182; x_wconf 87' lang='lat' dir='ltr'>utrumque</span> <span class='ocrx_word' id='word_1_841' title='bbox 1757 1143 1773 1172; x_wconf 75' lang='lat' dir='ltr'>a</span> <span class='ocrx_word' id='word_1_842' title='bbox 1781 1143 1870 1174; x_wconf 91' lang='lat' dir='ltr'>corde</span> <span class='ocrx_word' id='word_1_843' title='bbox 1879 1144 2028 1184; x_wconf 83' lang='lat' dir='ltr'>proficisci</span> <span class='ocrx_word' id='word_1_844' title='bbox 2039 1157 2111 1187; x_wconf 84' lang='lat' dir='ltr'>:po-</span> 
     </span>
     <span class='ocr_line' id='line_1_92' title="bbox 1147 1172 2112 1227; baseline 0.017 -24"><span class='ocrx_word' id='word_1_845' title='bbox 1147 1172 1225 1204; x_wconf 86' lang='lat' dir='ltr'>stero</span> <span class='ocrx_word' id='word_1_846' title='bbox 1235 1173 1284 1204; x_wconf 86' lang='lat' dir='ltr'>die</span> <span class='ocrx_word' id='word_1_847' title='bbox 1297 1185 1386 1216; x_wconf 87' lang='lat' dir='ltr'>caput</span> <span class='ocrx_word' id='word_1_848' title='bbox 1399 1178 1430 1207; x_wconf 92' lang='lat' dir='ltr'>in</span> <span class='ocrx_word' id='word_1_849' title='bbox 1441 1178 1541 1217; x_wconf 84' lang='lat' dir='ltr'>jecore</span> <span class='ocrx_word' id='word_1_850' title='bbox 1551 1190 1616 1210; x_wconf 89' lang='lat' dir='ltr'>non</span> <span class='ocrx_word' id='word_1_851' title='bbox 1626 1181 1694 1212; x_wconf 83' lang='lat' dir='ltr'>fuit.</span> <span class='ocrx_word' id='word_1_852' title='bbox 1718 1193 1784 1224; x_wconf 83' lang='lat' dir='ltr'>quae</span> <span class='ocrx_word' id='word_1_853' title='bbox 1793 1186 1919 1225; x_wconf 80' lang='lat' dir='ltr'>quidem</span> <span class='ocrx_word' id='word_1_854' title='bbox 1930 1187 1976 1216; x_wconf 90' lang='lat' dir='ltr'>illi</span> <span class='ocrx_word' id='word_1_855' title='bbox 1986 1197 2112 1227; x_wconf 84' lang='lat' dir='ltr'>porten-</span> 
     </span>
     <span class='ocr_line' id='line_1_93' title="bbox 1147 1215 2107 1263; baseline 0.019 -19"><span class='ocrx_word' id='word_1_856' title='bbox 1147 1215 1293 1246; x_wconf 89' lang='lat' dir='ltr'>debantur</span> <span class='ocrx_word' id='word_1_857' title='bbox 1311 1217 1327 1247; x_wconf 75' lang='lat' dir='ltr'>a</span> <span class='ocrx_word' id='word_1_858' title='bbox 1345 1217 1404 1248; x_wconf 88' lang='lat' dir='ltr'>diis</span> <span class='ocrx_word' id='word_1_859' title='bbox 1422 1220 1666 1258; x_wconf 85' lang='lat' dir='ltr'>immortalibus,</span> <span class='ocrx_word' id='word_1_860' title='bbox 1689 1226 1840 1256; x_wconf 76' lang='lat' dir='ltr'>utwderet</span> <span class='ocrx_word' id='word_1_861' title='bbox 1849 1229 2004 1259; x_wconf 83' lang='lat' dir='ltr'>interitum</span> <span class='ocrx_word' id='word_1_862' title='bbox 2018 1250 2027 1263; x_wconf 89' lang='lat'>,</span> <span class='ocrx_word' id='word_1_863' title='bbox 2043 1240 2107 1262; x_wconf 86' lang='lat' dir='ltr'>non</span> 
     </span>
     <span class='ocr_line' id='line_1_94' title="bbox 1130 1261 2107 1310; baseline 0.016 -23"><span class='ocrx_word' id='word_1_864' title='bbox 1130 1280 1131 1283; x_wconf 22' lang='grc' dir='ltr'>η</span> <span class='ocrx_word' id='word_1_865' title='bbox 1146 1266 1178 1287; x_wconf 89' lang='lat' dir='ltr'>ut</span> <span class='ocrx_word' id='word_1_866' title='bbox 1191 1266 1309 1288; x_wconf 77' lang='lat' dir='ltr'>caveret.</span> <span class='ocrx_word' id='word_1_867' title='bbox 1335 1261 1413 1290; x_wconf 89' lang='lat' dir='ltr'>Cum</span> <span class='ocrx_word' id='word_1_868' title='bbox 1424 1262 1514 1301; x_wconf 84' lang='lat' dir='ltr'>igitur</span> <span class='ocrx_word' id='word_1_869' title='bbox 1526 1274 1566 1294; x_wconf 67' lang='grc' dir='ltr'>ωε</span> <span class='ocrx_word' id='word_1_870' title='bbox 1575 1273 1670 1304; x_wconf 87' lang='lat' dir='ltr'>partes</span> <span class='ocrx_word' id='word_1_871' title='bbox 1681 1268 1713 1296; x_wconf 86' lang='lat' dir='ltr'>in</span> <span class='ocrx_word' id='word_1_872' title='bbox 1730 1270 1809 1298; x_wconf 86' lang='lat' dir='ltr'>extis</span> <span class='ocrx_word' id='word_1_873' title='bbox 1824 1279 1887 1300; x_wconf 91' lang='lat' dir='ltr'>non</span> <span class='ocrx_word' id='word_1_874' title='bbox 1904 1272 2107 1310; x_wconf 78' lang='lat' dir='ltr'>reperiuntur,</span> 
     </span>
     <span class='ocr_line' id='line_1_95' title="bbox 1129 1298 2109 1354; baseline 0.017 -26"><span class='ocrx_word' id='word_1_875' title='bbox 1129 1305 1130 1312; x_wconf 65' lang='lat'>¹</span> <span class='ocrx_word' id='word_1_876' title='bbox 1145 1298 1206 1329; x_wconf 89' lang='lat' dir='ltr'>sine</span> <span class='ocrx_word' id='word_1_877' title='bbox 1224 1300 1333 1340; x_wconf 88' lang='lat' dir='ltr'>quibus</span> <span class='ocrx_word' id='word_1_878' title='bbox 1353 1301 1480 1334; x_wconf 60' lang='lat' dir='ltr'>vifitima</span> <span class='ocrx_word' id='word_1_879' title='bbox 1497 1305 1548 1335; x_wconf 87' lang='lat' dir='ltr'>illa</span> <span class='ocrx_word' id='word_1_880' title='bbox 1568 1308 1669 1338; x_wconf 81' lang='lat' dir='ltr'>vivere</span> <span class='ocrx_word' id='word_1_881' title='bbox 1689 1308 1848 1350; x_wconf 70' lang='lat' dir='ltr'>nequisset:</span> <span class='ocrx_word' id='word_1_882' title='bbox 1874 1314 2109 1354; x_wconf 86' lang='lat' dir='ltr'>intelligendum</span> 
     </span>
     <span class='ocr_line' id='line_1_96' title="bbox 1128 1341 2109 1396; baseline 0.018 -26"><span class='ocrx_word' id='word_1_883' title='bbox 1128 1367 1129 1371; x_wconf 75' lang='grc'>,</span> <span class='ocrx_word' id='word_1_884' title='bbox 1144 1341 1191 1371; x_wconf 86' lang='lat' dir='ltr'>est</span> <span class='ocrx_word' id='word_1_885' title='bbox 1201 1362 1209 1375; x_wconf 95' lang='lat'>,</span> <span class='ocrx_word' id='word_1_886' title='bbox 1224 1344 1333 1383; x_wconf 86' lang='lat' dir='ltr'>inipso</span> <span class='ocrx_word' id='word_1_887' title='bbox 1350 1345 1574 1377; x_wconf 77' lang='lat' dir='ltr'>immolationis</span> <span class='ocrx_word' id='word_1_888' title='bbox 1585 1357 1720 1390; x_wconf 87' lang='lat' dir='ltr'>ternpore</span> <span class='ocrx_word' id='word_1_889' title='bbox 1731 1361 1777 1382; x_wconf 88' lang='lat' dir='ltr'>eas</span> <span class='ocrx_word' id='word_1_890' title='bbox 1786 1356 1893 1392; x_wconf 86' lang='lat' dir='ltr'>parteis</span> <span class='ocrx_word' id='word_1_891' title='bbox 1905 1374 1914 1388; x_wconf 91' lang='lat'>,</span> <span class='ocrx_word' id='word_1_892' title='bbox 1924 1365 1990 1396; x_wconf 75' lang='lat' dir='ltr'>quae</span> <span class='ocrx_word' id='word_1_893' title='bbox 2003 1355 2109 1392; x_wconf 80' lang='lat' dir='ltr'>abfint,</span> 
     </span>
     <span class='ocr_line' id='line_1_97' title="bbox 1128 1382 2105 1430; baseline 0.017 -18"><span class='ocrx_word' id='word_1_894' title='bbox 1128 1390 1130 1428; x_wconf 49' lang='grc' dir='ltr'>ζ</span> <span class='ocrx_word' id='word_1_895' title='bbox 1143 1382 1284 1414; x_wconf 87' lang='lat' dir='ltr'>interiffe.</span> <span class='ocrx_word' id='word_1_896' title='bbox 1308 1385 1482 1428; x_wconf 87' lang='lat' dir='ltr'>Eademque</span> <span class='ocrx_word' id='word_1_897' title='bbox 1491 1387 1583 1419; x_wconf 81' lang='lat' dir='ltr'>efficit</span> <span class='ocrx_word' id='word_1_898' title='bbox 1595 1393 1628 1421; x_wconf 89' lang='lat' dir='ltr'>in</span> <span class='ocrx_word' id='word_1_899' title='bbox 1642 1393 1747 1423; x_wconf 78' lang='lat' dir='ltr'>avibus</span> <span class='ocrx_word' id='word_1_900' title='bbox 1757 1394 1861 1426; x_wconf 86' lang='lat' dir='ltr'>divina</span> <span class='ocrx_word' id='word_1_901' title='bbox 1871 1406 1959 1427; x_wconf 85' lang='lat' dir='ltr'>mens</span> <span class='ocrx_word' id='word_1_902' title='bbox 1969 1408 1974 1426; x_wconf 77' lang='grc' dir='ltr'><em>τ</em></span> <span class='ocrx_word' id='word_1_903' title='bbox 1997 1407 2029 1428; x_wconf 86' lang='lat' dir='ltr'>ut</span> <span class='ocrx_word' id='word_1_904' title='bbox 2038 1407 2105 1430; x_wconf 81' lang='lat' dir='ltr'>turn</span> 
     </span>
     <span class='ocr_line' id='line_1_98' title="bbox 1128 1426 2106 1480; baseline 0.018 -26"><span class='ocrx_word' id='word_1_905' title='bbox 1128 1435 1130 1439; x_wconf 95' lang='lat'>·</span> <span class='ocrx_word' id='word_1_906' title='bbox 1143 1426 1218 1458; x_wconf 87' lang='lat' dir='ltr'>huc,</span> <span class='ocrx_word' id='word_1_907' title='bbox 1235 1435 1301 1456; x_wconf 87' lang='lat' dir='ltr'>tum</span> <span class='ocrx_word' id='word_1_908' title='bbox 1311 1427 1384 1458; x_wconf 90' lang='lat' dir='ltr'>illuc</span> <span class='ocrx_word' id='word_1_909' title='bbox 1396 1431 1611 1462; x_wconf 82' lang='lat' dir='ltr'>volentalites:</span> <span class='ocrx_word' id='word_1_910' title='bbox 1630 1443 1695 1464; x_wconf 88' lang='lat' dir='ltr'>turn</span> <span class='ocrx_word' id='word_1_911' title='bbox 1708 1437 1739 1465; x_wconf 89' lang='lat' dir='ltr'>in</span> <span class='ocrx_word' id='word_1_912' title='bbox 1751 1438 1804 1467; x_wconf 83' lang='lat' dir='ltr'>hac</span> <span class='ocrx_word' id='word_1_913' title='bbox 1814 1457 1822 1470; x_wconf 89' lang='lat'><em>‚</em></span> <span class='ocrx_word' id='word_1_914' title='bbox 1843 1447 1907 1468; x_wconf 87' lang='lat' dir='ltr'>tum</span> <span class='ocrx_word' id='word_1_915' title='bbox 1920 1441 1952 1469; x_wconf 90' lang='lat' dir='ltr'>in</span> <span class='ocrx_word' id='word_1_916' title='bbox 1962 1440 2014 1470; x_wconf 87' lang='lat' dir='ltr'>illa</span> <span class='ocrx_word' id='word_1_917' title='bbox 2022 1449 2106 1480; x_wconf 81' lang='lat' dir='ltr'>parte</span> 
     </span>
     <span class='ocr_line' id='line_1_99' title="bbox 1143 1467 2106 1519; baseline 0.018 -23"><span class='ocrx_word' id='word_1_918' title='bbox 1143 1467 1171 1497; x_wconf 90' lang='lat' dir='ltr'>se</span> <span class='ocrx_word' id='word_1_919' title='bbox 1183 1469 1349 1499; x_wconf 85' lang='lat' dir='ltr'>occultent:</span> <span class='ocrx_word' id='word_1_920' title='bbox 1363 1478 1428 1500; x_wconf 89' lang='lat' dir='ltr'>tum</span> <span class='ocrx_word' id='word_1_921' title='bbox 1437 1470 1453 1501; x_wconf 74' lang='lat' dir='ltr'>a</span> <span class='ocrx_word' id='word_1_922' title='bbox 1462 1472 1565 1503; x_wconf 78' lang='lat' dir='ltr'>dextra</span> <span class='ocrx_word' id='word_1_923' title='bbox 1575 1494 1583 1506; x_wconf 89' lang='lat'>,</span> <span class='ocrx_word' id='word_1_924' title='bbox 1596 1483 1661 1506; x_wconf 90' lang='lat' dir='ltr'>tum</span> <span class='ocrx_word' id='word_1_925' title='bbox 1673 1476 1689 1506; x_wconf 80' lang='lat' dir='ltr'>a</span> <span class='ocrx_word' id='word_1_926' title='bbox 1700 1475 1813 1508; x_wconf 83' lang='lat' dir='ltr'>sinistra</span> <span class='ocrx_word' id='word_1_927' title='bbox 1821 1488 1902 1519; x_wconf 86' lang='lat' dir='ltr'>parte</span> <span class='ocrx_word' id='word_1_928' title='bbox 1912 1490 2017 1512; x_wconf 83' lang='lat' dir='ltr'>canant</span> <span class='ocrx_word' id='word_1_929' title='bbox 2027 1483 2106 1512; x_wconf 87' lang='lat' dir='ltr'>osci-</span> 
     </span>
     <span class='ocr_line' id='line_1_100' title="bbox 1127 1509 2108 1561; baseline 0.013 -23"><span class='ocrx_word' id='word_1_930' title='bbox 1127 1551 1128 1556; x_wconf 16' lang='lat'>!</span> <span class='ocrx_word' id='word_1_931' title='bbox 1143 1518 1208 1554; x_wconf 27' lang='lat' dir='ltr'>nes..</span> <span class='ocrx_word' id='word_1_932' title='bbox 1231 1512 1313 1540; x_wconf 89' lang='lat' dir='ltr'>Nam</span> <span class='ocrx_word' id='word_1_933' title='bbox 1324 1509 1345 1540; x_wconf 86' lang='lat' dir='ltr'>sl</span> <span class='ocrx_word' id='word_1_934' title='bbox 1356 1512 1467 1541; x_wconf 78' lang='lat' dir='ltr'>animal</span> <span class='ocrx_word' id='word_1_935' title='bbox 1474 1524 1553 1544; x_wconf 80' lang='lat' dir='ltr'>omne</span> <span class='ocrx_word' id='word_1_936' title='bbox 1563 1536 1571 1548; x_wconf 95' lang='lat'><em>‚</em></span> <span class='ocrx_word' id='word_1_937' title='bbox 1591 1525 1625 1546; x_wconf 77' lang='lat' dir='ltr'>ut</span> <span class='ocrx_word' id='word_1_938' title='bbox 1638 1517 1701 1547; x_wconf 74' lang='lat' dir='ltr'>vult</span> <span class='ocrx_word' id='word_1_939' title='bbox 1710 1537 1719 1552; x_wconf 91' lang='lat'>,</span> <span class='ocrx_word' id='word_1_940' title='bbox 1742 1520 1786 1548; x_wconf 78' lang='lat' dir='ltr'>ita</span> <span class='ocrx_word' id='word_1_941' title='bbox 1795 1528 1891 1550; x_wconf 80' lang='lat' dir='ltr'>utitur</span> <span class='ocrx_word' id='word_1_942' title='bbox 1900 1530 1980 1551; x_wconf 80' lang='lat' dir='ltr'>motu</span> <span class='ocrx_word' id='word_1_943' title='bbox 1988 1523 2039 1561; x_wconf 64' lang='lat' dir='ltr'>fiai</span> <span class='ocrx_word' id='word_1_944' title='bbox 2048 1534 2108 1553; x_wconf 78' lang='lat' dir='ltr'>cor-</span> 
     </span>
     <span class='ocr_line' id='line_1_101' title="bbox 1138 1553 2108 1605; baseline 0.019 -27"><span class='ocrx_word' id='word_1_945' title='bbox 1138 1558 1209 1591; x_wconf 76' lang='lat' dir='ltr'>pom</span> <span class='ocrx_word' id='word_1_946' title='bbox 1220 1570 1230 1584; x_wconf 93' lang='lat'>,</span> <span class='ocrx_word' id='word_1_947' title='bbox 1249 1561 1348 1590; x_wconf 90' lang='lat' dir='ltr'>prono</span> <span class='ocrx_word' id='word_1_948' title='bbox 1360 1573 1369 1586; x_wconf 93' lang='lat'>,</span> <span class='ocrx_word' id='word_1_949' title='bbox 1389 1553 1534 1595; x_wconf 85' lang='lat' dir='ltr'>obliquo,</span> <span class='ocrx_word' id='word_1_950' title='bbox 1557 1558 1666 1596; x_wconf 79' lang='lat' dir='ltr'>supino</span> <span class='ocrx_word' id='word_1_951' title='bbox 1678 1579 1687 1591; x_wconf 77' lang='lat'>,</span> <span class='ocrx_word' id='word_1_952' title='bbox 1707 1561 1903 1601; x_wconf 86' lang='lat' dir='ltr'>membraque</span> <span class='ocrx_word' id='word_1_953' title='bbox 1913 1573 2108 1605; x_wconf 87' lang='lat' dir='ltr'>quocumque</span> 
     </span>
     <span class='ocr_line' id='line_1_102' title="bbox 1142 1591 2107 1645; baseline 0.018 -25"><span class='ocrx_word' id='word_1_954' title='bbox 1142 1591 1324 1639; x_wconf 23' lang='lat' dir='ltr'>vuit&#39;fleait</span> <span class='ocrx_word' id='word_1_955' title='bbox 1334 1613 1344 1628; x_wconf 90' lang='lat'>‚</span> <span class='ocrx_word' id='word_1_956' title='bbox 1367 1604 1565 1636; x_wconf 86' lang='lat' dir='ltr'>contorquet,</span> <span class='ocrx_word' id='word_1_957' title='bbox 1583 1601 1726 1640; x_wconf 86' lang='lat' dir='ltr'>porrigit,</span> <span class='ocrx_word' id='word_1_958' title='bbox 1744 1605 1895 1633; x_wconf 80' lang='lat' dir='ltr'>contrahit</span> <span class='ocrx_word' id='word_1_959' title='bbox 1905 1616 1913 1637; x_wconf 82' lang='lat'><strong>;</strong></span> <span class='ocrx_word' id='word_1_960' title='bbox 1928 1614 2020 1645; x_wconf 88' lang='lat' dir='ltr'>eaque</span> <span class='ocrx_word' id='word_1_961' title='bbox 2037 1607 2107 1637; x_wconf 76' lang='lat' dir='ltr'>ante</span> 
     </span>
     <span class='ocr_line' id='line_1_103' title="bbox 1142 1631 2107 1681; baseline 0.018 -19"><span class='ocrx_word' id='word_1_962' title='bbox 1142 1631 1236 1679; x_wconf 81' lang='lat' dir='ltr'>efficit</span> <span class='ocrx_word' id='word_1_963' title='bbox 1244 1635 1330 1674; x_wconf 68' lang='lat' dir='ltr'>paeiie</span> <span class='ocrx_word' id='word_1_964' title='bbox 1342 1655 1352 1668; x_wconf 90' lang='lat'>‚</span> <span class='ocrx_word' id='word_1_965' title='bbox 1363 1645 1455 1676; x_wconf 89' lang='lat' dir='ltr'>quam</span> <span class='ocrx_word' id='word_1_966' title='bbox 1465 1640 1591 1678; x_wconf 86' lang='lat' dir='ltr'>cogitat:</span> <span class='ocrx_word' id='word_1_967' title='bbox 1609 1650 1722 1681; x_wconf 88' lang='lat' dir='ltr'>quanto</span> <span class='ocrx_word' id='word_1_968' title='bbox 1731 1642 1764 1672; x_wconf 87' lang='lat' dir='ltr'>id</span> <span class='ocrx_word' id='word_1_969' title='bbox 1775 1642 1833 1674; x_wconf 90' lang='lat' dir='ltr'>deo</span> <span class='ocrx_word' id='word_1_970' title='bbox 1843 1645 1886 1675; x_wconf 91' lang='lat' dir='ltr'>est</span> <span class='ocrx_word' id='word_1_971' title='bbox 1894 1645 2013 1677; x_wconf 80' lang='lat' dir='ltr'>facilius</span> <span class='ocrx_word' id='word_1_972' title='bbox 2023 1666 2032 1681; x_wconf 82' lang='lat'>‚</span> <span class='ocrx_word' id='word_1_973' title='bbox 2054 1659 2107 1679; x_wconf 68' lang='lat' dir='ltr'>cu—</span> 
     </span>
     <span class='ocr_line' id='line_1_104' title="bbox 1124 1678 2106 1729; baseline 0.017 -25"><span class='ocrx_word' id='word_1_974' title='bbox 1124 1701 1126 1717; x_wconf 52' lang='lat'>4</span> <span class='ocrx_word' id='word_1_975' title='bbox 1140 1685 1189 1714; x_wconf 86' lang='lat' dir='ltr'>Jus</span> <span class='ocrx_word' id='word_1_976' title='bbox 1206 1678 1320 1706; x_wconf 81' lang='lat' dir='ltr'>numini</span> <span class='ocrx_word' id='word_1_977' title='bbox 1338 1685 1438 1719; x_wconf 75' lang='lat' dir='ltr'>parent</span> <span class='ocrx_word' id='word_1_978' title='bbox 1455 1681 1572 1710; x_wconf 78' lang='lat' dir='ltr'>omnia?</span> <span class='ocrx_word' id='word_1_979' title='bbox 1594 1684 1741 1724; x_wconf 84' lang='lat' dir='ltr'>Idemque</span> <span class='ocrx_word' id='word_1_980' title='bbox 1759 1687 1854 1717; x_wconf 88' lang='lat' dir='ltr'>mittit</span> <span class='ocrx_word' id='word_1_981' title='bbox 1873 1688 1905 1717; x_wconf 76' lang='grc' dir='ltr'>δε</span> <span class='ocrx_word' id='word_1_982' title='bbox 1917 1687 1996 1729; x_wconf 85' lang='lat' dir='ltr'>figna</span> <span class='ocrx_word' id='word_1_983' title='bbox 2014 1690 2106 1721; x_wconf 85' lang='lat' dir='ltr'>nobis</span> 
     </span>
     <span class='ocr_line' id='line_1_105' title="bbox 1140 1717 2105 1771; baseline 0.018 -25"><span class='ocrx_word' id='word_1_984' title='bbox 1140 1717 1205 1757; x_wconf 77' lang='lat' dir='ltr'>ejus</span> <span class='ocrx_word' id='word_1_985' title='bbox 1219 1721 1338 1759; x_wconf 85' lang='lat' dir='ltr'>generis</span> <span class='ocrx_word' id='word_1_986' title='bbox 1349 1739 1358 1753; x_wconf 92' lang='lat'>‚</span> <span class='ocrx_word' id='word_1_987' title='bbox 1377 1721 1473 1761; x_wconf 85' lang='lat' dir='ltr'>qualia</span> <span class='ocrx_word' id='word_1_988' title='bbox 1485 1724 1634 1762; x_wconf 80' lang='lat' dir='ltr'>permulta</span> <span class='ocrx_word' id='word_1_989' title='bbox 1644 1726 1768 1757; x_wconf 85' lang='lat' dir='ltr'>historia</span> <span class='ocrx_word' id='word_1_990' title='bbox 1777 1727 1911 1759; x_wconf 86' lang='lat' dir='ltr'>tradidit:</span> <span class='ocrx_word' id='word_1_991' title='bbox 1933 1731 2020 1771; x_wconf 87' lang='lat' dir='ltr'>quale</span> <span class='ocrx_word' id='word_1_992' title='bbox 2034 1732 2105 1762; x_wconf 83' lang='lat' dir='ltr'>scri-</span> 
     </span>
     <span class='ocr_line' id='line_1_106' title="bbox 1139 1760 2106 1806; baseline 0.018 -18"><span class='ocrx_word' id='word_1_993' title='bbox 1139 1768 1227 1798; x_wconf 89' lang='lat' dir='ltr'>ptum</span> <span class='ocrx_word' id='word_1_994' title='bbox 1241 1760 1319 1791; x_wconf 88' lang='lat' dir='ltr'>illud</span> <span class='ocrx_word' id='word_1_995' title='bbox 1335 1762 1476 1793; x_wconf 87' lang='lat' dir='ltr'>videmus</span> <span class='ocrx_word' id='word_1_996' title='bbox 1488 1774 1494 1792; x_wconf 90' lang='lat'>:</span> <span class='ocrx_word' id='word_1_997' title='bbox 1506 1764 1536 1804; x_wconf 79' lang='lat' dir='ltr'><strong><em>fi</em></strong></span> <span class='ocrx_word' id='word_1_998' title='bbox 1552 1765 1621 1794; x_wconf 73' lang='lat' dir='ltr'>lumi</span> <span class='ocrx_word' id='word_1_999' title='bbox 1633 1767 1735 1806; x_wconf 79' lang='lat' dir='ltr'>paullo</span> <span class='ocrx_word' id='word_1_1000' title='bbox 1746 1777 1813 1799; x_wconf 88' lang='lat' dir='ltr'>ante</span> <span class='ocrx_word' id='word_1_1001' title='bbox 1828 1769 1898 1800; x_wconf 87' lang='lat' dir='ltr'>solis</span> <span class='ocrx_word' id='word_1_1002' title='bbox 1909 1781 2011 1803; x_wconf 87' lang='lat' dir='ltr'>ortum</span> <span class='ocrx_word' id='word_1_1003' title='bbox 2023 1773 2106 1804; x_wconf 84' lang='lat' dir='ltr'>defe-</span> 
     </span>
     <span class='ocr_line' id='line_1_107' title="bbox 1137 1799 2105 1847; baseline 0.018 -18"><span class='ocrx_word' id='word_1_1004' title='bbox 1137 1799 1223 1831; x_wconf 84' lang='lat' dir='ltr'>ciffet</span> <span class='ocrx_word' id='word_1_1005' title='bbox 1235 1803 1269 1831; x_wconf 89' lang='lat' dir='ltr'>in</span> <span class='ocrx_word' id='word_1_1006' title='bbox 1282 1801 1366 1842; x_wconf 89' lang='lat' dir='ltr'>figno</span> <span class='ocrx_word' id='word_1_1007' title='bbox 1383 1804 1481 1835; x_wconf 90' lang='lat' dir='ltr'>leonis</span> <span class='ocrx_word' id='word_1_1008' title='bbox 1493 1825 1504 1838; x_wconf 89' lang='lat'>‚</span> <span class='ocrx_word' id='word_1_1009' title='bbox 1522 1805 1586 1837; x_wconf 85' lang='lat' dir='ltr'>fore</span> <span class='ocrx_word' id='word_1_1010' title='bbox 1597 1827 1606 1841; x_wconf 94' lang='lat'>‚</span> <span class='ocrx_word' id='word_1_1011' title='bbox 1626 1818 1660 1838; x_wconf 91' lang='lat' dir='ltr'>ut</span> <span class='ocrx_word' id='word_1_1012' title='bbox 1669 1811 1762 1840; x_wconf 87' lang='lat' dir='ltr'>armis</span> <span class='ocrx_word' id='word_1_1013' title='bbox 1773 1813 1883 1842; x_wconf 86' lang='lat' dir='ltr'>Darius</span> <span class='ocrx_word' id='word_1_1014' title='bbox 1894 1833 1904 1847; x_wconf 80' lang='lat'>‚</span> <span class='ocrx_word' id='word_1_1015' title='bbox 1924 1813 1958 1844; x_wconf 91' lang='lat'>&amp;</span> <span class='ocrx_word' id='word_1_1016' title='bbox 1966 1815 2058 1845; x_wconf 84' lang='lat' dir='ltr'>Persae</span> <span class='ocrx_word' id='word_1_1017' title='bbox 2068 1815 2105 1846; x_wconf 85' lang='lat' dir='ltr'>ab</span> 
     </span>
     <span class='ocr_line' id='line_1_108' title="bbox 1138 1842 2106 1889; baseline 0.019 -18"><span class='ocrx_word' id='word_1_1018' title='bbox 1138 1842 1311 1873; x_wconf 84' lang='lat' dir='ltr'>Alexandro</span> <span class='ocrx_word' id='word_1_1019' title='bbox 1322 1863 1331 1877; x_wconf 89' lang='lat'>‚</span> <span class='ocrx_word' id='word_1_1020' title='bbox 1352 1844 1386 1875; x_wconf 75' lang='grc' dir='ltr'>δε</span> <span class='ocrx_word' id='word_1_1021' title='bbox 1399 1846 1616 1878; x_wconf 85' lang='lat' dir='ltr'>Macedonibus</span> <span class='ocrx_word' id='word_1_1022' title='bbox 1629 1851 1733 1889; x_wconf 83' lang='lat' dir='ltr'>praelio</span> <span class='ocrx_word' id='word_1_1023' title='bbox 1746 1853 1939 1886; x_wconf 85' lang='lat' dir='ltr'>vincerentur</span> <span class='ocrx_word' id='word_1_1024' title='bbox 1948 1876 1957 1889; x_wconf 91' lang='lat'>,</span> <span class='ocrx_word' id='word_1_1025' title='bbox 1977 1859 2106 1888; x_wconf 42' lang='lat' dir='ltr'>Darius*</span> 
     </span>
     <span class='ocr_line' id='line_1_109' title="bbox 1138 1887 2102 1934; baseline 0.019 -22"><span class='ocrx_word' id='word_1_1026' title='bbox 1138 1893 1196 1924; x_wconf 86' lang='lat' dir='ltr'>quc</span> <span class='ocrx_word' id='word_1_1027' title='bbox 1207 1893 1389 1916; x_wconf 87' lang='lat' dir='ltr'>moreretur:</span> <span class='ocrx_word' id='word_1_1028' title='bbox 1415 1887 1448 1917; x_wconf 76' lang='grc' dir='ltr'>δε</span> <span class='ocrx_word' id='word_1_1029' title='bbox 1460 1907 1468 1921; x_wconf 87' lang='grc'><strong><em>,</em></strong></span> <span class='ocrx_word' id='word_1_1030' title='bbox 1480 1887 1510 1928; x_wconf 86' lang='lat' dir='ltr'><em>fi</em></span> <span class='ocrx_word' id='word_1_1031' title='bbox 1517 1891 1611 1930; x_wconf 80' lang='lat' dir='ltr'>puella</span> <span class='ocrx_word' id='word_1_1032' title='bbox 1621 1900 1687 1922; x_wconf 84' lang='lat' dir='ltr'>nata</span> <span class='ocrx_word' id='word_1_1033' title='bbox 1698 1892 1799 1934; x_wconf 87' lang='lat' dir='ltr'>biceps</span> <span class='ocrx_word' id='word_1_1034' title='bbox 1808 1893 1881 1926; x_wconf 83' lang='lat' dir='ltr'>esset</span> <span class='ocrx_word' id='word_1_1035' title='bbox 1889 1917 1900 1930; x_wconf 94' lang='lat'>,</span> <span class='ocrx_word' id='word_1_1036' title='bbox 1920 1897 2102 1930; x_wconf 85' lang='lat' dir='ltr'>seditionem</span> 
     </span>
     <span class='ocr_line' id='line_1_110' title="bbox 1136 1926 2106 1983; baseline 0.02 -29"><span class='ocrx_word' id='word_1_1037' title='bbox 1136 1928 1170 1955; x_wconf 87' lang='lat' dir='ltr'>in</span> <span class='ocrx_word' id='word_1_1038' title='bbox 1180 1927 1295 1966; x_wconf 85' lang='lat' dir='ltr'>populo</span> <span class='ocrx_word' id='word_1_1039' title='bbox 1305 1926 1370 1957; x_wconf 87' lang='lat' dir='ltr'>fore</span> <span class='ocrx_word' id='word_1_1040' title='bbox 1382 1948 1391 1961; x_wconf 91' lang='lat'>,</span> <span class='ocrx_word' id='word_1_1041' title='bbox 1410 1932 1609 1969; x_wconf 86' lang='lat' dir='ltr'>corruptelam</span> <span class='ocrx_word' id='word_1_1042' title='bbox 1620 1952 1629 1966; x_wconf 83' lang='lat'>,</span> <span class='ocrx_word' id='word_1_1043' title='bbox 1644 1933 1677 1963; x_wconf 76' lang='grc' dir='ltr'>δε</span> <span class='ocrx_word' id='word_1_1044' title='bbox 1687 1934 1870 1968; x_wconf 85' lang='lat' dir='ltr'>adulterium</span> <span class='ocrx_word' id='word_1_1045' title='bbox 1880 1938 1968 1970; x_wconf 88' lang='lat' dir='ltr'>domi</span> <span class='ocrx_word' id='word_1_1046' title='bbox 1982 1951 1988 1969; x_wconf 91' lang='lat'>:</span> <span class='ocrx_word' id='word_1_1047' title='bbox 2007 1940 2041 1971; x_wconf 92' lang='lat'>&amp;</span> <span class='ocrx_word' id='word_1_1048' title='bbox 2051 1960 2060 1974; x_wconf 79' lang='grc'><em>,</em></span> <span class='ocrx_word' id='word_1_1049' title='bbox 2075 1941 2106 1983; x_wconf 77' lang='lat' dir='ltr'><em>fi</em></span> 
     </span>
     <span class='ocr_line' id='line_1_111' title="bbox 1137 1968 2105 2023; baseline 0.02 -27"><span class='ocrx_word' id='word_1_1050' title='bbox 1137 1968 1238 1997; x_wconf 76' lang='lat' dir='ltr'>mulier</span> <span class='ocrx_word' id='word_1_1051' title='bbox 1246 1969 1370 2000; x_wconf 88' lang='lat' dir='ltr'>leonem</span> <span class='ocrx_word' id='word_1_1052' title='bbox 1382 1971 1526 2011; x_wconf 82' lang='lat' dir='ltr'>peperisse</span> <span class='ocrx_word' id='word_1_1053' title='bbox 1535 1973 1598 2004; x_wconf 85' lang='lat' dir='ltr'>visa</span> <span class='ocrx_word' id='word_1_1054' title='bbox 1607 1973 1679 2006; x_wconf 80' lang='lat' dir='ltr'>effer</span> <span class='ocrx_word' id='word_1_1055' title='bbox 1688 1995 1696 2009; x_wconf 89' lang='lat'>‚</span> <span class='ocrx_word' id='word_1_1056' title='bbox 1711 1975 1777 2007; x_wconf 84' lang='lat' dir='ltr'>fore</span> <span class='ocrx_word' id='word_1_1057' title='bbox 1786 1997 1796 2011; x_wconf 83' lang='lat'>‚</span> <span class='ocrx_word' id='word_1_1058' title='bbox 1815 1988 1848 2010; x_wconf 91' lang='lat' dir='ltr'>ut</span> <span class='ocrx_word' id='word_1_1059' title='bbox 1860 1980 1896 2011; x_wconf 91' lang='lat' dir='ltr'>ab</span> <span class='ocrx_word' id='word_1_1060' title='bbox 1908 1984 2019 2012; x_wconf 84' lang='lat' dir='ltr'>exteris</span> <span class='ocrx_word' id='word_1_1061' title='bbox 2026 1993 2105 2023; x_wconf 83' lang='lat' dir='ltr'>gen-</span> 
     </span>
     <span class='ocr_line' id='line_1_112' title="bbox 1136 2010 2105 2063; baseline 0.018 -24"><span class='ocrx_word' id='word_1_1062' title='bbox 1136 2010 1216 2040; x_wconf 86' lang='lat' dir='ltr'>tibus</span> <span class='ocrx_word' id='word_1_1063' title='bbox 1227 2013 1398 2042; x_wconf 85' lang='lat' dir='ltr'>vinceretur</span> <span class='ocrx_word' id='word_1_1064' title='bbox 1408 2023 1441 2043; x_wconf 90' lang='lat' dir='ltr'>ea</span> <span class='ocrx_word' id='word_1_1065' title='bbox 1449 2014 1524 2055; x_wconf 88' lang='lat' dir='ltr'>resp.</span> <span class='ocrx_word' id='word_1_1066' title='bbox 1535 2016 1567 2045; x_wconf 90' lang='lat' dir='ltr'>in</span> <span class='ocrx_word' id='word_1_1067' title='bbox 1577 2026 1634 2057; x_wconf 88' lang='lat' dir='ltr'>qua</span> <span class='ocrx_word' id='word_1_1068' title='bbox 1647 2017 1680 2048; x_wconf 89' lang='lat' dir='ltr'>id</span> <span class='ocrx_word' id='word_1_1069' title='bbox 1690 2020 1871 2061; x_wconf 76' lang='lat' dir='ltr'>contigisset.</span> <span class='ocrx_word' id='word_1_1070' title='bbox 1895 2023 2039 2063; x_wconf 81' lang='lat' dir='ltr'>Ejusdem</span> <span class='ocrx_word' id='word_1_1071' title='bbox 2050 2035 2105 2055; x_wconf 81' lang='lat' dir='ltr'>au-</span> 
     </span>
     <span class='ocr_line' id='line_1_113' title="bbox 1135 2055 2100 2100; baseline 0.018 -19"><span class='ocrx_word' id='word_1_1072' title='bbox 1135 2060 1197 2097; x_wconf 72' lang='lat' dir='ltr'>tem</span> <span class='ocrx_word' id='word_1_1073' title='bbox 1207 2055 1326 2094; x_wconf 87' lang='lat' dir='ltr'>generis</span> <span class='ocrx_word' id='word_1_1074' title='bbox 1335 2056 1426 2100; x_wconf 82' lang='lat' dir='ltr'>etiam</span> <span class='ocrx_word' id='word_1_1075' title='bbox 1438 2056 1514 2087; x_wconf 87' lang='lat' dir='ltr'>illud</span> <span class='ocrx_word' id='word_1_1076' title='bbox 1524 2056 1567 2087; x_wconf 88' lang='lat' dir='ltr'>est</span> <span class='ocrx_word' id='word_1_1077' title='bbox 1576 2078 1585 2092; x_wconf 92' lang='lat'>,</span> <span class='ocrx_word' id='word_1_1078' title='bbox 1595 2058 1676 2098; x_wconf 88' lang='lat' dir='ltr'>quod</span> <span class='ocrx_word' id='word_1_1079' title='bbox 1688 2060 1790 2092; x_wconf 90' lang='lat' dir='ltr'>scribit</span> <span class='ocrx_word' id='word_1_1080' title='bbox 1801 2065 1992 2096; x_wconf 89' lang='lat' dir='ltr'>Herodotus:</span> <span class='ocrx_word' id='word_1_1081' title='bbox 2008 2066 2100 2098; x_wconf 79' lang='lat' dir='ltr'>Croesi</span> 
     </span>
     <span class='ocr_line' id='line_1_114' title="bbox 1134 2095 2101 2148; baseline 0.017 -24"><span class='ocrx_word' id='word_1_1082' title='bbox 1134 2095 1235 2126; x_wconf 78' lang='lat' dir='ltr'>hlium</span> <span class='ocrx_word' id='word_1_1083' title='bbox 1247 2116 1256 2130; x_wconf 93' lang='lat'>‚</span> <span class='ocrx_word' id='word_1_1084' title='bbox 1275 2105 1347 2126; x_wconf 87' lang='lat' dir='ltr'>curn</span> <span class='ocrx_word' id='word_1_1085' title='bbox 1367 2095 1440 2127; x_wconf 85' lang='lat' dir='ltr'>eflet</span> <span class='ocrx_word' id='word_1_1086' title='bbox 1459 2098 1554 2137; x_wconf 82' lang='lat' dir='ltr'>infans</span> <span class='ocrx_word' id='word_1_1087' title='bbox 1565 2119 1573 2133; x_wconf 87' lang='lat'>,</span> <span class='ocrx_word' id='word_1_1088' title='bbox 1589 2100 1745 2132; x_wconf 87' lang='lat' dir='ltr'>locutum:</span> <span class='ocrx_word' id='word_1_1089' title='bbox 1763 2114 1827 2145; x_wconf 85' lang='lat' dir='ltr'>quo</span> <span class='ocrx_word' id='word_1_1090' title='bbox 1840 2105 1960 2138; x_wconf 85' lang='lat' dir='ltr'>ostento</span> <span class='ocrx_word' id='word_1_1091' title='bbox 1972 2118 2101 2148; x_wconf 75' lang='lat' dir='ltr'>regnum</span> 
     </span>
     <span class='ocr_line' id='line_1_115' title="bbox 1132 2138 2097 2191; baseline 0.016 -25"><span class='ocrx_word' id='word_1_1092' title='bbox 1132 2138 1244 2176; x_wconf 82' lang='lat' dir='ltr'>patris,</span> <span class='ocrx_word' id='word_1_1093' title='bbox 1265 2138 1298 2168; x_wconf 92' lang='lat'>&amp;</span> <span class='ocrx_word' id='word_1_1094' title='bbox 1316 2139 1447 2169; x_wconf 90' lang='lat' dir='ltr'>domum</span> <span class='ocrx_word' id='word_1_1095' title='bbox 1466 2139 1604 2172; x_wconf 84' lang='lat' dir='ltr'>funditus</span> <span class='ocrx_word' id='word_1_1096' title='bbox 1623 2144 1800 2176; x_wconf 81' lang='lat' dir='ltr'>concidisse.</span> <span class='ocrx_word' id='word_1_1097' title='bbox 1825 2149 1916 2191; x_wconf 81' lang='lat' dir='ltr'>Caput</span> <span class='ocrx_word' id='word_1_1098' title='bbox 1930 2146 2022 2190; x_wconf 59' lang='lat' dir='ltr'>arsisse</span> <span class='ocrx_word' id='word_1_1099' title='bbox 2033 2154 2097 2182; x_wconf 70' lang='lat' dir='ltr'>Ser.</span> 
     </span>
     <span class='ocr_line' id='line_1_116' title="bbox 1133 2179 2097 2233; baseline 0.017 -25"><span class='ocrx_word' id='word_1_1100' title='bbox 1133 2179 1241 2210; x_wconf 87' lang='lat' dir='ltr'>Tullio</span> <span class='ocrx_word' id='word_1_1101' title='bbox 1251 2179 1418 2211; x_wconf 84' lang='lat' dir='ltr'>dormienti</span> <span class='ocrx_word' id='word_1_1102' title='bbox 1430 2202 1439 2215; x_wconf 94' lang='lat'>‚</span> <span class='ocrx_word' id='word_1_1103' title='bbox 1459 2192 1525 2223; x_wconf 91' lang='lat' dir='ltr'>quae</span> <span class='ocrx_word' id='word_1_1104' title='bbox 1542 2183 1669 2216; x_wconf 84' lang='lat' dir='ltr'>historia</span> <span class='ocrx_word' id='word_1_1105' title='bbox 1685 2196 1747 2217; x_wconf 90' lang='lat' dir='ltr'>non</span> <span class='ocrx_word' id='word_1_1106' title='bbox 1763 2189 1917 2228; x_wconf 81' lang='lat' dir='ltr'>prodidit?</span> <span class='ocrx_word' id='word_1_1107' title='bbox 1939 2195 2097 2233; x_wconf 85' lang='lat' dir='ltr'>Utigitur,</span> 
     </span>
     <span class='ocr_line' id='line_1_117' title="bbox 1131 2222 2104 2275; baseline 0.016 -25"><span class='ocrx_word' id='word_1_1108' title='bbox 1131 2222 1225 2262; x_wconf 89' lang='lat' dir='ltr'>quise</span> <span class='ocrx_word' id='word_1_1109' title='bbox 1236 2222 1328 2252; x_wconf 84' lang='lat' dir='ltr'>tradet</span> <span class='ocrx_word' id='word_1_1110' title='bbox 1338 2225 1379 2254; x_wconf 91' lang='lat' dir='ltr'>ita</span> <span class='ocrx_word' id='word_1_1111' title='bbox 1387 2226 1481 2264; x_wconf 88' lang='lat' dir='ltr'>quieti</span> <span class='ocrx_word' id='word_1_1112' title='bbox 1496 2245 1505 2258; x_wconf 90' lang='lat'>‚</span> <span class='ocrx_word' id='word_1_1113' title='bbox 1519 2235 1678 2266; x_wconf 81' lang='lat' dir='ltr'>praeparato</span> <span class='ocrx_word' id='word_1_1114' title='bbox 1688 2231 1794 2260; x_wconf 90' lang='lat' dir='ltr'>animo</span> <span class='ocrx_word' id='word_1_1115' title='bbox 1804 2241 1875 2262; x_wconf 90' lang='lat' dir='ltr'>curn</span> <span class='ocrx_word' id='word_1_1116' title='bbox 1888 2232 1978 2264; x_wconf 89' lang='lat' dir='ltr'>bonis</span> <span class='ocrx_word' id='word_1_1117' title='bbox 1987 2236 2104 2275; x_wconf 74' lang='lat' dir='ltr'>cogim-</span> 
     </span>
     <span class='ocr_line' id='line_1_118' title="bbox 1134 2263 2104 2311; baseline 0.015 -18"><span class='ocrx_word' id='word_1_1118' title='bbox 1134 2263 1353 2298; x_wconf 85' lang='lat' dir='ltr'>tionibus,tum</span> <span class='ocrx_word' id='word_1_1119' title='bbox 1364 2267 1451 2296; x_wconf 89' lang='lat' dir='ltr'>rebus</span> <span class='ocrx_word' id='word_1_1120' title='bbox 1462 2266 1498 2297; x_wconf 88' lang='lat' dir='ltr'>ad</span> <span class='ocrx_word' id='word_1_1121' title='bbox 1510 2269 1756 2309; x_wconf 82' lang='lat' dir='ltr'>tranquillitatem</span> <span class='ocrx_word' id='word_1_1122' title='bbox 1767 2275 2017 2311; x_wconf 85' lang='lat' dir='ltr'>accommodatis,</span> <span class='ocrx_word' id='word_1_1123' title='bbox 2026 2284 2104 2308; x_wconf 81' lang='lat' dir='ltr'>certa</span> 
     </span>
     <span class='ocr_line' id='line_1_119' title="bbox 1119 2305 2102 2359; baseline 0.014 -24"><span class='ocrx_word' id='word_1_1124' title='bbox 1119 2319 1120 2327; x_wconf 55' lang='lat'>1</span> <span class='ocrx_word' id='word_1_1125' title='bbox 1135 2305 1168 2336; x_wconf 92' lang='lat'>&amp;</span> <span class='ocrx_word' id='word_1_1126' title='bbox 1177 2315 1245 2337; x_wconf 84' lang='lat' dir='ltr'>vera</span> <span class='ocrx_word' id='word_1_1127' title='bbox 1255 2309 1351 2338; x_wconf 87' lang='lat' dir='ltr'>cernit</span> <span class='ocrx_word' id='word_1_1128' title='bbox 1360 2309 1393 2337; x_wconf 91' lang='lat' dir='ltr'>in</span> <span class='ocrx_word' id='word_1_1129' title='bbox 1403 2308 1519 2339; x_wconf 89' lang='lat' dir='ltr'>somnis</span> <span class='ocrx_word' id='word_1_1130' title='bbox 1535 2321 1540 2339; x_wconf 73' lang='grc' dir='ltr'><em>ι</em></span> <span class='ocrx_word' id='word_1_1131' title='bbox 1558 2309 1594 2340; x_wconf 88' lang='lat' dir='ltr'>sic</span> <span class='ocrx_word' id='word_1_1132' title='bbox 1603 2310 1697 2342; x_wconf 89' lang='lat' dir='ltr'>castus</span> <span class='ocrx_word' id='word_1_1133' title='bbox 1706 2315 1827 2345; x_wconf 90' lang='lat' dir='ltr'>animus</span> <span class='ocrx_word' id='word_1_1134' title='bbox 1838 2336 1847 2350; x_wconf 88' lang='lat'>,</span> <span class='ocrx_word' id='word_1_1135' title='bbox 1860 2318 2011 2358; x_wconf 88' lang='lat' dir='ltr'>purusque</span> <span class='ocrx_word' id='word_1_1136' title='bbox 2023 2320 2102 2359; x_wconf 87' lang='lat' dir='ltr'>vigi-</span> 
     </span>
     <span class='ocr_line' id='line_1_120' title="bbox 1134 2348 2102 2402; baseline 0.015 -25"><span class='ocrx_word' id='word_1_1137' title='bbox 1134 2348 1223 2378; x_wconf 91' lang='lat' dir='ltr'>lantis</span> <span class='ocrx_word' id='word_1_1138' title='bbox 1235 2368 1243 2383; x_wconf 87' lang='lat'>,</span> <span class='ocrx_word' id='word_1_1139' title='bbox 1258 2348 1291 2379; x_wconf 73' lang='grc' dir='ltr'>δε</span> <span class='ocrx_word' id='word_1_1140' title='bbox 1300 2349 1336 2379; x_wconf 87' lang='lat' dir='ltr'>ad</span> <span class='ocrx_word' id='word_1_1141' title='bbox 1343 2349 1491 2381; x_wconf 85' lang='lat' dir='ltr'>astrorum</span> <span class='ocrx_word' id='word_1_1142' title='bbox 1502 2371 1511 2385; x_wconf 90' lang='lat'>,</span> <span class='ocrx_word' id='word_1_1143' title='bbox 1524 2352 1557 2382; x_wconf 74' lang='grc' dir='ltr'>δε</span> <span class='ocrx_word' id='word_1_1144' title='bbox 1569 2352 1605 2382; x_wconf 89' lang='lat' dir='ltr'>ad</span> <span class='ocrx_word' id='word_1_1145' title='bbox 1615 2357 1730 2390; x_wconf 87' lang='lat' dir='ltr'>avium,</span> <span class='ocrx_word' id='word_1_1146' title='bbox 1743 2357 1991 2400; x_wconf 86' lang='lat' dir='ltr'>reliquorumque</span> <span class='ocrx_word' id='word_1_1147' title='bbox 2000 2358 2102 2402; x_wconf 86' lang='lat' dir='ltr'>figno-</span> 
     </span>
    </p>
   </div>
   <div class='ocr_carea' id='block_1_17' title="bbox 1143 277 1146 377">
    <p class='ocr_par' dir='ltr' id='par_1_21' title="bbox 1143 277 1146 377">
     <span class='ocr_line' id='line_1_121' title="bbox 1143 277 1146 377; baseline 0 3023"><span class='ocrx_word' id='word_1_1148' title='bbox 1143 277 1146 377; x_wconf 95' lang='lat' dir='ltr'> </span> 
     </span>
    </p>
   </div>
   <div class='ocr_carea' id='block_1_18' title="bbox 1130 562 1140 1278">
    <p class='ocr_par' dir='ltr' id='par_1_22' title="bbox 1130 562 1140 1278">
     <span class='ocr_line' id='line_1_122' title="bbox 1130 562 1140 1278; baseline 0 0"><span class='ocrx_word' id='word_1_1149' title='bbox 1130 562 1140 1278; x_wconf 95' lang='lat' dir='ltr'> </span> 
     </span>
    </p>
   </div>
   <div class='ocr_carea' id='block_1_19' title="bbox 1122 2431 2099 2900">
    <p class='ocr_par' dir='ltr' id='par_1_23' title="bbox 1122 2431 2099 2858">
     <span class='ocr_line' id='line_1_123' title="bbox 1132 2431 2095 2484; baseline 0.015 -23"><span class='ocrx_word' id='word_1_1150' title='bbox 1132 2431 1176 2463; x_wconf 90' lang='lat' dir='ltr'>est</span> <span class='ocrx_word' id='word_1_1151' title='bbox 1188 2432 1264 2463; x_wconf 90' lang='lat' dir='ltr'>illud</span> <span class='ocrx_word' id='word_1_1152' title='bbox 1276 2452 1285 2467; x_wconf 84' lang='lat'>‚</span> <span class='ocrx_word' id='word_1_1153' title='bbox 1303 2433 1387 2474; x_wconf 91' lang='lat' dir='ltr'>quod</span> <span class='ocrx_word' id='word_1_1154' title='bbox 1401 2433 1438 2464; x_wconf 86' lang='lat' dir='ltr'>de</span> <span class='ocrx_word' id='word_1_1155' title='bbox 1445 2437 1565 2466; x_wconf 87' lang='lat' dir='ltr'>Socrate</span> <span class='ocrx_word' id='word_1_1156' title='bbox 1578 2440 1749 2478; x_wconf 88' lang='lat' dir='ltr'>accepimus</span> <span class='ocrx_word' id='word_1_1157' title='bbox 1760 2460 1768 2473; x_wconf 92' lang='lat'>,</span> <span class='ocrx_word' id='word_1_1158' title='bbox 1789 2442 1930 2483; x_wconf 92' lang='lat' dir='ltr'>quodque</span> <span class='ocrx_word' id='word_1_1159' title='bbox 1940 2443 1976 2474; x_wconf 88' lang='lat' dir='ltr'>ab</span> <span class='ocrx_word' id='word_1_1160' title='bbox 1985 2444 2050 2484; x_wconf 90' lang='lat' dir='ltr'>ipso</span> <span class='ocrx_word' id='word_1_1161' title='bbox 2061 2445 2095 2475; x_wconf 90' lang='lat' dir='ltr'>in</span> 
     </span>
     <span class='ocr_line' id='line_1_124' title="bbox 1132 2474 2098 2526; baseline 0.011 -22"><span class='ocrx_word' id='word_1_1162' title='bbox 1132 2474 1218 2505; x_wconf 87' lang='lat' dir='ltr'>libris</span> <span class='ocrx_word' id='word_1_1163' title='bbox 1236 2478 1457 2507; x_wconf 79' lang='lat' dir='ltr'>Socraticorum</span> <span class='ocrx_word' id='word_1_1164' title='bbox 1478 2477 1552 2518; x_wconf 77' lang='lat' dir='ltr'>saepe</span> <span class='ocrx_word' id='word_1_1165' title='bbox 1570 2479 1680 2510; x_wconf 90' lang='lat' dir='ltr'>dicitur</span> <span class='ocrx_word' id='word_1_1166' title='bbox 1698 2501 1707 2514; x_wconf 87' lang='lat'>,</span> <span class='ocrx_word' id='word_1_1167' title='bbox 1734 2481 1782 2520; x_wconf 71' lang='lat' dir='ltr'><em>ff</em></span> <span class='ocrx_word' id='word_1_1168' title='bbox 1799 2483 1933 2513; x_wconf 81' lang='lat' dir='ltr'>divinum</span> <span class='ocrx_word' id='word_1_1169' title='bbox 1950 2486 2098 2526; x_wconf 80' lang='lat' dir='ltr'>quiddam,</span> 
     </span>
     <span class='ocr_line' id='line_1_125' title="bbox 1133 2516 2098 2565; baseline 0.015 -20"><span class='ocrx_word' id='word_1_1170' title='bbox 1133 2516 1216 2558; x_wconf 90' lang='lat' dir='ltr'>quod</span> <span class='ocrx_word' id='word_1_1171' title='bbox 1235 2517 1390 2548; x_wconf 83' lang='lat' dir='ltr'>doemom&#39;on</span> <span class='ocrx_word' id='word_1_1172' title='bbox 1408 2520 1554 2559; x_wconf 86' lang='lat' dir='ltr'>appellat,</span> <span class='ocrx_word' id='word_1_1173' title='bbox 1574 2523 1622 2551; x_wconf 89' lang='lat' dir='ltr'>cui</span> <span class='ocrx_word' id='word_1_1174' title='bbox 1637 2522 1754 2563; x_wconf 85' lang='lat' dir='ltr'>semper</span> <span class='ocrx_word' id='word_1_1175' title='bbox 1766 2525 1827 2564; x_wconf 87' lang='lat' dir='ltr'>ipse</span> <span class='ocrx_word' id='word_1_1176' title='bbox 1838 2529 1966 2565; x_wconf 85' lang='lat' dir='ltr'>paruerit</span> <span class='ocrx_word' id='word_1_1177' title='bbox 1979 2547 1988 2561; x_wconf 89' lang='lat'>,</span> <span class='ocrx_word' id='word_1_1178' title='bbox 2003 2537 2098 2558; x_wconf 77' lang='lat' dir='ltr'>num-</span> 
     </span>
     <span class='ocr_line' id='line_1_126' title="bbox 1132 2559 2099 2611; baseline 0.014 -24"><span class='ocrx_word' id='word_1_1179' title='bbox 1132 2568 1224 2601; x_wconf 87' lang='lat' dir='ltr'>quam</span> <span class='ocrx_word' id='word_1_1180' title='bbox 1234 2559 1418 2599; x_wconf 85' lang='lat' dir='ltr'>impellenti,</span> <span class='ocrx_word' id='word_1_1181' title='bbox 1431 2561 1505 2601; x_wconf 83' lang='lat' dir='ltr'>saepe</span> <span class='ocrx_word' id='word_1_1182' title='bbox 1515 2566 1676 2594; x_wconf 82' lang='lat' dir='ltr'>revocanti.</span> <span class='ocrx_word' id='word_1_1183' title='bbox 1695 2568 1732 2596; x_wconf 88' lang='lat' dir='ltr'>Et</span> <span class='ocrx_word' id='word_1_1184' title='bbox 1741 2569 1874 2598; x_wconf 85' lang='lat' dir='ltr'>Socrates</span> <span class='ocrx_word' id='word_1_1185' title='bbox 1884 2568 2007 2609; x_wconf 87' lang='lat' dir='ltr'>quidem</span> <span class='ocrx_word' id='word_1_1186' title='bbox 2019 2580 2025 2599; x_wconf 77' lang='lat'>2</span> <span class='ocrx_word' id='word_1_1187' title='bbox 2035 2579 2099 2611; x_wconf 89' lang='lat' dir='ltr'>quo</span> 
     </span>
     <span class='ocr_line' id='line_1_127' title="bbox 1132 2601 2098 2650; baseline 0.013 -20"><span class='ocrx_word' id='word_1_1188' title='bbox 1132 2610 1223 2642; x_wconf 88' lang='lat' dir='ltr'>quem</span> <span class='ocrx_word' id='word_1_1189' title='bbox 1233 2601 1389 2632; x_wconf 67' lang='lat' dir='ltr'>au&amp;oi·em</span> <span class='ocrx_word' id='word_1_1190' title='bbox 1401 2604 1561 2634; x_wconf 87' lang='lat' dir='ltr'>meliorem</span> <span class='ocrx_word' id='word_1_1191' title='bbox 1573 2608 1757 2645; x_wconf 81' lang='lat' dir='ltr'>quaerimus?</span> <span class='ocrx_word' id='word_1_1192' title='bbox 1778 2610 1978 2650; x_wconf 85' lang='lat' dir='ltr'>Xenophonti</span> <span class='ocrx_word' id='word_1_1193' title='bbox 1987 2612 2098 2642; x_wconf 87' lang='lat' dir='ltr'>consu-</span> 
     </span>
     <span class='ocr_line' id='line_1_128' title="bbox 1131 2643 2098 2694; baseline 0.014 -23"><span class='ocrx_word' id='word_1_1194' title='bbox 1131 2643 1206 2674; x_wconf 83' lang='lat' dir='ltr'>lenti</span> <span class='ocrx_word' id='word_1_1195' title='bbox 1218 2663 1228 2677; x_wconf 93' lang='lat'>,</span> <span class='ocrx_word' id='word_1_1196' title='bbox 1248 2644 1458 2684; x_wconf 87' lang='lat' dir='ltr'>sequereturne</span> <span class='ocrx_word' id='word_1_1197' title='bbox 1468 2648 1581 2685; x_wconf 90' lang='lat' dir='ltr'>Cyrum</span> <span class='ocrx_word' id='word_1_1198' title='bbox 1597 2666 1606 2681; x_wconf 88' lang='lat'>,</span> <span class='ocrx_word' id='word_1_1199' title='bbox 1623 2648 1725 2687; x_wconf 84' lang='lat' dir='ltr'>postea</span> <span class='ocrx_word' id='word_1_1200' title='bbox 1740 2650 1831 2690; x_wconf 69' lang='lat' dir='ltr'>quam</span> <span class='ocrx_word' id='word_1_1201' title='bbox 1852 2654 2012 2692; x_wconf 80' lang='lat' dir='ltr'>exposuit,</span> <span class='ocrx_word' id='word_1_1202' title='bbox 2031 2663 2098 2694; x_wconf 81' lang='lat' dir='ltr'>quae</span> 
     </span>
     <span class='ocr_line' id='line_1_129' title="bbox 1132 2684 2097 2734; baseline 0.011 -19"><span class='ocrx_word' id='word_1_1203' title='bbox 1132 2684 1187 2715; x_wconf 81' lang='lat' dir='ltr'>fibi</span> <span class='ocrx_word' id='word_1_1204' title='bbox 1196 2684 1392 2720; x_wconf 80' lang='lat' dir='ltr'>videbantur,</span> <span class='ocrx_word' id='word_1_1205' title='bbox 1416 2689 1457 2716; x_wconf 83' lang='lat' dir='ltr'>Et</span> <span class='ocrx_word' id='word_1_1206' title='bbox 1465 2686 1725 2729; x_wconf 65' lang='lat' dir='ltr'>nostwmquem,</span> <span class='ocrx_word' id='word_1_1207' title='bbox 1746 2694 1867 2734; x_wconf 88' lang='lat' dir='ltr'>inquit,</span> <span class='ocrx_word' id='word_1_1208' title='bbox 1886 2695 2043 2725; x_wconf 78' lang='lat' dir='ltr'>humanum</span> <span class='ocrx_word' id='word_1_1209' title='bbox 2052 2694 2097 2726; x_wconf 68' lang='lat' dir='ltr'>eft</span> 
     </span>
     <span class='ocr_line' id='line_1_130' title="bbox 1131 2727 2096 2779; baseline 0.012 -23"><span class='ocrx_word' id='word_1_1210' title='bbox 1131 2727 1274 2768; x_wconf 65' lang='lat' dir='ltr'>confilium</span> <span class='ocrx_word' id='word_1_1211' title='bbox 1285 2740 1294 2762; x_wconf 70' lang='lat'>5</span> <span class='ocrx_word' id='word_1_1212' title='bbox 1311 2728 1360 2767; x_wconf 83' lang='lat' dir='ltr'>sed</span> <span class='ocrx_word' id='word_1_1213' title='bbox 1370 2728 1402 2757; x_wconf 83' lang='lat' dir='ltr'>de</span> <span class='ocrx_word' id='word_1_1214' title='bbox 1420 2728 1498 2758; x_wconf 73' lang='lat' dir='ltr'>rebus</span> <span class='ocrx_word' id='word_1_1215' title='bbox 1513 2730 1548 2762; x_wconf 65' lang='lat'>(9-</span> <span class='ocrx_word' id='word_1_1216' title='bbox 1564 2730 1679 2770; x_wconf 58' lang='lat' dir='ltr'>obstare</span> <span class='ocrx_word' id='word_1_1217' title='bbox 1690 2754 1697 2767; x_wconf 92' lang='lat'>‚</span> <span class='ocrx_word' id='word_1_1218' title='bbox 1723 2734 1757 2766; x_wconf 58' lang='lat' dir='ltr'>&amp;a</span> <span class='ocrx_word' id='word_1_1219' title='bbox 1767 2735 1873 2764; x_wconf 74' lang='lat' dir='ltr'>incertis</span> <span class='ocrx_word' id='word_1_1220' title='bbox 1883 2736 1921 2766; x_wconf 79' lang='lat' dir='ltr'>ad</span> <span class='ocrx_word' id='word_1_1221' title='bbox 1929 2738 2096 2779; x_wconf 58' lang='lat' dir='ltr'>Apollinem</span> 
     </span>
     <span class='ocr_line' id='line_1_131' title="bbox 1133 2770 2096 2819; baseline 0.009 -20"><span class='ocrx_word' id='word_1_1222' title='bbox 1133 2770 1219 2809; x_wconf 63' lang='lat' dir='ltr'>censbo</span> <span class='ocrx_word' id='word_1_1223' title='bbox 1229 2771 1398 2809; x_wconf 64' lang='lat' dir='ltr'>referendum</span> <span class='ocrx_word' id='word_1_1224' title='bbox 1408 2782 1419 2798; x_wconf 92' lang='grc'>.·</span> <span class='ocrx_word' id='word_1_1225' title='bbox 1438 2771 1476 2800; x_wconf 87' lang='lat' dir='ltr'>ad</span> <span class='ocrx_word' id='word_1_1226' title='bbox 1484 2782 1566 2813; x_wconf 87' lang='lat' dir='ltr'>quem</span> <span class='ocrx_word' id='word_1_1227' title='bbox 1576 2781 1664 2803; x_wconf 65' lang='lat' dir='ltr'>etiam</span> <span class='ocrx_word' id='word_1_1228' title='bbox 1672 2777 1860 2816; x_wconf 55' lang='lat' dir='ltr'>Athenienses</span> <span class='ocrx_word' id='word_1_1229' title='bbox 1870 2778 1982 2819; x_wconf 68' lang='lat' dir='ltr'>publice</span> <span class='ocrx_word' id='word_1_1230' title='bbox 1989 2780 2023 2809; x_wconf 83' lang='lat' dir='ltr'>de</span> <span class='ocrx_word' id='word_1_1231' title='bbox 2031 2790 2096 2809; x_wconf 58' lang='lat' dir='ltr'>ma,</span> 
     </span>
     <span class='ocr_line' id='line_1_132' title="bbox 1122 2811 2099 2858; baseline 0.013 -18"><span class='ocrx_word' id='word_1_1232' title='bbox 1122 2812 1233 2851; x_wconf 70' lang='lat' dir='ltr'>joribus</span> <span class='ocrx_word' id='word_1_1233' title='bbox 1244 2811 1432 2854; x_wconf 70' lang='lat' dir='ltr'>rebmfhmper</span> <span class='ocrx_word' id='word_1_1234' title='bbox 1441 2821 1604 2844; x_wconf 65' lang='lat' dir='ltr'>retulerunt.</span> <span class='ocrx_word' id='word_1_1235' title='bbox 1620 2820 1771 2858; x_wconf 87' lang='lat' dir='ltr'>Scriptum</span> <span class='ocrx_word' id='word_1_1236' title='bbox 1781 2818 1824 2849; x_wconf 87' lang='lat' dir='ltr'>est</span> <span class='ocrx_word' id='word_1_1237' title='bbox 1834 2821 1908 2852; x_wconf 88' lang='lat' dir='ltr'>item</span> <span class='ocrx_word' id='word_1_1238' title='bbox 1920 2841 1929 2856; x_wconf 94' lang='lat'>,</span> <span class='ocrx_word' id='word_1_1239' title='bbox 1944 2820 2017 2852; x_wconf 74' lang='lat' dir='ltr'>cum</span> <span class='ocrx_word' id='word_1_1240' title='bbox 2028 2824 2099 2852; x_wconf 88' lang='lat' dir='ltr'>Cri-</span> 
     </span>
    </p>

    <p class='ocr_par' dir='ltr' id='par_1_24' title="bbox 2001 2873 2098 2900">
     <span class='ocr_line' id='line_1_133' title="bbox 2001 2873 2098 2900; baseline -0.021 -4"><span class='ocrx_word' id='word_1_1241' title='bbox 2001 2873 2098 2900; x_wconf 80' lang='lat' dir='ltr'>tonis,</span> 
     </span>
    </p>
   </div>
   <div class='ocr_carea' id='block_1_20' title="bbox 1114 1455 1133 2795">
    <p class='ocr_par' dir='ltr' id='par_1_25' title="bbox 1114 1455 1133 2795">
     <span class='ocr_line' id='line_1_134' title="bbox 1114 1455 1133 2795; baseline 0 0"><span class='ocrx_word' id='word_1_1242' title='bbox 1114 1455 1133 2795; x_wconf 95' lang='lat' dir='ltr'> </span> 
     </span>
    </p>
   </div>
   <div class='ocr_carea' id='block_1_21' title="bbox 1016 2903 2081 2917">
    <p class='ocr_par' dir='ltr' id='par_1_26' title="bbox 1016 2903 2081 2917">
     <span class='ocr_line' id='line_1_135' title="bbox 1016 2903 2081 2917; baseline 0 483"><span class='ocrx_word' id='word_1_1243' title='bbox 1016 2903 2081 2917; x_wconf 95' lang='lat' dir='ltr'> </span> 
     </span>
    </p>
   </div>
   <div class='ocr_carea' id='block_1_22' title="bbox 130 2918 1090 3172">
    <p class='ocr_par' dir='ltr' id='par_1_27' title="bbox 131 2918 1090 3052">
     <span class='ocr_line' id='line_1_136' title="bbox 171 2918 1090 2954; baseline 0.003 -11"><span class='ocrx_word' id='word_1_1244' title='bbox 171 2926 196 2943; x_wconf 88' lang='lat'>1.</span> <span class='ocrx_word' id='word_1_1245' title='bbox 214 2919 315 2945; x_wconf 60' lang='lat' dir='ltr'>cubilia</span> <span class='ocrx_word' id='word_1_1246' title='bbox 332 2918 348 2944; x_wconf 68' lang='grc' dir='ltr'><em>ὴ</em></span> <span class='ocrx_word' id='word_1_1247' title='bbox 367 2921 563 2944; x_wconf 61' lang='lat' dir='ltr'>vaticinantibus</span> <span class='ocrx_word' id='word_1_1248' title='bbox 574 2921 633 2953; x_wconf 65' lang='lat' dir='ltr'>sape</span> <span class='ocrx_word' id='word_1_1249' title='bbox 645 2920 794 2954; x_wconf 70' lang='lat' dir='ltr'>praedit‘la.]</span> <span class='ocrx_word' id='word_1_1250' title='bbox 825 2919 920 2946; x_wconf 86' lang='lat' dir='ltr'>Codex</span> <span class='ocrx_word' id='word_1_1251' title='bbox 948 2921 976 2947; x_wconf 92' lang='lat' dir='ltr'>S.</span> <span class='ocrx_word' id='word_1_1252' title='bbox 996 2920 1090 2947; x_wconf 62' lang='lat' dir='ltr'>Victo-</span> 
     </span>
     <span class='ocr_line' id='line_1_137' title="bbox 131 2952 1090 2991; baseline 0.003 -11"><span class='ocrx_word' id='word_1_1253' title='bbox 131 2952 168 2980; x_wconf 82' lang='lat' dir='ltr'>ris</span> <span class='ocrx_word' id='word_1_1254' title='bbox 187 2952 317 2987; x_wconf 82' lang='lat' dir='ltr'>interjicit</span> <span class='ocrx_word' id='word_1_1255' title='bbox 334 2957 529 2981; x_wconf 66' lang='lat' dir='ltr'>vaticinantibm</span> <span class='ocrx_word' id='word_1_1256' title='bbox 555 2957 585 2987; x_wconf 49' lang='grc' dir='ltr'>(θ’</span> <span class='ocrx_word' id='word_1_1257' title='bbox 609 2959 752 2982; x_wconf 68' lang='lat' dir='ltr'>mantibus.</span> <span class='ocrx_word' id='word_1_1258' title='bbox 780 2955 852 2991; x_wconf 81' lang='lat' dir='ltr'>quod</span> <span class='ocrx_word' id='word_1_1259' title='bbox 871 2956 938 2983; x_wconf 63' lang='lat' dir='ltr'>bene</span> <span class='ocrx_word' id='word_1_1260' title='bbox 957 2963 1044 2983; x_wconf 81' lang='lat' dir='ltr'>mutat</span> <span class='ocrx_word' id='word_1_1261' title='bbox 1062 2957 1090 2984; x_wconf 86' lang='lat' dir='ltr'>iu</span> 
     </span>
     <span class='ocr_line' id='line_1_138' title="bbox 132 2990 1089 3021; baseline 0.003 -5"><span class='ocrx_word' id='word_1_1262' title='bbox 132 2990 261 3016; x_wconf 68' lang='lat' dir='ltr'>evantibu?</span> <span class='ocrx_word' id='word_1_1263' title='bbox 276 2990 366 3017; x_wconf 82' lang='lat' dir='ltr'>noster</span> <span class='ocrx_word' id='word_1_1264' title='bbox 394 2992 569 3020; x_wconf 73' lang='lat' dir='ltr'>Gulielmius.</span> <span class='ocrx_word' id='word_1_1265' title='bbox 599 2995 693 3020; x_wconf 69' lang='lat' dir='ltr'>verum</span> <span class='ocrx_word' id='word_1_1266' title='bbox 722 2992 808 3019; x_wconf 83' lang='lat' dir='ltr'>Palat.</span> <span class='ocrx_word' id='word_1_1267' title='bbox 836 2992 1003 3021; x_wconf 83' lang='lat' dir='ltr'>conientiunt</span> <span class='ocrx_word' id='word_1_1268' title='bbox 1030 3001 1089 3020; x_wconf 86' lang='lat' dir='ltr'>cum</span> 
     </span>
     <span class='ocr_line' id='line_1_139' title="bbox 135 3025 228 3052; baseline 0.011 -2"><span class='ocrx_word' id='word_1_1269' title='bbox 135 3025 178 3052; x_wconf 81' lang='lat' dir='ltr'>vul</span> <span class='ocrx_word' id='word_1_1270' title='bbox 202 3034 228 3051; x_wconf 76' lang='lat'>¹⁷.</span> 
     </span>
    </p>

    <p class='ocr_par' dir='ltr' id='par_1_28' title="bbox 171 3034 797 3101">
     <span class='ocr_line' id='line_1_140' title="bbox 171 3034 797 3101; baseline 0.005 -13"><span class='ocrx_word' id='word_1_1271' title='bbox 171 3034 305 3088; x_wconf 47' lang='lat' dir='ltr'>zgf’l&#39;amm</span> <span class='ocrx_word' id='word_1_1272' title='bbox 315 3064 376 3088; x_wconf 73' lang='lat' dir='ltr'>ratio</span> <span class='ocrx_word' id='word_1_1273' title='bbox 385 3062 446 3097; x_wconf 57' lang='lat' dir='ltr'>effi]</span> <span class='ocrx_word' id='word_1_1274' title='bbox 468 3064 525 3090; x_wconf 84' lang='lat' dir='ltr'>Pal.</span> <span class='ocrx_word' id='word_1_1275' title='bbox 535 3074 577 3101; x_wconf 82' lang='lat' dir='ltr'>pr.</span> <span class='ocrx_word' id='word_1_1276' title='bbox 591 3065 620 3091; x_wconf 87' lang='lat'>&amp;</span> <span class='ocrx_word' id='word_1_1277' title='bbox 630 3064 679 3093; x_wconf 87' lang='lat' dir='ltr'>sec.</span> <span class='ocrx_word' id='word_1_1278' title='bbox 689 3068 797 3092; x_wconf 78' lang='lat' dir='ltr'>varium.</span> 
     </span>
    </p>

    <p class='ocr_par' dir='ltr' id='par_1_29' title="bbox 130 3100 1088 3172">
     <span class='ocr_line' id='line_1_141' title="bbox 169 3100 1088 3140; baseline 0.011 -17"><span class='ocrx_word' id='word_1_1279' title='bbox 169 3105 185 3133; x_wconf 84' lang='lat'>3</span> <span class='ocrx_word' id='word_1_1280' title='bbox 193 3117 199 3123; x_wconf 89' lang='lat'>.</span> <span class='ocrx_word' id='word_1_1281' title='bbox 220 3100 282 3130; x_wconf 70' lang='lat' dir='ltr'>Viget</span> <span class='ocrx_word' id='word_1_1282' title='bbox 293 3101 355 3123; x_wconf 78' lang='lat' dir='ltr'>enim</span> <span class='ocrx_word' id='word_1_1283' title='bbox 364 3101 460 3124; x_wconf 79' lang='lat' dir='ltr'>animm·</span> <span class='ocrx_word' id='word_1_1284' title='bbox 468 3101 494 3125; x_wconf 85' lang='lat' dir='ltr'>in</span> <span class='ocrx_word' id='word_1_1285' title='bbox 497 3101 611 3137; x_wconf 54' lang='lat' dir='ltr'>firmuis]</span> <span class='ocrx_word' id='word_1_1286' title='bbox 623 3102 732 3140; x_wconf 65' lang='lat' dir='ltr'>Vulgati</span> <span class='ocrx_word' id='word_1_1287' title='bbox 738 3102 848 3138; x_wconf 46' lang='lat' dir='ltr'>ftmnik,</span> <span class='ocrx_word' id='word_1_1288' title='bbox 858 3101 900 3131; x_wconf 77' lang='lat' dir='ltr'>sed</span> <span class='ocrx_word' id='word_1_1289' title='bbox 910 3102 1025 3132; x_wconf 75' lang='lat' dir='ltr'>alterum</span> <span class='ocrx_word' id='word_1_1290' title='bbox 1034 3102 1088 3131; x_wconf 79' lang='lat' dir='ltr'>hae-</span> 
     </span>
     <span class='ocr_line' id='line_1_142' title="bbox 130 3133 554 3172; baseline 0.009 -10"><span class='ocrx_word' id='word_1_1291' title='bbox 130 3133 212 3162; x_wconf 72' lang='lat' dir='ltr'>:etin</span> <span class='ocrx_word' id='word_1_1292' title='bbox 228 3133 301 3162; x_wconf 71' lang='lat' dir='ltr'>I&#39;i&#39;th.</span> <span class='ocrx_word' id='word_1_1293' title='bbox 311 3135 339 3162; x_wconf 87' lang='lat'>&amp;</span> <span class='ocrx_word' id='word_1_1294' title='bbox 350 3134 418 3164; x_wconf 77' lang='lat' dir='ltr'>Pali.</span> <span class='ocrx_word' id='word_1_1295' title='bbox 430 3143 554 3172; x_wconf 78' lang='lat' dir='ltr'>quatuor.</span> 
     </span>
    </p>
   </div>
   <div class='ocr_carea' id='block_1_23' title="bbox 1137 2922 2101 3106">
    <p class='ocr_par' dir='ltr' id='par_1_30' title="bbox 1137 2922 2100 2996">
     <span class='ocr_line' id='line_1_143' title="bbox 1173 2922 2100 2964; baseline 0.009 -18"><span class='ocrx_word' id='word_1_1296' title='bbox 1173 2929 1202 2954; x_wconf 90' lang='lat'>4.</span> <span class='ocrx_word' id='word_1_1297' title='bbox 1220 2922 1386 2955; x_wconf 45' lang='lat' dir='ltr'>Antiphone]</span> <span class='ocrx_word' id='word_1_1298' title='bbox 1408 2923 1452 2948; x_wconf 86' lang='lat' dir='ltr'>Sic</span> <span class='ocrx_word' id='word_1_1299' title='bbox 1462 2923 1531 2950; x_wconf 75' lang='lat' dir='ltr'>Pali.</span> <span class='ocrx_word' id='word_1_1300' title='bbox 1543 2925 1732 2961; x_wconf 80' lang='lat' dir='ltr'>exemplarque</span> <span class='ocrx_word' id='word_1_1301' title='bbox 1743 2928 1769 2952; x_wconf 91' lang='lat' dir='ltr'>S.</span> <span class='ocrx_word' id='word_1_1302' title='bbox 1781 2927 1909 2960; x_wconf 64' lang='lat' dir='ltr'>isiotoris,</span> <span class='ocrx_word' id='word_1_1303' title='bbox 1919 2927 2100 2964; x_wconf 81' lang='lat' dir='ltr'>expreffitque</span> 
     </span>
     <span class='ocr_line' id='line_1_144' title="bbox 1137 2956 1769 2996; baseline 0.009 -13"><span class='ocrx_word' id='word_1_1304' title='bbox 1137 2956 1256 2984; x_wconf 82' lang='lat' dir='ltr'>editione</span> <span class='ocrx_word' id='word_1_1305' title='bbox 1268 2957 1310 2984; x_wconf 82' lang='lat' dir='ltr'>sua</span> <span class='ocrx_word' id='word_1_1306' title='bbox 1322 2958 1469 2986; x_wconf 51' lang='lat' dir='ltr'>x&#39;iistorius.</span> <span class='ocrx_word' id='word_1_1307' title='bbox 1490 2960 1583 2996; x_wconf 76' lang='lat' dir='ltr'>vulgg.</span> <span class='ocrx_word' id='word_1_1308' title='bbox 1593 2963 1769 2994; x_wconf 51' lang='lat' dir='ltr'>(Antiphontis.</span> 
     </span>
    </p>

    <p class='ocr_par' dir='ltr' id='par_1_31' title="bbox 1138 2996 2101 3072">
     <span class='ocr_line' id='line_1_145' title="bbox 1172 2996 2098 3036; baseline 0.009 -17"><span class='ocrx_word' id='word_1_1309' title='bbox 1172 3002 1198 3026; x_wconf 86' lang='lat'>5.</span> <span class='ocrx_word' id='word_1_1310' title='bbox 1209 2997 1350 3020; x_wconf 65' lang='lat' dir='ltr'>Mater-lave</span> <span class='ocrx_word' id='word_1_1311' title='bbox 1359 2996 1546 3031; x_wconf 50' lang='lat' dir='ltr'>:majumam-J</span> <span class='ocrx_word' id='word_1_1312' title='bbox 1561 2998 1603 3024; x_wconf 69' lang='lat' dir='ltr'>Est</span> <span class='ocrx_word' id='word_1_1313' title='bbox 1612 2997 1644 3024; x_wconf 86' lang='lat' dir='ltr'>ab</span> <span class='ocrx_word' id='word_1_1314' title='bbox 1655 2997 1772 3026; x_wconf 81' lang='lat' dir='ltr'>editione</span> <span class='ocrx_word' id='word_1_1315' title='bbox 1782 2998 1909 3032; x_wconf 65' lang='lat' dir='ltr'>Vistor&#39;ii,</span> <span class='ocrx_word' id='word_1_1316' title='bbox 1921 3009 2006 3036; x_wconf 86' lang='lat' dir='ltr'>neque</span> <span class='ocrx_word' id='word_1_1317' title='bbox 2018 3000 2098 3027; x_wconf 70' lang='lat' dir='ltr'>aliter</span> 
     </span>
     <span class='ocr_line' id='line_1_146' title="bbox 1138 3029 2101 3072; baseline 0.005 -16"><span class='ocrx_word' id='word_1_1318' title='bbox 1138 3029 1195 3056; x_wconf 83' lang='lat' dir='ltr'>Pal.</span> <span class='ocrx_word' id='word_1_1319' title='bbox 1206 3040 1246 3066; x_wconf 85' lang='lat' dir='ltr'>pr.</span> <span class='ocrx_word' id='word_1_1320' title='bbox 1260 3038 1307 3057; x_wconf 87' lang='lat' dir='ltr'>aut</span> <span class='ocrx_word' id='word_1_1321' title='bbox 1316 3030 1364 3057; x_wconf 81' lang='lat' dir='ltr'>sec.</span> <span class='ocrx_word' id='word_1_1322' title='bbox 1376 3031 1461 3067; x_wconf 73' lang='lat' dir='ltr'>licque</span> <span class='ocrx_word' id='word_1_1323' title='bbox 1472 3033 1552 3059; x_wconf 83' lang='lat' dir='ltr'>etiam</span> <span class='ocrx_word' id='word_1_1324' title='bbox 1564 3033 1731 3062; x_wconf 70' lang='lat' dir='ltr'>i‘ithoeanus.</span> <span class='ocrx_word' id='word_1_1325' title='bbox 1745 3036 1818 3072; x_wconf 76' lang='lat' dir='ltr'>vulg.</span> <span class='ocrx_word' id='word_1_1326' title='bbox 1830 3040 1933 3063; x_wconf 77' lang='lat' dir='ltr'>materia</span> <span class='ocrx_word' id='word_1_1327' title='bbox 1943 3037 2024 3062; x_wconf 70' lang='lat' dir='ltr'>deinde</span> <span class='ocrx_word' id='word_1_1328' title='bbox 2033 3037 2101 3071; x_wconf 71' lang='lat' dir='ltr'>quid.</span> 
     </span>
    </p>

    <p class='ocr_par' dir='ltr' id='par_1_32' title="bbox 1175 3066 2101 3106">
     <span class='ocr_line' id='line_1_147' title="bbox 1175 3066 2101 3106; baseline 0.008 -15"><span class='ocrx_word' id='word_1_1329' title='bbox 1175 3066 1203 3093; x_wconf 91' lang='lat'>6.</span> <span class='ocrx_word' id='word_1_1330' title='bbox 1223 3068 1274 3100; x_wconf 77' lang='lat' dir='ltr'>Nifi</span> <span class='ocrx_word' id='word_1_1331' title='bbox 1281 3068 1424 3101; x_wconf 69' lang='lat' dir='ltr'>confeHsonis</span> <span class='ocrx_word' id='word_1_1332' title='bbox 1443 3069 1494 3102; x_wconf 63' lang='grc' dir='ltr'>ψη</span> <span class='ocrx_word' id='word_1_1333' title='bbox 1509 3070 1657 3106; x_wconf 61' lang='lat' dir='ltr'>fabricam]</span> <span class='ocrx_word' id='word_1_1334' title='bbox 1681 3073 1723 3098; x_wconf 82' lang='lat' dir='ltr'>Ita</span> <span class='ocrx_word' id='word_1_1335' title='bbox 1733 3072 1802 3099; x_wconf 76' lang='lat' dir='ltr'>Pali.</span> <span class='ocrx_word' id='word_1_1336' title='bbox 1822 3072 1875 3099; x_wconf 89' lang='lat' dir='ltr'>duo</span> <span class='ocrx_word' id='word_1_1337' title='bbox 1885 3073 2021 3101; x_wconf 64' lang='lat' dir='ltr'>meliores.</span> <span class='ocrx_word' id='word_1_1338' title='bbox 2041 3080 2101 3102; x_wconf 77' lang='lat' dir='ltr'>nam</span> 
     </span>
    </p>
   </div>
   <div class='ocr_carea' id='block_1_24' title="bbox 1139 3103 2104 3142">
    <p class='ocr_par' dir='ltr' id='par_1_33' title="bbox 1139 3103 2104 3142">
     <span class='ocr_line' id='line_1_148' title="bbox 1139 3103 2104 3142; baseline 0.005 -13"><span class='ocrx_word' id='word_1_1339' title='bbox 1139 3109 1204 3129; x_wconf 87' lang='lat' dir='ltr'>tert.</span> <span class='ocrx_word' id='word_1_1340' title='bbox 1215 3103 1242 3129; x_wconf 74' lang='grc' dir='ltr'>δε</span> <span class='ocrx_word' id='word_1_1341' title='bbox 1254 3110 1343 3139; x_wconf 87' lang='lat' dir='ltr'>quart.</span> <span class='ocrx_word' id='word_1_1342' title='bbox 1354 3104 1497 3137; x_wconf 62' lang='lat' dir='ltr'>conftt‘i&#39;ionis</span> <span class='ocrx_word' id='word_1_1343' title='bbox 1509 3124 1517 3137; x_wconf 88' lang='lat'><strong><em>‚</em></strong></span> <span class='ocrx_word' id='word_1_1344' title='bbox 1538 3105 1610 3142; x_wconf 83' lang='lat' dir='ltr'>quod</span> <span class='ocrx_word' id='word_1_1345' title='bbox 1621 3106 1726 3137; x_wconf 78' lang='lat' dir='ltr'>invenit</span> <span class='ocrx_word' id='word_1_1346' title='bbox 1744 3109 1825 3138; x_wconf 76' lang='lat' dir='ltr'>etiam</span> <span class='ocrx_word' id='word_1_1347' title='bbox 1837 3110 1864 3138; x_wconf 86' lang='lat' dir='ltr'>in</span> <span class='ocrx_word' id='word_1_1348' title='bbox 1876 3111 1904 3138; x_wconf 79' lang='lat' dir='ltr'>S.</span> <span class='ocrx_word' id='word_1_1349' title='bbox 1913 3108 2032 3139; x_wconf 64' lang='lat' dir='ltr'>Vistoris</span> <span class='ocrx_word' id='word_1_1350' title='bbox 2043 3109 2104 3135; x_wconf 89' lang='lat' dir='ltr'>Gu-</span> 
     </span>
    </p>
   </div>
   <div class='ocr_carea' id='block_1_25' title="bbox 1139 3138 1650 3207">
    <p class='ocr_par' dir='ltr' id='par_1_34' title="bbox 1139 3138 1650 3207">
     <span class='ocr_line' id='line_1_149' title="bbox 1139 3138 1631 3176; baseline 0.002 -8"><span class='ocrx_word' id='word_1_1351' title='bbox 1139 3138 1268 3174; x_wconf 79' lang='lat' dir='ltr'>lielmius,</span> <span class='ocrx_word' id='word_1_1352' title='bbox 1278 3141 1305 3169; x_wconf 86' lang='lat'>&amp;</span> <span class='ocrx_word' id='word_1_1353' title='bbox 1317 3147 1419 3170; x_wconf 77' lang='lat' dir='ltr'>tantum</span> <span class='ocrx_word' id='word_1_1354' title='bbox 1432 3150 1484 3168; x_wconf 87' lang='lat' dir='ltr'>non</span> <span class='ocrx_word' id='word_1_1355' title='bbox 1495 3142 1631 3176; x_wconf 72' lang='lat' dir='ltr'>probabat.</span> 
     </span>
     <span class='ocr_line' id='line_1_150' title="bbox 1421 3176 1650 3207; baseline 0.013 -3"><span class='ocrx_word' id='word_1_1356' title='bbox 1421 3177 1449 3205; x_wconf 85' lang='lat' dir='ltr'>H</span> <span class='ocrx_word' id='word_1_1357' title='bbox 1459 3176 1476 3205; x_wconf 86' lang='lat' dir='ltr'>h</span> <span class='ocrx_word' id='word_1_1358' title='bbox 1485 3177 1502 3204; x_wconf 92' lang='lat' dir='ltr'>h</span> <span class='ocrx_word' id='word_1_1359' title='bbox 1514 3177 1531 3206; x_wconf 85' lang='lat' dir='ltr'>h</span> <span class='ocrx_word' id='word_1_1360' title='bbox 1541 3178 1558 3206; x_wconf 83' lang='lat' dir='ltr'>h</span> <span class='ocrx_word' id='word_1_1361' title='bbox 1569 3179 1586 3207; x_wconf 87' lang='lat' dir='ltr'>h</span> <span class='ocrx_word' id='word_1_1362' title='bbox 1596 3180 1613 3207; x_wconf 84' lang='lat' dir='ltr'>h</span> <span class='ocrx_word' id='word_1_1363' title='bbox 1632 3189 1650 3207; x_wconf 67' lang='grc' dir='ltr'><strong><em>ι</em></strong></span> 
     </span>
    </p>
   </div>
   <div class='ocr_carea' id='block_1_26' title="bbox 2010 3181 2109 3208">
    <p class='ocr_par' dir='ltr' id='par_1_35' title="bbox 2010 3181 2109 3208">
     <span class='ocr_line' id='line_1_151' title="bbox 2010 3181 2109 3208; baseline 0.02 -9"><span class='ocrx_word' id='word_1_1364' title='bbox 2010 3188 2021 3208; x_wconf 67' lang='grc' dir='ltr'><strong><em>ι</em></strong></span> <span class='ocrx_word' id='word_1_1365' title='bbox 2029 3200 2034 3207; x_wconf 61' lang='grc'><em>,</em></span> <span class='ocrx_word' id='word_1_1366' title='bbox 2047 3181 2109 3205; x_wconf 67' lang='grc' dir='ltr'>Ῥμ-</span> 
     </span>
    </p>
   </div>
   <div class='ocr_carea' id='block_1_27' title="bbox 2126 1401 2171 1433">
    <p class='ocr_par' dir='ltr' id='par_1_36' title="bbox 2126 1401 2171 1433">
     <span class='ocr_line' id='line_1_152' title="bbox 2126 1401 2171 1433; baseline 0.067 -3"><span class='ocrx_word' id='word_1_1367' title='bbox 2126 1401 2171 1433; x_wconf 56' lang='lat'>53&lt;</span> 
     </span>
    </p>
   </div>
   <div class='ocr_carea' id='block_1_28' title="bbox 1133 2390 2165 2442">
    <p class='ocr_par' dir='ltr' id='par_1_37' title="bbox 1133 2390 2165 2442">
     <span class='ocr_line' id='line_1_153' title="bbox 1133 2390 2165 2442; baseline 0.015 -23"><span class='ocrx_word' id='word_1_1368' title='bbox 1133 2399 1201 2421; x_wconf 90' lang='lat' dir='ltr'>rum</span> <span class='ocrx_word' id='word_1_1369' title='bbox 1212 2410 1221 2424; x_wconf 88' lang='lat'><em>‚</em></span> <span class='ocrx_word' id='word_1_1370' title='bbox 1241 2390 1274 2421; x_wconf 91' lang='lat'>&amp;</span> <span class='ocrx_word' id='word_1_1371' title='bbox 1282 2391 1319 2422; x_wconf 86' lang='lat' dir='ltr'>ad</span> <span class='ocrx_word' id='word_1_1372' title='bbox 1328 2401 1471 2422; x_wconf 75' lang='lat' dir='ltr'>exrorum</span> <span class='ocrx_word' id='word_1_1373' title='bbox 1483 2395 1639 2426; x_wconf 82' lang='lat' dir='ltr'>veritatem</span> <span class='ocrx_word' id='word_1_1374' title='bbox 1651 2396 1693 2427; x_wconf 90' lang='lat' dir='ltr'>est</span> <span class='ocrx_word' id='word_1_1375' title='bbox 1702 2400 1837 2438; x_wconf 81' lang='lat' dir='ltr'>paratior.</span> <span class='ocrx_word' id='word_1_1376' title='bbox 1863 2403 1933 2431; x_wconf 89' lang='lat' dir='ltr'>Hoc</span> <span class='ocrx_word' id='word_1_1377' title='bbox 1944 2403 2095 2433; x_wconf 86' lang='lat' dir='ltr'>nimirum</span> <span class='ocrx_word' id='word_1_1378' title='bbox 2115 2409 2136 2440; x_wconf 87' lang='lat'><em>5</em></span> <span class='ocrx_word' id='word_1_1379' title='bbox 2143 2411 2165 2442; x_wconf 85' lang='lat'><em>4</em></span> 
     </span>
    </p>
   </div>
  </div>
 </body>
</html>
