2301 3395
215 141 286 199 24
687 122 770 178 M.
847 120 1180 178 TULLII

210 215 312 251 tilina
325 213 400 262 jam
421 211 554 250 bellum
579 222 722 260 gerente
735 239 744 253 ,
768 225 850 248 cum
863 210 936 258 ejus
950 209 1033 246 socii
1050 209 1085 246 in
1098 209 1184 246 urbe

216 260 328 300 reliffi
342 263 503 298 nondum
516 261 623 298 effent
635 261 845 309 deprehensi,
859 261 984 295 Cicero
998 262 1184 296 Murenam

214 312 396 349 consulem
409 310 626 359 designatum
637 309 791 346 defendit
804 335 813 349 ‚
839 319 878 344 ut
889 321 931 344 ex
942 308 1011 356 ipsa
1025 308 1184 345 oratione

215 364 252 398 8<
263 374 326 410 pro
340 361 461 396 Flacco
474 371 622 409 apparet.
651 359 865 395 Accusarunt
884 370 968 393 eum
986 358 1030 394 de
1049 356 1181 393 ambitu

216 412 290 446 Ser.
305 409 478 458 Sulpicius
492 435 502 451 ,
516 408 711 445 M.Porcius
725 407 813 442 Cato
829 432 837 447 ,
851 408 886 443 ὃς
898 408 964 442 Cn.
974 406 1182 442 Postumius.

218 459 392 507 Sulpicius
405 458 615 505 competitor
627 456 699 503 ejus
712 455 823 491 fuerat
833 481 842 496 ‚
864 457 898 491 &
912 456 1079 503 repulsam
1091 455 1182 491 tule-

216 519 279 544 rat.
299 508 472 543 Catonem
486 505 686 542 Plutarchus
700 504 736 540 in
748 503 821 552 ejus
835 503 907 540 vita
918 504 1034 540 scribit
1040 503 1180 552 jurasse,

216 556 456 593 accusaturum
470 555 501 590 se
519 565 765 602 quemcunque
777 554 959 601 pecuniam
978 553 1110 602 populo
1122 553 1183 588 da-

217 618 255 642 re
275 604 511 653 cognovisset:
536 602 683 652 ideoque
698 604 855 638 Murenae
869 615 1002 638 nomen
1014 603 1056 638 ab
1068 615 1110 637 eo
1122 602 1183 637 de·

216 654 327 690 latum
348 653 413 688 effe
425 678 435 693 ‚
482 650 555 687 uod
578 651 605 687 is
628 653 776 699 pecunia
795 651 958 687 efieciffet
970 677 980 693 ‚
1003 662 1044 687 ut
1065 650 1185 686 consul

215 715 300 738 cum
324 702 440 736 Silano
458 666 706 748 designaretur.
733 700 975 736 Defenderunt
998 706 1185 736 Murenam

217 749 486 798 Qloi·tensius‚
499 749 699 787 ivl-Crassus,
711 751 746 786 &
758 749 886 785 M-Cic.
897 750 956 798 qui
968 775 977 790 ,
991 749 1074 785 cum
1088 752 1182 785 Hor-

215 799 367 836 tenfium
379 797 589 848 eloquentiae
609 797 710 834 laude
730 809 809 835 tum
831 797 1017 834 florentem
1030 798 1185 847 superare

216 847 444 884 contenderet
465 873 473 888 ‚
510 846 642 883 nullam
666 858 798 894 partem
822 847 934 883 nostis
957 847 1162 895 conquievit
1175 873 1183 887 ,

215 897 323 946 usque
343 897 386 932 eb
411 906 451 932 ut
471 896 589 932 nimiis
611 896 704 931 curis
729 898 764 933 «Sc
789 895 914 944 vigiliis
936 896 1103 934 afflans,
1128 895 1183 930 in-

217 946 326 982 fer-ior
338 970 349 985 ,
361 947 468 994 quam
481 945 538 981 ille
548 971 558 986 ‚
570 944 605 981 in
618 945 756 982 aftioiie
767 944 859 981 visus
871 944 989 981 fuerit.
1018 945 1091 980 haec
1104 945 1183 980 Plu-

215 995 355 1031 tarchus
369 995 404 1030 in
417 995 591 1030 Cicerone
604 1020 614 1035 ,
633 1004 673 1030 ut
691 1006 756 1042 ego
770 993 981 1042 jampridem
995 1004 1182 1029 converte-

216 1056 291 1081 ram
306 1069 316 1085 ,
341 1043 402 1080 ubi
422 1043 519 1093 quod
536 1043 592 1078 alii
609 1039 657 1089 μιὺ
669 1042 801 1079 addunt
813 1069 822 1084 ,
845 1042 901 1079 alii
915 1044 1008 1078 αὸτέ
1017 1055 1078 1089 pro
1092 1040 1183 1078 αότέ

217 1093 341 1141 legunt
353 1119 363 1134 ‚
388 1093 487 1128 nullo
512 1091 622 1128 modo
644 1092 789 1140 probare
811 1091 957 1140 poffum.
987 1093 1131 1127 Interim
1145 1093 1180 1127 Ρ.

217 1143 389 1179 Lentulus
410 1144 497 1178 Sura
519 1141 648 1189 legatos
670 1141 904 1189 Allobrogum
917 1164 926 1179 ‚
949 1140 1009 1189 qui
1028 1143 1181 1176 Romam

215 1191 379 1240 questum
393 1190 436 1226 de
447 1191 590 1226 avaritia
601 1190 866 1238 magistratuum
879 1200 1045 1226 venerant
1057 1213 1066 1227 ‚
1090 1189 1182 1224 solli-

215 1240 340 1276 citavit
351 1266 361 1281 ‚
385 1240 510 1289 eosque
523 1240 559 1275 in
572 1239 722 1275 Galliam
740 1239 783 1275 ad
795 1239 872 1275 suos
889 1239 981 1274 cives
994 1251 1077 1274 curn
1090 1238 1181 1274 litte-

216 1288 263 1325 ris
275 1289 378 1325 misit.
401 1289 528 1324 Cicero
541 1288 641 1324 omni
653 1301 690 1324 re
700 1312 710 1328 ‚
721 1301 827 1337 opera
837 1287 978 1332 QFabii
991 1289 1111 1335 Sangae
1124 1301 1181 1335 pa-

215 1337 312 1374 troni
345 1337 493 1373 civitatis
516 1337 750 1384 Allobrogum
783 1337 924 1385 cognita
944 1361 955 1375 ,
987 1339 1028 1373 L.
1042 1337 1182 1372 Valerio

218 1386 340 1423 Flacco
354 1389 389 1423 &
400 1386 647 1435 C.Pomptinio
661 1386 865 1435 praetoribus
878 1385 1062 1433 imperavit
1073 1411 1083 1427 ,
1094 1397 1133 1421 ut
1146 1385 1181 1420 in

215 1445 325 1484 ponte
343 1435 485 1471 Mulvio
507 1446 569 1484 per
593 1434 726 1471 infidias
743 1435 977 1483 Allobrogum
1000 1434 1184 1470 comitatus

217 1484 530 1533 deprehenderent·
558 1485 671 1532 Igitur
692 1495 742 1519 1v.
756 1486 877 1520 Nonas
898 1483 1081 1520 Decembr.
1100 1495 1183 1519 cum

215 1533 505 1582 advesperasceret
516 1533 655 1569 occulte
669 1533 712 1568 eo
725 1532 873 1580 profeffl
887 1558 897 1574 ,
917 1534 1017 1569 tertia
1035 1532 1106 1568 fere
1127 1533 1183 1569 vi-

216 1582 300 1630 gilia
322 1583 440 1619 exaeh
453 1606 462 1621 ‚
485 1581 691 1631 Allobroges
713 1595 797 1618 cum
817 1581 988 1618 comitatu
1007 1583 1042 1618 δε
1062 1581 1182 1617 litteris

215 1631 563 1679 comprehenderunt
576 1657 585 1672 ,
598 1642 700 1680 atque
711 1631 754 1667 ad
765 1632 974 1667 Ciceronem
987 1655 997 1669 ‚
1019 1629 1182 1678 ciimjain

218 1680 454 1721 dilucesceret,
469 1680 702 1717 deduxerunt.
723 1693 733 1716 i
748 1692 757 1715 i
773 1693 798 1716 ι.
812 1682 933 1716 Nonas
947 1680 1073 1716 Cicero
1085 1680 1182 1727 prin-

214 1729 308 1777 cipes
321 1729 574 1777 conjurationis
598 1730 640 1765 ad
659 1730 691 1766 se
710 1729 829 1765 venire
835 1728 934 1776 jussit
947 1755 955 1769 ‚
980 1731 1015 1765 &
1027 1727 1181 1765 senatum

214 1778 254 1814 in
267 1777 378 1814 aedem
392 1778 602 1814 Concordiae
614 1778 766 1814 vocavit.
800 1778 854 1814 Ibi
866 1780 911 1814 T.
923 1778 1099 1814 Vulturcii
1114 1803 1124 1820 ‚
1148 1781 1181 1814 ὃς

215 1826 454 1875 Allobrogum
466 1827 603 1863 indiciis
613 1827 811 1875 conjuratio
823 1827 941 1863 omnis
952 1826 1114 1875 patefadta
1124 1827 1181 1862 est.

215 1875 434 1912 Introduffis
454 1876 490 1912 in
504 1878 670 1912 Senatum
692 1876 865 1912 indicibus
879 1902 888 1915 ‚
913 1876 1038 1912 Cicero
1050 1875 1181 1912 consti-

214 1925 284 1960 tuit
298 1925 561 1962 C.Cosconium
573 1949 582 1964 ‚
597 1924 825 1961 M-Meffalam
838 1951 846 1965 ‚
859 1925 1082 1973 P-Nigidium
1093 1949 1103 1964 ,
1115 1928 1181 1974 Ap.

215 1973 409 2009 Claudium
421 1999 431 2014 ,
446 1973 506 2022 qui
519 1974 640 2010 omnia
653 1973 809 2009 indicum
824 1974 915 2010 dista
928 2000 937 2015 ‚
959 1975 1182 2022 interrogata,

213 2022 372 2070 responsa
394 2022 654 2070 perscriberent.
680 2022 776 2071 quod
795 2022 863 2070 ipse
875 2036 939 2071 pro
953 2023 1047 2059 Sulla
1069 2024 1182 2060 refert.

214 2072 317 2106 Tum
330 2070 499 2106 Lentulus
513 2096 523 2110 ‚
536 2072 713 2117 Cethegus
726 2096 736 2110 ‚
751 2071 904 2106 Statilius
918 2097 927 2111 ,
942 2072 1112 2107 Gabinius
1124 2096 1132 2109 ‚
1148 2075 1182 2107 ὃς

216 2119 394 2165 Caeparius
406 2131 448 2154 ex
462 2119 535 2154 S.C.
549 2119 586 2153 in
597 2117 790 2153 custodiam
802 2118 880 2153 sunt
890 2118 1017 2153 traditi.
1031 2130 1108 2166 quae
1120 2119 1182 2152 Ci-

216 2179 299 2203 cero
314 2167 350 2202 in
364 2166 504 2202 Catilin.
520 2179 547 2210 3·
563 2165 741 2202 Sallustius
754 2191 762 2207 ‚
774 2166 976 2202 Plutarchus
989 2192 1000 2206 ‚
1011 2166 1183 2213 Appianus

217 2219 253 2252 ὅ(
267 2215 335 2251 Dio
361 2216 516 2264 pluribus
537 2216 650 2251 verbis
672 2226 867 2263 exponunt.
895 2217 947 2250 Eo
972 2214 1028 2252 die
1050 2215 1182 2250 senatus

216 2264 383 2300 Ciceroni
396 2275 516 2313 togato
528 2290 539 2305 ‚
560 2277 634 2299 non
653 2274 695 2299 ut
717 2263 835 2299 multis
847 2287 858 2302 ‚
878 2262 968 2298 bene
979 2262 1080 2310 gestae
1096 2288 1104 2302 ,
1125 2263 1181 2298 sed

220 2324 260 2349 ut
276 2313 410 2349 nemini
424 2339 433 2355 ‚
456 2313 665 2349 conservatae
678 2312 809 2361 reipub·
820 2311 1063 2348 testimonium
1075 2311 1180 2353 dedit,

216 2365 252 2399 ὃς
266 2362 427 2410 singulari
441 2375 568 2410 genere
589 2361 846 2410 supplicationis
858 2364 1016 2397 Deorum
1030 2361 1178 2396 immor-

217 2411 342 2447 talium
355 2412 482 2459 templa
496 2412 654 2459 patefecit
668 2437 677 2451 ,
700 2410 737 2446 in
752 2412 849 2446 Orat.
859 2410 896 2445 in
908 2409 1075 2446 Pisonem.
1089 2409 1118 2458 ej
1125 2410 1178 2446 us-

215 2460 299 2496 dem
321 2460 576 2508 supplicationis
598 2459 731 2496 mentio
752 2459 801 2495 est
813 2459 953 2495 Catilin.
971 2471 996 2502 3-
1010 2461 1045 2495 &
1059 2471 1088 2501 4-
1100 2459 1180 2494 Phi-

217 2509 315 2557 lip.2.
327 2511 362 2545 &
380 2521 430 2551 ¹4·
444 2522 508 2557 pro
523 2508 617 2545 Sulla
629 2534 638 2550 ‚
651 2511 686 2546 &
697 2507 826 2555 epist.4.
838 2508 897 2545 lib.
908 2519 958 2550 15.
970 2507 1090 2543 Famil.
1107 2508 1179 2543 Sub

216 2558 361 2594 nostem
373 2558 565 2605 progressus
584 2558 620 2593 in
639 2557 851 2593 concionem
865 2557 990 2592 Cicero
1003 2579 1014 2594 ‚
1035 2556 1180 2605 populo,

215 2605 280 2656 qui
302 2605 464 2654 frequens
486 2606 601 2642 aderat
625 2631 636 2645 ,
659 2605 833 2656 quidquid
855 2606 890 2642 in
912 2607 1040 2641 Senatu
1064 2606 1181 2641 astum

219 2665 294 2691 erat
305 2680 314 2696 ,
327 2654 485 2702 exposuit
497 2668 536 2691 ea
546 2656 723 2700 oratione5
744 2668 821 2704 quae
832 2655 933 2691 tertia
944 2655 980 2690 in
994 2654 1179 2690 Catilinam

216 2703 326 2740 exstat
338 2728 348 2742 ‚
369 2706 405 2740 δε
426 2716 521 2740 nona
546 2704 744 2740 Consularis
766 2715 972 2741 numeratur
984 2728 994 2742 ‚
1017 2702 1112 2752 epist.
1130 2715 1181 2747 17.

218 2752 313 2789 lib.2.
323 2751 364 2788 ad
376 2756 445 2788 Att.
456 2756 483 2788 E
495 2753 668 2788 concion-e
677 2754 802 2789 Cicero
819 2780 828 2795 ,
838 2764 878 2789 ut
887 2753 1088 2789 Plutarchus
1101 2751 1181 2787 scri-

218 2801 291 2841 bit,
314 2801 352 2837 in
372 2801 521 2837 domuin
535 2801 673 2838 vicinia
686 2803 816 2850 populo
836 2801 1007 2838 dedushis
1026 2800 1093 2837 fuit
1107 2826 1117 2842 ,
1138 2813 1180 2836 eo

218 2849 315 2897 quod
327 2850 423 2885 domi
439 2850 512 2897 ejus
533 2851 569 2886 in
585 2861 709 2899 operto
721 2851 809 2887 sacra
821 2852 926 2887 Bonae
939 2850 1011 2886 deae
1025 2851 1043 2885 a
1055 2849 1176 2886 mulie—

217 2899 359 2934 ribus&
371 2898 562 2934 Vestalibus
575 2898 708 2935 fierent.
735 2899 782 2934 ibi
801 2910 877 2935 tum
896 2899 1036 2948 pensio
1055 2897 1176 2935 sacrifi-

219 2948 276 2982 cio
288 2971 298 2985 ‚
313 2959 395 2982 cum
408 2946 497 2994 ignis
509 2948 546 2983 in
557 2947 691 2995 arajam
703 2948 890 2984 exstimans
902 2959 1090 2996 putaretur,
1104 2960 1179 2983 ma-

217 3008 287 3043 g-na
307 2995 448 3032 flamma
467 2995 486 3031 e
504 2996 675 3032 cineribus
693 2997 729 3032 in
744 2997 853 3032 altum
867 2996 993 3033 sublata
1006 2997 1083 3033 suit.
1109 3009 1180 3044 quo

215 3044 355 3080 ostento
368 3044 513 3081 aliarum
528 3056 661 3081 mentes
676 3045 838 3093 perculsae
855 3045 1007 3082 fuerunt.
1034 3045 1181 3082 Vestales

219 3093 421 3137 Terentiam
432 3093 614 3130 Ciceronis
625 3093 816 3142 conjugem
828 3095 992 3140 maritum
1004 3094 1096 3131 adire
1106 3121 1116 3137 ,
1129 3105 1179 3130 at-

218 3141 408 3206 quegicere
416 3141 590 3192 jusserunt
598 3166 609 3182 ,
622 3155 700 3193 quae
712 3143 756 3180 de
766 3143 887 3194 patriae
898 3144 1002 3182 salute
1013 3157 1113 3194 agere
1124 3144 1180 3181 in-

1258 118 1760 188 C1cnnonis

1224 209 1403 250 stituiffet,
1429 224 1469 248 ea
1490 212 1628 261 exsequi
1652 225 1696 248 ne
1717 210 1900 249 dubitaret·
1929 210 2065 249 Ostenti
2087 211 2204 261 hujus

1224 260 1356 295 mentio
1371 260 1419 296 est
1432 274 1573 310 quoque
1586 262 1622 297 in
1636 262 1759 297 Dionis
1778 261 1918 299 historia
1933 262 2021 298 libro
2040 274 2092 307 37.
2123 264 2193 297 Po·-

1224 308 1312 344 stero
1326 309 1383 345 die
1398 323 1507 345 nonas
1521 310 1703 346 Decembr.
1715 309 1889 346 indicibus
1909 311 2050 358 praemia
2063 310 2195 346 consti·

1224 368 1298 394 tuta
1311 357 1454 395 fuerunt
1464 385 1473 400 ,
1488 370 1527 394 ut
1539 360 1666 395 Cicero
1677 360 1715 394 in
1726 359 1902 401 Catilin.4.
1921 360 2061 395 indicat.
2077 360 2196 396 Nonis

1225 407 1406 443 Decembr.
1419 420 1503 443 cum
1517 408 1643 443 Cicero
1664 408 1786 444 consul
1807 408 2014 455 intelligeret
2029 434 2039 449 ‚
2059 418 2196 456 paratos

1226 455 1290 491 effe
1305 482 1314 497 ‚
1326 457 1386 506 qui
1401 456 1592 492 Lentulum
1605 459 1639 493 ὃς
1651 457 1850 503 Cethegum
1866 457 2038 505 eriperent
2049 480 2059 494 ‚
2079 455 2195 503 dispo-

1228 503 1294 540 fitis
1309 505 1471 553 praefidiis
1487 531 1496 545 ,
1510 508 1544 541 &
1557 505 1672 544 senatu
1684 517 1882 541 convocato
1895 506 2013 541 retulit
2027 530 2036 546 ‚
2056 504 2141 553 quid
2153 505 2204 541 de>

1227 554 1266 589 iis
1278 552 1352 590 fieri
1365 554 1512 601 placeret
1523 577 1531 591 ‚
1543 554 1602 602 qui
1616 557 1652 589 in
1664 553 1857 590 custodiam
1869 554 1985 590 traditi
1998 563 2107 591 erant.
2120 553 2195 589 Pri-

1226 615 1303 638 mus
1316 604 1486 652 D.Junius
1498 603 1633 639 Silanus
1648 626 1658 641 ‚
1680 603 1761 651 quia
1771 603 1892 638 consul
1904 603 2099 651 designatus
2111 613 2198 642 erat,

1228 651 1583 700 sententiamrogatus
1596 676 1605 690 ,
1629 663 1827 688 extremum
1850 652 2055 699 supplicium
2077 652 2113 686 in
2134 663 2195 687 eos

1227 700 1391 737 decrevit.
1418 701 1451 736 ci
1471 700 1589 736 assenfi
1608 700 1685 736 sunt
1703 701 1862 748 deinceps
1879 700 2005 738 multi,
2026 701 2141 736 donec
2152 700 2195 736 ad

1227 749 1282 785 Ti.
1296 752 1478 786 Neronem
1496 749 1671 785 sententiae
1684 749 1792 786 didio
1807 750 1979 797 pervenit.
2002 750 2098 784 hunc
2110 761 2196 785 cen-

1225 798 1322 834 suiffe
1333 799 1508 847 Appianus
1520 799 1566 833 ait
1580 822 1588 836 ‚
1609 809 1649 833 ut
1662 797 1902 846 comprehensi
1915 798 1950 833 'm
1967 798 2119 834 vinculis
2131 798 2197 834 ha-

1225 847 1391 883 berentur
1413 874 1422 889 ,
1448 846 1563 895 quoad
1584 847 1734 882 Catilina
1759 847 1852 882 bello
1875 847 2079 895 profligatus
2105 846 2196 882 esset.

1226 896 1338 932 Caefar
1349 896 1475 932 deinde
1487 906 1613 944 praetor
1625 895 1820 944 designatus
1832 896 1964 932 censuit
1974 920 1983 934 ‚
2006 908 2064 931 eos
2076 895 2194 944 publi-

1225 956 1307 981 catis
1333 945 1434 981 bonis
1462 945 1498 980 in
1526 945 1675 980 vinculis
1702 957 1762 993 per
1788 945 1977 992 municipia
2003 944 2197 981 habendos.

1225 994 1318 1029 Huic
1341 994 1515 1030 sententiae
1529 1017 1539 1031 ‚
1560 994 1606 1029 ait
1619 994 1820 1030 Plutarchus
1833 1020 1842 1034 ‚
1866 993 1948 1029 cum
1970 995 2005 1030 ὃς
2027 993 2194 1041 aequitatis

1226 1043 1335 1089 plena,
1348 1045 1382 1079 &
1395 1042 1436 1078 ab
1448 1042 1595 1078 homine
1607 1042 1888 1092 eloquentissimo
1903 1043 1994 1078 dieta
2007 1042 2101 1080 esset,
2114 1055 2194 1078 mo-

1224 1092 1334 1127 menti
1348 1092 1474 1128 Cicero
1498 1104 1570 1127 non
1593 1104 1715 1139 parum
1741 1091 1873 1127 addidit
1887 1105 1893 1127 :
1920 1092 2067 1127 surrexit
2081 1093 2194 1133 enim,

1223 1152 1324 1189 atque
1345 1141 1382 1177 in
1404 1152 1575 1189 utranque
1595 1151 1729 1188 partem
1748 1139 1926 1180 disseruit,
1951 1141 2077 1188 partim
2099 1140 2195 1177 illam

1224 1190 1327 1225 Silani
1341 1214 1350 1228 ,
1377 1189 1502 1238 partim
1523 1191 1612 1225 hanc
1625 1189 1765 1225 Gaelaris
1777 1189 1982 1224 sententiam
1993 1188 2192 1225 defendens.

1224 1239 1349 1286 quibus
1371 1239 1487 1276 verbis
1508 1239 1679 1274 summam
1703 1248 1832 1287 quartae
1854 1238 2020 1273 orationis
2040 1238 2077 1273 in
2093 1237 2192 1274 Cati-

1223 1288 1331 1324 linam
1342 1287 1620 1336 comprehendit.
1647 1287 1683 1322 in
1697 1300 1763 1336 qua
1774 1286 1901 1322 Cicero
1915 1286 1957 1323 de
1970 1286 2102 1322 duabus
2114 1287 2196 1322 sen-

1223 1337 1338 1373 tentiis
1351 1337 1533 1373 contrariis
1545 1337 1591 1372 ita
1602 1336 1750 1383 disputat
1765 1360 1776 1374 ‚
1789 1347 1829 1371 ut
1844 1349 1917 1371 non
1929 1335 2074 1371 obscure
2090 1335 2126 1371 in
2139 1335 2192 1371 se-

1225 1386 1397 1422 veriorem
1412 1386 1519 1422 Silani
1533 1385 1686 1421 inclinet.
1709 1396 1813 1433 atque
1824 1385 1898 1421 haec
1910 1384 1957 1420 est
1966 1384 2100 1420 decima
2113 1397 2195 1421 ora-

1224 1436 1273 1471 tio
1286 1435 1483 1471 Consularis
1497 1448 1505 1470 t
1525 1447 1628 1484 quam
1640 1435 1677 1469 in
1689 1434 1805 1470 senatu
1816 1433 1918 1469 nonis
1931 1434 2113 1469 Decembr·
2126 1434 2190 1470 ha-

1225 1484 1331 1521 bitam
1347 1484 1446 1520 fuiffe
1461 1510 1470 1525 ,
1492 1483 1559 1532 ipse
1570 1483 1664 1532 epist.
1680 1495 1706 1519 1.
1720 1483 1796 1519 libr.
1809 1495 1841 1519 2.
1860 1483 1902 1519 ad
1916 1484 1985 1518 Att.
1996 1482 2113 1518 scribit
2124 1507 2135 1521 ,
2150 1493 2192 1520 ut

1224 1534 1298 1569 satis
1319 1533 1437 1569 mirari
1457 1545 1628 1582 nequeam
1640 1557 1650 1571 ‚
1672 1532 1822 1568 Silvium
1839 1533 1873 1568 ὃς
1887 1531 2082 1567 Curionem
2095 1530 2192 1568 affir-

1225 1595 1319 1618 mare
1330 1609 1340 1623 ‚
1353 1582 1447 1619 illam
1459 1583 1655 1618 orationem
1672 1593 1739 1618 vii.
1753 1581 1832 1617 Idus
1845 1580 1974 1617 dffiam
1986 1580 2095 1617 fuisse.
2109 1581 2190 1617 Cae-

1225 1632 1285 1668 sari
1309 1631 1470 1680 deinceps
1492 1644 1614 1667 omnes
1636 1630 1780 1667 assensos
1801 1629 1867 1666 effe
1889 1630 1995 1679 usque
2016 1628 2059 1665 ad
2080 1629 2190 1665 Cato-

1225 1694 1306 1716 nem
1319 1706 1329 1721 ‚
1342 1681 1517 1730 Appianus
1529 1683 1564 1717 &
1578 1680 1645 1716 Dio
1657 1679 1808 1716 tradunt.
1834 1678 2036 1715 Plutarchus
2048 1678 2094 1714 ait
2106 1704 2116 1719 ‚
2138 1680 2190 1723 Q.

1228 1730 1407 1766 Lutatium
1418 1730 1585 1766 Catulum
1595 1729 1748 1778 primum
1760 1727 2015 1765 contradixisse.
2041 1727 2127 1763 Inde
2136 1729 2190 1763 Μ.

1226 1779 1366 1815 Porcius
1378 1780 1466 1815 Cato
1478 1778 1688 1826 tribunuspl.
1700 1776 1895 1825 designatus
1909 1801 1919 1815 ‚
1940 1775 2053 1812 adhuc
2065 1775 2167 1811 admo
2175 1797 2190 1804 -

1225 1828 1311 1864 dum
1325 1828 1518 1864 adolescens
1530 1853 1540 1867 ‚
1562 1828 1658 1876 paene
1676 1828 1768 1862 inter
1790 1825 1933 1862 ultimos
1953 1835 2092 1872 rogatus
2111 1825 2188 1861 sen-

1224 1877 1367 1913 tentiam
1382 1902 1392 1916 ‚
1416 1888 1510 1913 tanta
1526 1877 1562 1913 vi
1576 1875 1681 1912 animi
1695 1885 1799 1924 atque
1812 1874 1946 1922 ingenii
1964 1873 2125 1910 inve&us
2139 1872 2197 1909 est·

1225 1926 1262 1962 in
1297 1926 1579 1974 conjurationem
1615 1952 1624 1967 ‚
1665 1935 1706 1961 ut
1736 1923 1859 1960 ardore
1890 1923 1960 1959 oris
1989 1922 2189 1958 orationem

1226 1975 1388 2012 omnium
1400 1975 1577 2011 lenitatem
1589 1973 1804 2011 suadentium
1816 1972 1975 2008 societate
1986 1970 2119 2006 consilii
2132 1971 2190 2007 su-

1225 2025 1372 2071 spenam
1393 2023 1510 2060 fecerit
1523 2050 1532 2066 ,
1553 2023 1597 2059 fic
1618 2020 1855 2070 impendentia
1870 2033 1913 2056 ex
1934 2019 2045 2055 ruinis
2063 2019 2188 2055 incen-

1226 2073 1359 2119 diisque
1371 2073 1465 2106 urbis
1478 2094 1488 2108 ,
1502 2075 1537 2106 &
1547 2068 1827 2104 commutatione
1838 2066 1942 2103 status
1952 2066 2081 2114 publici
2095 2068 2187 2115 peri-

1226 2119 1304 2154 cula
1318 2118 1477 2164 exposuit
1489 2144 1498 2159 ‚
1524 2117 1570 2153 ita
1590 2115 1740 2152 consulis
1763 2115 1932 2152 virtutem
1951 2113 2188 2163 amplificavit,

1225 2177 1264 2202 ut
1286 2166 1465 2202 universus
1485 2166 1618 2202 senatus
1640 2165 1678 2200 in
1699 2163 1772 2212 ejus
1796 2164 1999 2202 sententiam
2019 2164 2191 2201 transiret.

1226 2216 1298 2250 haec
1309 2213 1473 2263 Vellejus.
1497 2226 1536 2249 tu
1546 2215 1620 2262 lege
1632 2214 1843 2249 Ciceronem
1856 2226 1918 2262 pro
1931 2213 2061 2249 Sextio.
2084 2215 2189 2251 Paeto

1224 2264 1332 2311 igitur
1351 2266 1382 2300 S.
1392 2264 1435 2300 C.
1453 2263 1490 2298 in
1503 2262 1647 2299 Catonis
1666 2262 1868 2298 sententiam
1881 2286 1892 2300 ‚
1917 2262 2124 2311 supplicium
2144 2263 2198 2299 de.

1226 2312 1376 2348 Lentulo
1390 2335 1399 2350 ,
1412 2312 1570 2360 Cethego
1584 2335 1594 2350 ,
1617 2311 1750 2348 Statilio
1761 2334 1772 2349 ‚
1793 2311 1943 2347 Gabinio
1955 2335 1965 2349 ‚
1978 2311 2136 2360 Caepario
2148 2312 2194 2349 in.

1223 2373 1358 2397 carcere
1369 2361 1547 2408 sumptum
1558 2360 1619 2397 est.
1640 2363 1754 2409 Atque
1767 2359 1814 2396 ita
1827 2360 2008 2397 M.Cicero
2020 2359 2086 2397 suis
2098 2372 2188 2398 con—

1224 2409 1302 2446 siliis
1317 2433 1327 2448 ‚
1347 2410 1413 2446 suis
1426 2409 1598 2452 laboribus
1612 2432 1622 2448 ‚
1644 2409 1693 2445 sui
1706 2408 1825 2457 capitis
1839 2408 2002 2457 periculis
2014 2435 2023 2449 ‚
2045 2408 2117 2445 fine
2127 2420 2190 2446 tu-

1224 2458 1339 2495 multu
1361 2483 1371 2498 ,
1398 2458 1468 2505 fine
1490 2458 1626 2495 delestu
1642 2484 1651 2499 ,
1674 2457 1745 2493 fine
1767 2459 1869 2495 armis
1880 2483 1890 2500 ,
1915 2456 1986 2494 fine
2008 2458 2163 2495 exercitu
2175 2484 2186 2499 ,

1223 2507 1379 2557 quinque
1390 2507 1592 2544 hominibus
1604 2506 1860 2555 comprehensis
1871 2531 1881 2546 ‚
1894 2517 1998 2556 atque
2010 2506 2187 2546 confossis,

1224 2555 1422 2592 incensione
1445 2556 1569 2592 urbem
1582 2582 1591 2597 ‚
1614 2556 1854 2593 internecione
1876 2555 1970 2592 cives
1990 2580 2000 2595 ‚
2031 2555 2192 2592 vastitate.

1225 2605 1358 2641 Italiam
1370 2631 1379 2646 ‚
1400 2605 1543 2642 interitu
1566 2604 1735 2654 rempubl·
1756 2605 1915 2641 liberavit
1927 2630 1938 2646 ,
1957 2605 1994 2640 in
2016 2615 2102 2641 orat.
2120 2617 2220 2652 pro-¹.

1224 2654 1327 2690 Sulla.
1355 2653 1409 2689 Ad
1430 2655 1607 2702 vesperum
1621 2678 1632 2693 2
1653 2666 1737 2690 cum
1750 2655 1878 2690 Cicero
1892 2680 1903 2696 ‚
1925 2664 1965 2689 ut
1984 2653 2192 2694 Plutarchus

1225 2702 1339 2738 scribit
1351 2728 1360 2743 ‚
1384 2715 1445 2751 per
1456 2703 1574 2739 forum
1586 2703 1619 2739 se
1630 2703 1780 2740 domum
1792 2703 1888 2739 suam
1897 2701 1965 2738 reci
1993 2713 2064 2739 eret
2076 2726 2087 2741 ‚
2111 2715 2186 2744 non

1220 2765 1294 2799 Jam
1307 2751 1440 2787 silentio
1453 2752 1545 2788 cives
1556 2776 1566 2791 ,
1581 2764 1694 2802 neque
1706 2751 1829 2789 ordine
1841 2751 1941 2793 illum
1979 2751 2183 2793 educebant;

1224 2800 1279 2836 sed
1292 2813 1504 2850 quocunque
1515 2801 1693 2838 accesserat
1707 2827 1716 2842 ‚
1736 2813 1859 2837 omnes
1880 2812 1964 2838 eum
1985 2800 2129 2836 vocibus
2149 2803 2187 2837 ὃς

1226 2849 1339 2897 plausu
1363 2850 1581 2897 excipiebant
1593 2875 1603 2889 ‚
1623 2853 1657 2887 &
1676 2850 1886 2886 servatorem
1905 2861 1943 2885 ac
1963 2848 2185 2885 conditorem

1226 2897 1341 2945 patriae
1354 2899 1566 2946 appellabant
1578 2925 1587 2940 ,
1602 2900 1639 2934 in
1651 2898 1783 2934 foribus
1795 2896 1965 2945 lampades
1981 2899 2016 2932 ὃς
2027 2897 2114 2932 faces
2126 2909 2183 2932 ac-

1226 2947 1331 2982 censae
1345 2947 1454 2987 vicos,
1465 2949 1499 2984 &
1508 2949 1710 2996 angiportus
1722 2946 1901 2984 clarissima
1915 2945 1991 2981 luce
2003 2945 2183 2982 collustra-

1225 2996 1328 3034 bant,
1351 3008 1414 3043 pro
1436 2996 1532 3031 testis
1553 2996 1714 3032 mulieres
1730 2995 1881 3035 stabant,
1900 3005 1940 3030 ut
1961 3006 2043 3030 eum
2065 2993 2187 3030 virum-

1225 3045 1439 3081 honorarent
1459 3047 1493 3080 δε
1511 3044 1700 3092 spestarent
1713 3068 1723 3083 ,
1742 3044 1802 3093 qui
1816 3042 2004 3079 clariffimis
2023 3041 2107 3077 viris
2120 3055 2189 3078 co-

1227 3093 1367 3130 mitatus
1386 3104 1483 3129 tanto
1497 3093 1674 3141 splendore
1692 3105 1752 3140 per
1767 3092 1886 3129 forum
1905 3090 2109 3128 ascenderet.
2133 3103 2185 3135 at-

1226 3155 1293 3193 que
1315 3144 1388 3180 haec
1410 3141 1498 3179 fasta
1522 3141 1600 3180 sunt
1622 3143 1725 3178 nonis
1746 3141 1930 3182 Decembr.
1950 3153 2032 3189 quas
2055 3139 2190 3182 Cic-ero-

1660 3208 1700 3263 i*
1716 3230 1764 3251 a
2050 3187 2183 3241 stmper
