2295 3400
197 128 296 160 222
629 103 1145 154 M.⁴TUL1,11⁷

206 203 245 224 ne
257 213 265 226 ‚
285 201 350 233 quo:
361 191 392 221 in
402 197 525 231 praetura
535 207 543 222 ‚
564 198 629 229 quae
639 190 750 218 Romae
761 207 769 220 ,
795 188 803 205 ¹
817 195 883 225 quoe
894 186 926 214 in
937 183 1021 214 Italia
1031 203 1039 217 ‚
1058 193 1124 224 quae
1135 183 1168 213 in

209 236 320 271 Achaia
333 255 340 267 ,
353 232 417 264 Asia
427 254 434 266 ‚
448 232 670 271 Pamphiliaque
679 230 817 269 patrarit,
840 237 874 257 ea
884 246 892 260 ,
911 225 1173 266 quemadmodum

209 271 306 309 locis,
326 275 570 316 temporibusque
589 271 682 302 divisa
698 269 753 300 sint
765 290 772 303 ,
797 267 834 299 sle
844 267 1026 298 criminibus
1036 287 1043 300 ‚
1067 267 1098 298 &
1109 277 1175 298 ora-

212 321 296 348 tione
307 317 509 357 distinguere?
526 318 540 334 ²
552 313 677 344 Putasne
687 310 778 352 posse,
792 311 821 341 id
831 310 913 351 quod
925 312 956 339 in
965 309 1115 349 ejusmodi
1125 318 1176 339 reo

213 360 348 390 maxime
360 357 556 389 nect-illirium
568 354 628 389 est,
646 353 742 384 facere
752 374 761 388 ‚
784 362 815 382 ut
826 373 834 386 ,
853 362 919 393 quae
937 352 987 381 ille
1002 350 1175 385 libidinose,

212 412 278 442 qur:
290 401 400 431 nefarie
410 421 418 433 ,
439 410 503 440 quae
512 397 671 428 crudeliter
680 396 783 426 fecerit
793 415 800 429 ,
823 405 855 424 ea
865 392 938 435 aque
946 391 1044 423 acerba
1055 413 1063 427 ‚
1084 393 1119 426 ὼ
1130 394 1176 422 in-

212 446 298 480 durna
311 443 460 471 videantur
468 440 516 478 effi?
527 439 557 469 its
569 460 576 472 ‚
589 439 640 480 qui
650 438 765 467 audient
775 457 782 470 ‚
794 444 881 478 atque
890 437 941 465 illis
949 436 1014 474 visa
1021 436 1089 476 snm
1098 455 1107 468 ‚
1124 435 1175 476 qni

208 477 372 524 scissbrmit?
404 487 513 525 Magna
529 482 596 512 sunt
615 490 647 511 ea
658 501 666 513 ‚
689 490 755 521 qua:
774 479 842 509 dico
856 499 863 511 ‚
887 479 965 508 mihi
990 477 1093 508 crede:
1118 487 1176 506 no-

211 529 233 556 li
255 529 318 557 haze
333 535 420 556 conte
426 535 541 555 mnere.
564 522 691 553 dicenda
701 542 709 556 ,
727 519 959 552 demonstranda
969 540 977 553 ‚
999 519 1176 559 explicanda

212 569 281 599 sunt
291 570 396 598 omnia
407 578 412 597 :
430 567 514 597 causa
524 575 588 595 non
599 563 700 595 solum
710 562 889 604 exponenda
900 583 908 595 ,
920 562 966 592 sed
977 564 1067 592 etiam
1078 562 1175 602 gravi-

212 619 256 641 ter
269 631 277 643 ‚
289 610 468 650 copioseque
477 607 588 650 agenda
596 606 648 637 est.
672 605 890 646 perficiendum
900 603 953 637 est,
971 607 982 631 3
995 602 1097 644 siquid
1108 613 1175 643 age-

212 662 244 682 re
255 662 303 682 aut
313 650 456 692 proficere
466 653 512 681 vis
522 670 530 683 ‚
547 658 579 679 ut
588 650 730 679 homines
742 657 769 677 te
780 658 843 677 non
854 645 953 677 solum
962 646 1084 674 audiant
1095 666 1102 678 ,
1124 654 1176 674 ve-

212 693 284 723 rum
295 696 385 724 etiam
395 690 687 731 libenterstudiofiqne
697 689 826 720 audiant.
853 691 889 718 In
901 698 961 728 quo
972 686 992 717 si
1003 697 1030 717 te
1040 685 1174 717 multum

213 745 317 766 natura
327 735 497 772 adjuvaret:
512 733 532 764 si
543 736 667 773 optimis
678 732 692 762 a
704 733 828 772 pueritia
837 730 1003 770 disciplinis
1015 750 1024 762 ‚
1034 738 1121 769 atque
1131 738 1176 757 :ir-

212 776 293 807 tibus
313 772 471 808 studuiss’es
482 797 490 811 ,
510 776 544 806 &
562 778 595 805 in
614 776 660 804 his
677 772 852 804 elaborasses
865 783 869 800 t
891 770 911 801 fi
931 772 1040 801 litteras
1061 774 1176 800 Graecas

213 821 343 850 Athenis
354 841 363 853 ,
383 829 447 849 non
458 818 584 858 Lilybaei
597 828 602 845 :
622 819 741 847 Latinas
752 818 870 847 Romae,
883 824 945 843 non
957 815 989 843 in
1000 813 1099 843 Sicilia
1109 832 1116 845 ,
1129 812 1176 841 di—

212 860 330 892 diciss'es
342 872 348 890 z
359 871 461 892 tamen
471 859 543 890 ess'et
553 869 697 899 magnum
711 878 718 890 .
730 866 842 887 tantim
853 866 904 886 cau
910 855 966 885 sim
979 875 987 888 ,
1001 864 1061 884 tam
1071 854 1176 893 exspe-

215 903 322 933 &atam
333 904 366 934 &
375 904 531 945 diligentia
545 901 708 941 consequi,
731 900 764 929 ὅ(
777 899 924 928 memoria
937 894 1100 936 complecti
1113 916 1121 928 ,
1142 895 1176 924 δε

213 955 349 976 oratione
360 954 511 985 exponere
521 964 528 977 ‚
549 944 582 974 &
593 952 666 972 voce
677 962 686 975 ‚
707 942 739 971 &
749 941 863 970 viribus
875 937 1024 968 sustinere.
1048 935 1174 967 Fortasse

215 987 295 1018 dices
305 1007 313 1021 ‚
338 987 419 1028 Qud
432 989 442 1016 ?
465 996 533 1026 ergo
543 987 606 1015 haec
617 986 648 1013 in
660 993 688 1013 te
699 984 766 1012 sunt
775 983 901 1011 omnia?
925 979 1175 1020 utinamquidem

215 1028 327 1059 ess'ent:
344 1025 554 1059 verumtamen
565 1034 599 1054 ur
608 1025 656 1063 effi:
662 1024 763 1066 pnffimr
774 1045 782 1057 ,
795 1021 992 1064 magnostmltq
1002 1023 1073 1050 mim·
1083 1021 1100 1050 iz
1108 1029 1176 1062 pue-

214 1071 287 1100 ritia
297 1070 340 1100 eff
350 1070 531 1100 elaboratum
564 1067 655 1108 Quod
665 1065 685 1096 si
696 1077 750 1108 ego
761 1067 823 1095 haec
835 1085 842 1099 ,
865 1074 982 1105 psopter
993 1062 1177 1104 magnitudi-

217 1123 290 1142 nem
309 1122 408 1143 rerum
421 1134 428 1146 ‚
446 1122 478 1141 ac
491 1109 701 1141 difficultatem
713 1130 721 1142 ‚
740 1106 849 1148 affequi
869 1117 933 1136 non
952 1108 1036 1146 potui
1048 1126 1056 1139 ‚
1076 1106 1127 1146 qui
1144 1106 1177 1133 in

217 1157 308 1184 omni
318 1158 379 1185 vita
387 1154 467 1184 nihil
475 1152 556 1182 aliud
566 1153 612 1192 egi
625 1161 630 1179 :
645 1160 734 1191 quam
746 1151 836 1191 longe
848 1159 878 1179 tu
889 1158 915 1179 te
925 1150 961 1178 ab
971 1149 1016 1177 his
1027 1147 1114 1177 rebus
1124 1146 1176 1175 ab-

216 1195 276 1227 ess‘e
286 1197 434 1229 arbitrare,
446 1205 517 1236 quas
528 1203 592 1224 non
604 1191 698 1223 modo
709 1202 793 1222 antea
803 1200 958 1232 nunquam
968 1187 1114 1231 cogitasti,
1129 1187 1176 1217 scd

219 1248 257 1268 ne
276 1248 358 1268 nunc
375 1238 497 1279 quidem
508 1257 516 1270 ‚
537 1234 609 1266 cum
621 1237 653 1265 in
665 1238 720 1264 eas*
736 1234 898 1275 ingrederis
909 1253 916 1265 ,
939 1242 1023 1273 quae,
1043 1231 1181 1271 &quan—

155 1282 167 1306 1
183 1283 196 1315 3
219 1289 254 1310 tae
265 1279 321 1310 sint
335 1301 344 1315 ,
364 1280 501 1320 suspicari
519 1287 603 1319 potes
623 1280 632 1306 ?
656 1280 719 1318 Ego
730 1295 738 1309 ,
759 1278 827 1316 qui,
849 1274 922 1304 sicut
940 1283 1050 1303 ornnes
1069 1274 1175 1304 sciunt,

216 1324 248 1352 in
259 1322 328 1352 foro
338 1343 347 1355 ,
360 1322 539 1362 judiciisque
551 1328 590 1350 ita
600 1319 697 1349 verser
707 1338 715 1351 ‚
728 1328 760 1348 ut
768 1317 903 1356 ejusdem
913 1318 1003 1346 aetatis
1013 1324 1063 1345 aut
1072 1324 1174 1346 nemo,

216 1373 268 1395 aut
275 1366 360 1406 pauci
371 1384 379 1398 ‚
390 1364 503 1404 plureis
512 1362 609 1392 causas
619 1359 820 1392 defenderint,
835 1359 868 1389 δε
878 1361 930 1399 qui
940 1367 1033 1388 omne
1047 1365 1176 1396 tempus,

217 1406 301 1447 quod
313 1407 390 1436 mihi
399 1405 434 1436 ab
445 1406 614 1435 amicorum
632 1403 761 1443 negotiis
771 1401 874 1434 datur,
894 1411 926 1430 1n
937 1401 982 1429 his
994 1398 1098 1444 studiis
1109 1418 1117 1430 ,
1137 1398 1179 1427 la-

217 1448 399 1489 boribusque
409 1447 586 1478 consumam
598 1465 606 1478 ‚
626 1455 687 1485 quo
706 1445 833 1483 paratior
849 1443 885 1473 ad
900 1443 988 1472 usum
1003 1441 1154 1470 rorensem
1167 1459 1176 1472 ‚

215 1492 446 1531 promptiorque
458 1487 515 1518 esse
524 1485 632 1528 poffim
646 1497 651 1515 ;
669 1487 818 1516 tamenim
827 1485 899 1515 deos
907 1484 987 1513 mihi
998 1484 1091 1513 velim
1109 1492 1179 1521 pro-

216 1534 309 1573 pitios
321 1553 328 1566 ,
348 1536 366 1559 4
377 1541 426 1565 ut,
447 1540 518 1561 curn
529 1530 612 1559 illius
623 1528 685 1558 diei
704 1528 782 1557 mihi
799 1529 885 1557 venit
901 1527 935 1555 in
946 1535 1099 1558 mentem,
1117 1534 1179 1565 quo
1200 1539 1201 1544 =

218 1575 268 1604 die
280 1595 288 1608 ‚
299 1576 390 1604 citato
401 1583 462 1606 ren,
475 1573 552 1602 mihi
563 1569 724 1600 dicendum
737 1568 780 1602 sit,
793 1579 857 1599 non
868 1567 967 1599 solum
977 1575 1178 1598 commoveor
1200 1582 1202 1613 :

218 1618 335 1650 animo,
347 1615 395 1646 sed
406 1617 493 1644 eciam
503 1621 560 1643 toro
569 1621 674 1654 corpore
677 1612 852 1653 perhorresco.
882 1612 950 1653 Jam
962 1620 1043 1639 nunc
1054 1616 1156 1639 mente
1167 1627 1176 1641 ‚

218 1658 442 1701 &cogitatione
460 1656 610 1697 prospicio
621 1676 629 1688 ‚
648 1664 714 1695 quae
733 1663 797 1684 tum
818 1653 914 1683 studia
924 1653 1088 1682 hominum
1101 1671 1110 1684 ,
1127 1651 1178 1691 qui

219 1701 382 1731 concursus
391 1698 485 1729 futuri
496 1697 566 1728 sint:
583 1706 723 1738 quantam
733 1694 989 1735 exspeEtationem
1001 1692 1179 1734 magnitudo

213 1742 324 1782 judicii
334 1740 367 1772 fit
374 1742 646 1780 allaturazquantam
655 1737 828 1768 auditorum
838 1736 1183 1767 multitudinemC.Ver-

218 1787 259 1814 ris
269 1784 395 1814 infamia
404 1784 585 1813 concitatura
598 1791 603 1809 :
624 1788 766 1821 quantam
777 1779 907 1819 denique
920 1778 1104 1808 audientiam
1114 1787 1180 1807 ora-

219 1828 300 1858 tioni
310 1836 386 1856 meae
395 1824 571 1865 improbitas
582 1822 664 1852 illius
674 1821 794 1851 faEtura.
818 1824 892 1862 Qige
902 1820 974 1850 cum
985 1822 1085 1861 cogito
1098 1840 1106 1853 ‚
1115 1819 1177 1859 jam

220 1878 304 1899 nunc
321 1870 434 1901 timeo,
454 1865 598 1908 quidnam
608 1873 663 1904 pro
673 1861 838 1893 offensione
858 1864 1021 1893 hominum
1036 1882 1044 1895 ‚
1064 1864 1116 1902 qui
1133 1861 1180 1890 illi

221 1912 342 1941 inimici
359 1930 367 1944 ‚
388 1906 553 1948 infensique
571 1907 638 1936 sunt
647 1925 656 1939 ‚
676 1906 708 1936 ὃ(
719 1905 939 1945 exspectatione
958 1906 1101 1934 omnium
1113 1924 1122 1937 ,
1147 1904 1180 1932 &2

221 1952 429 1994 magnitudine
442 1959 542 1980 rerum
552 1948 680 1989 dignum
691 1948 792 1987 eloqui
801 1945 919 1986 poffim.
951 1949 999 1976 Tu
1010 1947 1121 1976 horum
1132 1946 1180 1974 ni-

219 1995 265 2024 hil
277 1995 389 2024 metuis
399 1988 411 2027 ζ
420 1992 498 2023 nihil
508 1993 621 2032 cogitas
631 2009 639 2023 ‚
651 1990 729 2019 nihil
739 1988 866 2019 laboras:
879 1989 910 2018 &
921 1987 941 2018 fi
951 1988 1024 2030 quid
1034 1998 1071 2018 ex
1081 1996 1179 2018 vetere

217 2038 318 2077 aliqua
326 2037 478 2068 oratione,
496 2035 611 2076 JOVEM
631 2041 694 2061 Eoo
711 2041 874 2061 οΡτῐΜυΜ
890 2040 1070 2061 MAXIMUM
1078 2041 1088 2059 ’:
1107 2038 1157 2060 aur
1169 2050 1178 2063 ‚

219 2087 361 2109 vanu-:M
373 2097 380 2111 ‚
394 2087 423 2107 ει
436 2085 532 2106 meru
545 2083 723 2104 rormssm*
733 2094 741 2106 ‚
751 2083 890 2112 JUDICES
904 2084 909 2102 ;
921 2072 1091 2113 autaliquid
1102 2072 1180 2111 ejus-

220 2119 307 2150 modi
320 2140 328 2153 ,
347 2119 476 2149 ediscere
487 2118 618 2158 potueris
629 2136 637 2150 ‚
657 2115 793 2156 praeclare
806 2123 833 2144 te
843 2123 977 2154 paratum
987 2117 1020 2144 in
1026 2114 1178 2154 judicium

220 2170 384 2192 venturum
392 2160 550 2190 arbitraris.
574 2161 627 2192 Ac,
640 2157 661 2187 si
672 2157 727 2187 tibi
739 2166 832 2186 nemo
841 2155 1034 2196 responsurus
1045 2154 1128 2189 efi’et‚'
1137 2164 1180 2185 ta-

224 2213 297 2233 men
307 2203 397 2244 ipJsz
407 2202 521 2241 causam
531 2220 539 2234 ,
555 2209 587 2230 ut
596 2209 652 2240 ego
660 2199 787 2230 arbitror
797 2218 805 2231 ‚
825 2197 1029 2228 demonstrare
1038 2207 1101 2227 non
1112 2197 1181 2236 pos-

221 2246 275 2276 ses.
300 2247 393 2274 Nunc
401 2254 438 2274 ne
448 2243 524 2273 illud
533 2242 656 2283 quidem
667 2242 776 2282 cogitas
788 2260 796 2272 ,
809 2239 863 2269 tibi
873 2250 943 2269 curn
955 2241 1080 2269 homine
1089 2239 1181 2268 diser-

220 2286 334 2318 tiffimo
345 2307 354 2320 ,
373 2287 405 2316 &
415 2285 450 2315 ad
460 2284 624 2315 dicendum
642 2280 820 2323 paratissimo
830 2301 838 2314 ‚
859 2281 995 2312 futurum
1015 2279 1072 2310 esse
1091 2289 1182 2310 certa-

221 2339 293 2360 rnen
305 2339 309 2357 :
321 2330 445 2370 quicum
458 2325 552 2356 modo
563 2323 765 2355 differendum
776 2343 784 2357 ,
797 2322 892 2352 modo
903 2325 991 2353 omni
1002 2325 1116 2352 ratione
1126 2331 1182 2361 pu-

220 2371 374 2414 gnandum
386 2390 394 2404 ,
414 2368 649 2408 certandumque
659 2364 714 2396 sit?
734 2366 824 2405 Cujus
833 2375 889 2406 ego
899 2366 1057 2406 ingenium
1068 2366 1107 2394 ita
1117 2364 1180 2405 lau-

223 2414 282 2447 do,
303 2422 335 2442 ut
352 2421 416 2442 non
430 2410 640 2453 pertimescam:
658 2408 822 2448 improbo,
845 2417 877 2436 ut
888 2417 937 2436 me
947 2407 982 2436 ab
993 2405 1179 2436 eodelecltari

160 2459 173 2484 1
185 2462 206 2491 4
222 2454 340 2486 facilius
351 2474 360 2488 ‚
379 2464 468 2495 quam
477 2452 565 2494 decipi
574 2460 677 2492 putem
688 2448 782 2490 pofl'e.
812 2451 990 2489 Numquam
1002 2449 1053 2477 ille
1065 2457 1114 2477 me
1124 2457 1179 2486 op-

224 2499 335 2539 primet
351 2494 494 2526 consilio:
514 2501 682 2533 numquam
694 2492 758 2522 ullo
767 2489 1056 2530 artificiopervertet.
1086 2499 1179 2519 nurn-

222 2549 314 2581 quam
325 2539 448 2580 ingenio
456 2546 506 2566 me
516 2536 569 2566 suo
579 2532 752 2565 labefacitare
762 2552 770 2567 ,
789 2542 874 2574 atque
892 2531 1045 2562 infirmare
1054 2531 1178 2562 conabi-

1207 102 1740 152 Cret-:nouas

1218 195 1281 217 tur:
1304 189 1318 214 5
1327 188 1400 218 novi
1411 188 1532 218 omneis
1543 188 1680 218 hominis
1691 186 1851 228 petitiones
1860 206 1869 220 ‚
1880 185 2067 230 rationesque
2076 184 2183 221 dicen·

1219 228 1250 259 di
1262 239 1268 258 :
1286 229 1359 270 saepe
1369 231 1402 260 in
1411 230 1518 260 iisdem
1529 249 1537 264 ‚
1558 230 1632 270 saepe
1642 232 1674 260 in
1684 231 1838 260 contrariis
1847 227 1937 260 causis
1947 231 2051 260 versati
2063 229 2177 261 sumus.

1219 273 1262 301 Ita
1272 280 1376 302 contra
1385 282 1434 301 me
1445 272 1498 302 ille
1507 271 1595 305 dicet,
1608 273 1745 312 quamvis
1757 269 1790 300 fit
1799 271 1972 311 ingeniosus
1983 290 1992 305 ,
2004 281 2035 302 ut
2046 273 2182 302 nonnul-

1220 313 1285 343 lum
1295 315 1386 343 etiam
1396 313 1435 343 de
1445 314 1499 343 suo
1509 315 1634 355 ingenio
1642 313 1791 352 judicium
1804 311 1867 342 fieri
1877 312 2042 343 arbitretur.
2067 316 2114 343 Te
2129 324 2184 344 ve·

1220 353 1254 384 τὸ
1268 375 1276 388 ,
1298 356 1400 385 Caecili
1412 375 1419 388 ,
1442 355 1701 396 quemadmodum
1713 353 1745 384 s1t
1755 354 1888 384 elusurus
1900 374 1908 387 ‚
1929 354 2021 395 quim
2038 357 2126 385 omni
2136 365 2182 387 ra-

1220 398 1302 427 tione
1308 395 1474 435 jactaturus
1486 417 1494 431 ,
1505 398 1606 427 videre
1617 399 1680 436 jam
1691 396 1797 426 videor
1809 406 1815 425 τ
1833 398 1952 437 quoties
1961 397 2012 426 ille
2023 397 2080 429 tibi
2095 405 2182 437 pote-

1220 437 1324 469 statem
1335 459 1343 472 ,
1356 441 1573 480 optionemque
1583 438 1714 469 fafiturus
1724 436 1757 468 fit
1767 457 1775 471 ,
1787 446 1820 468 ut
1830 440 1917 479 eligas
1929 446 2028 468 utrum
2038 439 2124 473 velis,
2135 438 2181 470 fa-

1220 480 1303 510 ctum
1315 479 1373 510 ess'e
1383 500 1391 514 ‚
1406 491 1500 510 necne
1514 491 1519 510 :
1532 491 1639 511 verum
1652 479 1710 510 effe
1720 502 1729 515 ,
1743 490 1779 510 an
1791 479 1898 510 falsum
1910 490 1916 509 :
1934 489 2036 511 utrum
2046 480 2157 511 dixeris
2167 500 2179 515 ‚

1220 522 1250 552 id
1260 532 1361 552 contra
1371 532 1398 552 te
1410 522 1556 552 futurum.
1590 524 1651 564 Qi
1663 522 1717 552 tibi
1726 521 1813 552 aestus
1825 541 1832 555 ‚
1845 523 1897 562 qui
1907 532 1988 552 error
1999 542 2008 556 ,
2021 533 2086 563 quae
2098 530 2183 553 te-ne-

1220 564 1277 594 brae
1288 585 1296 597 ,
1317 564 1360 594 dii
1369 565 1556 595 immortales
1566 584 1574 597 ,
1594 573 1681 594 erunt
1690 585 1698 597 ,
1722 564 1827 593 homini
1837 564 1953 593 minime
1962 572 2035 593 mato
2048 568 2058 594 ἓ
2078 564 2159 604 Qid
2169 584 2181 599 ‚

1219 605 1291 636 cum
1302 607 1498 636 accusationis
1511 616 1567 636 tuae
1578 606 1716 636 membra
1725 605 1858 636 dividere
1868 608 2000 645 coeperit,
2018 606 2094 636 &in
2103 607 2183 647 digi-

1220 650 1255 677 tis
1267 648 1325 678 suis
1335 646 1460 689 singulas
1470 650 1575 688 parteis
1586 648 1677 678 causae
1688 647 1881 678 constituere?
1888 646 2056 688 Qid,cum
2067 658 2182 678 unum-

1219 690 1361 730 quodque
1378 688 1531 731 transigere
1544 710 1552 724 ,
1573 689 1713 730 expedire
1724 710 1732 723 ,
1757 689 1909 720 absolvere
1920 692 1936 723 ⁷?
1959 690 2023 729 Ipse
2044 689 2183 730 profecto

1222 741 1356 762 metuere
1366 734 1503 771 incipies,
1517 743 1554 762 ne
1566 733 1723 762 innocenti
1733 732 1901 771 periculum
1910 730 2067 761 facesseris.
2087 731 2181 772 Qid.

1221 773 1292 803 cum
1302 775 1507 804 commiserari
1518 794 1526 808 ‚
1537 776 1699 815 conqueri,
1713 774 1745 803 ὃς
1756 783 1794 803 ex
1803 773 1886 803 illius
1897 772 2011 804 invidia
2020 772 2182 804 deonerare

1220 815 1330 855 aliquid
1343 836 1351 849 ‚
1364 816 1436 845 &in
1447 825 1474 846 te
1485 817 1614 855 trajicere
1623 817 1766 856 coeperit?
1788 813 1803 835 ⁶
1813 825 2056 846 commemorare
2071 814 2185 857 quaesto-

1221 858 1254 885 ris
1272 868 1335 886 cum
1349 865 1458 897 praerore
1474 857 1691 897 neceffitudinem
1709 856 1923 890 constitutam?
1945 867 2065 888 morem
2081 859 2182 897 majo-

1221 903 1311 928 rum?
1330 899 1414 929 sortis
1430 900 1634 941 religionem?
1656 899 1807 930 Poterisne
1825 900 1888 938 ejus
1905 904 1919 927 7
1930 901 2076 929 orationis
2087 899 2184 931 subire

1221 940 1367 970 invidiam
1382 944 1392 971 ?
1410 941 1486 971 Vide
1498 940 1592 971 modo
1605 953 1610 970 z
1621 943 1712 972 etiam
1722 951 1807 982 atque
1817 943 1907 971 etiam
1917 940 2078 972 considera.
2103 943 2183 972 mihi

1221 984 1305 1012 enim
1324 982 1444 1013 videtur
1461 984 1628 1023 periculum
1644 983 1710 1013 fore
1720 1004 1729 1017 ‚
1752 994 1790 1013 ne
1800 983 1852 1013 ille
1862 993 1926 1013 non
1937 982 2033 1013 modo
2044 983 2141 1014 verbis
2152 993 2183 1014 te

1220 1024 1324 1054 obruat
1334 1045 1342 1058 ,
1361 1025 1410 1055 sed
1419 1024 1501 1065 gestu
1512 1026 1575 1065 ipso
1585 1045 1593 1058 ‚
1614 1036 1648 1056 ac
1657 1034 1744 1055 motu
1754 1026 1886 1066 corporis
1897 1024 2079 1066 praestringat
2086 1027 2183 1056 aciem

1221 1067 1336 1106 ingenii
1347 1068 1389 1096 tui
1401 1087 1410 1100 ‚
1431 1076 1518 1107 teque
1527 1068 1563 1097 ab
1572 1066 1717 1097 institutis
1728 1069 1786 1097 tuis
1795 1087 1802 1101 ‚
1825 1067 2118 1108 cogitationibusque
2130 1067 2182 1097 ab-

1222 1107 1319 1137 ducat.
1346 1111 1445 1149 Atque
1461 1109 1583 1148 hujusce
1594 1111 1635 1139 rei
1646 1109 1792 1146 judicium
1804 1112 1863 1146 iam
1874 1108 2022 1138 continuo
2034 1110 2123 1139 video
2132 1108 2182 1139 fu-

1222 1158 1333 1179 turum.
1366 1152 1396 1180 Si
1405 1152 1488 1180 enim
1500 1152 1576 1180 mihi
1585 1150 1675 1180 hodie
1685 1150 1862 1190 respondere
1870 1150 1906 1180 ad
1917 1152 1978 1180 haec
1986 1169 1994 1184 ‚
2014 1161 2080 1191 quae
2090 1151 2159 1181 dico
2168 1166 2181 1185 ’,

1221 1193 1353 1231 potueris
1366 1202 1371 1220 :
1389 1190 1409 1221 fi
1421 1192 1456 1222 ab
1467 1191 1523 1221 isto
1533 1193 1612 1222 libro
1621 1212 1630 1226 ‚
1651 1202 1743 1232 quem
1755 1192 1810 1222 tibi
1826 1191 1965 1233 magister
1974 1192 2038 1222 ludi
2050 1212 2058 1226 ‚
2078 1193 2181 1223 nescio

1220 1235 1275 1273 qui
1283 1243 1319 1261 tx
1328 1233 1422 1262 alienis
1431 1232 1602 1263 orationibm
1612 1233 1791 1276 compositum
1801 1233 1990 1267 dedit,verbo
2001 1244 2063 1265 uno
2074 1234 2183 1265 disces-

1223 1276 1310 1305 seris:
1333 1274 1415 1315 posse
1427 1284 1455 1305 te
1465 1276 1498 1305 δε
1508 1276 1553 1305 1111
1564 1275 1810 1316 quoquejudicio
1828 1286 1892 1306 non
1909 1274 2006 1306 deess'e
2018 1296 2027 1310 ,
2046 1276 2180 1311 &causat

1222 1313 1421 1357 atque'officio
1440 1326 1493 1347 tuo
1510 1317 1671 1348 satisfacere
1683 1318 1853 1348 arbitrabor.
1876 1316 1920 1347 fin
1936 1328 2058 1348 mecum
2076 1320 2108 1348 in
2127 1318 2182 1349 hac

1200 1360 1201 1364 ’
1219 1358 1370 1401 prolufione
1380 1360 1458 1404 nihil
1466 1358 1558 1389 fueris
1568 1370 1573 1388 t
1582 1370 1673 1400 quern
1684 1369 1712 1389 te
1721 1362 1755 1389 in
1765 1359 1825 1399 ipsa
1828 1367 1928 1402 pugna
1935 1379 1943 1393 ‚
1955 1370 2027 1390 cum
2035 1362 2180 1391 acerrimo

1223 1400 1388 1431 adversario
1396 1404 1461 1431 rore
1471 1404 1630 1440 putemus?
1643 1400 1713 1432 Esto
1725 1412 1730 1430 ;
1743 1396 1756 1420 ⁸
1768 1402 1828 1441 ipse
1838 1402 1916 1431 nihil
1926 1401 1978 1434 est,
1987 1402 2064 1431 nihil
2073 1401 2178 1442 potest:

1222 1451 1250 1472 at
1259 1444 1344 1472 venit
1352 1452 1466 1483 paratus
1475 1453 1546 1472 cum
1557 1443 1804 1483 subscriptoribus
1812 1445 1989 1476 exercitatis,
2011 1444 2044 1474 &
2053 1444 2179 1474 disertis.

1223 1483 1275 1514 Est
1290 1493 1391 1515 tamen
1409 1486 1468 1514 hoc
1483 1484 1597 1525 aliquid
1609 1495 1614 1514 :
1638 1483 1751 1515 tametsi
1769 1495 1843 1515 non·
1852 1484 1895 1515 est
1910 1486 1986 1516 satis.
2018 1488 2178 1519 ΟΜΝῙΒσε

1222 1529 1306 1556 enim
1317 1527 1404 1556 rebus
1412 1528 1437 1556 is
1447 1546 1455 1560 ‚
1468 1528 1520 1567 qui
1530 1529 1666 1566 princeps
1676 1529 1708 1556 in
1717 1527 1831 1568 agendo
1842 1526 1885 1557 est
1894 1547 1902 1560 ‚
1914 1526 2116 1558 ornatissimus
2124 1547 2132 1561 ,
2145 1528 2180 1560 δε

1222 1567 1417 1608 paratiffimus
1427 1566 1484 1598 effe
1494 1568 1591 1598 debet.
1615 1571 1832 1599 Verumtamen
1841 1570 1876 1599 L.
1890 1569 2055 1609 Apulejum
2065 1568 2124 1600 effe
2134 1573 2183 1601 vi-

1222 1611 1280 1640 deo
1294 1613 1474 1650 proximum
1489 1610 1720 1650 subscriptorem
1732 1630 1741 1645 ,
1762 1612 1924 1641 hominem
1933 1620 2089 1642 non-aetate
2101 1632 2109 1645 ,
2131 1611 2182 1643 sed

1218 1652 1276 1682 <usu
1285 1651 1407 1686 forensi,
1415 1662 1502 1693 atque
1510 1655 1721 1684 exercitatione
1731 1653 1856 1683 tironem.
1873 1653 1994 1684 Deinde
2006 1652 2050 1693 (ut
2058 1654 2182 1694 opinor)

1222 1699 1237 1722 9
1250 1695 1336 1724 habet
1347 1695 1524 1727 Allienum,
1542 1696 1623 1725 hunc
1641 1704 1742 1725 tamen
1759 1694 1775 1725 ἒι
1790 1695 1952 1725 subselliis:
1971 1697 2021 1736 qui
2035 1716 2043 1729 ,
2064 1695 2137 1736 quid
2147 1697 2181 1727 in
2212 1731 2215 1734 Ι

1218 1736 1355 1767 -dicendo
1366 1735 1462 1777 poss‘et
1471 1756 1480 1770 ‚
1500 1747 1671 1777 numquam
1679 1737 1745 1767 satis
1755 1736 1880 1767 attendi.
1902 1738 1935 1767 in
1944 1737 2102 1768 clamando
2112 1739 2182 1778 qui-

1224 1779 1294 1808 dem
1304 1778 1395 1809 video
1405 1789 1477 1808 eum
1487 1777 1544 1808 effe
1555 1779 1631 1809 bene
1640 1777 1811 1812 robustum,
1822 1788 1908 1819 atque
1919 1781 2124 1810 exercitatum.
2146 1789 2182 1811 m

1224 1822 1281 1851 hoc
1292 1821 1355 1861 spes
1365 1830 1422 1850 tuae
1434 1821 1501 1850 sunt
1510 1830 1631 1850 omnes.
1662 1822 1713 1850 hic
1723 1841 1732 1853 ,
1753 1819 1774 1850 fi
1782 1829 1815 1850 tu
1825 1823 1882 1850 eris
1891 1820 1972 1851 atstor
1980 1820 2159 1851 constitutus
2169 1841 2181 1856 ‚

1225 1872 1324 1893 totum
1339 1862 1489 1903 judicium
1508 1862 1671 1893 sustinebit.
1703 1865 1747 1893 Ac
1758 1872 1796 1892 ne
1810 1864 1835 1892 is
1845 1863 1969 1903 quidem
1980 1872 2097 1893 tantum
2106 1873 2182 1894 con-

1225 1905 1325 1935 tendet
1335 1904 1506 1935 indicendo
1519 1925 1526 1938 ‚
1548 1913 1696 1946 quantum
1706 1903 1817 1944 potest:
1833 1905 1882 1935 sed
1893 1904 2012 1944 confidet
2028 1905 2125 1939 laudi,
2147 1905 2181 1936 δε

1222 1946 1444 1977 existimationi
1458 1956 1514 1977 tuae
1527 1958 1532 1976 :
1553 1948 1586 1976 &
1596 1956 1634 1976 ex
1644 1956 1681 1976 eo
1690 1966 1698 1980 ‚
1718 1946 1801 1986 quod
1809 1947 1870 1986 ipse
1880 1946 1976 1987 potest
1985 1949 2019 1977 in
2028 1946 2159 1978 dicendo
2169 1967 2180 1982 ‚

1222 1990 1409 2030 aliquantum
1420 1991 1562 2022 remittet,
1576 1991 1605 2017 &0
1614 1998 1646 2018 ut
1656 1998 1686 2018 tu
1697 1997 1798 2018 tamen
1807 1988 1920 2029 aliquid
1929 1987 1987 2019 effe
1997 1989 2125 2020 videare.
2137 1992 2181 2020 Ut

1224 2033 1257 2061 in
1266 2031 1416 2061 actoribus
1428 2033 1539 2061 Graecis
1550 2029 1614 2061 fieri
1623 2030 1764 2060 videmus
1777 2041 1782 2059 :
1800 2031 1875 2070 saepe
1885 2031 1974 2061 illurn
1985 2051 1993 2064 ‚
2006 2026 2058 2072 qui
2075 2030 2118 2062 est
2137 2031 2180 2062 se-

1224 2073 1401 2105 cundarum,
1413 2082 1463 2102 aut
1472 2075 1625 2103 tertiarum
1635 2074 1776 2112 partium,
1785 2073 1857 2101 cum
1866 2070 1953 2111 poffit
1960 2074 2112 2112 aliquanto
2122 2073 2183 2104 cla-

1225 2114 1287 2144 rius
1297 2115 1394 2145 dicere
1403 2134 1411 2147 ,
1422 2114 1512 2154 quam
1524 2115 1584 2153 ipse
1594 2123 1758 2153 primarum
1770 2133 1778 2146 ‚
1790 2111 1925 2143 multum
1935 2114 2136 2148 summittere,
2148 2124 2182 2146 ut

1223 2157 1276 2186 ille
1295 2159 1429 2195 princeps
1447 2155 1541 2195 quam
1560 2155 1695 2185 maxime
1712 2155 1853 2185 excellat:
1873 2153 2014 2186 {ic-faciet
2024 2157 2162 2187 Allienus
2173 2166 2181 2186 :

1225 2198 1279 2227 tibi
1290 2199 1410 2230 serviet,
1425 2197 1478 2227 tibi
1487 2195 1707 2226 lenocinabitur:
1727 2195 1831 2226 minus
1842 2197 1994 2237 aliquanto
2004 2198 2177 2233 contendet,

1221 2239 1314 2279 qussim
1326 2238 1431 2278 potest.
1461 2240 1528 2280 Jam
1539 2240 1598 2268 hoc
1606 2237 1786 2268 considerate
1797 2259 1804 2271 ‚
1821 2239 1992 2275 cujusmodi
2001 2240 2179 2271 accusatores

1223 2282 1256 2310 in
1267 2280 1471 2320 tantojudicio
1482 2279 1572 2310 simus
1588 2280 1732 2310 habituri:
1754 2278 1825 2309 cum
1838 2281 1939 2320 &ipse
1950 2282 2090 2312 Allienus
2099 2292 2138 2313 ex
2146 2292 2180 2313 ea

1221 2321 1368 2356 facultate,
1381 2320 1401 2351 fi
1410 2332 1500 2363 quam
1511 2323 1608 2355 habet,
1619 2322 1804 2362 aliquantum
1817 2321 1999 2354 detratifflrus
2010 2322 2044 2354 sit
2055 2335 2060 2352 :
2073 2324 2106 2354 δε
2115 2327 2179 2355 Cae-

1221 2364 1311 2393 cilius
1328 2372 1395 2394 tum
1412 2365 1541 2404 denique
1561 2364 1590 2394 se
1608 2364 1722 2403 aliquid
1739 2363 1877 2394 futurum
1887 2373 1988 2406 putet,
2011 2363 2032 2395 fi
2041 2366 2178 2397 Allienus
2221 2362 2225 2363 ⁷

1225 2405 1328 2435 minus
1339 2406 1502 2435 vehemens
1511 2405 1611 2439 fuerit,
1630 2409 1653 2424 ¹¹
1668 2406 1700 2435 &
1712 2404 1764 2435 sibi
1774 2408 1884 2445 primas
1894 2407 1927 2436 in
1936 2407 2064 2437 dicendo
2073 2408 2180 2448 parteis

1222 2446 1403 2477 concesserit,
1437 2450 1581 2489 Qartum
1594 2457 1685 2488 quem
1696 2445 1729 2477 sit
1737 2449 1891 2478 habiturus
1899 2468 1907 2482 ,
1919 2459 1983 2479 non
1994 2449 2083 2480 video
2094 2471 2103 2484 ‚
2123 2448 2179 2480 nifi

1223 2499 1313 2529 quem
1332 2489 1409 2519 forte
1426 2493 1456 2509 ¹²
1468 2500 1505 2519 ex
1515 2490 1571 2519 illo
1581 2500 1666 2531 grege
1684 2498 1836 2520 oratorum
1846 2510 1854 2523 ,
1867 2493 1918 2531 qui
1930 2491 2178 2530 subscriptionem

1224 2531 1275 2561 sibi
1285 2530 1487 2572 postularunt,
1498 2532 1678 2572 cuicumque
1687 2541 1743 2562 vos
1754 2531 1939 2563 delationem
1948 2532 2109 2564 dediffetis.
2131 2536 2179 2565 Ex

2110 2585 2181 2616 qui-

266 2658 276 2675 1
309 2650 364 2681 94:ae
372 2650 397 2673 in
408 2649 480 2673 Italia
493 2667 500 2678 ,
510 2657 558 2681 qua
567 2650 593 2672 in
601 2646 694 2680 Act-aja
705 2645 873 2678 &epafram
882 2643 950 2678 <Ji-[J
962 2642 1065 2679 Lipsius
1079 2641 1125 2669 lib.
1140 2651 1181 2669 11.

224 2685 329 2712 vai-ior.
342 2693 396 2719 cap.
408 2692 453 2719 23.
466 2691 549 2710 tentat
561 2702 569 2714 ,
589 2692 637 2717 ‘1¹⁴1
647 2686 672 2708 [ἠ
681 2683 764 2706 Sicilia
775 2682 825 2712 dvc.
845 2689 923 2716 quem
936 2679 1036 2706 refellit
1048 2680 1180 2705 Hotoma-

226 2731 273 2747 nus
286 2720 332 2746 lib.
346 2729 386 2746 ix.
397 2718 526 2745 observat.
537 2728 592 2755 cap.
609 2727 648 2744 11.
660 2717 681 2744 f.
691 2725 806 2743 ceterum
818 2715 884 2743 istud
894 2719 1002 2749 patrarit
1013 2715 1090 2741 restat
1103 2715 1129 2741 in
1142 2714 1182 2741 so-

226 2757 258 2783 lis
270 2757 331 2783 cdd.
343 2763 410 2782 vett.
428 2755 553 2790 ejusloco
567 2755 602 2782 cst
617 2756 724 2788 peccarit
743 2753 768 2780 in
780 2752 911 2787 Cujac.&
923 2752 993 2779 Pall.
1013 2760 1075 2778 voce
1095 2758 1181 2778 tamen

227 2794 314 2820 minus
323 2792 423 2818 efficaci
430 2812 435 2817 .

263 2838 290 2855 2.
308 2829 415 2861 'Putafhe
426 2828 485 2860 piffe
502 2827 529 2852 id
544 2826 604 2858 quod
619 2827 645 2850 in
663 2825 792 2860 cjusmodi]
805 2824 962 2861 Antiquitus
974 2823 1025 2851 cufi
1037 2833 1087 2850 non
1100 2833 1182 2859 agno-

225 2866 300 2892 scunt
321 2864 456 2899 uulgatum
475 2871 619 2898 pronomen
630 2869 651 2886 te
662 2881 670 2893 ‚
690 2871 774 2897 neque
784 2861 879 2888 habent
890 2860 957 2887 l’all.
968 2868 1013 2887 aut
1023 2860 1115 2895 Cujac.
1136 2860 1182 2895 qui

227 2901 338 2929 ultimus
350 2907 490 2936 practerea,
507 2897 625 2923 rescribit
639 2917 646 2928 ,
656 2898 838 2932 idquod-vclin.

265 2945 290 2973 3.
310 2939 335 2962 Si
344 2936 474 2969 qnfllaqere
484 2942 524 2959 am
533 2934 668 2967 frustrare]
682 2936 721 2960 lta
732 2933 901 2968 cujaciauus,
912 2933 939 2958 Sc
952 2931 1179 2959 editio'Lambini.

226 2973 308 3002 nostri
319 2971 446 2998 accedunt
456 2969 592 3006 publicatis
607 2988 613 3000 ⁷
621 2972 739 3003 perficere,

262 3017 290 3042 4.
309 3008 467 3033 ceramium
486 3006 530 3031 Atei
548 3007 604 3030 tris-i
621 3009 687 3030 venit
704 3008 730 3030 in
740 3005 860 3038 mentem]
881 3005 923 3031 Est
934 3003 965 3031 :ib
975 3004 1099 3031 Asconio.
1121 3013 1179 3030 nam

226 3045 373 3072 Hotomani
386 3050 452 3069 vett.
464 3043 526 3068 item
541 3040 607 3066 Pall.
621 3041 646 3066 S:
658 3040 896 3074 (Σ1111ς.1[ε1111;1111.
909 3040 1006 3075 pril'ctr,
1019 3042 1072 3067 imo
1085 3041 1110 3066 8<
1124 3042 1180 3066 Do-

224 3089 300 3108 natus
321 3081 346 3107 in
360 3080 494 3114 Hecyram
505 3076 688 3104 &Priscianus
708 3075 776 3103 libro
788 3087 815 3103 ,xi
825 3086 865 3103 ix.
882 3079 947 3102 illim·
964 3078 1068 3110 tempor-³5
1081 3096 1089 3108 ,
1110 3076 1179 3113 qnod

222 3117 322 3153 placuit
334 3117 500 3142 Hotonmuo.

261 3163 288 3188 5.
307 3151 460 3180 Noviamneis
470 3148 718 3186 homini-‘petitionesJ
738 3148 833 3179 Mallet
846 3148 1012 3178 Hotomanus
1028 3151 1181 3183 punitiones.

1226 2643 1293 2669 male
1305 2663 1313 2675 ‚
1326 2644 1353 2670 δε
1364 2652 1455 2671 contra
1466 2643 1526 2670 edd.
1537 2652 1617 2680 atque
1628 2643 1852 2671 membranaceos.

1261 2680 1288 2705 6.
1309 2683 1487 2706 Commemorare
1503 2681 1615 2714 ‹ynaestoris
1633 2689 1683 2705 cum
1696 2687 1793 2713 praetore
1808 2681 1988 2715 nccffmdlnm7
2006 2681 2178 2716 constitutam]

1226 2715 1269 2742 l'al
1277 2736 1282 2741 .
1294 2715 1342 2741 sec.
1354 2726 1405 2742 non
1417 2716 1493 2743 habet
1504 2716 1569 2742 illud
1581 2718 1735 2748 constz'mtam,-
1748 2717 1775 2742 &
1787 2716 1837 2742 fine
1848 2718 1880 2742 eo
1892 2724 1963 2742 certe
1975 2715 2058 2743 l'cnstis
2070 2717 2180 2744 constat.

1261 2759 1287 2786 7.
1307 2752 1657 2786 OJ-ationisfitbireinvidiam]
1676 2753 1716 2778 Ita
1727 2751 1795 2779 l‘all.
1806 2752 1843 2779 ita
1854 2753 1947 2786 Cujac.
1958 2753 1996 2779 itii
2006 2752 2067 2779 edd.
2077 2753 2179 2789 priniae.

1226 2787 1354 2814 Asconius
1367 2796 1452 2815 tamen
1464 2788 1546 2824 legit.
1562 2789 1665 2813 imidiae.

1262 2824 1288 2850 8.
1309 2826 1356 2856 lpse
1366 2827 1469 2850 nihilcft‘
1479 2844 1486 2855 ,
1496 2824 1660 2857 nihilpotcfl]
1673 2823 1833 2851 Gulielmius
1845 2824 1949 2856 maluit,
1959 2825 2003 2857 ipse
2011 2826 2082 2851 nihili
2091 2827 2135 2852 eff.

1259 2868 1287 2895 9.
1308 2862 1383 2885 Habet
1391 2860 1546 2895 mmmmm]
1566 2859 1636 2886 Pali.
1654 2860 1710 2887 fere
1722 2861 1749 2886 δί
1760 2861 1918 2895 Cujacianus
1930 2880 1938 2893 ‚
1957 2863 2090 2888 maenum.
2108 2859 2180 2897 quod

1226 2905 1332 2922 monere
1345 2896 1415 2922 volui
1427 2904 1542 2923 tantuin.

1264 2941 1304 2958 10.
1326 2935 1353 2956 Ut
1363 2939 1389 2956 tu
1399 2933 1502 2965 tamem]
1521 2932 1622 2958 Iudicat
1633 2933 1814 2964 Hotomanus,
1825 2942 1914 2960 omnes
1926 2931 2008 2959 libros
2018 2932 2112 2959 habere
2122 2939 2180 2958 tan-

1223 2968 1281 2993 dem.
1309 2975 1335 2993 at
1355 2967 1425 2993 :iliud
1445 2968 1479 2994 cst
1497 2968 1530 2994 de
1550 2968 1616 2994 Pali.
1638 2969 1730 2995 nostris
1751 2988 1758 3001 ,
1780 2968 1812 2995 de
1833 2969 1988 3004 Cujaciano.
2016 2968 2099 2996 editio
2117 2968 2178 2995 anni

1224 3013 1423 3030 CCCCLxxxut
1437 3004 1513 3030 habet
1524 3012 1582 3030 rum.
2151 3026 2154 3028 ,

1265 3049 1272 3065 1
1283 3050 1304 3066 1.
1327 3044 1358 3064 13!
1369 3041 1415 3074 sisui
1428 3041 1545 3075 primun]
1566 3039 1610 3067 Est
1619 3040 1651 3067 ab
1662 3041 1827 3068 Hotomano.
1839 3041 1920 3068 nostri
1930 3041 2001 3068 euim
2012 3041 2041 3067 Sc
2050 3041 2115 3068 olim
2126 3040 2178 3068 im-

1225 3075 1298 3111 preffi
1310 3077 1339 3107 (ly
1348 3079 1391 3101 ribi
1401 3079 1502 3108 primas.

1263 3120 1306 3137 12.
1326 3115 1366 3138 Ex
1382 3113 1417 3139 illu
1429 3122 1495 3147 grege
1511 3113 1655 3149 oratorum]
1675 3112 1799 3148 cujacius
1811 3112 1990 3149 reponendum
2001 3112 2080 3140 duxit
2098 3119 2179 3138 mora-

1223 3154 1307 3175 torum.

2102 3191 2114 3212 ι
2121 3202 2127 3210 .
2135 3182 2180 3210 tlh}
