2297 3389
482 106 756 156 'ORArro
798 123 916 158 PRO
957 113 1091 161 Sex.
1126 109 1368 163 Roscio
1413 114 1742 164 Amanium

2008 134 2100 168 211

132 193 222 224 Dum
231 188 361 232 praefidia
369 186 430 220 ulla
437 186 577 235 fuerunt,
597 190 631 236 in
639 189 728 220 Sullae
738 188 881 237 praefidiis
897 189 956 221 fuit
965 211 974 225 ,
985 191 1108 231 postea*
1127 198 1130 239 5
1146 191 1259 222 tenum
1270 213 1279 226 ‚
1300 193 1334 224 δε
1344 194 1581 225 machinatorem
1592 205 1690 226 unum
1707 194 1766 226 ess'e
1778 193 2006 238 Chrysogonum
2018 217 2026 231 ,
2050 200 2104 239 qui

135 234 227 275 quam
240 234 276 264 ab
285 234 376 263 armis
386 229 583 261 recesseiunt:
605 242 638 261 in
648 232 771 262 summo
787 241 852 262 otio
862 232 981 262 rediens
993 234 1101 267 acena,
1124 241 1127 273 j
1144 237 1211 264 Sex.
1222 235 1326 265 Roscii
1337 246 1453 267 nomen
1462 236 1659 268 deferendum
1669 239 1802 268 curavit?
1812 239 2038 280 hocjudicium,
2050 250 2102 272 cu*

135 277 245 306 Romae
255 274 367 305 occisus
376 272 427 303 est.
442 275 472 303 Si
482 273 546 314 lege
558 284 563 302 :
574 273 653 303 bona
661 274 860 315 quoque,lege
871 273 984 304 veniss'e
994 273 1100 305 fateor.

133 316 178 347 fin
188 326 286 347 autem
297 314 412 346 constat
425 323 530 346 contra
547 317 667 345 omneis
682 325 748 345 non
766 314 862 345 modo
879 325 993 345 veteres
1011 316 1101 358 leges,

135 357 244 389 verum
255 359 345 388 etiam
356 367 451 387 novas
462 377 472 390 ,
483 358 616 388 occisum
628 354 685 387 effe
697 367 702 386 :
721 357 800 388 bona
810 368 870 399 quo
877 359 889 398 j
896 368 945 387 ure
955 378 964 392 ,
978 367 1028 388 aut
1039 368 1099 399 quo

73 404 122 438 44-
137 399 232 431 modo
242 420 250 434 ‚
262 409 313 430 aut
321 410 379 441 qua
388 400 452 441 lege
461 402 615 430 venierint
623 419 631 433 ‚
642 409 753 440 quaero.
771 403 807 430 In
816 410 908 441 quem
917 400 976 430 hoc
986 400 1096 434 dicam„

135 444 261 484 quaeris,
286 443 398 472 Eruci?
419 451 484 472 non
501 443 534 472 in
545 452 636 475 eum,
659 452 752 483 quem
771 443 838 475 vis,
863 442 1001 483 &putas.
1025 452 1097 472 narn

130 485 247 516 Sullam
267 484 300 514 δε
321 485 417 514 oratio
436 494 503 514 mea
519 484 555 514 ab
573 486 664 514 initio
681 504 690 517 ,
715 485 747 514 &
766 482 855 524 ipsius
873 486 988 514 eximia
1003 486 1097 514 virtus

133 528 222 559 omni
232 535 367 567 tempore
377 528 523 568 purgavit.
547 529 611 568 Ego
621 527 683 556 haec
691 529 796 556 omnia
808 527 1040 568 Chrysogonum
1050 525 1096 556 fe-

129 568 202 601 cisse
211 569 291 603 dico,
302 578 334 599 ut
343 571 557 602 ementiretur,
568 578 601 599 ut
609 569 726 598 malum
735 570 836 598 civem
848 569 996 599 Roscium
1006 566 1094 598 fuifl'e

131 611 257 653 fingeret
265 631 273 645 ‚
295 620 328 641 ut
335 621 407 640 eum
419 611 495 650 apud
505 611 686 641 adversarios
696 611 829 640 occisum
841 609 899 639 effe
910 611 1022 640 diceret
1031 630 1040 644 ‚
1061 619 1094 640 ut

130 655 211 685 hisce
228 653 265 683 de
282 653 369 683 rebus
380 653 395 683 a
405 653 506 694 legatis
518 655 738 682 Amerinorum
750 652 852 682 doceri
863 652 1016 683 L.Sullam
1027 652 1094 691 pas-

90 696 96 699 ’
131 696 180 728 sus
198 705 263 725 nori
278 694 320 725 sit.
345 697 488 736 Denique
506 697 596 725 etiam
614 693 691 724 illud
701 694 834 733 suspicor
848 713 857 728 ‚
878 693 1011 724 omnino
1030 696 1094 724 haec

131 737 211 769 bona
221 747 286 767 non
297 735 411 768 veniss'e
423 748 428 766 :
442 737 473 766 id
484 736 566 778 quod
574 735 676 776 postea
686 755 695 769 ‚
716 734 737 765 fi
746 746 798 775 per
807 745 862 765 vos
871 756 880 769 ‚
897 738 909 775 J'
914 736 1014 766 udices
1025 756 1033 770 ‚
1055 736 1093 765 Ii—

116 781 226 810 'citum
238 781 311 813 erit,
334 781 488 820 aperietur.
512 781 630 817 Opinor
648 780 733 807 enim
751 776 810 807 effe
826 780 859 807 in
871 778 935 819 lege
953 788 1043 819 quam
1055 778 1090 808 ad
1110 796 1111 800 =

129 821 212 852 diem
223 820 719 862 proscriptiones,venditionesque
731 818 820 850 fiant:
836 823 845 838 ¹
860 822 1010 850 nimirum
1020 822 1090 849 KA-

130 861 346 905 LENDAsJuNi
353 873 399 892 As.
412 862 538 903 Aliquot
545 860 612 901 post
621 861 750 891 menseis
762 862 794 891 ὃς
805 862 902 891 homo
911 862 1024 892 occisus
1036 861 1087 895 est,

129 906 166 937 &
176 906 254 936 bona
264 904 375 935 veniffe
383 904 536 934 dicuntur.
559 902 700 934 Profefiib
708 913 756 933 aut
772 905 833 933 haec
843 904 924 934 bona
934 906 966 934 in
976 904 1089 934 tabulas

129 948 261 989 publicas
270 947 353 977 nulla
367 946 521 976 redierunt
530 965 538 979 ‚
563 947 676 987 nosque
685 945 721 975 ab
731 945 789 975 isto
801 946 952 975 nebulone
962 944 1087 976 facetius

127 989 283 1020 eludimur
291 1009 300 1022 ,
320 987 411 1029 quam
421 997 560 1028 putamus
573 998 578 1017 :
601 997 651 1018 aut
661 1008 669 1021 ,
688 986 710 1017 fi
720 987 874 1018 redierunt
882 1008 891 1022 ‚
915 988 1022 1018 tabulae
1030 998 1087 1027 pu-

127 1030 213 1062 blicae
223 1040 368 1070 corruptae
378 1030 474 1071 aliqua
483 1032 597 1060 ratione
608 1030 685 1060 sunt.
707 1032 789 1059 Nam
800 1029 865 1071 lege
873 1030 996 1071 quidem
1005 1051 1016 1063 ‚
1032 1031 1088 1060 bo-

127 1082 167 1104 na
174 1074 277 1103 venire
287 1082 349 1102 non
360 1070 487 1112 potuiffe
495 1071 619 1102 constat.
642 1071 785 1113 Intelligo
795 1091 804 1105 ‚
819 1082 868 1102 me
878 1082 944 1102 ante
954 1080 1084 1112 tempuS,

123 1115 257 1156 judices,
279 1115 342 1144 haec
352 1115 490 1147 scrutari,
512 1113 776 1154 &propemodum
793 1124 904 1148 errare,
925 1116 994 1155 qui,
1014 1124 1086 1144 cum
1107 1141 1109 1146 ,

124 1159 216 1197 capiti
224 1160 290 1188 Sex.
302 1157 405 1187 Roscii
425 1156 537 1186 mederi
549 1156 694 1190 debeam,
717 1156 866 1185 reduviam
885 1167 987 1185 curem.
1011 1159 1087 1186 Non
1107 1155 1108 1162 ¹

126 1201 212 1230 enim
222 1199 332 1229 laborat
341 1199 378 1228 de
387 1199 524 1238 pecunia,
536 1208 601 1228 non
611 1198 703 1228 ullius
713 1201 861 1228 rationem
872 1199 917 1229 sui
927 1198 1087 1228 commodi

127 1241 212 1272 ducit
225 1253 230 1270 z
248 1240 335 1271 facile
346 1239 506 1282 egestatem
516 1241 599 1270 suam
610 1240 638 1270 se
648 1241 778 1270 laturum
788 1249 872 1279 putat
880 1261 888 1274 ‚
909 1239 930 1270 si
940 1242 994 1270 hac
1004 1240 1086 1270 indi-

124 1293 186 1326 gna
194 1284 362 1323 suspicione
373 1303 381 1316 ‚
394 1282 427 1312 &
441 1281 513 1312 ficio
525 1284 653 1312 crimine
664 1282 802 1312 liberatus
812 1280 855 1312 fit.
878 1281 995 1312 Verum
1005 1292 1087 1323 quae-

125 1326 160 1357 so
171 1325 187 1355 a
197 1326 285 1355 vobis
295 1345 303 1359 ‚
324 1324 437 1362 judices
449 1344 457 1358 ‚
475 1333 508 1354 ut
517 1325 579 1354 haec
587 1333 677 1364 pauca
688 1344 696 1358 ‚
714 1333 779 1364 quae
789 1323 897 1354 restant
906 1344 915 1358 ‚
935 1326 974 1354 ita
983 1325 1086 1354 audia-

125 1369 183 1401 tis,
206 1376 239 1397 ut
245 1369 352 1407 partim
364 1376 413 1396 me
430 1365 529 1396 dicere
545 1376 600 1406 pro
611 1376 661 1396 me
680 1367 744 1405 ipso
759 1368 870 1405 putetis
881 1386 889 1400 ‚
910 1369 1017 1406 partim
1030 1376 1084 1406 pro

121 1412 190 1440 Sex.
204 1409 326 1439 Roscio.
350 1411 423 1449 Qae
432 1409 516 1437 enim
528 1409 606 1437 mihi
616 1406 668 1448 ipsi
678 1407 802 1449 indigna
813 1428 820 1442 ‚
841 1408 1086 1438 &intolerabilia

125 1451 268 1483 videntur
276 1471 285 1485 ‚
296 1461 420 1492 quaeque
429 1451 468 1479 aa'
475 1460 572 1479 omnm
580 1470 588 1483 ,
608 1449 845 1491 mfiprowa‘emus
855 1470 863 1484 ,
884 1450 1009 1481 arbitror
1017 1460 1085 1491 per-

124 1495 222 1525 tinere
236 1504 241 1522 z
252 1503 284 1523 ea
293 1503 346 1533 pro
358 1503 408 1522 me
417 1492 481 1532 ipso
491 1512 499 1526 ,
512 1502 550 1522 ex
559 1494 655 1522 animi
665 1494 727 1522 mei
736 1493 821 1522 sensu
831 1513 839 1526 ‚
858 1502 891 1523 ac
901 1492 1006 1523 dolore
1015 1502 1086 1533 pro-

124 1537 246 1567 nuntio.
269 1538 345 1578 Qae
353 1535 389 1565 ad
400 1535 488 1574 hujus
499 1536 567 1565 vitae
576 1535 675 1564 casum
686 1555 695 1568 .
716 1536 893 1576 causamque
903 1537 1083 1576 pertineant,

126 1577 160 1609 δε
169 1577 242 1619 quid
261 1578 310 1608 hic
327 1587 381 1618 pro
400 1577 426 1607 se
437 1577 498 1607 dici
508 1578 582 1607 velit
591 1598 601 1610 ,
620 1577 653 1606 &
664 1587 721 1618 qua
729 1577 907 1607 conditione
925 1586 1086 1607 contentus

123 1618 161 1650 fit
171 1641 179 1653 ,
187 1621 247 1661 jam
258 1622 292 1650 in
301 1629 435 1650 extrema
443 1621 579 1649 oratione
589 1618 688 1649 nostra
698 1639 706 1653 ,
715 1619 726 1659 j
731 1619 832 1649 udices
843 1639 851 1653 ‚
864 1619 1003 1650 audietis.
1022 1622 1086 1661 Ego

124 1662 189 1693 haec
197 1664 214 1693 a
223 1662 418 1704 Chrysogono
427 1682 436 1695 ,
449 1672 515 1691 mea
525 1661 640 1702 sponte,
652 1671 771 1691 remoto
781 1665 850 1692 Sex.
861 1662 975 1692 Roscio
985 1683 992 1695 ‚
1006 1672 1087 1703 quae—

11 1736 16 1741 ,
63 1710 110 1745 45
126 1713 169 1735 ro.
193 1704 349 1738 Primum,
369 1714 458 1745 quare
467 1705 544 1734 civis
554 1705 666 1744 optimi
677 1704 755 1734 bona
763 1706 917 1734 venierint
935 1714 941 1733 :
963 1704 1085 1737 deinde,

125 1756 213 1788 quare
223 1747 358 1777 hominis
368 1756 432 1783 eius
442 1767 450 1780 ‚
470 1747 523 1787 qui
533 1756 630 1787 neque
649 1746 828 1786 proscriptus
839 1766 847 1780 ‚
873 1749 887 1765 2
899 1757 997 1787 neque
1008 1746 1085 1786 apud

121 1788 302 1819 adversarios
313 1789 428 1819 occisus
438 1787 499 1822 est,
524 1788 603 1819 bona
612 1790 763 1818 venierint
775 1808 785 1822 ‚
807 1788 880 1819 curn
892 1790 925 1818 in
945 1798 995 1818 eos
1006 1789 1086 1819 solos

121 1830 173 1861 lex
185 1829 327 1871 scriptasit
338 1842 343 1859 z
365 1830 475 1861 deinde
485 1849 494 1863 ‚
517 1840 604 1871 quare
615 1831 768 1871 aliquanto
788 1830 854 1871 post
865 1841 930 1861 eam
941 1831 1023 1861 diem
1033 1841 1087 1861 ve-

121 1874 236 1904 nierint
244 1893 253 1907 ‚
265 1883 329 1914 quae
339 1872 402 1903 dies
412 1875 445 1902 in
456 1873 518 1914 lege
527 1871 672 1913 praefinita
681 1872 724 1902 est
737 1883 742 1901 :
763 1872 874 1903 deinde
885 1893 893 1907 ‚
906 1883 959 1903 cur
969 1873 1085 1903 tantulo

122 1916 284 1946 venierint.
303 1918 376 1955 Qiae
386 1917 491 1944 omnia
500 1913 532 1948 si,
542 1914 802 1956 quemadmodum
814 1916 911 1945 solent
921 1915 1023 1946 liberti
1032 1925 1087 1944 ne-

122 1966 213 1998 quam
226 1976 234 1990 ,
247 1957 280 1986 &
289 1956 422 1996 improbi
431 1955 525 1985 facere
536 1976 545 1990 ‚
557 1958 585 1985 in
594 1964 745 1993 patronum
748 1957 837 1996 suum
848 1957 970 1986 voluerit
980 1957 1085 1995 confer-

123 2008 171 2033 τες
190 1998 270 2028 nihil
280 2000 382 2039 egerit.
395 2007 488 2027 nemo
506 1997 548 2027 est
558 2000 641 2028 enim
651 2018 660 2032 ,
680 2001 731 2039 qui
742 1999 852 2028 nesciat
861 2019 869 2032 ,
887 2007 1008 2038 propter
1018 2008 1082 2027 rna-

116 2040 318 2082 )gnitudinem
336 2050 437 2070 rerum
456 2040 552 2069 multa
576 2040 691 2070 multos
716 2039 748 2079 [3
757 2043 866 2080 partim
882 2040 1082 2080 connivente]

118 2084 231 2125 partim
241 2081 431 2122 imprudente
440 2082 563 2111 L-Sulla
570 2080 763 2111 commisiffe.
787 2083 883 2112 Placet
893 2084 983 2123 igitur
992 2083 1026 2111 in
1035 2083 1083 2111 his

119 2124 211 2155 rebus
219 2123 331 2164 aliquid
342 2122 545 2163 imprudentia
547 2125 697 2193 (praeteriri
715 2126 726 2152 ?
748 2133 813 2153 non
822 2124 917 2162 placet
926 2143 934 2156 ,
956 2123 1082 2162 judices:

119 2166 171 2197 sed
189 2164 302 2196 necesse
322 2164 374 2195 est.
404 2166 528 2196 Etenim
558 2174 567 2193 1
585 2166 731 2206 Jui³1TER
751 2175 896 2194 orrimus
916 2167 1082 2198 maximus,

119 2209 168 2248 cuj
173 2218 206 2238 us
216 2217 294 2238 nutu
304 2228 313 2242 ‚
333 2207 366 2237 &
373 2207 496 2238 arbitrio
504 2207 618 2237 coelum
628 2226 636 2240 ‚
649 2216 723 2236 terra
733 2227 741 2240 ,
763 2209 915 2247 mariaque
923 2216 1078 2247 reguntur,

69 2259 71 2261 ·
118 2250 196 2291 saepe
211 2253 310 2280 ventis
320 2248 618 2282 vehementioribus,
639 2257 689 2279 aut
699 2248 907 2279 immoderatis
920 2248 1080 2289 tempesta-

119 2292 201 2324 tibus
210 2312 219 2326 ,
231 2301 281 2323 aut
291 2294 392 2322 nimio
402 2292 498 2321 calore
507 2310 516 2325 ‚
528 2300 577 2321 aut
585 2291 771 2321 intolerabili
779 2290 889 2332 frigore
900 2291 1080 2320 hominibus

118 2336 229 2366 nocuit
237 2354 245 2369 ,
267 2334 366 2365 urbeis
385 2333 496 2364 delevit
506 2353 515 2367 ‚
535 2332 634 2375 fruges
643 2333 773 2373 perdidit
793 2344 798 2362 :
820 2343 950 2374 quorum
972 2336 989 2360 4
999 2333 1078 2363 nihil

118 2378 246 2418 pernicii
255 2376 336 2407 causa
344 2396 352 2410 ,
372 2375 480 2406 divino
489 2374 616 2405 consilio
626 2395 634 2409 ,
646 2374 695 2405 sed
713 2376 747 2404 vi
757 2376 818 2418 ipsa
829 2395 837 2409 ,
858 2375 893 2408 &⁴
902 2375 1081 2416 magnitudi—

119 2428 152 2449 ne
160 2429 251 2448 rerum
261 2439 270 2452 ,
290 2417 405 2449 faCtum
414 2427 552 2458 putamus
565 2428 570 2446 :
589 2426 616 2447 at
627 2426 731 2447 contra
739 2436 749 2451 ,
769 2417 933 2448 commoda
942 2438 950 2452 ‚
968 2417 1079 2458 quibus

115 2462 251 2494 ,utimurz
267 2461 427 2501 lucemque
437 2480 445 2494 ‚
457 2471 514 2501 qua
521 2458 668 2490 fruimur:
688 2460 884 2501 spiritumque
895 2480 904 2494 ‚
921 2470 1012 2501 quern
1023 2459 1079 2489 du-

115 2504 240 2537 cimus,
263 2503 300 2533 ab
309 2512 346 2532 eo
356 2502 444 2532 nobis
455 2503 535 2536 dari,
557 2511 642 2543 atque
655 2503 806 2542 impertiri
815 2501 956 2532 videmus
975 2513 981 2531 :
1004 2501 1078 2543 quid

119 2547 267 2576 miramur
276 2565 286 2579 ,
298 2547 334 2575 L.
343 2545 458 2575 Sullam
469 2564 478 2579 ‚
490 2555 561 2575 cum
572 2544 651 2574 solus
661 2554 757 2584 remp.
768 2553 880 2587 regeret
890 2565 899 2579 ‚
911 2544 1078 2585 orbemque

119 2594 261 2618 terrarum
271 2587 447 2629 gubernaret
457 2607 466 2621 ‚
478 2588 657 2627 imperiique
666 2585 851 2626 majestatem
863 2607 872 2620 ‚
885 2596 975 2628 quam
986 2588 1078 2617 armis

117 2637 266 2669 receperat
274 2649 284 2662 ,
293 2629 409 2670 legibus
416 2627 620 2662 confirmaret,
629 2628 731 2669 aliqua
738 2629 962 2658 animadvertere
970 2640 1021 2658 non
1027 2636 1078 2670 po-

119 2671 203 2709 tuiffe
215 2674 227 2700 ἓ
249 2670 304 2701 nifi
320 2673 379 2701 hoc
397 2673 511 2702 mirum
522 2670 565 2701 est
575 2690 583 2705 ‚
607 2673 689 2711 quod
697 2673 743 2700 vis
761 2671 864 2701 divina
883 2669 993 2712 affequi
1012 2681 1077 2701 non

118 2711 223 2757 postu,
242 2711 303 2743 fiid
322 2723 409 2742 mens
419 2713 549 2743 humana
557 2712 661 2752 adepta
669 2722 734 2743 non
749 2711 792 2743 sit.
816 2711 931 2743 Verum
942 2733 951 2747 ‚
973 2722 1005 2743 ut
1015 2714 1077 2743 haec

119 2753 208 2785 missa
214 2754 322 2786 faciam
331 2774 339 2788 ‚
351 2756 486 2797 quaejam
496 2754 572 2785 fasta
582 2755 668 2785 sunt:
687 2765 726 2785 ex
738 2757 775 2785 iis
786 2775 795 2789 ‚
806 2765 872 2797 quae
882 2765 964 2786 nunc
973 2757 1075 2786 maxi-

119 2795 172 2827 me
181 2795 258 2827 fiunt
267 2818 278 2832 ,
288 2807 392 2828 nonne
402 2799 502 2839 quivis
509 2796 608 2838 potest
615 2797 784 2839 intelligere
795 2817 806 2832 ,
823 2799 968 2828 omnium
977 2798 1074 2828 archi-

548 2860 560 2871 ο

157 2917 182 2936 1.
199 2911 319 2936 Nimirum
326 2911 444 2936 Kalendas
453 2911 572 2945 Junias]
593 2911 634 2938 Ita
643 2910 702 2937 mss.
720 2911 801 2938 nostri
820 2909 1002 2948 editioiiesque
1019 2911 1076 2948 pri-

120 2953 181 2972 mae.
198 2945 354 2981 posteriores
366 2966 374 2978 ,
383 2950 495 2973 nimirum
504 2947 538 2972 ad
545 2949 601 2973 Kal.
612 2957 663 2974 non
674 2947 826 2975 necessario.

157 2989 186 3007 2.
205 2985 284 3016 Neque
293 2983 358 3016 apud
364 2983 514 3017 adversarios
522 2984 609 3015 occisus
619 3002 627 3016 ,
637 2993 710 3018 neque
716 2985 862 3018 proscriptus·
869 2985 929 3020 effi]
950 2984 1022 3011 Illud
1032 2993 1075 3010 ne-

121 3020 314 3051 queproscriptus·
325 3039 334 3052 ‚
343 3019 412 3046 abest
423 3019 515 3047 nostris
527 3018 604 3046 codd.
615 3021 643 3046 &
653 3019 715 3047 edd.
727 3028 792 3047 vett.
804 3019 891 3048 nescio
901 3031 932 3048 au
943 3021 1077 3048 exstiterit

122 3053 150 3080 in
159 3053 316 3080 Ursinianis.
335 3055 455 3092 loquitur
465 3056 535 3082 enim
547 3056 681 3092 ambigue.

157 3091 289 3149 {Partim
297 3093 459 3127 tonui-venta]
470 3092 541 3119 Binae
554 3092 592 3118 hae
601 3101 678 3119 voces
689 3102 741 3120 non
753 3091 812 3120 sunt
821 3093 850 3122 in
859 3092 917 3121 mff.
928 3092 1021 3120 nostris
1031 3099 1078 3119 aut

118 3123 156 3152 td
178 3144 184 3150 .
195 3126 353 3153 veterrimis.
372 3128 400 3153 &
412 3137 463 3154 non
473 3128 598 3155 videntur
606 3128 733 3156 audieris.

158 3166 189 3194 4·
207 3162 506 3202 Mhil‚p=rnicuca1ffa.]
518 3165 560 3194 Sic
569 3165 696 3202 ingerunt
706 3165 804 3195 critici
816 3184 826 3201 ,
835 3169 851 3195 ὲ
860 3165 945 3195 Gellii
954 3165 1024 3196 libro
1035 3173 1078 3193 ix.

1115 487 1122 523 ,-

1140 277 1190 316 jus
1199 277 1326 307 honoris
1341 279 1424 309 causa
1433 280 1565 310 accusare
1574 280 1603 311 se
1613 280 1692 311 dixit
1700 282 1825 312 Erucius
1835 282 1846 309 Ξ
1916 326 1921 328 ⁴

1330 362 1551 393 DES‘UNT
1577 366 1686 395 NON
1715 366 1911 396 PAUCA.

1137 450 1255 490 aptam,
1277 443 1310 473 &
1320 446 1433 476 ratione
1445 446 1613 487 dispositam
1626 448 1653 479 se
1664 449 1771 480 habere
1789 448 1964 481 existimant
1975 470 1984 485 ,
2004 451 2099 492 quiin
2117 449 2166 493 46

1136 484 1365 531 Salentinis‚aut
1372 489 1405 516 in
1415 490 1524 518 Brutiis
1535 491 1738 524 habent‚unde
1748 493 1802 522 vix
1812 501 1856 522 ter
1866 493 1898 522 in
1908 503 1989 523 anno
1999 493 2102 525 audire

1136 534 1283 572 nuntium
1292 536 1311 566 p
1319 526 1422 558 jssunt.
1446 530 1518 560 alter
1529 532 1582 561 tibi
1593 531 1746 563 descendit
1757 533 1792 563 de
1802 534 1911 573 palatio
1922 555 1930 569 ,
1944 535 1977 565 ὃς
1987 535 2103 566 aedibus

1136 567 1212 597 suis:
1232 568 1321 598 habet
1329 571 1421 598 animi
1430 571 1576 601 relaxandi
1586 575 1670 614 ιαμβι
1680 585 1726 603 rus
1737 585 1878 604 amoenum
1890 596 1897 609 ‚
1911 576 1943 607 &
1953 577 2100 608 suburba-

1135 619 1212 639 num
1223 630 1231 644 ‚
1254 611 1338 650 plura
1356 621 1493 650 praeterea
1512 615 1621 654 praedia
1633 636 1641 650 ‚
1666 627 1762 658 neque
1781 627 1881 648 tamen
1898 619 1997 649 ullum
2010 639 2018 653 ,
2042 617 2099 650 nifi

1134 652 1359 700 praeclarurn‚&
1369 656 1574 695 propinquum
1587 657 1710 688 :domus
1721 659 1825 690 referta
1835 659 1906 691 vasis
1917 662 2097 695 Corinthiis,

1136 693 1169 741 §c
1180 694 1312 724 Deliacis
1323 715 1332 728 ‚
1353 697 1383 725 in
1395 696 1503 736 quibus
1515 696 1558 727 est
1579 701 1592 725 ἵ
1602 701 1738 740 authepsa
1748 702 1797 731 illa
1807 722 1814 735 ‚
1835 712 1924 742 quam
1937 712 2019 733 tanto
2030 714 2099 744 pre-

1134 744 1177 765 tio
1196 746 1292 776 nuper
1311 746 1458 768 mercatus
1478 737 1520 768 est
1533 760 1542 772 ‚
1568 738 1584 759 ⁶
1593 749 1643 773 ut,
1667 744 1718 781 qui
1738 753 1945 781 praetereuntes
1966 748 2099 785 pretium

1133 780 1302 808 enumerari
1319 779 1479 810 audiebant
1487 800 1495 813 ‚
1512 781 1640 820 fundum
1660 784 1752 813 venire
1772 785 1988 817 arbitrarentur.
2013 787 2099 830 Qid

1132 828 1269 859 praeterea
1277 821 1370 851 caelati
1378 825 1490 862 argenti
1502 825 1512 852 ?
1522 824 1595 864 quid
1605 823 1737 866 stragulae
1749 826 1836 856 vestis
1847 828 1936 868 ?quid
1947 828 2099 868 pi6iaium

1132 861 1299 907 tabularum
1314 865 1324 891 ?
1335 864 1408 903 quid
1420 863 1569 905 signorum
1582 866 1591 892 ?
1602 867 1675 907 quid
1684 868 1843 898 marmoris
1855 869 1929 909 apud
1942 871 2029 901 illum
2041 881 2099 911 pu-

1131 906 1200 934 tatis
1209 902 1286 934 esse?
1305 904 1423 936 tantum
1436 907 1566 941 scilicet,
1580 918 1729 948 quantum
1741 909 1757 939 ὲ
1769 910 1872 940 multis
1884 932 1892 945 ,
1919 911 2098 952 splendidis—

1131 955 1189 986 que
1199 945 1324 976 familiis
1335 949 1367 977 in
1377 948 1470 983 turba,
1483 949 1635 989 &rapinis
1645 954 1811 981 coacervari
1823 962 1882 982 una
1891 956 1923 982 in
1935 953 2029 984 domo
2040 965 2099 994 po-

1130 990 1196 1017 tuit.
1220 989 1376 1019 Familiam
1388 989 1461 1019 verb
1472 1001 1625 1032 quantam,
1639 992 1671 1023 ὃς
1680 1004 1771 1034 quam
1781 996 1868 1024 variis
1882 999 1952 1025 cum
1963 995 2098 1027 artificiis

1130 1029 1235 1060 habeat
1244 1050 1252 1064 ‚
1272 1031 1344 1072 quid
1356 1042 1413 1072 ego
1422 1032 1542 1065 dicam?
1562 1036 1655 1064 Mitto
1667 1035 1749 1065 hasce
1760 1038 1846 1066 arteis
1857 1037 2003 1078 vulgareis
2014 1058 2022 1071 ,
2042 1048 2096 1068 co·

1108 1087 1109 1097 i
1131 1082 1208 1113 quos
1221 1093 1229 1105 ,
1248 1072 1373 1112 pistores
1384 1095 1392 1106 ‚
1413 1073 1589 1105 lediicarios.
1614 1078 1705 1106 am'mt
1716 1077 1750 1110 ὼ
1759 1079 1876 1106 amiam
1886 1080 1970 1119 causa
1982 1089 2024 1109 tot
2035 1081 2095 1110 ho-

1129 1116 1231 1144 mines
1242 1114 1349 1148 habet,
1370 1125 1403 1145 ut
1412 1117 1591 1159 quotidiano
1602 1128 1691 1149 cantu
1711 1129 1824 1150 vocum
1836 1140 1843 1153 ‚
1866 1121 1899 1150 &
1912 1131 2091 1156 nervorum,

1130 1156 1163 1186 &
1175 1156 1316 1186 tibiarum
1329 1177 1338 1190 ‚
1359 1159 1575 1200 nocturnisque
1594 1163 1745 1191 conviviis
1764 1170 1825 1192 tota
1835 1163 1973 1193 vicinitas
1990 1164 2093 1203 perso⁴

1129 1206 1191 1228 net.
1214 1201 1251 1228 In
1261 1200 1314 1229 hac
1323 1201 1383 1229 vita
1394 1219 1403 1233 ,
1422 1200 1537 1239 judices
1551 1222 1558 1234 ‚
1580 1212 1655 1242 quos
1667 1203 1780 1233 sumtus
1791 1204 1984 1244 quotidianos
1994 1225 2002 1238 ‚
2023 1216 2096 1246 quas

1129 1238 1289 1270 effusiones
1300 1239 1363 1271 fieri
1372 1245 1483 1281 putatis
1493 1244 1502 1268 ?
1511 1254 1575 1284 quae
1586 1244 1658 1274 vero
1669 1247 1823 1275 convivia?
1833 1246 1957 1277 honesta
1969 1268 1977 1280 ,
1989 1247 2092 1281 credo,

1128 1284 1161 1311 in
1173 1283 1323 1321 ejusmodi
1333 1283 1429 1314 domo
1443 1295 1448 1313 ε
1460 1283 1478 1314 si
1492 1285 1601 1315 domus
1613 1288 1675 1316 haec
1686 1287 1820 1317 habenda
1830 1287 1873 1317 est
1882 1289 2091 1330 potiusquam

1127 1325 1237 1363 officina
1248 1326 1378 1366 nequitia
1389 1346 1397 1359 ‚
1413 1327 1445 1356 &
1454 1326 1655 1357 diversorium
1668 1327 1850 1370 flagitiorum
1861 1332 2015 1360 omnium.
2028 1332 2096 1371 Ipse

1125 1366 1199 1396 vero
1209 1367 1469 1407 quemadmodum
1478 1368 1645 1409 composito
1654 1391 1662 1404 ‚
1675 1371 1707 1401 &
1716 1371 1852 1401 delibuto
1860 1373 1968 1412 capillo
1976 1371 2092 1412 paffim,

1126 1407 1289 1448 perforum
1307 1410 1414 1439 volitet
1424 1421 1494 1441 cum
1509 1421 1614 1453 magna
1624 1421 1738 1443 cateiva
1757 1422 1924 1455 togatorum
1936 1434 1944 1447 ,
1966 1414 2091 1448 videtis.

1126 1450 1242 1490 judices
1255 1462 1259 1480 :
1272 1460 1305 1481 ut
1315 1454 1436 1482 omneis
1448 1453 1595 1493 despiciat,
1607 1455 1746 1484 hominem
1749 1463 1804 1497 pm
1810 1455 1840 1494 [ὲ
1856 1464 2092 1499 nemmempmer,

1129 1501 1161 1523 ut
1170 1493 1199 1522 se
1208 1492 1308 1524 solum
1325 1493 1447 1524 beatum
1459 1515 1467 1528 ‚
1480 1496 1577 1525 solum
1588 1506 1744 1535 potentem
1755 1506 1848 1537 putet.
1871 1500 1946 1538 Qae
1964 1497 2036 1528 vero
2047 1498 2093 1529 ef-

1129 1533 1207 1565 ficiat
1217 1555 1226 1568 .
1239 1535 1271 1565 &
1281 1546 1346 1577 quae
1355 1546 1499 1570 conetur,
1511 1536 1531 1566 si
1542 1539 1636 1567 velim
1647 1549 1888 1569 commemorare
1899 1560 1909 1574 ,
1920 1550 2033 1574 vereor,
2046 1541 2092 1577 iu-

1129 1577 1210 1608 dices
1221 1598 1230 1611 ,
1242 1588 1280 1608 ne
1291 1581 1356 1619 quis
1368 1581 1537 1619 imperitior
1547 1579 1699 1610 existimet
1711 1602 1719 1614 ,
1734 1591 1782 1611 me
1792 1582 1910 1612 causam
1923 1582 2092 1613 nobilitatis

1128 1618 1349 1661 vffioriamque
1359 1619 1487 1651 voluisse
1498 1622 1602 1652 laedere
1615 1633 1620 1651 :
1639 1621 1752 1653 tametsi
1761 1633 1832 1653 meo
1841 1624 1905 1664 jure
1915 1623 2035 1664 pofl'um
2047 1645 2055 1657 ‚
2069 1623 2091 1655 fi

1129 1662 1202 1703 quid
1213 1664 1245 1692 in
1254 1663 1307 1693 hac
1317 1672 1397 1702 parte
1407 1664 1485 1693 mibi
1497 1674 1560 1694 non
1569 1664 1682 1704 placeat
1690 1685 1698 1698 ‚
1717 1667 1893 1705 vituperare.
1918 1669 1992 1696 Non
2003 1668 2089 1697 enim

1107 1709 1108 1712 ’
1129 1714 1234 1734 vereor
1244 1724 1252 1738 ,
1273 1715 1312 1734 ne
1322 1707 1388 1745 quis
1406 1706 1539 1735 alienum
1557 1716 1606 1736 me
1617 1709 1755 1737 animum
1772 1706 1903 1738 habuiffe
1913 1708 1929 1738 a
1938 1709 2020 1739 causa
2031 1718 2090 1739 no-

1129 1746 1253 1776 bilitatis
1262 1746 1428 1777 existimet.
1451 1750 1556 1778 Sciunt
1565 1750 1586 1777 ii
1598 1769 1606 1781 ,
1628 1751 1681 1789 qui
1693 1759 1743 1779 me
1753 1758 1866 1779 norunt
1876 1769 1885 1784 ‚
1904 1760 1954 1780 me
1971 1761 2025 1791 pro
2037 1750 2088 1782 illa
2104 1754 2150 1789 47

1128 1790 1212 1819 tenui
1224 1787 1403 1830 infirmaque
1411 1799 1490 1830 parte
1500 1810 1508 1824 ,
1529 1800 1568 1830 po
1574 1789 1722 1832 steaquam
1732 1791 1761 1821 id
1773 1811 1780 1825 ,
1792 1791 1874 1832 quod
1884 1793 2020 1823 maxime
2031 1803 2089 1824 vo-

1129 1831 1173 1860 lui
1185 1851 1193 1864 ‚
1207 1829 1270 1861 fieri
1279 1841 1343 1861 non
1353 1834 1454 1872 potuit
1466 1852 1474 1865 ‚
1495 1840 1530 1861 ut
1539 1840 1761 1875 componeretur:
1781 1834 1812 1863 id
1826 1834 1962 1865 maxime
1981 1834 2090 1866 defen-

1128 1872 1202 1903 diss'e
1213 1893 1221 1907 ‚
1243 1882 1276 1904 ut
1286 1875 1308 1903 ii
1319 1876 1491 1907 vincerent,
1513 1877 1565 1915 qui
1583 1877 1730 1905 vicerunt.
1754 1876 1830 1916 Qs
1840 1878 1925 1906 enim
1934 1885 2014 1911 emt,
2033 1881 2089 1918 qui

1128 1925 1192 1945 non
1210 1915 1326 1946 videret
1334 1936 1343 1949 ,
1366 1916 1573 1946 humilitatem
1591 1926 1662 1946 cum
1681 1916 1821 1956 dignitate
1833 1917 1868 1947 de
1885 1918 2090 1958 amplitudine

1126 1957 1330 1987 contendere?
1347 1967 1409 1999 quo
1420 1960 1451 1987 in
1461 1960 1625 1988 certamine
1633 1957 1743 1997 perditi
1752 1960 1827 1989 civis
1838 1968 1913 1993 erat,
1935 1970 2000 1990 non
2011 1961 2039 1990 se
2049 1959 2088 1992 ad

1127 2009 1178 2028 eos
1189 1999 1321 2039 jungere,
1332 1999 1442 2040 quibus
1453 1999 1660 2029 incolumibus
1672 2019 1680 2033 ,
1692 1999 1809 2030 &domi
1819 2000 1948 2041 dignitas
1960 2022 1968 2035 ‚
1981 2002 2088 2041 &foris

1125 2039 1282 2070 amstoritas
1292 2044 1476 2071 retineretur.
1500 2043 1574 2082 Qiae
1584 2041 1713 2081 perfekta
1729 2040 1807 2076 ess'e3
1827 2043 1859 2072 &
1870 2043 1958 2073 suum
1975 2046 2087 2084 cuique

1125 2083 1275 2112 honorem
1287 2102 1296 2116 ‚
1318 2083 1350 2112 &
1360 2083 1484 2123 gradum
1495 2083 1646 2113 redditum
1658 2104 1666 2117 ‚
1685 2083 1798 2126 gaudeo
1809 2104 1817 2117 ‚
1836 2084 1953 2123 judices
1962 2105 1970 2119 ‚
1991 2087 2086 2115 vehe-

1124 2134 1301 2164 menterque
1312 2125 1397 2154 laetor
1416 2135 1421 2154 2
1443 2135 1533 2165 eaque
1543 2127 1649 2154 omnia
1658 2125 1787 2155 deorum
1797 2126 1952 2156 voluntate
1958 2146 1971 2160 -,
1985 2126 2085 2157 studio

1121 2167 1370 2206 populiRomani
1382 2186 1391 2199 ,
1409 2165 1535 2196 consilio
1546 2186 1555 2200 ‚
1575 2167 1607 2196 δε
1619 2168 1766 2207 imperio,
1787 2166 1970 2198 &felicitate
1980 2170 2088 2199 L.Sul-

1124 2207 1250 2249 lae‚gesta
1261 2206 1318 2237 effe
1329 2208 1476 2248 intelligo.
1501 2208 1593 2249 Qod
1605 2209 1850 2239 animadversum
1860 2208 1945 2240 estin
1955 2212 2081 2251 eos,qui

1122 2250 1227 2280 contra
1237 2251 1327 2279 omni
1336 2253 1451 2280 ratione
1468 2259 1639 2291 pugnarunt
1651 2261 1656 2280 ι
1676 2261 1739 2281 non
1749 2250 1846 2281 debeo
1855 2252 2084 2291 reprehendere.

1121 2290 1204 2333 quod
1214 2293 1288 2322 viris
1297 2291 1427 2322 fortibus
1437 2312 1446 2326 ‚
1465 2302 1597 2332 quorum
1615 2303 1704 2333 opera
1713 2295 1826 2323 eximia
1836 2294 1870 2323 in
1879 2294 1966 2324 rebus
1976 2304 2085 2335 geren-

1122 2335 1169 2364 dis
1180 2333 1312 2368 exstitit,
1324 2335 1403 2363 honos
1413 2333 1526 2363 habitus
1536 2333 1590 2369 effi
1602 2334 1704 2365 laudo.
1714 2345 1780 2376 quae
1790 2344 1823 2364 ut
1834 2333 1938 2365 fierent
1948 2356 1957 2369 ‚
1968 2335 2084 2366 idcirc&

1120 2386 1286 2417 pugnatum
1298 2375 1354 2406 ess'e
1363 2377 1507 2410 arbitror,
1528 2386 1637 2417 meque
1654 2378 1688 2407 in
1697 2387 1733 2407 eo
1750 2376 1849 2407 studio
1857 2379 1985 2416 partium
1995 2376 2086 2408 fuiffe

1120 2417 1278 2448 confiteor.
1300 2421 1354 2449 Sin
1363 2427 1463 2448 autern
1480 2418 1511 2448 id
1529 2418 1631 2449 adium
1643 2418 1685 2449 est
1693 2439 1702 2453 ‚
1723 2419 1756 2449 &
1765 2418 1876 2449 idcirco
1886 2429 1968 2450 arma
1985 2420 2084 2452 sumta

1122 2461 1191 2491 sunt
1200 2481 1209 2494 ,
1221 2469 1254 2490 ut
1263 2461 1405 2490 homines
1415 2459 1559 2501 postremi
1573 2480 1581 2494 ‚
1601 2462 1738 2500 pecuniis
1748 2461 1854 2491 alienis
1863 2460 2083 2501 locupletaren-

1121 2512 1168 2533 tur
1177 2523 1185 2536 ‚
1207 2503 1282 2532 &in
1292 2502 1425 2533 fortunas
1438 2502 1828 2543 uniuscujusqueimpetum
1837 2501 1966 2533 facerent
1977 2524 1986 2537 ,
2005 2503 2038 2534 δε
2047 2503 2081 2535 id

1121 2555 1185 2575 non
1195 2544 1291 2575 modo
1301 2555 1331 2575 re
1341 2544 1499 2584 prohib-ere
1509 2554 1572 2574 non
1584 2545 1669 2574 licet:
1683 2544 1732 2574 sed
1743 2554 1782 2574 ne
1792 2544 1889 2574 verbis
1898 2545 2023 2586 quidem
2033 2548 2082 2576 vi-

1120 2595 1251 2627 tuperare
1263 2598 1268 2616 :
1281 2595 1345 2617 tum
1356 2585 1428 2616 vero
1439 2588 1472 2616 in
1482 2585 1539 2616 isto
1549 2586 1630 2616 bello
1640 2596 1702 2616 non
1712 2595 1857 2616 recreatus
1868 2606 1876 2621 ‚
1888 2597 1986 2629 neque
1996 2587 2082 2618 resti-

1119 2638 1198 2659 tutus
1209 2649 1217 2663 ,
1230 2629 1279 2660 sed
1289 2627 1424 2669 fubad'bus
1435 2627 1622 2670 opprefflisque
1629 2628 1759 2668 populus
1767 2630 1926 2659 Romanus
1944 2629 1995 2660 est.
2020 2633 2084 2660 Ve-

1118 2670 1188 2701 rum
1200 2672 1290 2713 longe
1300 2671 1385 2701 aliter
1394 2669 1448 2700 est.
1474 2671 1552 2700 nihil
1564 2671 1675 2700 horum
1687 2669 1746 2704 est,
1757 2670 1884 2709 judices.
1908 2681 1973 2701 non
1983 2671 2081 2702 modo

1119 2723 1184 2744 non
1197 2713 1320 2744 laedetur
1328 2713 1410 2743 causa
1421 2712 1588 2742 nobilitatis
1598 2731 1606 2746 ‚
1627 2710 1647 2742 fi
1658 2711 1720 2743 istis
1731 2713 1910 2743 hominibus
1929 2713 2079 2744 resistetis:

1117 2755 1226 2785 verum
1234 2758 1326 2786 etiam
1337 2754 1499 2785 ornabitur.
1514 2756 1637 2784 Etenim
1649 2756 1700 2795 qui
1709 2756 1772 2785 haec
1780 2757 1945 2796 vituperare
1955 2756 2076 2790 volunt,
2095 2761 2142 2804 48

1119 2798 1350 2840 Chrysogonum
1359 2805 1476 2828 tanturn
1485 2794 1567 2837 pofl'e
1576 2806 1756 2838 queruntur:
1767 2799 1821 2838 qui
1830 2797 1948 2828 laudare
1956 2798 2078 2832 volunt,

2006 2850 2083 2870 con-

1121 2920 1227 2949 cap.i4.
1238 2912 1337 2939 vetuste
1349 2919 1435 2939 tamen
1447 2910 1498 2937 cusi
1509 2911 1537 2936 δί
1548 2910 1605 2937 mss.
1617 2911 1822 2943 nostriperniciae,
1833 2920 1885 2937 non
1897 2911 1977 2937 etium
1988 2911 2069 2938 male.

1160 2958 1187 2983 5.
1205 2951 1337 2982 <Anthemii
1345 2949 1413 2983 illm]
1434 2948 1477 2973 Sic
1487 2956 1579 2973 omnes
1590 2947 1668 2977 libri;
1691 2946 1806 2983 denique
1819 2947 1926 2982 γεώδη
1940 2947 2083 2974 restituen-

1121 2985 1185 3011 dum
1198 3005 1206 3018 ,
1225 2995 1258 3012 ex
1270 2984 1327 3011 mis.
1347 2984 1472 3011 Palatinis
1485 3004 1493 3016 ,
1513 2983 1660 3021 Lampridii
1672 2983 1836 3019 Helagabalo
1854 2993 1910 3019 cap.
1925 2992 1967 3019 19.
1984 2987 2085 3009 Primae

1122 3022 1202 3048 deinde
1211 3022 1335 3054 authepsas
1344 3028 1467 3053 argenteas
1477 3021 1570 3045 habuit.

1157 3057 1186 3083 6.
1207 3060 1236 3082 Ut
1244 3066 1285 3091 qm
1292 3064 1456 3089 praemunt&
1468 3059 1572 3089 pretium
1581 3058 1716 3081 enumerari
1727 3075 1734 3085 ,
1745 3055 1811 3089 &mc-j
1832 3055 1889 3081 Pal.
1899 3064 1938 3090 pr.
1949 3062 1976 3080 ut
1985 3054 2084 3088 quidam

1116 3100 1283 3126 pratereumes
1292 3096 1332 3127 qui
1341 3093 1473 3126 idpretium
1482 3095 1625 3118 enumerari.
1647 3093 1673 3118 S.
1684 3091 1801 3118 Vit‘storis
1813 3110 1821 3123 ,
1832 3098 1859 3116 ut
1868 3095 2082 3125 quipraerereuntes

1120 3130 1318 3163 quidpraecoenum
1326 3138 1462 3157 numerare.
1489 3127 1562 3157 forte
1573 3148 1583 3162 ‚
1593 3135 1620 3153 ut
1629 3128 1721 3163 quidem
1728 3134 1893 3162 prater-cuntes
1905 3130 1945 3163 φη·
1953 3127 1979 3152 td
1987 3127 2083 3157 praeoni

1120 3165 1286 3193 aelnumcrari.

1590 3200 1615 3228 D
1625 3198 1643 3226 d
1661 3208 1678 3227 ι
1973 3205 1997 3225 ι.
2007 3197 2087 3229 Qam
