2360 3400
701 101 824 134 DE*
890 87 1170 133 oppio

319 171 392 209 Ergo
399 165 509 210 postque
518 186 527 201 ,
543 164 688 208 magisque
697 167 758 196 viri
765 176 839 196 nunc
843 165 936 206 gloria
946 163 1042 195 claret.

226 210 316 252 Qod
324 220 419 252 genus
436 207 576 249 peccandi
586 208 744 239 vitandum
755 207 797 239 est
806 210 895 238 etiam
905 209 938 237 in
946 206 1035 249 rebus
1043 205 1173 236 urbanis.

223 254 300 282 Sunt
307 254 390 281 enim
402 271 412 284 ,
433 250 506 291 qui,
528 249 609 291 quod
621 250 769 283 sentiunt,
782 247 833 279 etfi
845 249 997 288 optimum
1009 245 1042 278 fit
1052 266 1061 281 ,
1072 256 1173 277 tamen

166 302 208 334 25
223 292 347 330 invidia:
366 299 450 322 metu
479 301 542 321 non
568 291 677 321 audent
694 291 801 321 dicere.
832 291 972 320 Omnino
988 290 1040 329 qui
1059 287 1173 327 reipub.

221 334 375 374 praekuturi
387 333 453 363 sunt
463 352 471 366 ‚
483 332 543 362 duo
554 333 686 363 Platonis
695 340 838 372 praecepta
849 339 968 361 teneant
980 340 985 358 :
1008 332 1108 358 vnum
1119 347 1128 362 ,
1143 335 1178 357 ut

222 373 383 403 utilitatem
400 375 510 404 civium
525 374 564 415 fic
581 381 732 407 tueantur,
753 377 763 392 ¹
775 380 809 402 ut
827 380 994 413 quaecunque
1012 377 1121 410 agunt,
1140 368 1179 398 ad
1195 371 1197 383 ¹

221 425 284 444 eam
292 417 410 454 refirant
419 436 427 450 ,
438 414 521 444 obliti
530 413 852 453 commodorumfiaorum
861 424 872 441 .·
881 412 1004 441 alterum
1014 431 1024 445 ‚
1037 418 1072 440 ut
1083 418 1175 440 totum

221 465 318 498 :corpus
337 458 402 499 reip.
427 464 541 486 curent:
563 467 613 490 ne,
631 456 699 485 dum
703 463 815 498 partem
825 453 955 494 aliquam
965 459 1097 485 tuentur,
1112 451 1176 480 reli-

223 508 294 539 quas
304 498 436 539 deserant.
460 501 502 528 Ut
510 500 593 528 enim
608 498 698 528 tutela
711 517 720 531 ‚
728 495 765 527 sic
775 497 942 536 procuratio
951 496 1025 534 reip.
1048 492 1084 523 ad
1095 493 1176 522 utili-

222 548 313 570 tatem
324 550 430 570 eorum
443 559 452 574 ,
471 537 682 580 quicommiffi
695 538 763 568 sunt
775 558 784 571 ,
808 546 873 567 non
882 535 917 566 ad
927 545 1033 565 eorum
1045 554 1053 568 ‚
1066 533 1178 575 quibus

221 580 382 611 commista
394 580 436 611 est
447 601 456 615 ‚
478 580 606 621 gerenda
627 579 679 610 est.
703 581 764 620 Qi
783 587 883 609 autem
892 578 966 617 parti
975 578 1090 606 civium
1101 585 1178 605 con-

222 623 324 653 sulunt
332 642 340 656 ,
352 631 465 662 partem
475 622 652 662 negligunt,
663 630 727 651 rem
743 618 1018 660 perniciosissimam
1031 619 1062 647 in
1073 618 1179 647 civita-

222 673 284 694 tem
302 664 450 694 inducunt
468 683 477 697 ,
508 663 688 693 seditionem
701 681 710 696 ‚
736 671 823 702 atque
841 659 1036 690 discordiam:
1062 668 1100 688 ex
1117 667 1179 698 quo

222 707 324 735 evenit
336 725 345 739 ,
364 714 396 735 ut
410 705 461 735 alii
473 704 629 744 populares
641 724 650 737 ,
670 704 721 734 alii
731 700 852 733 studiosi
861 702 969 742 optimi
978 700 1119 740 cujusque
1133 701 1180 729 vi·-

222 746 366 780 deantur,
395 748 480 785 pauci
500 745 723 776 universorum.
746 745 854 774 ²Hinc
875 742 952 782 apud
971 740 1180 771 Athenienseis

222 797 339 828 magnae
362 787 535 817 discordiae:
557 789 588 816 in
609 785 708 816 nostra
724 795 785 825 rep.
809 794 873 814 non
893 782 993 814 solum
1005 782 1180 815 seditiones,

223 829 273 860 sed
287 828 422 868 pestifera
430 830 519 858 etiam
532 828 610 857 bella
618 827 720 857 civilia
731 837 736 855 :
747 836 812 867 quae
821 827 918 867 gravis
928 844 937 858 ,
950 824 982 854 &
991 823 1077 853 fortis
1087 825 1176 856 civis,

222 871 257 900 ὃς
266 872 298 899 in
307 869 409 909 repub.
433 869 542 909 dignus
549 869 715 907 principatu
722 867 834 908 fugiet,
847 875 933 907 atque
943 864 1040 895 oderit
1053 864 1178 895 :tradet-

220 921 280 951 que
291 911 319 940 se
328 919 425 940 totum
437 908 552 948 reipub.
574 918 672 948 neque
682 917 754 947 opes
767 929 776 942 ‚
785 917 834 938 aut
843 908 1010 947 potentiam
1023 904 1176 936 conseriba-

219 952 318 982 bitur:
340 960 492 990 totamque
512 960 579 980 eam
600 948 637 979 fic
657 949 804 983 tuebitur,
824 958 857 979 ut
875 947 1176 978 omnibusconsulat.

223 995 291 1024 Nec
301 990 373 1022 verb
383 991 565 1021 criminibus
586 989 664 1021 falfis
683 992 716 1021 in
733 990 841 1021 odium
851 999 900 1020 aut
909 988 1056 1020 invidiam
1066 998 1177 1029 quem-

221 1044 312 1075 quam
323 1033 460 1063 vocabit:
481 1034 671 1073 omninoque
691 1034 730 1062 ita
745 1031 884 1071 justitiae,
906 1029 1111 1070 honestatique
1124 1029 1176 1060 ad-

222 1075 363 1111 haerescet
383 1094 392 1108 ,
421 1078 497 1108 3ut‚
523 1074 597 1104 dum
617 1084 650 1104 ea
667 1074 840 1107 conservet,
868 1073 1035 1113 4quamvis
1051 1073 1177 1112 graviter

221 1115 355 1147 offendat
368 1136 377 1150 ‚
397 1125 589 1156 mortemque
606 1124 725 1155 oppetat
741 1113 845 1155 potius
857 1133 866 1148 ‚
887 1124 978 1155 quam
992 1112 1101 1143 deserat
1113 1113 1174 1147 illa,

220 1168 286 1200 quae
307 1158 383 1188 dixi.
409 1158 576 1188 Miserrima
594 1156 637 1187 est
657 1157 788 1186 omnino
799 1156 942 1189 ambitio,
964 1157 1176 1195 honorumque

222 1200 399 1230 contentio:
420 1198 457 1229 de
481 1209 538 1239 qua
555 1197 691 1239 praeclare
709 1197 786 1238 apud
806 1195 936 1227 eundem
955 1195 998 1226 est
1009 1197 1172 1226 Platonem:

219 1241 363 1271 Similiter
373 1241 467 1279 facere
484 1250 544 1274 eos,
564 1240 618 1280 qui
637 1240 710 1268 inter
726 1239 756 1279 fe
778 1238 980 1272 contenderent,
1004 1245 1066 1267 uter
1083 1236 1177 1278 potitis

219 1290 305 1324 remp.
328 1280 534 1317 administraret
544 1302 553 1315 ‚
563 1280 629 1322 utfi
637 1289 727 1310 nauta
736 1288 871 1310 certarent
879 1299 888 1314 ‚
899 1281 959 1321 quis
969 1278 1176 1319 eorumpotzff'-

221 1323 302 1353 mam
307 1322 484 1363 gubernaret.
508 1323 652 1364 Idemque
671 1325 809 1362 praecepit
819 1341 827 1355 ,
839 1329 873 1350 ut
880 1332 921 1350 eos
933 1321 1105 1360 adversarios
1114 1321 1178 1349 exi-

213 1365 376 1402 stimemus,
400 1368 413 1392 5
423 1365 475 1406 qui
491 1374 574 1393 arma
593 1364 806 1403 contrlaftrant:
826 1373 944 1397 noneos,
955 1363 1006 1403 qui
1012 1363 1063 1402 sim
1067 1361 1176 1401 judicio

221 1407 296 1437 tueri
314 1405 439 1448 rempub.
471 1406 581 1435 velint:
598 1406 700 1446 quali*
710 1404 769 1435 fuit
786 1406 863 1434 inter
882 1407 912 1434 P.
923 1406 1098 1434 Atricanum
1111 1423 1120 1436 ‚

221 1492 274 1530 qui
280 1489 412 1529 graviter
425 1486 440 1508 ⁶
452 1487 624 1527 irascendum
634 1487 751 1515 inimicia
768 1486 931 1526 putabunt,
953 1486 1041 1526 idque
1055 1496 1174 1526 magna-

220 1532 313 1563 nimi,
325 1529 357 1559 &
367 1529 454 1559 fortis
464 1531 522 1559 viri
531 1527 589 1559 esse
599 1527 774 1558 censebunt.
787 1527 876 1557 Nihil
888 1537 971 1556 enim
981 1527 1173 1561 laudabilius,

219 1571 300 1601 nihil
319 1579 429 1611 magno
441 1589 450 1603 ‚
470 1570 502 1600 δε
513 1570 650 1609 praeclaro
659 1570 725 1600 viro
735 1564 856 1610 dig'nius
865 1568 1059 1608 placabilitate
1069 1587 1078 1601 ,
1088 1577 1174 1609 atque

217 1612 389 1643 clementia.
413 1613 449 1641 In
457 1611 559 1642 liberis
569 1611 643 1642 vero
654 1611 774 1651 populis
783 1630 792 1644 ,
808 1610 841 1640 &
852 1610 965 1649 injuris
976 1609 1174 1650 aequabilitate

219 1653 385 1685 exercenda
396 1673 406 1686 ,
427 1655 516 1683 etiam
526 1652 569 1684 est
577 1653 704 1683 facilitas
714 1673 723 1687 ‚
745 1653 777 1683 δε
786 1651 914 1682 altitudo
924 1653 1039 1684 animi,
1049 1661 1115 1691 quae
1126 1652 1174 1682 di-

217 1697 298 1729 citur
310 1705 316 1723 :
345 1705 384 1725 ne
394 1713 403 1728 ,
433 1693 454 1724 fi
474 1695 632 1725 irascamur
652 1703 703 1724 aut
719 1692 932 1733 intempestive
952 1692 1170 1728 accedentibus,

217 1742 233 1766 7
243 1746 292 1767 aut
303 1736 490 1776 impudenter
500 1735 672 1775 rogantibus
682 1755 692 1769 ,
712 1737 746 1765 in
755 1733 956 1764 morositatem
966 1734 1107 1763 inutilem
1119 1754 1127 1767 ,
1140 1735 1173 1765 ὃς

219 1778 356 1809 odiosam
375 1777 554 1807 incidamus.
578 1780 615 1807 Et
634 1785 735 1806 tamen
753 1777 794 1805 ita
812 1775 962 1815 probanda
982 1774 1024 1804 est
1034 1776 1173 1805 mansue-

218 1819 293 1850 tudo
303 1840 311 1854 ,
322 1829 408 1860 atque
419 1819 580 1849 clementia
591 1837 599 1851 ,
611 1826 643 1848 ut
653 1817 826 1848 adhibeatur
835 1836 844 1850 ,
854 1819 927 1856 reip.
949 1816 1034 1846 causa
1043 1836 1052 1849 ‚
1064 1817 1174 1846 severi-

218 1870 261 1892 tas
272 1881 280 1895 ‚
292 1860 352 1891 sine
363 1871 420 1901 qua
429 1858 627 1890 administrari
635 1860 738 1889 civitas
749 1868 812 1888 non
822 1858 925 1898 potest.
949 1860 1062 1888 oiims
1071 1866 1170 1887 autem

219 1903 254 1933 ὃ(
263 1900 480 1933 animadversio
491 1921 499 1935 ‚
520 1901 553 1932 &
577 1900 726 1941 castigatio
736 1920 745 1934 ‚
765 1899 951 1930 contumelia
961 1908 1063 1929 vacare
1075 1899 1172 1929 debet:

218 1954 317 1985 neque
327 1943 362 1973 ad
372 1944 436 1983 ejus
445 1963 453 1976 ‚
466 1945 518 1983 qui
538 1944 624 1983 punit
634 1943 763 1983 aliquem
778 1961 787 1974 ,
806 1950 855 1971 ant
866 1940 963 1971 verbis
975 1939 1092 1981 castigat
1101 1961 1109 1975 ‚
1123 1940 1171 1970 sed

215 1985 252 2016 ad
262 1985 375 2025 reipub.
398 1985 561 2015 utilitatem
571 1983 679 2014 referri.
699 1983 873 2014 Cavendum
885 1981 926 2012 est
936 1984 1026 2012 etiam
1039 2000 1047 2015 ‚
1059 1992 1096 2012 ne
1108 1991 1171 2012 ma-

213 2027 263 2068 jor
275 2035 361 2067 poena
371 2047 381 2060 ,
401 2026 492 2067 quam
505 2027 590 2065 culpa
602 2023 634 2055 fit
646 2036 652 2054 2
673 2025 706 2055 &
726 2035 763 2054 ne
783 2024 890 2054 iisdem
903 2023 939 2054 de
947 2022 1037 2054 causis
1047 2024 1097 2053 alii
1108 2024 1173 2063 ple-

216 2067 335 2099 &antur
344 2087 352 2101 ‚
372 2068 423 2098 alii
443 2077 479 2098 ne
502 2067 688 2107 appellentur
705 2065 838 2107 quidem.
861 2065 1051 2096 Prohibenda
1069 2074 1167 2095 autem
1190 2080 1191 2094 l

215 2111 352 2140 maxime
370 2108 412 2139 est
435 2111 477 2139 ira
489 2110 519 2138 in
531 2108 696 2148 puniendo.
719 2116 886 2148 numquam
896 2108 978 2137 enim
989 2127 998 2140 ‚
1019 2109 1108 2137 iratus
1117 2109 1169 2147 qui

213 2151 333 2182 accedet
345 2150 380 2181 ad
393 2160 512 2190 poenam
529 2169 537 2183 ,
558 2149 796 2179 mediocritatem
807 2149 889 2178 illam
901 2149 1031 2181 tenebit,
1052 2158 1117 2188 quae
1127 2148 1169 2178 cst

216 2194 294 2223 inter
306 2194 439 2222 nimium
452 2192 484 2222 &
496 2201 599 2231 parum
613 2203 621 2225 3
635 2201 701 2231 quae
710 2191 803 2230 placet
816 2191 1030 2229 Peripateticis:
1046 2190 1078 2219 δε
1089 2189 1170 2220 redi&

213 2234 310 2275 placet
321 2254 329 2267 ,
340 2233 434 2263 mode>
445 2243 482 2263 ne
492 2233 641 2262 laudarent
649 2231 832 2262 iracundiam
845 2250 853 2264 ‚
874 2232 905 2261 &
917 2231 1049 2261 dicerent
1059 2232 1170 2261 utiliter

214 2278 230 2306 a
242 2284 345 2305 natura
354 2274 462 2305 datam.
485 2275 541 2304 Illa
550 2273 621 2304 vero
631 2274 776 2304 omnibus
785 2275 820 2303 in
828 2272 914 2302 rebus
925 2273 1105 2312 repudianda
1117 2272 1168 2302 est:

215 2325 476 2356 oprANDUMQE
495 2326 538 2345 υτ
561 2325 614 2348 11,
631 2317 682 2356 qui
697 2315 824 2354 praesunt
841 2316 919 2354 reip.
939 2315 1039 2355 legum
1057 2313 1169 2344 similes

217 2357 274 2388 sint
286 2378 294 2391 ,
314 2367 380 2399 quae
398 2358 433 2389 ad
451 2357 640 2398 puniendum
655 2367 719 2387 non
729 2355 897 2390 iracundia,
908 2355 957 2386 sed
967 2358 1101 2397 aequitate
1112 2355 1170 2386 du-

1207 99 1338 131 ris
1426 88 1595 134 Ltn.
1677 88 1709 133 1.
2054 106 2172 138 1221

1253 168 1349 206 Atque
1369 166 1459 196 etiam
1481 167 1515 197 in
1534 166 1622 197 rebus
1639 166 1802 207 prosperis,
1827 167 1904 198 &ad
1917 168 2103 200 voluntatem
2115 178 2173 199 no—
2194 169 2238 202 26

1213 205 1302 237 stram
1314 205 1479 237 fluentibus
1492 227 1502 242 ,
1522 207 1686 248 superbiam
1703 227 1712 242 ,
1730 207 1884 239 fastidium
1895 210 1980 243 {arro
2019 212 2174 251 ntiamque

1215 257 1394 287 magnopere
1409 247 1570 289 fugiamus.
1593 259 1664 280 nam
1684 259 1716 280 ut
1735 250 1868 281 adversas
1886 261 1931 282 res
1945 271 1953 285 ,
1997 262 2012 282 c
2031 252 2176 283 secundas

1215 289 1416 320 immoderate
1428 288 1514 323 ferre,
1526 290 1654 320 levitatis
1666 290 1718 321 est:
1729 292 1922 333 praeclaraq-ue
1935 292 1977 323 est
1986 294 2173 334 aequabilitas

1214 331 1247 358 in
1258 332 1344 359 omni
1356 331 1430 364 vita,
1445 331 1477 361 &
1487 331 1568 362 idem
1584 333 1699 372 semper
1709 333 1810 363 vultus
1825 352 1833 366 ,
1847 334 2011 376 eademque
2021 341 2106 365 ποῇς
2119 355 2127 368 ,
2140 343 2175 365 ut

1216 370 1252 400 de
1262 374 1377 401 Socrate
1394 392 1403 405 ‚
1423 374 1495 401 item
1516 372 1552 402 de
1564 376 1596 403 C.
1607 374 1704 403 Laelio
1720 377 1899 414 accepimus.
1921 377 2094 417 Philippum
2105 379 2174 418 qui-

1217 411 1286 441 dem
1299 413 1498 443 Macedonum
1510 423 1610 454 regem
1621 434 1630 448 ‚
1645 415 1731 445 rebus
1744 415 1842 456 gestis,
1857 417 1890 446 &
1900 417 1994 457 gloria
2002 418 2172 458 superatum

1217 451 1329 482 asilio:
1347 452 1486 484 facilitate
1506 455 1538 485 &
1557 458 1741 486 humanitate
1762 457 1851 488 video
1871 459 2054 498 superiorem
2071 458 2171 490 fuiss'e.

1217 496 1318 534 Itaque
1326 495 1400 524 alter
1409 495 1524 535 semper
1536 507 1659 538 magnus
1671 517 1679 531 ‚
1690 499 1762 528 alter
1773 498 1846 538 saepe
1857 498 2039 539 turpissimus
2047 500 2124 531 fuit:
2138 510 2172 531 ut

1217 534 1296 565 reEte
1308 538 1463 575 praecipere
1473 537 1629 568 videantur
1638 558 1647 572 ‚
1661 541 1713 579 qui
1724 549 1862 573 monent,
1877 550 1908 570 ut
1918 551 2029 582 quanto
2040 542 2173 582 superio·-

1218 585 1263 606 res
1275 577 1375 606 sumus
1386 597 1394 610 ‚
1416 586 1499 608 tanto
1519 589 1575 608 nos
1584 590 1721 620 geramus
1732 581 1930 612 summiffius.
1951 586 2095 613 Panaetius
2105 586 2173 624 qui-

1219 617 1288 647 dem
1301 617 1476 649 Africanum
1496 620 1663 650 auditorem
1676 641 1684 655 ,
1707 621 1738 652 &
1759 621 1938 654 familiarem
1949 624 2171 655 suumsolitum.

1218 660 1258 688 ait
1267 658 1364 689 dicere
1378 679 1386 692 ,
1408 669 1440 689 ut
1450 670 1542 701 equos
1552 658 1566 682 8
1579 672 1696 702 propter
1708 663 1822 694 crebras
1831 667 2042 696 contentiones
2053 666 2173 705 praelio-

1218 709 1285 729 rum
1298 699 1451 730 ferocitate
1470 703 1680 737 exsultanteis‚
1701 704 1905 736 domitoribus
1925 707 2035 737 tradere
2046 708 2170 740 soleant,

1218 742 1306 771 uthis
1323 740 1510 773 facilioribus
1528 743 1636 783 possint
1657 746 1713 774 uti:
1738 744 1775 775 fic
1788 748 1928 778 homines
1938 749 2073 779 secundis
2083 749 2174 779 rebus

1217 780 1375 813 effrenatos
1387 803 1395 816 ‚
1407 786 1421 809 9
1433 782 1544 824 sibique
1554 784 1762 825 praefidenteis,
1774 796 1924 828 tamquam
1935 792 2076 833 ingyrum
2085 792 2174 820 ratio-

1217 825 1274 857 nis,
1288 824 1320 854 &
1329 823 1474 855 destrinxit
1484 827 1552 856 duci
1562 836 1709 866 oportere,
1722 830 1752 846 ¹0
1762 838 1793 859 ut
1803 830 1997 869 perspicerent
2007 842 2106 862 rerum
2117 832 2174 861 hu-

1216 875 1375 896 manarum
1387 867 1625 898 imbecillitatem
1637 887 1646 901 ,
1670 871 1899 911 varietatemque
1910 871 2050 903 fortunae.
2073 875 2173 913 Atque

1218 916 1334 936 ετιΑΜ
1355 917 1393 936 IN
1415 917 1678 940 SECUND1SSIM18
1700 911 1788 940 rebus
1807 913 1943 943 maxime
1962 914 2004 945 est
2023 914 2170 945 utendum

1217 947 1344 978 consilio
1353 949 1523 979 amicorum
1533 969 1542 983 ,
1561 951 1667 992 hisque
1677 952 1774 992 major
1784 955 1872 983 etiam
1890 973 1899 988 ‚
1917 958 2007 995 quam
2017 955 2086 986 ante
2095 975 2103 989 ,
2119 956 2174 985 tri-

1216 988 1334 1020 buenda
1346 989 1523 1035 ·auistoritas.
1546 992 1711 1033 iisdemque
1732 995 1920 1034 temporibus
1939 997 2107 1027 cavendum
2117 995 2172 1030 est,

1220 1034 1245 1050 ¹¹
1260 1041 1298 1061 ne
1306 1030 1530 1062 aflentatoribus
1544 1033 1753 1073 patefaciamus
1772 1038 1866 1066 aureis
1880 1057 1894 1069 ,
1911 1047 1966 1068 nec
1986 1038 2097 1068 adulari
2117 1047 2175 1068 nos

1217 1070 1363 1103 finamus:
1383 1074 1417 1103 iu
1442 1083 1503 1114 quo
1522 1073 1585 1104 falli
1607 1075 1692 1105 facile
1710 1075 1762 1106 est.
1785 1080 1918 1108 TALFAS
1937 1081 2020 1109 enim
2042 1089 2100 1109 nos
2110 1077 2171 1110 effe

1215 1123 1354 1154 putamus
1368 1134 1377 1148 ,
1400 1124 1431 1144 ut
1445 1117 1512 1155 jure
1522 1115 1686 1146 laudemur.
1711 1127 1746 1147 ex
1758 1128 1818 1157 quo
1830 1120 1987 1150 nascuntur
1998 1124 2175 1151 innumera-

1217 1155 1288 1185 bilia
1301 1165 1437 1195 peccata,
1455 1156 1526 1187 cum
1548 1159 1689 1188 homines
1710 1158 1805 1189 inflati
1815 1161 2029 1200 opinionibus,
2049 1163 2173 1201 turpiter

1215 1197 1396 1231 irridentur,
1415 1198 1496 1228 &in
1521 1201 1665 1229 maximis
1682 1201 1833 1230 versantur
1855 1203 2017 1233 erroribus.
2039 1204 2095 1233 Sed
2110 1204 2173 1233 haec

1214 1238 1341 1278 quidem
1352 1238 1507 1269 hastenus.
1531 1241 1612 1271 illud
1633 1250 1732 1271 autem
1743 1240 1781 1272 fic
1791 1242 2042 1283 estjudicandum
2055 1264 2063 1278 ‚
2075 1245 2173 1273 maxi-

1215 1290 1275 1308 mas
1282 1280 1343 1320 geri
1349 1291 1400 1314 res,
1411 1281 1444 1311 δε
1455 1283 1583 1311 maximi
1593 1283 1690 1312 animi
1699 1283 1735 1313 ab
1746 1285 1794 1317 iis,
1807 1287 1858 1325 qui
1869 1286 1942 1325 resp.
1966 1295 2076 1326 regant,
2087 1284 2171 1326 quod

1216 1331 1316 1351 earum
1328 1321 1548 1353 administratio
1559 1323 1696 1354 latiffime
1710 1334 1823 1364 pateat,
1842 1326 1877 1356 ad
1888 1328 2094 1368 plurimosque
2104 1337 2173 1366 per-

1217 1364 1318 1393 tineat·
1341 1361 1406 1394 Effe
1417 1373 1515 1395 autem
1528 1367 1629 1406 magni
1639 1367 1734 1396 animi
1747 1386 1755 1399 ,
1769 1367 1801 1397 &
1811 1366 1898 1398 fuiffe
1909 1369 2023 1399 multos
2033 1371 2124 1399 etiam
2136 1370 2171 1399 in

223 1450 274 1490 Q
295 1448 454 1478 Metellum
465 1446 525 1476 fine
534 1447 688 1476 acerbitate
700 1444 838 1476 diffenfio
859 1448 926 1476 Nec
935 1443 1007 1475 verb
1018 1403 1175 1475 audiend‘ic
1193 1432 1196 1463 9
1216 1405 1275 1435 vita
1285 1405 1398 1439 otiosa,
1417 1407 1468 1446 qni
1489 1415 1539 1436 aut
1558 1406 1786 1447 investigarent,
1807 1418 1856 1439 aut
1878 1419 2055 1441 conarentur
2064 1419 2171 1451 magna

277 1470 283 1475 .
842 1467 847 1473 ·
1162 1464 1171 1478 2

1216 1446 1351 1486 quaedam
1364 1465 1372 1479 ‚
1394 1447 1510 1487 seseque
1528 1447 1645 1478 suarum
1659 1458 1759 1479 rerum
1770 1449 1883 1481 finibus
1892 1454 2081 1482 continerent
2093 1462 2099 1480 :
2120 1460 2172 1482 aut

1216 1486 1366 1526 interjecti
1384 1490 1461 1518 inter
1480 1489 1696 1530 philosophos,
1721 1491 1754 1521 &
1764 1502 1815 1522 eos
1825 1511 1835 1525 ,
1858 1494 1909 1532 qui
1920 1502 2014 1532 remp.
2037 1493 2172 1522 admini-

1217 1528 1358 1562 strarent,
1380 1529 1596 1561 delectaremur
1614 1541 1643 1561 re
1653 1531 1848 1562 suasamiliari
1861 1552 1873 1567 ,
1892 1543 1956 1563 non
1966 1543 2030 1563 eam
2045 1533 2172 1573 quidem

1216 1571 1303 1599 omni
1314 1574 1426 1601 ratione
1437 1581 1644 1611 exaggerantes
1655 1592 1662 1605 ,
1688 1582 1785 1613 neque
1795 1574 1990 1604 excludentes
1998 1573 2034 1603 ab
2044 1575 2108 1612 ejus
2119 1574 2173 1604 usu

1217 1611 1302 1640 suos:
1316 1612 1474 1656 potiusque
1485 1613 1518 1641 δε
1529 1614 1635 1642 amicis
1648 1615 1853 1653 impartientes
1864 1634 1872 1648 ‚
1885 1614 1917 1645 δε
1926 1617 1998 1655 reip.
2021 1612 2041 1644 si
2051 1615 2172 1655 quando

1216 1652 1285 1683 usus
1295 1651 1375 1683 eflet.
1397 1663 1464 1694 quae
1473 1653 1607 1693 primum
1621 1654 1697 1684 bene
1707 1664 1802 1695 parata
1812 1653 1845 1686 fit
1854 1675 1863 1689 ,
1886 1657 1973 1686 nullo
1983 1665 2081 1696 neque
2093 1657 2173 1696 turpi

1215 1693 1326 1735 quaestu
1341 1714 1352 1728 ‚
1361 1704 1455 1735 neque
1466 1695 1592 1726 odioso:
1606 1705 1670 1725 tum
1679 1698 1770 1736 quam
1780 1697 1921 1737 plurimis
1933 1717 1942 1732 ‚
1955 1697 2050 1727 mode>
2061 1697 2172 1738 dignis,

1215 1736 1243 1766 se
1260 1736 1366 1765 utilem
1384 1736 1530 1776 praebeat:
1560 1736 1670 1767 deinde
1687 1747 1825 1778 augeatur
1848 1741 1982 1773 ratione,
2003 1738 2171 1779 diligentia,

1213 1774 1391 1816 parsimonia
1402 1788 1407 1806 :
1419 1787 1473 1807 nec
1482 1777 1604 1807 libidini
1613 1777 1710 1819 potitis
1720 1780 1904 1820 luxuriaeque
1916 1800 1924 1814 ,
1937 1780 2027 1821 quam
2039 1780 2174 1810 liberali-

1215 1819 1267 1847 tati
1290 1821 1318 1836 ¹2
1330 1818 1362 1847 ὃς
1378 1817 1594 1848 beneficientiae
1615 1828 1718 1858 pateat.
1742 1822 1814 1850 Haec
1828 1822 1993 1861 praescripta
2004 1821 2171 1852 servantem

1214 1860 1283 1888 licet
1293 1857 1451 1899 magnifice
1462 1879 1470 1892 ‚
1482 1861 1610 1899 graviter
1619 1879 1628 1893 ,
1640 1862 1834 1902 animoseque
1849 1862 1966 1896 vivere,¹
1980 1871 2066 1903 atque
2075 1864 2166 1893 etiam

1213 1899 1386 1940 simpliciter
1397 1920 1406 1933 ‚
1419 1898 1546 1930 fideliter
1557 1920 1565 1933 ,
1577 1903 1705 1942 vitaeque
1715 1903 1880 1933 hominum
1889 1905 1995 1935 amice.
2019 1906 2171 1946 Sequitur,

1212 1951 1245 1972 ut
1259 1944 1295 1972 de
1307 1951 1365 1971 una
1376 1942 1488 1981 reliqua
1499 1951 1577 1981 parte
1594 1942 1755 1973 honestatis
1765 1944 1927 1976 dicendum
1941 1944 1991 1976 sit:
2012 1946 2110 1987 inqua
2120 1956 2171 1977 ve-

1211 1983 1354 2013 recundia
1364 2003 1372 2016 ,
1391 1983 1424 2013 &
1434 1982 1512 2023 quasi
1530 1984 1653 2023 quidam
1666 1994 1786 2016 ornatus
1796 1988 1864 2018 vitae
1875 2007 1883 2022 ‚
1902 1989 2095 2028 temperantia
2105 2007 2115 2021 ‚
2137 1988 2171 2018 δε

1212 2024 1359 2055 modestia
1368 2044 1377 2058 ‚
1408 2025 1567 2065 omnisque
1583 2025 1693 2056 sedatio
1711 2026 1969 2066 perturbationum
1993 2030 2089 2059 animi
2102 2048 2111 2063 ‚
2136 2029 2171 2059 δε

1212 2077 1313 2097 rerum
1325 2065 1434 2096 modus
1442 2070 1584 2096 cernitur.
1608 2070 1677 2097 Hoc
1687 2069 1756 2098 loco
1767 2073 1940 2101 continetur
1952 2070 1982 2100 id
1994 2090 2002 2104 ‚
2014 2070 2094 2111 quod
2108 2070 2169 2100 dici

1212 2108 1319 2138 Latine
1331 2107 1474 2138 decorum
1487 2107 1599 2147 potest:
1615 2110 1717 2139 Graece
1726 2112 1810 2140 enim
1824 2124 1853 2148 τε
1864 2118 1914 2138 ’πον
1925 2111 2044 2142 dicitur.
2070 2113 2170 2148 Hujus

1210 2152 1255 2179 vis
1275 2159 1308 2179 ea
1325 2148 1367 2179 est
1381 2169 1389 2182 ‚
1411 2158 1444 2179 ut
1462 2150 1498 2179 ab
1518 2149 1645 2180 honesto
1664 2161 1727 2180 non
1746 2161 1833 2192 queat
1851 2153 1983 2192 separari.
2017 2156 2098 2184 Nam
2121 2163 2168 2183 ετ

1212 2200 1324 2229 Qon
1346 2200 1497 2225 DECET,
1518 2191 1678 2223 honestum
1701 2192 1759 2222 est:
1782 2194 1815 2223 δε
1834 2195 1915 2234 quod
1934 2194 2093 2225 honestum
2114 2194 2168 2228 est,

1210 2233 1302 2262 decet.
1326 2233 1429 2270 Qualis
1445 2241 1544 2262 autem
1559 2232 1730 2264 differentia
1744 2233 1776 2264 sit
1788 2235 1916 2270 honesti,
1929 2236 1961 2266 &c
1975 2235 2075 2266 decori
2092 2255 2100 2269 ,
2121 2235 2168 2266 fa-
2182 2234 2184 2236 ’

1208 2274 1434 2316 ciiiilsintelligi
1448 2294 1455 2307 ,
1477 2276 1566 2314 quam
1576 2275 1727 2318 explanari
1749 2276 1854 2315 potest.
1877 2277 2022 2318 quidquid
2033 2276 2074 2307 est
2082 2280 2169 2307 enim

1211 2315 1292 2356 quod
1307 2316 1424 2349 deceat:
1446 2315 1475 2345 id
1486 2325 1550 2345 turn
1562 2319 1679 2356 apparet
1688 2336 1695 2350 ‚
1716 2316 1789 2347 cum
1798 2317 1954 2359 antegrefla
1964 2318 2006 2349 est
2017 2317 2167 2349 honestas.

215 2409 334 2430 cuntur.

255 2538 280 2556 1.
299 2533 327 2554 L't
338 2539 474 2563 quaemnque
487 2529 584 2562 agunt]
607 2529 650 2554 Sic
660 2528 716 2554 mss'.
727 2528 828 2559 omnia,
840 2537 890 2554 non
901 2528 1026 2562 quidquid.

250 2574 278 2590 2.
300 2565 500 2596 HincapmlArh.
518 2574 604 2597 magna
613 2564 752 2598 discordia]
773 2562 940 2589 Addidcrant
950 2563 995 2589 alii
1006 2569 1058 2588 ortae
1070 2581 1078 2594 ,
1097 2562 1170 2598 quod

214 2610 265 2627 noi]
278 2601 314 2627 est
334 2602 359 2626 in
372 2600 530 2626 membranis
550 2599 664 2626 Palatin.
683 2607 729 2627 aut
745 2600 826 2625 M.F.
838 2600 873 2625 D.
892 2600 948 2625 imo
966 2608 998 2625 ne
1017 2598 1123 2634 quidem
1142 2599 1169 2625 in

217 2636 336 2663 editione
350 2636 472 2662 Romana
482 2635 576 2671 prima.

251 2681 265 2707 3
274 2693 279 2697 ,
298 2675 327 2697 Ut
336 2672 390 2697 dum
400 2681 428 2697 ca
439 2673 509 2704 cons&
517 2672 580 2705 ven]
603 2671 645 2698 Est
656 2669 687 2696 ab
706 2669 797 2696 iisdem
809 2669 894 2696 libris.
917 2669 1017 2705 vulgati
1028 2669 1098 2695 enim
1109 2678 1169 2695 eam.

250 2717 278 2742 4.
297 2709 414 2740 Qum-vis
426 2710 538 2740 grau-iter
554 2706 656 2738 offendat
668 2726 676 2738 ,
696 2714 832 2740 monemsque
841 2706 957 2739 oppetat]
979 2705 1048 2731 l’all.
1062 2715 1112 2731 non
1125 2705 1169 2731 lia-

215 2744 279 2770 bent
289 2743 437 2769 encliticam
448 2752 502 2776 que,
514 2751 567 2778 quo
577 2741 631 2777 iplb
641 2742 707 2768 alius
719 2741 803 2768 sensus
815 2742 984 2768 induceretur
996 2741 1140 2767 sententiae.

297 2780 346 2812 Q!
355 2788 424 2804 arma
434 2786 514 2804 contra
528 2778 639 2812 [trema]
662 2777 745 2804 Liber
757 2779 797 2804 M.
808 2779 938 2812 conserant.
957 2787 1009 2804 non
1022 2777 1090 2803 mali:
1103 2788 1109 2803 z
1129 2776 1171 2803 sed

213 2815 264 2843 illo
275 2815 354 2841 modo
364 2814 426 2840 alibi
438 2814 567 2849 loquitur.
588 2813 762 2840 Gulielmius.

249 2850 279 2877 6.
298 2850 456 2883 irascendum
472 2851 573 2875 inimicia·
597 2851 717 2882 putabarit
728 2868 736 2881 ,
754 2849 805 2880 &aa
835 2850 876 2882 effi:
893 2849 1048 2882 censis-unm]
1079 2849 1171 2874 Revo-

213 2886 271 2912 cavi
291 2885 433 2913 lectionem
454 2885 615 2912 Viifi‘torianae
633 2885 758 2911 editionis
771 2904 779 2916 ‚
801 2894 858 2920 qua:
877 2885 904 2910 δε
924 2886 949 2910 in
969 2885 1091 2911 Romana
1110 2883 1172 2909 anni

217 2930 290 2947 cccc
303 2921 463 2948 LXX1.item
476 2921 561 2947 Pal-at.
572 2921 651 2956 prim.
662 2922 687 2946 ὃ(
702 2922 740 2946 Μ.
753 2922 782 2946 F.
796 2921 828 2946 D.
844 2921 875 2946 E.
886 2921 1021 2954 sequentes
1034 2920 1172 2950 invexere,

211 2963 301 2990 puram
313 2976 322 2988 ,
341 2957 476 2990 &censam
497 2958 610 2984 palatin.
623 2956 729 2982 secund.
749 2955 857 2992 praefcrt
869 2975 877 2988 ,
891 2958 1013 2989 putabant
1027 2975 1035 2986 ‚
1052 2956 1103 2986 &·c.
1121 2958 1173 2980 viri

214 2992 355 3025 ccnftbirur.
923 2994 926 2995 ⁷

251 3035 279 3060 7.
299 3027 446 3060 lmpudcmer
455 3028 616 3062 rogantibus]
639 3027 717 3054 Hand
729 3029 806 3054 aliter
825 3027 939 3054 Victorii
952 3046 960 3059 ,
979 3026 1044 3053 ΛΜΞ
1056 3026 1171 3061 nepotis,

216 3062 393 3096 Lambiniqne
412 3062 517 3096 editio,
540 3064 672 3100 restatque
689 3065 717 3092 in
728 3064 842 3093 Palatini.
861 3064 888 3090 δε
907 3064 990 3091 M.F.
1009 3062 1170 3099 prapol'uexe

214 3098 259 3126 alii
269 3099 437 3132 imprudenter.
542 3098 551 3107 ⁰

1209 2360 1312 2428 Itqpue
1327 2367 1391 2386 non
1402 2357 1500 2387 solum
1514 2359 1545 2386 in
1555 2358 1607 2388 hac
1619 2367 1698 2397 parte
1710 2359 1871 2390 honestatis
1883 2379 1891 2393 ‚
1911 2360 1946 2390 de
1962 2370 2018 2401 qua
2029 2362 2086 2390 hoc
2096 2361 2168 2390 loco

1209 2398 1240 2429 di
1268 2398 1413 2429 erendum
1425 2398 1478 2433 est,
1490 2398 1537 2429 sed
1549 2402 1637 2430 etiam
1651 2402 1682 2429 in
1694 2400 1786 2430 tribus
1799 2401 1999 2441 superioribus
2009 2421 2017 2435 ‚
2028 2401 2100 2442 quid
2112 2401 2170 2432 de·

2088 2452 2161 2476 ceat›

1852 2529 1951 2554 Vereor
1962 2538 1993 2554 nc
2004 2529 2050 2555 sub
2060 2529 2098 2555 his
2110 2538 2169 2555 rer-

1214 2563 1253 2589 bis
1265 2562 1338 2589 ulcus
1359 2563 1441 2590 lateat
1459 2563 1600 2589 occultius.
1621 2572 1679 2590 nain
1701 2564 1813 2590 Pilatin.
1833 2563 1936 2590 secund.
1959 2573 2019 2590 cour.
2033 2567 2169 2600 pli-rumque

1211 2601 1352 2632 praliorum.

1250 2643 1279 2669 9.
1298 2634 1568 2669 sibiqueprsfidentes]
1593 2635 1633 2660 Ita
1645 2634 1701 2660 mss.
1714 2634 1793 2662 nostri
1806 2654 1814 2666 ,
1835 2643 1931 2671 practer
1942 2636 1976 2662 D.
1992 2636 2017 2663 in
2040 2646 2093 2672 quo
2107 2645 2168 2670 fr:-

1209 2672 1322 2706 fidcntes.
1852 2673 1857 2678 “

1255 2715 1296 2732 io.
1316 2709 1346 2731 Ut
1360 2708 1515 2740 perspitizrem
1534 2715 1611 2731 rerum
1629 2706 1823 2741 humanm-mm]
1846 2706 2015 2734 Erfurdieul'e
2033 2707 2168 2744 exempli:

1212 2744 1379 2775 prospicerent.
1974 2770 1977 2772 ,

1255 2786 1263 2803 1
1275 2787 1281 2803 1
1291 2798 1296 2802 .
1317 2780 1352 2802 Ne
1361 2777 1724 2811 affimaanbmparcsariamm
1733 2787 1816 2809 aures,
1826 2787 1867 2804 nec
1876 2779 1973 2804 adulari
1980 2787 2021 2804 nos
2031 2780 2138 2812 finenem
2155 2781 2166 2813 J

1217 2815 1248 2839 F.
1259 2814 1418 2846 affenrarioni.
1438 2822 1488 2838 non
1501 2813 1568 2838 male
1582 2832 1589 2844 ,
1602 2813 1617 2839 li
1628 2813 1763 2840 accederet
1774 2821 1900 2849 prmterca
1909 2814 2023 2841 alioruin
2035 2815 2111 2840 codd.
2122 2825 2169 2841 :iu-

1216 2848 1337 2874 Storitus.
1347 2851 1467 2874 ceterum
1478 2847 1614 2884 dispiciant
1623 2849 1673 2875 otii
1683 2849 1817 2876 solutioris
1828 2850 1927 2876 homin.
1935 2859 1959 2882 s,
1971 2859 2030 2876 nuni
2038 2870 2044 2882 ‚
2056 2860 2095 2875 ue.-
2106 2852 2167 2876 adu-

1216 2886 1264 2909 lara
1273 2886 1425 2917 nosfiuamus
1438 2903 1445 2914 ,
1458 2884 1544 2910 haberi
1557 2884 1631 2918 poffit
1642 2893 1688 2920 pro
1699 2886 1936 2920 interpretamento
1949 2895 1989 2914 vm
1997 2886 2089 2912 borum
2101 2897 2168 2922 prat-

1216 2919 1378 2945 ccdentiuin.
1398 2928 1468 2945 certi:
1483 2919 1595 2946 l’alntin.
1607 2919 1710 2946 secund.
1722 2921 1811 2952 hulst-t,
1821 2930 1849 2946 a:
1859 2922 1942 2947 fidula.

1256 2964 1297 2980 12.
1317 2959 1349 2980 Et
1359 2957 1633 2990 bentfiacntmsatcat.]
1646 2957 1753 2982 vem-cs
1765 2956 1825 2983 libri
1837 2957 1956 2992 plerique
1967 2965 2164 2990 oiiiitssfsrefi‘.

1217 2992 1286 3025 quoii
1298 2991 1373 3025 plane
1388 2992 1532 3025 genuinum
1545 2991 1589 3017 cst.
1609 3001 1702 3027 parent
1713 2993 1780 3018 enim
1793 3002 1854 3028 opes
1875 2993 2016 3019 tinnitibus
2029 3003 2071 3019 mr
2087 3004 2092 3016 v.
2102 3002 2172 3023 rui,

1216 3036 1276 3052 cuni
1289 3028 1381 3052 horum
1394 3027 1550 3052 adimi-,istra
1562 3026 1619 3054 sunt
1632 3046 1639 3059 ,
1657 3028 1685 3053 8:
1696 3028 1802 3063 quidam
1815 3028 1896 3054 reluti
1908 3037 2032 3064 apparitm
2042 3038 2078 3055 cs>
2104 3030 2128 3053 l¹1
2138 3040 2168 3052 τι»

1216 3061 1278 3088 bant
1291 3070 1376 3088 tamen
1388 3063 1456 3097 qnod
1476 3063 1617 3097 vulgantur
1626 3073 1655 3090 ca
1665 3073 1722 3099 qua:
1733 3064 1876 3098 sequuntur
1888 3064 1955 3092 libio
1971 3075 2002 3092 ii.
2013 3077 2029 3091 a
2045 3078 2048 3090 2
2063 3083 2068 3089 .
2092 3075 2097 3089 :
2126 3076 2128 3079 ·
2148 3073 2153 3079 ⁴

1191 3102 1195 3121 l
1216 3099 1290 3125 nuda
1300 3100 1441 3132 benignum,
1454 3106 1570 3133 utpium!
1580 3101 1694 3125 ama-ihm.
1715 3100 1886 3127 Guliclnaess.

1521 3135 1729 3172 Prterer²

1253 2528 1281 2554 8.
1300 2530 1401 2560 ‘Propter
1411 2529 1506 2552 crebras
1515 2530 1667 2553 contentiones
1673 2527 1830 2561 preliorimn]

2192 1911 2233 1943 27
