2295 3400
181 116 278 148 220
592 99 662 147 M.
745 99 1102 148 Τυιιιῐ

178 179 191 220 j
196 179 297 210 udices
310 188 315 208 :
335 176 407 209 cum
419 176 455 209 de
464 179 599 219 pecuniis
609 179 780 219 repetundis
792 189 908 211 nomen
917 181 964 219 cuj
969 181 1085 221 uspiam
1095 179 1149 211 de-

184 220 306 254 fei—itur,
318 218 337 249 si
348 229 497 250 certamen
506 221 707 261 interaliquos
718 219 768 254 sit,
780 221 1026 262 cuipotiffimum
1038 222 1148 253 delatio

185 262 272 293 detur
286 283 292 294 .
310 263 370 292 liaec
384 261 486 292 duom
496 263 602 302 primis
615 262 734 302 spestari
746 272 884 302 oportere
896 275 902 293 2
922 274 1013 306 quem
1025 264 1150 294 maxime

191 311 278 333 veuit
296 303 427 335 actorem
445 303 502 333 esse
520 305 540 333 ii
553 324 560 336 ,
584 304 693 345 quibus
702 303 788 335 fache
799 303 857 336 effe
867 305 1003 337 dicantur
1012 307 1131 347 injuriae
1144 317 1150 336 ;

190 350 200 366 ¹
214 345 246 376 &
257 355 346 386 quem
360 348 489 375 minime
502 346 608 375 velitis
618 366 625 379 ‚
638 348 691 416 qui
702 356 749 376 eas
758 348 883 386 injurias
893 346 994 378 feciffe
1003 357 1148 391 arguatur.

149 392 172 419 ‚4
190 389 226 418 In
237 389 290 417 hac
299 388 392 420 causti,
415 387 514 417 udices
524 406 532 420 ³
545 396 636 417 tamet
649 397 658 416 i
669 397 829 430 utrumque
838 387 896 420 effe
905 390 1030 421 arbitror
1039 390 1151 431 perspi-

188 439 282 459 cuum
294 449 302 463 ‚
317 439 416 458 tamen
427 429 462 458 cle
474 438 600 469 utroque
610 428 706 460 dicam
719 450 728 463 ,
742 429 775 460 &
783 430 820 461 de
830 441 868 461 eo
879 433 970 472 priuS,
980 432 1063 474 quod
1073 431 1150 473 apud

188 481 244 501 vos
255 470 424 510 plurimum
436 470 524 500 debet
533 471 629 501 valere
639 491 648 505 ,
667 472 724 502 hoc
734 471 778 502 est
788 492 797 506 ,
820 472 857 503 de
868 473 1021 505 voluntate
1031 484 1149 508 eorum,

187 513 300 553 quibus
318 513 437 549 injuriae
453 511 538 542 faetae
556 513 638 543 sunt:
658 523 789 554 quorum
802 514 1041 555 caufirjudicium
1053 516 1089 546 de
1097 525 1151 556 pe-

188 555 289 585 cuniis
305 554 444 594 repetuntl
453 555 475 583 is
494 553 536 585 est
555 554 763 586 constitutum.
797 557 931 587 Siciliam
949 560 1149 598 provinciam,

190 599 224 626 C.
236 599 343 625 Verres
353 606 403 635 per
412 598 577 626 triennium
587 599 600 616 2
611 596 686 637 depo
710 598 805 628 ulatus
817 597 885 633 esse,
895 600 1064 631 Siculorum
1075 602 1151 630 civi-

188 647 262 668 tates
273 635 405 671 vastasse,
417 637 526 668 domos
536 607 713 674 exinaniffg,
724 639 791 670 fana
803 639 936 680 spoliall‘e
944 641 1061 673 dicitur.
1089 640 1151 671 Ad-

192 680 277 712 sunt,
288 681 552 720 queruntur-Siculi
563 679 707 711 univerfi:
727 681 763 712 ad
775 682 965 721 meamfia'em
975 703 982 717 ,
1002 694 1091 725 quam
1101 685 1152 712 ha-

190 720 255 750 hcm
257 720 414 760 spestaram
419 722 494 761 jam,
507 722 540 752 δε
548 722 600 752 diu
609 725 773 772 cognitam,
787 724 968 766 confugiunt
979 735 985 754 z
1001 726 1152 756 auxilium

190 760 244 793 sibi
261 773 313 803 per
331 773 382 793 me
401 762 417 793 a
431 763 538 797 vobis,
554 765 778 805 atqueapopuli
789 767 828 796 R.
838 767 953 808 legibus
962 776 1084 807 petunt:
1103 776 1153 796 me

193 804 382 835 defensorem
393 805 595 836 calamitatum
607 807 723 837 suarum
736 826 744 840 ,
762 817 814 837 me
824 809 954 838 ultorem
964 809 1154 848 injuriarum,

193 857 245 877 me
254 848 443 888 cognitorem
454 847 527 882 iuris
538 848 581 878 sui
591 868 600 881 ‚
624 859 673 879 me
685 848 819 879 actorem
829 850 920 880 causa:
931 852 1022 881 totius
1033 849 1091 880 effe
1100 861 1155 880 vo-

192 889 327 918 luerunt.
359 887 472 919 Utrum
482 890 632 929 QCaecili
642 911 651 924 ‚
669 891 727 921 hoc
737 890 817 921 dices
828 911 836 925 ,
850 901 899 921 me
908 902 973 922 non
983 893 1154 922 Siculorum

194 940 298 971 rogatu
309 930 343 961 ad
354 931 471 961 causam
481 932 626 962 accedere:
638 941 675 962 an
685 934 885 972 optimorum,
899 932 1156 964 fideliffimorum-

193 982 253 1013 que
273 973 425 1002 sociorum
439 974 626 1003 voluntatem
641 974 717 1013 apud
728 975 782 1004 hos
790 985 912 1014 gravem
923 974 980 1005 esi'e
992 986 1055 1006 non
1066 985 1156 1016 opor-

192 1016 276 1044 tere?
295 1015 351 1044 Sed
360 1014 389 1044 id
401 1014 522 1044 audi—bis
532 1015 639 1048 dicere,
651 1015 733 1056 quod
743 1019 775 1046 C.
787 1020 902 1050 Verres,
915 1018 960 1046 cui
970 1026 997 1047 ta
1007 1018 1156 1047 inimicum

192 1054 367 1096 eſjlvsimmm
378 1076 385 1089 ‚
398 1056 532 1085 maxime
543 1056 708 1087 existimari
718 1058 801 1092 vult,
814 1060 930 1089 Siculos
938 1060 996 1089 hoc
1006 1059 1021 1090 a
1032 1070 1082 1089 me
1093 1069 1156 1089 non

192 1096 297 1138 petiss'e
310 1095 460 1137 :primum
472 1099 586 1128 causam
599 1101 719 1129 inimici
729 1102 772 1129 tui
784 1100 961 1134 sublevabis,
973 1100 1010 1130 de
1020 1111 1082 1142 quo
1094 1111 1157 1130 non

191 1139 387 1181 praejudicium
397 1159 405 1172 ‚
420 1140 468 1169 scd
478 1140 567 1178 plane
571 1140 715 1178 judicium
721 1142 782 1180 jam
792 1141 905 1171 factum
917 1151 1054 1182 putatur,
1075 1142 1157 1183 quod

195 1184 237 1211 ita
255 1181 454 1221 percrebruit,
476 1182 593 1211 Siculos
611 1185 732 1212 omneis
745 1183 877 1213 actorem
888 1184 945 1214 suae
957 1184 1048 1214 causae
1058 1193 1160 1214 contra

195 1223 280 1252 illius
299 1224 422 1259 injurias
437 1220 575 1263 queesiss'e.
600 1226 669 1253 Hoc
679 1222 697 1254 si
709 1233 740 1254 tu
752 1226 896 1255 inimicus
906 1227 970 1265 eJ'us
980 1224 1095 1256 factum
1105 1235 1159 1255 ne-

196 1264 291 1306 gabis,
301 1264 382 1305 quod
390 1265 461 1305 ipse,
474 1267 522 1294 cui
533 1267 667 1295 maxime
680 1267 742 1296 haec
752 1276 797 1296 res
807 1265 1020 1307 obstat‚negare
1031 1277 1096 1298 non
1106 1277 1159 1297 au-

197 1306 266 1336 det:
287 1305 391 1336 videto
403 1326 411 1340 ,
431 1316 470 1337 ne
486 1309 620 1337 nimium
640 1306 827 1338 familiariter
837 1310 1013 1339 inimicitias
1024 1319 1160 1340 exercere

197 1347 328 1378 videare.
351 1348 472 1379 Deinde
483 1348 643 1379 sunttestes
653 1369 661 1383 ,
674 1351 732 1379 viri
741 1349 890 1380 clarissimi
902 1350 1009 1381 nostrae
1019 1352 1157 1384 civitatis,

197 1387 276 1430 quos
287 1389 432 1421 omneisa
443 1400 493 1420 me
502 1393 654 1421 nominari
665 1401 729 1422 non
737 1391 780 1422 est
791 1391 906 1422 necess'e
918 1404 923 1422 :
947 1403 999 1424 eos
1010 1413 1019 1428 ‚
1037 1394 1089 1434 qui
1109 1393 1159 1422 ad-

198 1432 270 1463 sunt
281 1451 289 1465 ,
306 1432 461 1472 appellabo
473 1442 478 1461 :
497 1442 573 1473 quos
581 1453 589 1467 ‚
609 1431 629 1462 fi
639 1434 783 1464 mentirer
795 1454 802 1468 ‚
814 1433 912 1465 testeis
922 1433 978 1465 effe
988 1435 1164 1477 impudentia:

199 1483 280 1503 meae
290 1473 420 1504 minime
431 1474 554 1504 vellem.
577 1476 637 1505 Scit
646 1476 671 1504 is
682 1495 690 1508 ‚
710 1478 763 1516 qui
773 1475 816 1506 est
824 1478 856 1506 in
866 1475 993 1507 consilio
1004 1497 1012 1510 ,
1033 1479 1066 1507 C⁵
1080 1480 1159 1506 Mar-

199 1515 312 1546 cellus:
334 1516 421 1546 scitis
432 1536 440 1550 ,
457 1526 549 1557 quem
557 1516 653 1547 adeffe
663 1517 753 1547 video
764 1537 773 1551 ,
790 1520 845 1548 Cn.
855 1519 1004 1551 Lentulus
1012 1519 1163 1549 Marcelli-

201 1566 261 1587 nus
275 1568 280 1586 :
299 1567 428 1598 quorum
448 1556 505 1589 fide
517 1578 526 1592 .
546 1566 632 1599 atque
644 1562 656 1586 3
667 1557 801 1598 praefidio
811 1561 904 1590 Siculi
914 1560 1050 1595 maxime
1059 1562 1163 1591 nitun-

202 1606 252 1629 tur
264 1619 271 1631 .
289 1599 368 1640 quod
381 1602 511 1630 omnino
529 1603 546 1626 4
556 1599 755 1630 Marcellorum
764 1602 870 1631 nomini
881 1611 942 1632 tota
951 1602 1164 1643 illaprovincia

201 1640 343 1680 adjunifta
351 1640 404 1671 est.
429 1644 471 1672 Hi
482 1641 579 1672 sciunt
590 1662 598 1675 .
621 1643 680 1673 hoc
690 1653 754 1673 non
765 1643 859 1673 modo
870 1643 886 1674 a
897 1654 945 1674 me
954 1646 1083 1684 petitum
1093 1643 1162 1678 effe.

200 1682 304 1713 sedita
315 1683 405 1723 saepe,
432 1684 514 1714 &ita
524 1685 719 1715 veliementer
737 1683 796 1715 effe
814 1688 940 1726 petitum
954 1706 963 1720 ,
985 1687 1164 1716 utautcausa

204 1724 283 1754 mihi
295 1725 477 1765 suscipienda
485 1724 594 1759 fuerit,
614 1735 664 1756 aut
681 1725 819 1757 officium
837 1726 1060 1758 neceffitudinis
1077 1738 1164 1768 repu-

201 1765 360 1796 diandum.
391 1767 447 1797 Sed
456 1767 530 1809 quid
540 1778 596 1809 ego
608 1769 654 1799 his
665 1767 786 1798 testibus
798 1778 881 1804 utor,
899 1769 976 1810 quasi
996 1780 1041 1800 res
1062 1770 1162 1804 dubia,

201 1817 253 1838 aut
263 1808 386 1839 obscura
395 1808 447 1839 sit?
458 1809 575 1840 Adsunt
584 1810 727 1840 homines
738 1821 775 1840 ex
787 1820 845 1841 tota
853 1814 1008 1851 provincia
1015 1811 1164 1842 nobilisfi-

203 1851 260 1883 mi,
273 1851 325 1891 qui
334 1851 491 1890 praesentes
502 1861 557 1881 vos
567 1860 663 1886 orant,
675 1862 760 1892 atque
772 1853 936 1887 obsecrant,
945 1854 1059 1893 judices
1069 1874 1077 1888 ,
1088 1864 1120 1884 ut
1130 1865 1162 1884 in

200 1890 302 1922 actore
311 1892 402 1922 causae
413 1893 469 1923 sua:
480 1893 642 1934 deligendo
658 1893 779 1930 vestram
790 1894 934 1934 judu-ium
944 1895 979 1924 ab
992 1896 1043 1935 fito
1054 1896 1163 1935 judicio

200 1943 234 1962 aie
247 1933 388 1974 distre-pet.
419 1937 567 1965 Omnium
587 1937 742 1966 civitatum
762 1939 815 1966 toti
821 1947 854 1966 us
872 1939 982 1968 Sicilia:
1000 1939 1162 1979 legationes

200 1974 316 2007 adsunt,
329 1984 433 2016 praeter
441 1976 512 2007 duas
523 1978 656 2007 civitates
667 1989 672 2007 :
693 1988 820 2019 quarum
829 1978 955 2009 duarum
965 1999 973 2013 ‚
991 1978 1010 2009 si
1020 1978 1161 2015 adess'ent,

201 2016 264 2047 duo
274 2018 402 2048 crimina
413 2019 460 2049 vel
471 2020 606 2049 maxima
615 2021 836 2055 minuerentur,
847 2031 912 2061 quae
921 2032 991 2051 cum
1003 2023 1048 2052 his
1057 2024 1162 2052 civita—

201 2058 284 2088 tibus
294 2061 326 2089 C.
340 2062 424 2090 Verri
433 2063 657 2091 communicata
666 2062 744 2091 sunt.
776 2065 816 2092 At
828 2065 912 2093 enim
922 2073 974 2094 cur
984 2062 1001 2094 a
1011 2073 1060 2094 me
1069 2064 1161 2104 potis-

203 2098 313 2130 simum
325 2102 382 2131 hoc
391 2100 560 2141 praesidium
570 2105 761 2143 petiverunt?
782 2105 813 2134 Si
822 2103 894 2134 ess'et
901 2105 1031 2136 dubium
1043 2126 1052 2140 ‚
1070 2106 1161 2145 petis-

203 2141 268 2173 sent
279 2141 295 2171 ἐι
306 2151 354 2172 me
365 2142 547 2182 praesidium,
559 2154 665 2178 necne,
676 2144 818 2179 dicerem,
829 2155 881 2175 cut
890 2144 1038 2186 petissent.
1068 2150 1100 2177 N
1103 2157 1161 2178 unc

202 2181 294 2217 vero,
315 2182 388 2214 cum
396 2184 426 2214 id
438 2187 476 2215 ita
485 2187 673 2226 perspicuum
684 2184 735 2220 fit,
757 2195 790 2216 ut
807 2186 888 2216 oculu
899 2187 1030 2225 judicare
1042 2188 1142 2228 poffitis
1151 2200 1162 2217 .-

202 2225 306 2255 nescio
315 2235 367 2255 cur
375 2227 432 2256 hoc
442 2229 520 2256 mihi
531 2227 714 2258 detrimento
724 2225 781 2257 ess'e
791 2227 905 2263 debeat,
923 2227 943 2258 si
953 2229 983 2259 id
994 2232 1071 2260 mihi
1082 2230 1162 2270 obji-

200 2268 306 2302 ciatur,
318 2276 367 2297 me
377 2267 566 2307 potissimum
576 2267 634 2299 esse
645 2269 808 2300 delectum.
839 2269 955 2300 Verum
965 2270 995 2301 id
1007 2273 1084 2301 mihi
1094 2282 1160 2302 non

203 2309 292 2340 sumo
301 2328 309 2342 ,
329 2309 444 2347 judices
454 2330 462 2343 ,
479 2310 511 2341 &
520 2312 579 2340 hoc
588 2321 653 2341 non
663 2310 758 2341 mode>
766 2313 800 2340 in
810 2313 945 2342 oratione
955 2322 1021 2342 mea
1030 2323 1095 2343 non
1104 2323 1161 2353 po—

205 2360 247 2381 no
259 2371 267 2384 ,
287 2350 335 2380 sed
354 2360 392 2381 ne
408 2352 442 2381 in
460 2354 607 2392 opinione
623 2352 747 2393 quidem
756 2354 928 2394 cujusquam
939 2355 1078 2395 relinquo
1089 2375 1098 2388 ,
1119 2365 1162 2384 me

201 2390 458 2433 omnibusparronis
467 2393 513 2431 effl‘
519 2394 700 2435 prepofitum.
714 2397 788 2424 Non
797 2397 837 2425 ita
848 2394 890 2425 est
901 2406 905 2424 z
916 2395 965 2426 sed
977 2397 1099 2426 uniuscu
1099 2397 1111 2435 j
1117 2398 1162 2428 us-

204 2445 264 2475 que
275 2437 429 2474 temporis,
439 2435 626 2469 valitudinis,
639 2435 786 2466 facultatis
795 2436 829 2467 ad
840 2437 988 2477 agendum
1000 2458 1008 2472 ,
1019 2438 1107 2469 dueta
1118 2449 1162 2469 ra-

204 2478 250 2506 tio
261 2475 313 2506 est.
335 2478 403 2506 Mea
411 2476 469 2507 fuit
480 2477 595 2517 semper
604 2478 667 2507 haec
676 2479 709 2507 in
720 2479 773 2508 hac
782 2489 812 2508 re
821 2480 960 2509 voluntas
970 2499 978 2513 ,
1003 2480 1035 2510 &
1044 2480 1163 2510 senten-

207 2519 258 2551 tia,
270 2521 409 2558 quemvis
421 2527 451 2549 ut
460 2519 520 2549 hoc
531 2519 653 2549 mallem
665 2519 700 2549 de
713 2521 760 2554 iis,
773 2522 824 2560 qui
835 2519 1042 2551 effentidonei
1052 2541 1060 2555 ,
1074 2522 1163 2555 susci—

168 2563 188 2595 5
208 2569 288 2600 pere,
301 2559 391 2600 quam
403 2569 452 2590 rne
465 2571 470 2589 :
488 2571 532 2589 me
541 2569 575 2590 ut
584 2563 694 2590 mallem
705 2582 712 2595 ,
724 2557 812 2603 qm‘aem
821 2563 964 2591 neminem.
997 2564 1164 2605 Reliquum

208 2599 252 2631 est
263 2600 332 2637 iam,
346 2611 376 2630 ut
385 2601 460 2631 illud
470 2613 634 2642 quaeramus
647 2624 655 2636 ‚
668 2601 739 2633 cum
750 2604 808 2634 hoc
818 2603 933 2634 constet
942 2625 951 2638 ,
962 2606 1078 2635 Siculos
1089 2605 1104 2635 a
1114 2616 1164 2636 me

205 2640 321 2683 petisse,
331 2643 437 2684 ecquid
448 2645 525 2674 hanc
535 2655 599 2675 rem
610 2645 687 2685 apud
697 2655 764 2679 vos,
774 2646 951 2687 animosque
961 2646 1073 2677 vestros
1084 2647 1163 2678 vale-

195 2738 2175 2759 mmm——

253 2782 274 2799 ι.
294 2777 326 2798 Et
343 2782 410 2807 quem
428 2776 519 2800 minim)
537 2778 597 2801 velit
613 2777 652 2808 ic,
672 2779 714 2810 qui
731 2786 769 2802 em
788 2778 857 2813 &ej
876 2777 1020 2804 Lambinus
1040 2778 1169 2806 indicavit

211 2808 270 2871 ῈἯ
281 2807 339 2870 Γὲἓε
350 2809 444 2835 habere
455 2812 554 2836 maxim?
564 2813 634 2838 velit.
654 2811 696 2839 sed
708 2819 797 2840 tamen
808 2814 891 2841 altera
901 2813 1027 2850 scriptura
1037 2814 1128 2842 visitur
1138 2815 1165 2842 in

236 2854 259 2870 a.
276 2865 281 2870 .
323 2854 346 2870 c.

248 2889 277 2905 ι.
296 2882 451 2913 Depopulaaus
461 2882 655 2921 qffissicnlorum,
664 2884 732 2918 &eq
744 2885 812 2912 Pall.
821 2886 850 2912 81
860 2885 991 2913 editiones
1000 2886 1091 2923 primoe
1101 2887 1168 2920 depo-

210 2917 319 2948 pulatum
327 2916 377 2948 effe.
397 2925 428 2941 :in
441 2916 492 2943 fuit
504 2919 513 2944 ?
523 2919 680 2950 depopulatum
689 2922 738 2953 effe.

250 2959 276 2986 3.
294 2951 399 2985 'Praefidto
406 2955 479 2978 Siculi
490 2955 589 2979 mamm?
598 2956 735 2990 nannetem]
757 2956 825 2984 Pall.
836 2957 930 2993 Cujzic.
941 2957 1003 2985 edd.
1015 2965 1083 2986 vett.
1092 2966 1167 2986 urun-

211 2995 254 3013 την
264 3005 272 3019 ,
284 2988 310 3012 Ec
323 2986 427 3013 videtur
439 2989 624 3016 revocandum.

247 3030 275 3054 4.
295 3025 477 3050 ..almanorum
493 3029 581 3051 nomini
597 3034 645 3052 tota
661 3029 703 3053 illa
715 3036 783 3060 prov.
794 3030 908 3063 aljunHa
925 3030 987 3066 eff]
1006 3030 1169 3058 Gulielmius

209 3057 311 3094 aliique
321 3065 424 3085 tentant
435 3078 443 3089 ,
454 3061 550 3086 addim
560 3065 611 3094 eff,-
620 3071 670 3097 ego
680 3064 785 3090 mallem
796 3068 882 3092 clienta
891 3069 934 3092 eft.

254 3103 280 3127 5.
297 3095 412 3127 sedibus,
434 3095 533 3122 delubris
545 3098 621 3133 suin]
641 3099 683 3124 Sic
693 3099 750 3125 mss.
770 3101 961 3128 nostriset-diti
973 3111 1063 3142 omnes
1074 3109 1169 3139 praeter
1185 3062 1188 3128 Ι

212 3129 386 3164 martimum,
397 3130 442 3167 qui
451 3133 497 3164 suit
507 3133 583 3164 erasit
593 3153 602 3168 ,
612 3133 682 3172 quod
691 3135 732 3164 ita
742 3135 846 3166 videtur
856 3137 947 3175 legisse
957 3137 1098 3169 Ascomus.

1182 101 1713 151 emenonis

1195 192 1225 213 re
1235 192 1388 223 oporteat:
1407 183 1515 225 ecquid
1534 182 1717 214 auctoritatis
1734 182 1810 224 apud
1823 191 1878 213 vos
1888 182 1921 212 in
1932 180 1985 213 suo
1993 180 2059 223 jure
2067 192 2153 225 repe-

1196 225 1292 255 tundo
1302 226 1374 256 socii
1382 226 1488 265 populi
1498 228 1593 256 Rom.
1605 226 1750 266 supplices
1765 224 1871 258 vestri,
1893 224 1999 255 habere
2017 225 2153 256 debeant.

1195 269 1243 297 De
1252 277 1314 308 quo
1323 267 1395 309 quid
1407 277 1462 309 ego
1473 267 1554 307 plum
1563 275 1806 297 commemorem
1818 269 1828 295 ?
1847 265 1926 308 quasi
1944 265 2015 297 vero
2026 267 2155 298 dubium

1196 307 1241 342 sit,
1267 311 1343 350 quin
1351 318 1411 340 tota
1419 310 1470 339 lex
1478 309 1509 338 de
1513 310 1634 350 pecunia
1643 309 1791 350 repetunda
1801 329 1809 342 ,
1830 309 1981 339 sociorum
1989 309 2071 339 causa
2081 319 2155 339 con·

1195 350 1295 381 stituta
1303 349 1346 381 sit.
1365 353 1447 381 Nam
1457 352 1573 380 civibus
1582 349 1653 380 cum
1667 351 1735 380 sunt
1745 360 1849 390 erepta:
1859 353 2005 390 pecuniae,
2015 351 2099 381 civili
2108 350 2156 381 fe-

1193 392 1224 423 re
1235 392 1374 426 afflone,
1395 393 1552 432 &privato
1560 393 1625 432 jure
1634 401 1817 432 repetuntur.
1852 395 1925 422 Haec
1947 392 1997 422 lex
2009 413 2018 426 ‚
2039 392 2156 423 socialis

1193 433 1253 465 cst:
1272 435 1331 465 hoc
1347 435 1412 473 jus,
1431 436 1591 464 nationum
1603 444 1772 464 exterarum
1782 433 1842 463 est:
1861 435 1937 464 hanc
1948 434 2156 464 habentarcem

1194 477 1298 507 minus
1306 476 1459 517 aliquanto
1469 485 1551 506 nunc
1559 476 1683 516 quidem
1693 477 1842 506 munitam
1854 495 1863 509 ,
1877 475 1968 516 quam
1980 485 2064 506 antea
2076 487 2081 504 ·.
2103 485 2157 506 ve·

1193 527 1366 549 rumtamen
1376 539 1384 552 ,
1406 516 1426 547 si
1436 528 1494 558 qua
1502 518 1615 558 reliqua
1625 518 1687 557 spes
1698 516 1741 548 est
1752 538 1760 550 ‚
1781 527 1846 558 quae
1866 518 2014 548 sociorum
2035 519 2156 548 animos

1192 559 1340 591 consolari
1357 558 1444 599 poffit
1456 579 1464 592 ‚
1482 570 1515 590 ea
1533 568 1594 589 tota
1611 561 1643 589 in
1664 560 1716 589 hac
1734 560 1797 600 lege
1808 558 1899 599 posita
1909 559 1968 589 est:
1988 561 2072 598 cujus
2083 558 2158 601 legis

1194 611 1258 632 non
1277 601 1373 632 modo
1391 601 1407 632 a
1425 602 1539 642 populo
1555 603 1592 632 R.
1612 600 1661 631 sed
1680 603 1770 631 etiam
1789 602 1825 631 ab
1844 602 1961 631 ultimis
1982 601 2158 631 nationibus

1191 643 1374 683 jampridem
1385 643 1476 674 severi
1487 641 1602 679 custodes
1612 645 1812 684 requiruntur.
1836 645 1912 684 Qis
1924 645 2012 684 igitur
2022 642 2064 673 est
2074 663 2083 677 ,
2103 644 2156 684 qui

1195 694 1283 727 neget
1291 695 1428 725 oportere
1437 695 1544 715 eorum
1553 685 1692 715 arbitratu
1702 686 1762 726 lege
1772 686 1817 726 agi
1829 705 1836 718 ‚
1858 695 1987 725 quorum
2003 685 2088 715 causa
2106 687 2158 715 lex

1197 725 1230 757 sit
1238 727 1419 758 constituta?
1438 727 1538 757 Sicilia
1548 736 1609 757 tota
1620 747 1629 760 ,
1649 725 1670 756 si
1682 737 1740 757 una
1749 736 1824 756 voce
1835 726 2006 767 loqueretur
2014 747 2022 760 ‚
2040 727 2098 757 hoc
2109 725 2157 757 di-

1198 778 1292 799 ceret:
1315 771 1412 809 Qon
1433 778 1519 798 Auru
1531 788 1539 801 .
1563 777 1654 808 Qon
1675 778 1825 798 micauri
1839 788 1848 801 ,
1870 767 1952 808 quod
1960 777 2158 798 ornamento·

1199 820 1266 841 rum
1276 812 1309 840 in
1320 813 1395 840 meis
1407 810 1540 843 urbibus,
1552 814 1565 837 5
1577 810 1706 844 sedibus,
1719 810 1850 840 delubris
1860 809 1931 844 ἕως
1945 810 2026 851 quod
2039 813 2071 840 in
2083 819 2158 841 una-

1198 861 1312 893 quaque
1330 862 1360 881 re
1379 849 1552 882 beneficio⁶
1563 852 1673 886 senati,
1694 853 1858 892 populique
1868 854 1906 882 R.
1919 852 1990 890 juris
2000 852 2089 882 habui
2100 872 2109 886 ,
2126 851 2158 883 id

1199 895 1277 924 milii
1287 903 1328 927 tu,
1340 897 1374 923 C.
1387 896 1504 927 Verres,
1516 893 1660 933 eripuisti,
1677 904 1763 935 atque
1773 893 1916 924 abstulisti
1934 904 1939 922 ;
1958 904 2019 934 quo
2031 896 2160 924 nomine

1197 935 1248 966 abs
1260 944 1287 965 te
1299 934 1467 966 sestertium
1480 935 1593 966 millies
1604 945 1642 965 ex
1655 936 1716 977 lege
1725 945 1837 976 repeto.
1860 938 1889 965 Si
1903 936 2038 966 universa
2048 956 2057 969 ,
2069 946 2101 966 ut
2111 935 2159 966 di-

1199 979 1249 1010 xi,
1263 979 1420 1018 provincia
1429 978 1514 1019 loqui
1524 976 1637 1017 posset,
1659 979 1713 1007 hac
1723 988 1796 1008 voce
1809 986 1948 1007 uteretur.
1970 979 2115 1018 quoniam
2128 977 2158 1008 id

1199 1029 1264 1049 non
1284 1027 1416 1058 poterat,
1437 1020 1541 1049 harum
1560 1029 1659 1049 rerum
1670 1019 1803 1049 aistorem
1815 1039 1823 1052 ‚
1843 1019 2090 1059 quemidoneum
2100 1018 2160 1050 effe

1198 1061 1334 1091 arbitrata
1351 1060 1393 1090 est
1404 1081 1412 1094 ‚
1433 1062 1493 1101 ipsa
1506 1061 1626 1101 delegit.
1660 1064 1695 1090 In
1707 1061 1881 1097 huiusmodi
1892 1071 1920 1090 re
1931 1061 2085 1101 quisquam
2097 1070 2160 1092 tam

1200 1102 1361 1142 impudens
1380 1104 1559 1142 reperietur,
1578 1105 1631 1143 qui
1649 1103 1687 1131 ad
1700 1103 1823 1131 alienam
1845 1104 1972 1142 cassfiim,
1996 1105 2100 1132 invitis
2109 1105 2157 1136 iis,

1200 1154 1331 1185 quorum
1342 1153 1500 1184 negotium
1511 1143 1553 1174 est
1563 1164 1571 1177 ‚
1589 1144 1724 1174 accedere
1734 1164 1742 1177 ,
1760 1144 1960 1184 autadspirare
1978 1144 2101 1174 audeat?
2130 1147 2162 1176 Si
2177 1142 2200 1177 6

1202 1186 1258 1216 tibi
1269 1206 1277 1219 ‚
1298 1186 1448 1225 QCaecili
1458 1206 1466 1219 ‚
1486 1186 1543 1216 hoc
1553 1186 1644 1215 Siculi
1654 1186 1802 1216 dicerent:
1826 1188 1877 1215 TE
1896 1195 1963 1215 Nos
1984 1195 2141 1217 novnvius
2154 1197 2161 1217 z

1203 1227 1353 1257 nescimus
1362 1229 1414 1268 qui
1425 1226 1459 1257 sis
1472 1237 1477 1255 t
1498 1237 1666 1268 numquam
1677 1236 1705 1257 tc
1714 1236 1796 1257 antea
1804 1227 1939 1257 vidimus
1951 1238 1956 1256 ε
1973 1226 2032 1258 sinc
2043 1238 2099 1258 nos
2110 1238 2164 1268 per

1204 1279 1277 1299 eum
1288 1268 1400 1299 nostras
1408 1268 1542 1300 fortunas
1551 1269 1772 1308 defendei·e‚cuj
1778 1279 1811 1298 us
1823 1267 1896 1298 fides
1906 1268 1949 1299 est
1959 1270 2046 1300 nobis
2055 1272 2162 1311 cogni-

1203 1320 1230 1341 ta
1241 1322 1247 1340 2
1267 1320 1372 1341 nonne
1383 1311 1415 1341 id
1424 1310 1569 1344 dicerent,
1579 1311 1660 1351 quod
1670 1313 1766 1341 cuivis
1774 1310 1897 1350 probare
1908 1311 2050 1341 deberent
2059 1314 2069 1341 ?
2079 1322 2162 1343 nunc

1203 1354 1262 1382 hoc
1272 1352 1375 1383 dicunt
1387 1363 1392 1381 :
1405 1361 1568 1394 utrumque
1577 1354 1607 1383 se
1618 1351 1701 1383 nosse
1715 1363 1720 1381 z
1735 1353 1860 1382 alterum
1871 1353 1898 1382 se
1906 1363 2012 1392 cupere
2021 1353 2162 1384 defenso-

1204 1405 1269 1425 rem
1278 1393 1336 1424 effe
1344 1393 1534 1424 fortunarum
1546 1396 1664 1425 suarum
1677 1406 1681 1423 ;
1692 1395 1819 1424 alterum
1828 1394 1914 1434 plane
1927 1395 2019 1424 nolle.
2035 1398 2094 1426 Cur
2104 1406 2164 1426 no-

1203 1437 1262 1467 lint
1270 1456 1279 1470 ,
1298 1441 1312 1464 7
1322 1436 1441 1476 etiamsi
1448 1444 1558 1466 taceant
1568 1457 1576 1471 ,
1592 1437 1660 1476 ραις
1669 1436 1778 1465 dicum.
1800 1446 1906 1466 verum
1918 1446 1981 1466 non
1992 1446 2088 1467 tacent
2120 1447 2163 1470 ta-

1205 1488 1277 1508 men
1287 1479 1333 1508 his
1342 1476 1527 1508 invitiffimis
1538 1488 1566 1508 te
1581 1477 1709 1510 offeres?
1731 1488 1830 1508 tamen
1852 1480 1884 1508 in
1902 1478 1998 1508 aliena
2015 1480 2097 1509 causti
2116 1480 2164 1510 lo-

1203 1519 1315 1562 quere?
1329 1529 1429 1550 tamen
1440 1530 1491 1550 eos
1502 1520 1656 1553 defendes,
1669 1521 1760 1560 quise
1768 1520 1803 1549 ab
1813 1516 1957 1550 omnibus
1969 1520 2097 1551 desertos
2107 1531 2163 1562 po·

1205 1565 1264 1592 tius
1275 1583 1284 1595 .
1304 1562 1394 1602 quam
1403 1562 1453 1592 abs
1465 1571 1494 1592 te
1502 1561 1640 1592 defensos
1651 1560 1708 1591 effe
1718 1562 1857 1592 malunt?
1875 1571 1975 1592 tamen
1984 1563 2030 1592 his
2039 1573 2163 1602 operam

1205 1613 1286 1634 tuam
1297 1604 1476 1644 pollicebere
1487 1624 1495 1636 ‚
1514 1605 1602 1644 quite
1613 1614 1710 1644 neque
1718 1604 1797 1633 velle
1807 1604 1856 1634 sua
1867 1604 1949 1634 causa
1959 1625 1968 1638 ,
1989 1614 2042 1635 nec
2051 1625 2060 1638 ‚
2079 1603 2099 1634 fi
2109 1616 2162 1636 cu-

1204 1647 1265 1686 pias
1276 1667 1285 1679 ,
1306 1644 1387 1685 poss‘e
1397 1645 1593 1676 arbitrantur?
1612 1649 1671 1676 Cur
1680 1655 1785 1675 eorum
1795 1645 1876 1686 spem
1886 1647 2025 1686 exiguam
2037 1647 2163 1688 reliqua-

1206 1698 1274 1718 rum
1284 1687 1484 1721 fortunarum,
1496 1697 1586 1729 quam
1596 1688 1707 1719 habent
1715 1689 1747 1717 in
1758 1688 1841 1729 legis,
1854 1688 2001 1727 &judicii
2011 1688 2162 1720 severitate

1206 1728 1330 1769 positam
1341 1750 1349 1763 ‚
1362 1731 1392 1759 vi
1401 1739 1576 1771 eXtorquere
1586 1731 1703 1760 conaris
1715 1733 1725 1759 ?
1746 1740 1798 1759 cur
1807 1739 1835 1759 te
1845 1731 2012 1769 interponis
2023 1750 2031 1763 ‚
2043 1731 2164 1762 invitis-

1208 1770 1297 1801 simus
1308 1773 1354 1801 his
1367 1792 1375 1804 ,
1387 1772 1495 1812 quibus
1506 1771 1640 1802 maxime
1652 1772 1701 1801 lex
1710 1771 1884 1802 consultum
1892 1770 1949 1802 ess'e
1960 1772 2046 1801 vult?
2062 1782 2115 1802 cur
2124 1772 2162 1804 de

1207 1813 1315 1854 quibus
1333 1815 1366 1843 in
1384 1815 1539 1853 provincia
1556 1824 1606 1843 non
1616 1812 1719 1855 optime*
1727 1824 1753 1841 es
1762 1813 1878 1842 meritus
1888 1833 1897 1847 ‚
1921 1823 1973 1843 eos
1982 1824 2063 1844 nunc
2072 1814 2162 1855 plano

1205 1856 1334 1886 fortunis
1344 1855 1488 1886 omnibus
1498 1858 1613 1886 conaris
1622 1857 1774 1885 evertere?
1792 1865 1844 1886 cur
1861 1856 1908 1885 his
1917 1865 1980 1885 non
1990 1855 2086 1886 modo
2095 1866 2163 1896 per-

1207 1897 1350 1938 sequendi
1357 1899 1434 1937 juris
1444 1898 1498 1931 sui,
1510 1897 1559 1928 sed
1569 1899 1659 1927 etiam
1670 1896 1861 1938 deplorandae
1868 1897 2043 1928 calamitatis
2052 1897 2162 1929 adimis

1204 1938 1378 1980 potestatem
1389 1942 1400 1968 ?
1410 1941 1502 1973 Nam,
1514 1948 1542 1970 te
1552 1938 1662 1973 aEtore,
1672 1949 1766 1980 quem
1776 1949 1881 1969 eorum
1891 1937 2055 1970 affuturum
2064 1949 2161 1980 putas,

1204 1991 1280 2023 quos
1289 1982 1432 2023 intelligis
1443 2002 1451 2016 ,
1473 1991 1536 2012 non
1546 1991 1577 2011 ut
1586 1991 1637 2022 per
1648 1990 1675 2011 te
1687 2002 1695 2014 ,
1707 1981 1801 2011 alium
1812 2001 1820 2015 ,
1832 1980 1880 2011 sed
1889 1976 1903 2000 8
1913 1990 1944 2010 ut
1953 1991 2004 2021 per
2013 1982 2156 2023 aliquem,

1203 2023 1321 2065 reipsum
1330 2023 1510 2063 ulctfiantun
1521 2023 1650 2054 laborare
1663 2025 1672 2052 ?
1683 2027 1698 2050 9
1710 2026 1748 2053 At
1757 2024 1840 2053 enim
1851 2023 1950 2053 solum
1962 2023 1992 2053 id
2002 2023 2054 2058 est,
2066 2033 2099 2054 ut
2107 2034 2158 2055 me
2177 2030 2195 2063 7

1202 2067 1295 2096 Siculi
1307 2066 1440 2096 maxime
1450 2065 1558 2096 velint:
1576 2065 1702 2096 alterum
1714 2064 1800 2097 illud,
1810 2064 1898 2094 credo
1910 2085 1919 2098 ‚
1930 2064 2092 2096 obscurum
2103 2065 2157 2100 est,

1202 2102 1220 2137 ἃ
1230 2118 1284 2149 quo
1296 2109 1386 2136 Verres
1404 2107 1521 2136 minim&
1531 2107 1561 2147 se
1576 2107 1702 2146 accufiaeri
1721 2106 1801 2135 velit.
1824 2109 1932 2147 Ecquis
1943 2116 2086 2147 umquam
2098 2116 2158 2138 tam

1202 2148 1299 2189 palam
1310 2149 1346 2179 de
1355 2150 1472 2178 honore
1482 2168 1492 2182 ,
1504 2157 1564 2179 tam
1576 2149 1770 2178 vehementer
1779 2147 1814 2177 de
1824 2147 1914 2178 salute
1924 2148 1942 2178 s
1939 2158 1972 2177 ua
1981 2149 2139 2180 contendit
2148 2160 2160 2184 ;

1202 2189 1294 2231 quam
1303 2191 1364 2224 ille,
1376 2199 1462 2230 atque
1471 2190 1553 2220 illius
1564 2190 1669 2223 amici,
1680 2198 1760 2219 utne
1769 2189 1833 2219 haec
1842 2189 1920 2219 mibi
1931 2189 2040 2220 delatio
2050 2190 2134 2222 detur
2147 2194 2160 2221 ?

1203 2235 1278 2262 Sunt
1288 2232 1392 2264 multa,
1404 2241 1470 2272 quae
1480 2234 1585 2261 Verres
1595 2233 1627 2260 in
1638 2241 1688 2260 nie
1697 2229 1753 2260 esse
1763 2231 1926 2264 arbitratur,
1936 2241 2001 2272 quae
2011 2232 2062 2263 scit
2071 2235 2104 2264 in
2116 2242 2157 2268 te,

1203 2273 1354 2314 Qcaecili
1366 2292 1373 2306 ‚
1396 2283 1459 2303 non
1470 2271 1528 2304 effe
1542 2283 1547 2302 :
1570 2283 1634 2314 quae
1654 2272 1824 2311 cujusmodi
1840 2274 1873 2303 in
1883 2282 2008 2314 utroque
2017 2273 2158 2306 nostrum

1202 2314 1258 2345 sint
1269 2334 1277 2349 ,
1296 2313 1386 2354 paulo
1405 2313 1470 2355 post
1487 2314 1746 2345 commemorabo.
1780 2317 1812 2344 N
1815 2324 1872 2345 unc
1881 2323 1997 2345 tantum
2008 2315 2038 2346 id
2048 2316 2158 2353 dicam,

1202 2356 1284 2397 quod
1303 2358 1406 2386 tacitus
1424 2365 1455 2386 tu
1475 2357 1552 2386 mihi
1570 2355 1738 2386 assentiare:
1759 2356 1875 2387 nullam
1894 2366 1958 2386 rem
1978 2359 2011 2387 in
2027 2368 2076 2388 me
2086 2357 2156 2393 effe,

1203 2408 1292 2440 quam
1304 2398 1355 2427 ille
1365 2405 1541 2427 contemnar:
1559 2398 1674 2428 nullam
1686 2407 1717 2427 in
1728 2407 1754 2428 te
1766 2418 1774 2431 ,
1793 2408 1882 2439 quam
1888 2399 2076 2440 pertimescat.
2099 2403 2160 2431 Ita-

1204 2450 1260 2480 que
1271 2449 1397 2479 magnus
1405 2439 1457 2469 ille
1467 2439 1624 2473 defensor,
1637 2440 1669 2469 &
1682 2442 1711 2459 ¹0
1719 2441 1832 2469 amicus
1841 2441 1867 2476 ej
1872 2450 1904 2470 us
1915 2440 1969 2470 tibi
1981 2441 2160 2473 Hortensius

1205 2479 1391 2521 suffragatur,
1411 2492 1459 2511 me
1470 2491 1620 2523 oppugnat
1633 2492 1637 2510 :
1658 2485 1756 2521 aperte
1766 2481 1802 2512 ab
1808 2481 1960 2521 judicibus
1969 2485 2061 2523 petit,
2083 2492 2115 2514 ut
2124 2493 2158 2515 tu

1205 2524 1283 2553 mihi
1292 2532 1471 2563 anteponam²
1482 2534 1487 2552 :
1506 2524 1537 2553 δε
1548 2526 1588 2554 ait
1598 2544 1606 2557 ,
1619 2524 1678 2554 hoc
1687 2523 1715 2553 se
1725 2522 1850 2553 honeste
1861 2544 1871 2556 ‚
1891 2522 1951 2554 fine
1962 2525 2023 2554 ulla
2031 2525 2157 2562 invidia,

1205 2575 1236 2595 ac
1247 2563 1307 2595 fine
1317 2565 1377 2595 ulla
1386 2563 1551 2595 offensione
1561 2564 1750 2595 contendere.
1774 2567 1849 2595 Non
1867 2575 1958 2595 ENIM
1969 2586 1977 2599 ‚
1997 2568 2106 2608 inquit,
2122 2568 2162 2598 il-

1206 2606 1257 2636 lud
1267 2615 1348 2646 peto,
1359 2606 1440 2648 quod
1450 2607 1542 2640 soleo,
1553 2606 1626 2637 cum
1636 2608 1846 2637 vehementius
1855 2607 2008 2641 contendi,
2018 2610 2159 2649 impetra-

1205 2658 1246 2683 rc,
1255 2659 1323 2679 reus
1333 2658 1366 2679 ut
1373 2648 1550 2683 absolvatur,
1562 2659 1626 2679 non
1634 2658 1705 2689 peto
1716 2659 1721 2678 ;
1732 2647 1782 2679 sed
1792 2657 1825 2678 ut
1834 2648 1870 2678 ab
1879 2650 1938 2679 hoc
1943 2651 2056 2689 potius,
2066 2650 2157 2691 quam

2058 2694 2095 2723 ab
2106 2693 2162 2724 illo

1234 2779 1271 2841 ξ.
1291 2783 1374 2806 Senam*
1386 2783 1510 2816 populique
1526 2782 1607 2816 Rom]
1626 2781 1694 2808 Nost
1699 2782 1719 2808 ri
1736 2785 1848 2808 Semnus.
1876 2780 1919 2808 sed
1936 2780 2052 2808 alterum
2072 2781 2164 2810 laudat

1208 2817 1230 2842 C
1251 2817 1351 2843 ansius.

1242 2859 1269 2886 7.
1289 2854 1389 2886 Etiamsi
1396 2859 1491 2879 taceam
1501 2873 1510 2886 ‚
1522 2854 1587 2887 satir
1594 2853 1702 2886 dicunt]
1722 2854 1892 2879 Hotomanus
1903 2859 2009 2880 tacerent
2017 2854 2155 2890 expreffit,

1206 2886 1308 2914 secutus
1318 2887 1396 2914 fidem
1408 2888 1537 2915 librorum
1549 2891 1665 2918 l'uorum',
1677 2888 1718 2914 sed
1732 2889 1857 2914 Asconius
1867 2888 1981 2915 alterum
1991 2890 2112 2924 agnovit.

1244 2922 1270 2949 8.
1291 2927 1320 2948 Ut
1326 2933 1368 2956 per
1376 2927 1477 2959 aliquem
1486 2932 1508 2950 te
1517 2925 1615 2958 lpficm]
1638 2924 1688 2958 Cuj
1693 2925 1740 2951 acii
1751 2923 1835 2950 codex
1849 2943 1856 2954 ‚
1875 2931 1902 2949 ut
1907 2932 1950 2957 per
1959 2927 2033 2951 alium
2042 2928 2162 2961 aliquem,-

1207 2960 1358 2996 recepitque
1369 2960 1513 2987 Lambinus
1525 2970 1532 2991 ;
1544 2960 1648 2986 sednon
1659 2961 1693 2987 est
1705 2961 1730 2986 in
1744 2960 1809 2987 Pali.
1820 2966 1865 2986 :iut
1877 2960 1975 2987 vetuste
1987 2961 2062 2988 cusis.

1240 3003 1267 3030 9.
1296 3000 1345 3023 <At
1353 2997 1491 3028 enimfhlum
1499 2997 1526 3022 id
1533 2999 1568 3022 cf?
1577 3015 1594 3028 ,.
1604 3004 1631 3021 ut
1640 3006 1673 3021 me
1681 2999 1754 3024 Siculi
1762 2997 1830 3031 &⁶31
1851 2995 1920 3022 Mire
1929 2996 1987 3023 heic
1996 3004 2162 3035 paratmgoe-

1205 3030 1294 3057 diatur
1305 3032 1463 3059 Lambinus.
1575 3048 1579 3050 -

1246 3076 1287 3093 io.
1305 3070 1404 3094 Amicus
1412 3069 1462 3101 ejm
1471 3070 1515 3093 ribi
1522 3066 1831 3102 Hammfirtaefiqfflsrzatur]
1843 3069 1940 3094 Vocem
1950 3069 2093 3101 Hortensius,
2104 3070 2163 3096 Cu-

1202 3103 1307 3138 jaciano
1316 3103 1399 3130 abesse
1409 3103 1536 3130 indicavit
1545 3103 1706 3133 Gulielmius
1717 3114 1726 3138 5
1740 3103 1783 3132 sed
1793 3104 1820 3133 in
1831 3104 1958 3133 Palatinis
1966 3103 2068 3133 duobus
2079 3104 2162 3133 haem

1184 3133 1190 3178 l
1208 3147 1295 3170 tamen
1309 3159 1318 3174 ,
1327 3140 1393 3170 item
1404 3140 1505 3170 vetuite
1514 3139 1590 3169 cusis.
1613 3153 1623 3172 f

2067 3177 2160 3205 idei·
