2360 3400
713 53 1148 100 Conso

204 137 324 169 vivere,
342 142 376 166 ae
384 131 474 174 poene
483 131 500 164 a
510 132 603 173 seipso
619 130 771 163 dissentire
780 133 872 167 velit,
897 133 1070 165 meminisse
1079 133 1158 165 certe

204 179 359 219 oportuit,
381 186 487 206 terram
508 176 598 215 ipsam
613 194 620 208 ‚
640 176 803 215 omniaque
820 185 886 215 quae
906 175 960 205 sub
977 177 1057 206 coelo
1077 177 1176 214 sunt,¹

203 220 308 250 divina
322 219 474 248 voluntate
486 228 544 258 regi
559 237 567 250 ,
582 226 793 256 proptereaque
800 217 942 257 quiddam
955 218 1043 248 nobis
1054 237 1063 252 ,
1074 219 1155 259 quod

204 259 438 292 observandum,
453 259 485 289 ὃς
495 258 710 289 addiscendum
723 258 868 292 videatur,
880 259 1079 298 praescribere.
1091 261 1159 300 quis

199 296 270 342 ergo
289 310 394 332 terram
414 301 504 341 ipsam
528 321 536 334 ,
555 309 604 330 aut
622 302 783 341 quotannis
802 299 928 330 feracem
942 320 951 332 ,
973 310 1020 331 aut
1041 301 1157 340 semper

200 345 331 384 optimas
351 343 468 383 fruges,
493 343 525 372 &
543 351 711 382 numquam
727 341 838 374 malas,
860 342 1041 382 inutilesque
1053 343 1155 372 herbas

199 385 339 415 edentem
365 405 373 418 ‚
403 383 636 424 efferentemque
658 382 734 413 vidit
753 385 763 412 ?
792 386 859 422 quis
879 384 1018 413 animalia
1039 384 1154 428 semper

199 426 305 456 uberes
329 427 418 457 foetus
437 425 580 458 edidisse,
603 433 770 464 numquam
788 423 971 454 sterilitatem
991 424 1067 464 passa
1083 425 1151 459 ess‘e,

197 468 420 499 recordabitur?
439 467 520 508 quod
533 466 550 496 fi
563 468 624 496 haec
635 466 694 506 ipsa
705 466 783 496 secus
798 466 824 495 se
835 466 960 499 habent,
973 468 1109 507 nihilque
1120 469 1152 496 in

197 510 286 540 rebus
307 511 445 540 humanis
457 507 598 549 perpetuo
611 507 733 537 firmum
747 527 755 541 ,
774 507 969 548 ejusdemque
979 518 1090 539 naturai
1099 518 1152 548 op-

198 560 258 582 tare
269 553 340 583 licet
350 562 355 580 :
366 562 427 584 cur,
438 561 528 591 quam
542 553 573 580 in
583 550 728 580 omnibus
740 549 866 579 &rebus
879 569 886 582 ,
909 550 941 579 &
950 551 1153 580 animantibus

194 593 430 623 viciffitudincm
441 595 593 623 cernimus
603 611 610 625 ,
621 601 685 621 eam
698 590 735 621 ab
745 592 871 620 homine
882 591 1071 632 seiungamus
1082 594 1152 633 ?qui

196 631 218 663 fi
231 635 344 664 multos
355 644 449 663 annos
460 634 587 663 feliciter
596 635 716 666 vixerit,
728 631 747 661 fi
759 633 892 662 sobolem
906 652 912 665 ‚
926 634 1067 667 honores,
1080 643 1152 673 opes

192 674 383 716 assequutus,
405 676 456 704 diu
477 678 564 704 tantis
583 673 892 714 bonisfruipotuerit:
905 675 1040 714 praeclare
1052 676 1152 705 secum

194 715 255 746 ess'e
267 717 367 746 astum
381 717 447 746 ver'e
460 717 579 746 dixerit.
602 716 657 746 Sed
669 715 780 745 adversi
791 724 891 745 tamen
900 717 1012 756 aliquid
1024 717 1151 747 subeun-

194 757 268 788 dum
291 779 299 791 ,
319 757 590 798 perferendumque
609 758 795 797 relinquetur
816 767 820 786 :
839 757 964 787 demum
986 758 1152 798 oppetenda

193 809 281 830 mors
292 801 363 832 crit,
386 810 450 840 quae
461 810 496 828 eo
508 800 604 828 levior
614 797 672 828 effe
687 799 793 831 debet,
816 799 897 839 quod
909 800 1054 830 omnibus
1066 811 1150 831 com-

194 843 301 871 munis
311 840 353 871 est
364 861 372 874 ,
394 851 450 870 nec
459 843 598 880 cuiquam
614 839 777 879 singularis,
790 844 1005 880 autpraecipua.
1029 842 1083 872 Sed
1094 843 1152 872 hoc

193 892 314 923 quoque
324 883 453 924 gratior,
465 882 547 922 quod
559 892 612 911 nos
622 882 637 911 21
649 882 753 911 multis
762 882 910 912 erroribus
923 882 1072 916 abstrahit,
1084 886 1152 924 qui-

192 923 248 955 bus
261 944 269 958 ,
280 924 378 965 quoad
386 927 531 956 vivimus,
543 925 574 953 in
587 933 664 953 tanta
675 926 859 962 opinionum
870 927 1016 957 varietate,
1029 924 1150 956 affidua-

190 975 250 1007 que
259 968 320 996 veri
330 965 524 1005 inquisitione
534 965 696 1004 perturbari
706 965 779 1004 saepe
789 965 922 995 solemus
933 986 940 999 ,
958 967 989 996 δε
1000 966 1034 996 ad
1047 967 1141 1007 ipsam

188 1007 381 1040 cernendam,
395 1007 612 1047 {tuendamque
624 1007 918 1046 veritatemjucunde
931 1007 1063 1038 traducit.
1084 1018 1149 1049 quo

191 1050 270 1079 nihil
291 1051 403 1079 beatius
423 1046 634 1087 hominiposs‘e
644 1057 818 1088 contingere
829 1068 838 1081 ,
859 1049 924 1078 satis
936 1069 944 1082 ,
964 1059 999 1079 ut
1010 1050 1147 1084 arbitror,

193 1099 234 1120 ex
246 1100 282 1120 eo
295 1091 434 1130 suspicari
446 1089 601 1130 poss'umus
613 1109 621 1123 ,
641 1088 724 1130 quod
737 1092 835 1120 innata
846 1090 887 1120 est
900 1091 1021 1120 homini
1033 1092 1149 1131 cupidi-

191 1141 235 1162 tas
255 1133 383 1163 scientiae
397 1133 476 1170 :ejus
495 1141 594 1162 autem
612 1130 777 1171 praestantia
793 1140 857 1161 non
879 1131 946 1162 sane
964 1133 1070 1167 video,
1091 1144 1149 1174 qua

191 1174 247 1203 alia
268 1176 298 1203 in
317 1185 365 1208 re,
392 1173 446 1204 nisi
464 1181 496 1204 'iri
519 1172 648 1214 perfecta
666 1175 797 1203 veritatis
813 1175 991 1214 cognitione
1001 1174 1145 1214 pofitafit.

187 1224 228 1245 ex
237 1225 298 1256 quo
308 1215 339 1246 fit
349 1236 358 1249 ‚
379 1226 411 1246 ut
421 1218 551 1246 veritatis
561 1216 768 1256 cognitionem
780 1213 918 1248 assecuti,
935 1215 1064 1255 perfe&a
1075 1237 1084 1250 ‚
1097 1217 1148 1247 ab·

190 1257 342 1298 solutaque
353 1258 475 1287 scientia
485 1260 644 1297 potiamur.
667 1265 794 1296 vereque
806 1256 864 1286 dici
876 1257 973 1296 potest
982 1278 991 1290 ,
1005 1260 1055 1298 qui
1068 1261 1148 1289 veri-

191 1306 281 1328 tatem
294 1307 461 1332 intueatur,
480 1299 624 1339 sensuque
634 1301 776 1338 percipiat
785 1317 794 1330 ‚
806 1308 876 1327 eum
889 1302 951 1328 voti
963 1300 1006 1329 sui
1019 1310 1144 1340 compo-

187 1348 249 1369 tem
262 1359 271 1374 ,
291 1350 420 1381 vereque
440 1341 561 1371 beatum
584 1338 651 1369 effe.
674 1339 757 1380 quod
776 1338 795 1368 si
815 1339 898 1370 beata
915 1349 975 1371 vita
989 1343 1146 1381 quaerenda

187 1381 279 1411 nobis
301 1381 344 1412 est
365 1401 373 1415 ,
403 1392 460 1412 nec
476 1382 641 1422 quidquam
661 1380 840 1422 fugiendum
863 1384 977 1422 magis,
996 1385 1086 1423 quim
1106 1395 1145 1414 ne

186 1424 372 1453 miseriarum
382 1425 522 1464 gravitate
532 1432 714 1462 premamur.
724 1422 797 1462 quid
806 1423 862 1451 illo
873 1424 1000 1454 homine
1011 1424 1141 1460 stultius,

186 1474 238 1494 ant
246 1464 383 1494 stolidius
393 1466 514 1503 reperiri
527 1462 625 1502 potest
635 1482 644 1496 ,
662 1473 714 1502 qui
723 1472 889 1493 ceterorum
900 1474 998 1495 morte
1011 1468 1048 1495 ita
1059 1477 1143 1507 angi-

184 1513 234 1535 tur
243 1525 252 1538 ,
273 1515 305 1536 ut
315 1505 404 1535 beatae
414 1507 484 1535 vitae
494 1505 606 1534 oblitus
615 1523 623 1537 ,
635 1504 772 1533 miseram
784 1523 792 1536 ‚
805 1513 892 1544 atque
900 1505 1056 1536 infelicem
1067 1518 1143 1538 con-

184 1545 333 1576 sestetur?
354 1545 491 1587 ρτοῖεᾶὸ
510 1549 594 1576 enim
616 1548 655 1576 ita
666 1546 694 1575 se
704 1555 748 1574 res
758 1545 863 1577 habet,
883 1555 933 1579 ut,
956 1546 1010 1576 nifi
1022 1551 1139 1583 mortis,

183 1588 358 1628 dolorisque
377 1590 485 1618 timore
503 1587 644 1618 liberatus
663 1585 715 1620 sit,
736 1589 825 1616 etiam
846 1585 866 1616 fi
878 1587 987 1618 multas
995 1592 1138 1629 cognitas,

182 1630 391 1670 perceptasque
399 1631 526 1659 virtutes
537 1629 657 1661 habeat,
669 1627 861 1668 mistumque,
876 1628 909 1657 &
920 1638 1039 1669 aequum
1051 1635 1140 1662 omni

184 1671 275 1711 plane
295 1672 413 1700 utilitati
432 1679 613 1710 anteponat,
632 1669 734 1698 beatus
756 1677 857 1698 tamen
867 1668 925 1699 effe
935 1680 1029 1701 nemo
1042 1672 1136 1712 poffit.

183 1712 258 1752 quid
269 1715 351 1742 enim
363 1712 444 1742 aliud
455 1712 544 1742 dolor
554 1710 597 1741 est
606 1730 614 1744 ‚
634 1708 688 1740 nifi
697 1712 843 1740 cruciatus
851 1712 946 1740 animi
958 1731 966 1746 ‚
978 1713 1061 1753 isque
1071 1724 1137 1753 per-

181 1757 308 1794 petuus?
325 1753 398 1795 quid
408 1754 489 1783 aliud
499 1756 591 1783 timor
604 1772 612 1785 ,
624 1750 679 1781 nifi
688 1749 813 1782 affiduus
822 1752 985 1783 invisarum
997 1764 1030 1784 ac
1040 1756 1138 1785 mole-

181 1794 295 1826 starum
318 1805 417 1825 rerum
436 1797 554 1825 metus?
572 1804 669 1834 atquo
685 1793 777 1823 modo
791 1792 866 1823 felix
881 1813 892 1827 ,
909 1804 958 1824 aut
968 1795 1069 1826 beatus
1080 1795 1137 1827 esse

180 1839 309 1877 poterit,
334 1840 387 1878 qui
408 1835 519 1867 affiduo
535 1839 681 1868 cruciatu,
706 1845 848 1875 metuque
860 1836 1030 1875 urgebitur?
1053 1840 1136 1879 Qin

180 1889 218 1909 eo
231 1878 383 1912 miserior,
404 1888 489 1919 atque
503 1878 655 1908 infelicior
667 1876 833 1907 existimari
846 1877 934 1908 debet
948 1898 958 1912 ‚
975 1878 1057 1919 quod
1073 1890 1136 1911 non

179 1920 280 1951 solum
292 1919 406 1960 sibiipsi
419 1919 600 1952 molestiam,
614 1919 823 1959 miseriamque
835 1920 1031 1959 comparabit,
1043 1922 1135 1952 sedin

181 1971 350 1992 ceterorum
369 1964 459 1992 etiam
472 1963 642 1992 sermonem
656 1981 664 1994 ‚
685 1970 717 1991 ac
728 1963 978 2000 vituperationem
991 1964 1132 1994 incurret.

179 2004 260 2033 nihil
270 2007 354 2034 enim
366 2006 466 2034 nimio
477 2004 582 2034 dolore
593 2002 761 2033 deformius
773 2022 780 2036 ,
802 2002 880 2032 nihil
891 2002 905 2032 a
916 2006 982 2033 viro
992 2005 1129 2035 alienius.

178 2044 214 2075 δε
238 2065 247 2078 ,
286 2044 305 2074 fi
323 2048 456 2086 corporis
476 2045 667 2085 pravitatibus
687 2063 695 2078 ‚
720 2045 898 2084 vituperatio
916 2045 1061 2085 proposita
1078 2046 1131 2080 est,

177 2089 262 2116 vitiis
279 2086 346 2127 ipsis
364 2107 372 2120 ,
398 2087 507 2128 quibus
525 2087 635 2117 laborat
653 2088 774 2116 animus
794 2106 803 2119 ‚
826 2087 904 2115 nihil
927 2087 1130 2127 turpitudinis,

177 2129 255 2158 nihil
265 2128 564 2160 inureturinfamiae?
584 2129 637 2158 Illa
645 2127 716 2157 vero
727 2128 759 2157 δε
770 2128 902 2168 graviora
917 2129 983 2158 sunt
994 2149 1002 2162 ,
1023 2129 1056 2159 δε
1066 2140 1129 2160 ma-

174 2171 235 2212 jori
253 2169 511 2201 animadversione
524 2169 701 2200 vindicanda
712 2190 721 2203 ‚
739 2179 799 2209 quo
810 2169 992 2200 nobiliorem
1006 2191 1014 2204 ,
1038 2174 1127 2212 quam

175 2221 286 2251 corpus
296 2211 348 2245 est,
362 2212 474 2246 sedem,
487 2212 596 2252 nempe
611 2214 748 2241 animum
763 2210 856 2251 ipsum
872 2230 880 2244 ‚
900 2222 1127 2252 occupaverunt.

174 2253 258 2294 quod
270 2252 289 2282 si
303 2256 400 2293 turpis
412 2254 499 2285 dolor
511 2257 624 2284 nimius
635 2273 643 2287 ,
657 2253 688 2283 &
698 2255 914 2293 vituperatione
922 2253 1040 2295 dignus,
1050 2255 1128 2286 certe

175 2295 252 2325 iliud
270 2297 484 2337 consequetur,
511 2306 543 2326 ut
555 2316 564 2330 ,
581 2298 633 2335 qui
651 2297 750 2325 nimio
768 2295 867 2324 dolori
885 2295 1012 2336 seipsum
1025 2296 1127 2330 tradat,

174 2346 214 2366 ne
234 2337 318 2367 laude
341 2338 465 2377 quidem
487 2338 546 2368 ulla
565 2337 672 2378 dignus
693 2336 852 2367 censeatur.
877 2336 919 2367 est
937 2339 1020 2367 enim
1040 2339 1128 2368 series

171 2379 309 2418 quaedam
327 2380 461 2409 maxime
484 2382 600 2410 veritati
618 2379 834 2411 consentanea,
855 2388 887 2408 ut
902 2379 1125 2414 sententiarum,

174 2420 213 2450 sic
224 2430 322 2450 rerum
335 2432 340 2448 ;
352 2421 384 2450 &
397 2421 655 2461 quemadmodum
669 2422 699 2450 in
710 2420 858 2453 sermone,
868 2420 1127 2463 disputationeque

170 2460 270 2491 nostra
288 2459 419 2492 nectitur
437 2463 517 2492 aliud
535 2472 573 2492 ex
591 2463 651 2492 alio
663 2482 671 2495 ‚
691 2464 729 2492 ita
741 2461 830 2502 quise
843 2471 900 2492 una
909 2463 1004 2502 aliqua
1015 2464 1061 2493 vel
1074 2464 1124 2494 de—

169 2501 322 2532 formitate
333 2523 342 2536 ,
357 2504 404 2534 vel
415 2504 602 2544 turpitudine
613 2504 758 2544 implicari
771 2506 877 2543 patitur
888 2523 896 2536 ‚
909 2505 1014 2534 multis
1023 2504 1122 2535 statim

169 2544 322 2576 miseriis,
341 2554 373 2574 ac
395 2544 638 2575 deformitatibus
661 2547 857 2585 opprimetur.
881 2547 946 2576 Nec
960 2545 1030 2576 vcro
1041 2547 1122 2577 credi

168 2586 262 2616 velim
274 2605 283 2619 ,
296 2595 436 2626 me,.quia
447 2587 545 2617 dolori
559 2589 656 2617 nimio
669 2597 830 2628 repugnem
843 2607 851 2620 ‚
863 2588 973 2617 iccirco
983 2587 1120 2619 dolorem

165 2629 256 2657 omni
268 2637 307 2657 ex
316 2637 397 2666 parte
409 2629 586 2668 improbare,
602 2629 766 2668 omnesque
776 2629 859 2658 illius
871 2639 908 2659 cx
919 2632 1023 2660 animo
1035 2629 1121 2661 fibras

163 2669 338 2699 evellendas
359 2669 538 2700 existimare.
563 2669 605 2700 est
624 2672 726 2704 enim,
749 2679 893 2710 quatenus
902 2672 998 2702 homo
1008 2672 1118 2706 doleat,

165 2709 202 2742 &
211 2730 222 2744 ,
244 2710 347 2751 (quod
365 2711 548 2751 prudentera
558 2714 701 2742 Crantore
711 2712 826 2742 1116111111
837 2711 895 2745 est,
916 2712 997 2753 )sive
1007 2714 1118 2744 secetur

162 2760 228 2792 pars
245 2753 342 2792 aliqua
360 2755 511 2793 corporis,
532 2752 590 2783 five
607 2754 748 2784 avellatur
765 2775 774 2787 ,
795 2754 893 2784 sensus
913 2764 1013 2785 tamen
1022 2755 1116 2786 adesse

162 2793 263 2825 debet.
284 2795 357 2824 istuc
375 2798 458 2824 enim
478 2796 555 2825 nihil
579 2795 701 2829 dolere,
722 2793 786 2826 fieri
806 2805 869 2826 non
889 2795 1004 2836 potest,
1026 2800 1112 2838 quin,

183 2835 421 2866 uemadmodum
442 2836 589 2867 feritatem
611 2839 744 2877 corporis
762 2837 910 2878 quandam
932 2858 940 2872 ‚
960 2837 1000 2868 sic
1015 2841 1112 2869 animi

158 2844 312 2917 guporem
326 2881 499 2908 maximum
512 2879 632 2909 indicet.
655 2879 710 2909 Sed
722 2881 870 2909 nimirum
881 2880 956 2910 illud
968 2879 1020 2914 cst,
1031 2881 1114 2922 quod

158 2919 366 2958 improbamus
379 2940 387 2954 ‚
407 2920 507 2950 dolori
530 2931 585 2950 nos
605 2921 683 2960 ipsos
708 2922 746 2951 ita
768 2921 878 2951 tradere
891 2941 899 2954 ‚
921 2930 953 2951 ut
974 2923 1006 2952 in
1024 2924 1112 2953 aliam

156 2959 278 2991 fortasse
286 2964 450 3002 graviorem
462 2971 500 2992 ex
509 2963 563 2992 alia
574 2971 654 3003 parte
664 2963 917 3003 vituperationem
932 2964 1111 2994 incidamus.

156 3010 228 3032 nam
244 3003 503 3043 quemadmodum
523 3007 576 3045 qui
595 3005 672 3034 nihil
682 3004 798 3044 prorsus
811 3005 910 3035 doleat
923 3025 932 3038 ‚
952 3005 1112 3037 desciscere

150 3043 285 3077 videatur
293 3045 330 3076 ab
338 3045 476 3077 hominis
485 3055 587 3078 natura
597 3066 606 3083 ,
617 3056 682 3087 quae
695 3055 791 3078 morte
802 3046 942 3089 perculsa,
954 3046 1107 3084 dolorem,

1217 69 1654 102 LArio.
2036 75 2154 123 1301

1201 144 1234 165 ac
1253 133 1370 165 iusium
1389 136 1490 176 aliquo
1509 135 1605 166 modo
1624 135 1754 168 indicare
1769 137 1903 180 cogitur:
1916 139 1979 173 ita,
1996 141 2050 180 qui
2059 140 2160 174 dolori

1202 179 1298 207 nimis
1311 177 1462 217 indulgeat
1472 197 1480 210 ‚
1507 180 1643 208 humanae
1656 188 1765 210 naturae
1776 182 1894 220 penitus
1905 181 2060 217 oblivisci,
2070 193 2159 215 com-

1203 228 1390 259 munemque
1413 221 1558 249 omnium
1578 221 1790 252 conditionem
1811 224 1942 254 recusare
1959 223 2154 264 judicabitur.

1200 260 1308 300 quibus
1319 261 1406 290 rebus
1422 262 1618 301 intelligitur,
1640 265 1766 302 graviter
1778 274 1896 303 peccare
1905 267 2047 296 homines
2061 287 2069 300 ,
2082 266 2154 299 esim

1199 302 1247 331 vel
1257 312 1290 331 ea
1304 321 1312 335 ,
1332 312 1397 342 quae
1405 303 1549 332 omnibus
1558 302 1730 343 perferenda
1740 324 1748 338 ‚
1774 305 1984 348 subeundaque
1999 308 2066 338 sunt
2077 328 2085 342 ,
2100 308 2154 339 de-

1200 342 1319 373 [metare
1330 344 1457 376 audent,
1477 345 1542 377 vel,
1558 345 1630 385 quid
1640 346 1760 386 ipsosin
1771 350 1830 378 vita
1839 348 1940 379 deceat
1951 369 1960 382 ‚
1971 359 2099 391 quaeque
2110 351 2155 381 se-

1199 386 1270 424 qui,
1293 394 1341 414 aut
1360 385 1493 425 refugere
1511 386 1638 417 debeant
1651 407 1658 421 ,
1680 397 1745 418 non
1755 391 1967 421 cernuntsatis.
1990 391 2072 432 quod
2082 401 2154 432 pro-

1199 428 1298 465 prium
1309 427 1473 466 prudentiae
1485 437 1595 457 munus
1606 427 1648 459 est
1664 439 1772 469 :quam
1786 432 1984 462 humanarum
1994 432 2152 465 actionum

1200 467 1427 498 moderatricem
1445 469 1528 498 adiis
1545 471 1769 502 immortalibus
1779 472 1837 503 effe
1845 474 2037 505 constitutam
2052 495 2060 508 ‚
2079 475 2153 507 infi-

1197 511 1267 538 ciari
1285 519 1378 539 nemo
1397 510 1500 549 potest.
1534 514 1615 552 atqui
1634 513 1704 543 huic
1728 523 1788 544 tam
1806 518 1964 554 praeclaro,
1983 517 2151 559 divinoque

1197 560 1317 580 muneri
1328 552 1415 590 plane
1426 550 1605 593 obsistit,qui
1616 556 1715 584 nimio
1723 555 1828 586 dolore
1840 556 1967 588 ducitur.
1981 568 2042 588 non
2054 559 2150 590 modo

1195 595 1278 622 enim
1291 593 1438 632 seipsum,
1454 592 1513 623 fine
1524 595 1587 624 ullo
1596 594 1696 625 fructu
1709 598 1860 637 lacrymis,
1870 609 1902 629 ac
1913 599 2037 630 tristitiae
2050 601 2149 635 tradit,

1197 634 1245 663 sed
1262 636 1351 664 etiam
1365 637 1451 664 omni
1462 636 1547 674 plane
1558 636 1686 667 consilio
1696 658 1706 672 ,
1722 648 1754 668 ac
1765 639 1879 676 judicio
1891 650 1980 671 vacat.
2004 642 2056 671 ubi
2067 644 2153 673 enim

1197 678 1271 705 ratio
1283 695 1291 708 ,
1317 674 1337 704 si
1349 675 1376 705 se
1387 676 1492 706 dolore
1503 676 1607 707 auferri
1620 677 1712 709 linat?
1734 681 1784 710 ubi
1795 681 1959 713 constantia
1970 702 1980 716 ‚
1992 682 2012 713 si
2024 682 2075 713 sibi
2088 684 2151 723 ipse

1197 726 1359 756 repugnet,
1372 718 1446 747 &in
1462 721 1711 758 moerorejaceat?
1730 722 1781 752 ubi
1792 722 1922 764 denique
1933 725 2115 758 humanitas,
2128 724 2150 756 fi

1196 758 1223 788 se
1243 760 1402 788 hominem
1421 758 1479 789 esse
1489 760 1601 790 oblitus
1614 782 1622 794 ,
1642 763 1718 792 nihil
1730 762 1781 793 fibi
1793 774 1862 794 cum
1875 775 1970 796 morte
1980 776 2148 797 commune

1195 798 1252 829 effe
1265 801 1446 830 contendat?
1466 802 1534 842 Jam
1545 802 1616 832 vero
1627 803 1702 834 illud
1715 803 1917 837 stultissimum
1931 827 1938 841 ,
1958 807 2146 842 existimare,

1193 852 1258 882 quae
1275 851 1364 872 ceteri
1386 844 1525 872 homines
1535 843 1642 874 libenti
1651 848 1756 876 animo
1769 848 1890 878 subeant
1901 869 1909 882 ,
1930 850 1967 879 iis
1979 850 2005 879 se
2015 860 2078 881 non
2088 848 2147 880 esse

1194 883 1382 914 obstrictum.
1416 884 1488 924 quid
1506 887 1588 916 enim
1609 891 1619 915 ?
1651 897 1688 917 an
1707 888 1843 928 ignorare
1859 891 2015 932 quisquam
2035 891 2144 932 potest,

1193 935 1301 965 quanta
1320 935 1397 955 inter
1408 927 1548 956 homines
1561 931 1701 973 cognatio
1711 929 1744 959 sit
1755 950 1763 963 ,
1781 941 1946 973 quantaque
1959 932 2124 964 similitudo
2135 936 2148 963 ?

1192 970 1306 996 etenim
1319 987 1327 1000 ,
1347 966 1401 996 nisi
1414 969 1583 1009 boc-verum
1595 972 1777 1006 fateremur,
1795 974 1887 1004 causae
1897 975 1974 1004 nihil
1986 973 2055 1006 esset
2067 996 2076 1009 ,
2091 984 2147 1006 cur

1192 1009 1288 1038 homo
1307 1010 1467 1038 hominem
1483 1009 1610 1040 consilio
1624 1031 1633 1044 ,
1653 1023 1682 1041 re
1694 1033 1702 1045 ‚
1721 1015 1950 1054 gratiajuvaret:
1966 1017 2002 1046 ab
2012 1016 2147 1048 hostium

1191 1051 1307 1089 impetu
1320 1070 1327 1084 ‚
1348 1060 1379 1080 ac
1398 1049 1515 1080 laesione
1534 1051 1715 1084 defenderet.
1737 1056 1818 1095 quod
1838 1058 2148 1089 contravidemusac-

1192 1092 1308 1121 cidere:
1330 1101 1379 1125 ut,
1399 1102 1449 1132 qui
1470 1093 1506 1122 ab
1527 1094 1572 1122 his
1589 1093 1759 1125 :renonibus
1777 1107 1886 1128 avertat
1895 1101 2033 1129 animum
2048 1121 2063 1133 ,.
2079 1109 2146 1130 non

1192 1132 1287 1163 modo
1299 1135 1330 1163 in
1341 1135 1446 1174 vulgus
1459 1135 1644 1174 improbetur
1654 1157 1664 1170 ‚
1684 1137 1732 1168 sed
1742 1140 1834 1168 etiam
1845 1141 2073 1172 inhumanitatis
2083 1161 2092 1176 ‚
2111 1151 2146 1172 ac

1190 1175 1313 1205 feritatis
1322 1177 1479 1205 accusetur.
1501 1177 1581 1207 certe
1591 1180 1674 1207 enim
1686 1189 1750 1210 non
1760 1180 1777 1210 ὲ
1789 1190 1937 1212 marmore
1947 1183 2052 1223 sculpti
2065 1204 2074 1217 ,
2093 1191 2145 1214 aut

1191 1218 1208 1247 e
1219 1217 1327 1255 robore
1338 1217 1430 1247 dolati
1443 1218 1543 1247 sumus
1557 1218 1614 1248 :est
1623 1220 1656 1249 in
1666 1221 1756 1250 nobis
1764 1223 1920 1262 quiddam,
1931 1225 2012 1265 quod
2022 1227 2143 1265 pietate»

1190 1259 1454 1300 misericordiaque
1481 1269 1638 1291 moveatur
1659 1282 1668 1295 ,
1696 1272 1752 1292 nec
1776 1263 1927 1305 exstingui
1953 1264 2026 1297 finat
2042 1267 2142 1300 illam,

1188 1311 1245 1341 qua
1263 1302 1333 1330 Diis
1352 1303 1487 1340 proximi
1507 1303 1628 1337 sumus,
1646 1304 1793 1342 juvandi,
1815 1316 1848 1336 ac
1867 1306 2075 1338 benefaciendi
2087 1319 2146 1340 vo-

1188 1343 1344 1372 luntatem.
1369 1345 1464 1383 itaque
1475 1342 1596 1373 insitum
1608 1346 1749 1379 homini,
1762 1356 1848 1388 atque
1859 1350 1998 1379 innatum
2012 1350 2140 1383 videtur,

1188 1394 1231 1417 ut,
1242 1385 1359 1424 quoties
1369 1387 1462 1414 alium
1474 1385 1633 1415 hominem
1646 1406 1654 1419 ‚
1675 1391 1812 1428 quamvis
1823 1390 1957 1420 alienum
1969 1411 1977 1424 ‚
1988 1394 2145 1431 premica-

1186 1426 1318 1455 lamitate
1329 1445 1337 1459 ,
1357 1435 1443 1466 atque
1453 1436 1587 1457 aerumna
1596 1428 1694 1458 videat
1704 1449 1713 1462 ,
1737 1432 1884 1461 crucietur
1893 1434 1998 1462 animo
2010 1453 2018 1466 ,
2031 1443 2085 1464 nec
2097 1432 2140 1468 ‚fi

1185 1466 1309 1496 facultas
1327 1467 1482 1507 suppetat,
1498 1468 1709 1499 dimittendam
1721 1480 1803 1510 putet
1814 1473 1895 1503 illius
1906 1474 2078 1506 sublevandi
2089 1486 2142 1507 ocu

1184 1507 1341 1538 casionem.
1365 1519 1453 1549 quam
1465 1511 1547 1539 enim
1559 1511 1618 1550 ipse
1630 1530 1639 1544 ,
1664 1510 1728 1541 fieo
1742 1513 1808 1542 loco
1819 1512 1890 1544 esset
1900 1534 1908 1547 ,
1922 1515 2140 1556 benignitatem

1186 1548 1238 1578 sibi
1260 1552 1405 1588 impartiri
1416 1560 1529 1589 optaret
1541 1570 1551 1584 ,
1570 1562 1603 1582 ea
1615 1561 1647 1582 ut
1658 1554 1690 1581 in
1699 1553 1792 1583 alium
1805 1563 1900 1584 utatur
1909 1574 1918 1589 ,
1938 1565 2042 1587 natura
2053 1560 2141 1590 tacita

1184 1591 1312 1629 quadarn
1331 1600 1405 1620 voce
1425 1601 1550 1621 monere
1564 1611 1572 1625 ,
1589 1603 1623 1622 ac
1639 1596 1795 1634 praecipere
1821 1596 1948 1626 videtur.
1971 1608 2037 1638 quae
2049 1601 2139 1641 igitur

1183 1630 1238 1661 sibi
1259 1634 1380 1662 evenire
1392 1632 1473 1672 pofl'e
1485 1632 1602 1664 dubitet
1612 1644 1643 1665 ea
1653 1654 1661 1668 ‚
1687 1634 1705 1665 si
1717 1638 1911 1677 contingant,
1932 1649 1986 1670 cur
1996 1644 2063 1680 angi
2074 1661 2084 1674 ‚
2104 1652 2139 1673 ac

1182 1673 1345 1712 perturbari
1356 1675 1451 1704 velit?
1472 1683 1541 1708 aut,
1564 1685 1688 1706 cut-non
1697 1680 1797 1717 potius
1809 1680 1940 1711 humana
1951 1680 2003 1712 illa
2012 1681 2070 1712 ess'e
2081 1701 2091 1716 ‚
2102 1683 2138 1714 &2

1182 1715 1328 1744 omnibus
1349 1716 1525 1745 hominibus
1542 1718 1706 1756 proclivia,
1728 1718 1872 1750 fateatur?
1891 1731 2006 1762 quanto
2023 1723 2137 1754 reffius

1183 1756 1235 1785 ille
1254 1775 1262 1789 ‚
1286 1757 1339 1795 qui
1362 1757 1522 1787 hominem
1542 1758 1571 1787 se
1588 1760 1720 1798 agnoscit
1733 1780 1742 1794 ,
1767 1762 1903 1802 nihilque
1921 1764 2052 1794 humani
2069 1765 2086 1796 ὲ
2104 1766 2137 1797 se

1180 1797 1314 1826 alienum
1327 1800 1429 1836 putat?
1448 1800 1545 1839 itaque
1555 1798 1626 1829 cum
1639 1802 1712 1832 hanc
1721 1811 1759 1831 ex
1772 1804 1882 1833 animis
1894 1803 2002 1835 nostris
2012 1808 2138 1846 opinio-

1180 1848 1251 1868 nem
1270 1857 1279 1872 ,
1303 1839 1380 1869 mala
1397 1841 1502 1870 omnia
1519 1850 1581 1870 non
1601 1840 1657 1871 ess'e
1680 1844 1808 1874 humana
1832 1865 1845 1877 ,Α
1863 1846 1958 1876 veluti
1978 1849 2135 1881 immitem

1178 1879 1326 1920 quandam
1341 1901 1349 1914 ,
1372 1880 1404 1911 δε
1417 1882 1584 1911 immanem
1598 1883 1728 1914 belluam
1739 1889 1956 1918 exn‘axerimus
1966 1908 1975 1922 ,
1994 1889 2133 1929 profesto

1180 1921 1284 1951 minsis
1302 1923 1428 1956 misere,
1450 1924 1610 1964 minusque
1630 1926 1754 1956 sollicite
1772 1930 1924 1959 vivemus.
1948 1931 2134 1972 relinquetur

1178 1965 1261 1993 enim
1273 1964 1324 1994 illa
1333 1965 1475 2005 cogitatio
1487 1985 1495 1997 ‚
1505 1975 1702 2008 quaecumque
1712 1969 1846 2000 accidant
1856 1991 1864 2003 ,
1884 1970 2000 2002 fortiter
2010 1972 2135 2005 ferenda

1178 2003 1236 2034 ess'e
1248 2025 1257 2039 ,
1267 2006 1404 2046 nihilque
1414 2005 1494 2046 posse
1507 2010 1628 2038 homini
1639 2013 1758 2040 evenire
1769 2031 1777 2044 ,
1810 2022 1849 2041 uo
1860 2011 1996 2043 funditus
2005 2014 2133 2054 proster-

1177 2056 1271 2076 natur.
1296 2047 1386 2088 idque
1406 2050 1446 2078 ita
1463 2050 1541 2082 erit,
1564 2048 1583 2078 si
1603 2021 1825 2092 nobismetipsis
1835 2064 1898 2083 non
1909 2054 2130 2092 adsentabimur,

1176 2087 1222 2118 sed
1235 2090 1388 2120 veritatem
1402 2110 1414 2123 ,
1433 2100 1487 2130 qua
1500 2092 1577 2120 nihil
1591 2093 1756 2131 praeclarius
1767 2114 1775 2128 ,
1786 2095 1980 2134 praestabilius
1991 2117 2000 2131 ,
2011 2098 2132 2129 uberius

1175 2129 1232 2159 ess'e
1251 2130 1345 2169 potest
1356 2151 1365 2164 ,
1386 2140 1449 2161 toto
1459 2131 1579 2172 pe‘&ore
1592 2134 1818 2173 ampleSiemur.
1841 2138 1905 2167 haec
1913 2141 1997 2168 enim
2011 2140 2063 2170 illa
2075 2139 2128 2174 est,

1173 2181 1261 2212 quani
1273 2171 1392 2202 assecuti
1404 2193 1413 2206 ,
1434 2175 1574 2204 meliores
1586 2175 1685 2205 multo
1695 2175 1856 2212 efficimur,
1869 2179 1900 2209 &
1910 2179 1945 2210 ad
1956 2180 2129 2220 perferenda

1174 2214 1369 2245 incommoda
1382 2235 1389 2247 ,
1402 2216 1596 2256 praeclaraque
1608 2219 1770 2258 peragenda
1777 2220 1939 2250 alacriores
1952 2222 2023 2252 cum
2035 2224 2129 2258 nihil,

1173 2254 1227 2284 nisi
1238 2256 1317 2296 quod
1329 2256 1443 2286 tetstum
1456 2277 1465 2291 ,
1479 2258 1510 2287 δε
1522 2268 1641 2299 acquum
1654 2259 1707 2293 est,
1719 2260 1863 2291 laudabile
1872 2263 2049 2294 arbitramur
2058 2285 2066 2298 ‚
2079 2268 2129 2295 ni-

1173 2297 1272 2337 hilque
1284 2298 1376 2332 aliud,
1388 2297 1441 2328 nisi
1454 2302 1566 2341 egregia
1576 2301 1678 2334 illa,ex
1687 2302 1797 2342 quibus
1807 2313 1874 2333 vera
1883 2305 1977 2345 gloria
1987 2306 2127 2343 nascitur,

1171 2348 1355 2379 expetimus.
1386 2344 1429 2370 Ac
1449 2343 1525 2371 mihi
1546 2341 1650 2372 videor
1668 2346 1762 2373 nimis
1781 2347 1870 2375 etiam
1892 2356 1974 2377 nunc
1992 2347 2124 2389 anguste,

1171 2390 1257 2421 atque
1276 2383 1396 2411 exiliter
1414 2392 1509 2424 agere.
1527 2393 1579 2424 qui
1601 2387 1684 2414 enim
1697 2386 1782 2415 latior
1792 2387 1884 2426 objici
1895 2398 2016 2428 campus
2025 2400 2124 2430 queat,

1168 2424 1199 2451 in
1223 2433 1283 2463 quo
1302 2422 1443 2454 fidentius
1462 2434 1548 2464 atque
1557 2426 1679 2455 alacrius
1690 2428 1834 2458 exsultare
1843 2427 1929 2468 poffit
1940 2433 2056 2461 oratio?
2075 2432 2126 2462 sed

1167 2462 1274 2494 faciam
1293 2465 1507 2504 impudenter,
1527 2465 1547 2496 si
1567 2468 1751 2498 medicinam
1774 2469 1910 2500 deserens
1934 2474 2122 2507 animorum,

1167 2515 1256 2546 quim
1268 2516 1305 2536 ex
1316 2508 1460 2537 omnibus
1471 2509 1719 2540 maximeutilem
1732 2509 1788 2540 esse
1800 2513 1936 2553 intelligo
1948 2533 1956 2546 ,
1977 2514 2012 2544 ad
2023 2524 2121 2546 meam

1167 2549 1256 2577 unius
1275 2548 1508 2579 dele-&ationem
1521 2550 1691 2581 sermonem
1703 2562 1830 2582 ornnem
1843 2564 2038 2596 mentemque
2048 2566 2124 2587 con-

1166 2598 1289 2619 vertam.
1314 2591 1461 2621 Dolorem
1487 2601 1575 2632 igitur
1597 2594 1691 2623 nimis
1701 2604 1796 2624 acrem
1810 2614 1818 2628 ,
1838 2606 1869 2625 ac
1881 2596 2057 2628 diuturnum
2071 2597 2122 2628 fu-

1164 2632 1308 2671 giendum
1326 2632 1475 2662 diximus.
1508 2633 1540 2663 &
1559 2634 1682 2674 quidem
1702 2636 1895 2675 probabiliter
1914 2648 1920 2666 ε
1938 2638 2008 2669 cum
2027 2649 2065 2669 ex
2083 2650 2120 2670 eo

1166 2674 1241 2704 mala
1265 2674 1378 2707 multa,
1400 2677 1592 2715 maximeque.
1610 2678 1709 2716 gravia
1727 2678 1841 2708 soleant
1858 2682 1969 2710 exoriri
1991 2691 1996 2710 :
2017 2690 2120 2713 contra

1164 2714 1235 2744 vero
1255 2717 1332 2745 nihil
1353 2716 1435 2746 boni.
1461 2727 1558 2758 neque
1579 2721 1661 2748 enim
1680 2719 1768 2749 dolor
1785 2721 1896 2750 exiliis
1908 2721 2065 2756 rebusest‚
2085 2725 2120 2754 in

1162 2757 1272 2796 quibus
1293 2757 1341 2786 vcl
1359 2758 1395 2788 ad
1404 2759 1591 2797 probandum
1604 2779 1613 2793 ‚
1635 2761 1683 2790 vel
1695 2761 1730 2791 ad
1740 2763 1973 2802 vituperandum
1985 2783 1993 2797 ,
2012 2765 2118 2799 multa,

1163 2799 1195 2828 &
1216 2808 1323 2840 magna
1339 2803 1552 2831 contrariarum
1575 2803 1727 2833 rationum
1745 2806 1823 2843 paria
1844 2814 2002 2835 momenta
2013 2807 2119 2848 agnos-

1161 2849 1273 2870 cantur.
1299 2841 1356 2871 hoc
1366 2843 1449 2871 enim
1464 2841 1485 2871 si
1494 2842 1632 2873 acciderit
1643 2862 1651 2877 ‚
1663 2853 1777 2885 agerem
1789 2845 1987 2876 verecundius
1998 2867 2006 2880 ,
2018 2857 2118 2888 neque

1161 2892 1210 2911 me
1222 2883 1252 2912 in
1264 2892 1334 2913 eum
1346 2883 1448 2912 locum
1460 2884 1662 2918 ‹ie-mitterem,
1675 2886 1754 2916 unde
1764 2887 1886 2917 nulium
1897 2889 1984 2928 plane
1996 2893 2117 2921 exitum

1162 2923 1305 2954 viderem.
1330 2925 1385 2955 Sed
1397 2945 1405 2958 ‚
1416 2928 1560 2965 quoniam
1572 2928 1633 2956 haec
1643 2929 1682 2957 ita
1694 2928 1722 2958 se
1735 2928 1855 2963 habent,
1865 2930 2031 2964 contendo,
2044 2933 2116 2962 vin-

1158 2965 1289 2995 cendum
1300 2964 1357 2995 ess'e
1369 2970 1505 2998 animum
1520 2987 1528 3000 ,
1539 2969 1698 3009 dolorique
1705 2972 1808 3000 acriter
1817 2970 2033 3003 obsistendum.
2054 2971 2115 3003 five

1159 3009 1242 3037 enim
1265 3008 1465 3048 nosmetipsos
1477 3029 1485 3042 ‚
1505 3008 1564 3039 sive
1584 3011 1664 3050 vulgi
1679 3013 1858 3052 opinionem
1871 3015 2059 3054 cogitemus,
2081 3014 2114 3045 id

1157 3048 1245 3080 nobis
1263 3048 1323 3082 sme
1344 3050 1403 3081 tilla
1421 3050 1607 3082 dubitatione
1617 3051 1790 3085 faciendum
1804 3054 1856 3087 est.
1880 3065 1908 3086 at
1919 3075 1928 3091 ‚
1947 3054 2012 3087 fiad
2027 3065 2113 3086 mor-

1390 3092 1660 3135 Bbbbbbbb3
2039 3106 2117 3128 tuos.
