2379 3400
245 135 369 182 1242
654 103 1153 155 MTuttii

245 200 295 232 gst.
318 199 371 229 Ille
385 195 468 225 enim
479 189 665 231 requiescens
675 186 691 217 “a
701 186 774 226 reip.
798 181 1009 224 pulcherrimis
1022 177 1201 209 muneribus

247 250 344 272 otium
356 237 406 267 sibi
420 234 551 265 sumebat
569 227 731 270 aliquando
743 247 751 260 ,
778 226 809 256 ὃς
819 227 835 255 a
844 233 923 255 ccetu
934 223 1098 253 hominum
1109 240 1118 253 ,
1143 219 1206 250 fre—

248 274 604 322 quentiaqueintcrdum,
629 278 780 310 tamquam
800 268 829 296 in
848 273 962 308 portum
982 265 1053 310 'setin
1066 262 1206 310 solitudi-

250 333 320 354 nem
333 317 499 357 recipiebat.
522 314 658 344 nostrum
672 320 771 341 autem
780 311 878 339 otium
890 308 1003 347 negotii
1015 314 1128 344 inopia,
1141 313 1206 333 non

251 358 454 403 requiescendi
474 357 590 389 studio,
612 352 809 384 constitutum
831 349 882 380 est.
906 347 1057 379 exstm&o
1068 348 1151 376 enim
1165 345 1207 376 se-

250 415 320 437 natu
334 424 341 431 ,
366 399 529 440 deletisque
552 397 690 435 judiciis,
708 394 781 435 quid
801 391 860 425 est,
880 390 962 431 quod
974 389 1103 435 dignum¹
1118 387 1207 418 nobis

250 448 343 477 autin
354 443 434 473 curia
444 462 452 474 ‚
465 450 513 470 aut
523 442 556 470 in
565 438 634 469 foro
644 446 726 478 agere
737 432 901 475 poffimus?
922 435 1024 472 Itaque
1035 440 1086 470 qui
1098 440 1130 459 iri
1142 439 1206 459 ma-

252 496 337 518 xima
348 484 518 515 celebritate
529 502 536 516 ‚
559 490 645 521 atque
659 483 668 498 ¹
684 481 716 508 in
731 478 828 507 oculis
837 476 952 505 civium
963 472 1117 514 quondam
1128 474 1211 501 vixi—

253 538 339 559 mus:
361 535 442 557 nunc
464 524 613 565 fugientes
630 518 826 560 conspefiium
849 517 1056 547 sceleratorum
1071 533 1080 547 ,
1099 513 1210 554 quibus

254 572 359 599 omnia
371 567 558 598 redundant,
578 563 718 594 abdimus
730 571 786 591 nos
800 580 808 593 ‚
829 558 976 600 quantum
987 557 1074 590 licet,
1092 556 1124 586 δε
1136 556 1210 594 serpe

253 613 309 642 soli
322 612 432 641 sumus.
457 609 511 639 sed
533 609 600 647 qnia
621 604 657 635 sic
676 605 713 634 ab
733 601 912 632 hominibus
922 598 1020 630 doetis
1030 599 1210 637 accepimus,

256 664 307 683 uon
315 651 408 692 fhi'iim
419 661 451 679 ex
462 649 540 678 main
553 649 649 688 eligere
660 646 780 675 minima
789 651 919 684 oportere:
926 641 973 681 [ξεί
979 642 1065 669 etiam
1076 646 1214 678 excerpere

256 706 290 725 ex
300 696 336 723 lm
350 693 410 734 tpfis
422 713 429 725 ‚
445 691 551 733 fiquid
563 689 656 726 inelfit
670 687 731 717 boni
741 698 752 714 .·
772 693 925 726 propterea
936 684 968 713 &
979 686 1044 712 otio
1054 681 1137 727 fruor
1148 689 1212 709 non

255 738 311 767 illo
320 736 444 776 quidem
457 754 464 767 ,
476 743 536 774 quo
547 732 651 762 debeat
662 731 686 759 is
697 749 704 763 ,
721 730 772 769 qui
783 726 937 768 quondam
948 722 1102 765 peperisset
1111 724 1209 752 otium

257 780 371 810 civitati
389 788 394 805 :
413 786 467 805 nec
486 784 551 804 eam
574 771 770 803 solitudinem
790 773 803 788 2
817 769 956 809 languere
975 768 1092 806 patior,
1124 773 1213 804 quarn

258 821 335 850 mihi
346 817 440 848 adfert
452 814 603 846 necessitas
616 835 625 848 ‚
646 824 709 844 non
720 812 871 842 voluntas.
895 812 1087 848 Qamquam
1098 808 1209 836 Airica-

256 871 313 892 nus
323 861 470 899 majorem
481 857 598 887 laudem
617 853 867 893 velffneojudicio
879 850 1091 891 assequebatur;
1108 851 1120 875 3
1135 847 1217 877 nulla

257 905 341 933 enim
358 904 421 941 ejus
438 902 553 940 ingenii
574 906 776 928 monumenta
791 893 927 924 mandata
947 893 1051 921 litteris
1063 910 1071 924 ,
1092 890 1210 920 nullum

257 954 334 985 opus
348 945 424 976 otii,
445 942 566 972 nullum
587 939 758 970 solitudinis
778 945 890 966 munus
912 933 1016 964 exstat.
1039 942 1078 962 ex
1096 941 1156 972 quo
1170 933 1215 960 in—

257 985 467 1026 telligidebet,
488 984 575 1013 illurn
596 984 707 1011 mentis
725 980 905 1020 agitatione,
926 974 1215 1016 investigationeque

256 1037 359 1058 earum
370 1035 481 1059 rerum,
496 1035 569 1065 quas
577 1022 737 1064 cogitando
747 1018 992 1059 consequebatur,
1004 1027 1058 1046 nec
1069 1015 1215 1046 otiosum,

257 1080 313 1101 nec
323 1069 422 1099 solum
443 1076 587 1107 umquam
606 1064 704 1095 fuisse.
727 1072 784 1092 nos
801 1070 900 1091 autem
914 1080 925 1093 ,
940 1061 991 1100 qui
1010 1068 1075 1088 non
1094 1065 1211 1088 tanturn

257 1112 375 1142 roboris
387 1109 532 1139 habemus
545 1128 552 1142 ,
572 1118 603 1137 ut
620 1106 804 1148 cogitatione
814 1102 922 1133 tacitaa
932 1100 1094 1131 solitudine
1108 1097 1215 1129 abstra-

259 1154 368 1184 hamur
378 1172 386 1186 ‚
407 1151 441 1181 ad
455 1152 528 1180 hanc
539 1149 815 1187 scribendiopei·am
826 1154 919 1174 omne
930 1142 1062 1173 studium
1075 1161 1083 1174 ,
1099 1149 1216 1170 curam-

258 1205 315 1236 que
335 1195 553 1225 convertimus.
584 1194 681 1231 itaque
703 1189 786 1229 plura
809 1187 893 1216 brevi
913 1194 1070 1224 tempore,
1103 1182 1215 1213 eversa,

224 1251 245 1275 2
260 1237 349 1278 quarn
362 1235 467 1265 multis
486 1235 572 1264 annis
592 1232 685 1263 stante
701 1240 760 1270 rep.
784 1226 960 1271 scripsimus,
984 1226 1039 1256 Sed
1057 1223 1130 1255 cum
1156 1232 1218 1254 tota

259 1278 451 1319 philosophia
465 1296 473 1309 ,
495 1278 539 1305 mi
550 1277 655 1306 Cicero
667 1293 675 1307 ‚
694 1270 832 1312 frugifera
845 1290 853 1303 ‚
865 1269 896 1299 &
906 1267 1057 1298 unctuosa
1069 1286 1078 1299 ,
1089 1275 1143 1296 nec
1158 1266 1218 1295 ulla

259 1330 325 1361 pars
338 1320 402 1359 ejus
414 1339 423 1352 ,
448 1318 560 1348 inculta
576 1327 608 1347 ac
617 1316 728 1346 deserta
742 1313 791 1343 sit:
815 1321 881 1342 tum
895 1311 996 1341 nullus
1007 1309 1132 1339 feracior
1143 1309 1174 1337 in
1185 1316 1217 1336 ea

259 1363 344 1393 locus
354 1360 396 1391 est
406 1381 414 1394 ,
427 1370 482 1390 nec
493 1359 630 1392 uberior,
653 1357 742 1398 quarn
754 1355 790 1385 de
800 1352 921 1386 officiis,
933 1353 948 1382 a
958 1351 1068 1393 quibus
1077 1348 1216 1380 constan-

258 1412 302 1435 ter
312 1424 321 1437 ,
333 1401 515 1442 honesteque
534 1400 659 1432 vivendi
669 1406 812 1440 praecepta
821 1397 980 1426 ducuntur.
1004 1396 1101 1439 Qare
1110 1401 1216 1438 quam-

258 1456 348 1486 quam
360 1445 526 1483 aCratippo
548 1442 668 1475 nostro,
689 1442 823 1481 principe
841 1438 931 1475 hujus
949 1444 1106 1465 memoriae
1116 1433 1217 1474 pbilo-

261 1488 423 1527 sophorum
438 1505 446 1519 ,
468 1486 530 1515 haec
541 1494 568 1516 te
578 1482 689 1515 assidue
700 1481 802 1512 audire
812 1500 820 1514 ‚
840 1488 926 1520 atque
939 1479 1069 1517 accipere
1079 1474 1216 1506 confido:

261 1538 361 1559 tamen
382 1536 585 1558 counucmuz
602 1526 748 1556 arbitror,
770 1522 879 1552 talibus
897 1523 992 1550 aureis
1011 1528 1074 1548 tuas
1093 1517 1218 1547 vocibus

262 1570 396 1610 undique
408 1569 637 1598 circumsonare.
661 1576 716 1595 nec
732 1574 777 1594 eas
787 1583 796 1597 ‚
817 1561 836 1591 si
848 1561 912 1592 fieri
923 1559 1012 1601 poss'ir
1022 1579 1030 1593 ‚
1050 1558 1215 1599 quidquam

263 1611 343 1642 aliud
354 1610 465 1640 audiie.
481 1609 571 1648 Quod
581 1608 652 1638 cum
664 1605 809 1637 omnibus
818 1603 859 1633 est
868 1602 1052 1634 faciendum,
1062 1602 1216 1641 quiVitam

265 1652 420 1683 honestam
440 1651 556 1692 ingredi
575 1652 726 1690 cogitant,
755 1656 818 1677 tum
841 1644 918 1674 haud
938 1644 997 1674 scio
1010 1663 1019 1676 ,
1039 1652 1075 1673 an
1098 1643 1217 1671 nemini

266 1694 368 1736 potius
379 1714 386 1728 ‚
407 1693 497 1734 quarn
519 1693 584 1722 tibi.
606 1690 733 1722 sustines
742 1690 826 1718 enim
835 1691 851 1713 4
862 1696 925 1716 non
936 1694 1054 1725 parvam
1066 1682 1218 1722 crispi-&a-

263 1740 379 1767 tionem
406 1733 557 1764 imitandae
579 1732 730 1762 industriae
751 1728 877 1760 nostrae,
899 1736 1036 1767 magnam
1052 1727 1216 1756 honorum,

264 1777 446 1809 nonnullam
460 1774 580 1806 fortasse
594 1775 739 1804 nominis,
753 1768 911 1810 Suscepisti
921 1777 999 1798 onus
1008 1776 1145 1806 praeterea
1155 1775 1218 1804 gra—

263 1831 299 1850 ve
315 1819 346 1849 &
359 1819 544 1848 Athenarum
558 1837 566 1850 ‚
586 1817 617 1845 &
639 1815 786 1854 Cratippi:
804 1811 861 1840 5ad
873 1819 948 1850 quos
959 1809 1030 1838 cum
1040 1816 1161 1844 TAMQ
1169 1816 1217 1835 AM

263 1862 298 1893 ad
319 1869 512 1890 mercaturam
531 1859 678 1888 bonarum
700 1856 809 1885 aiiium
831 1851 866 1882 fis
884 1849 1036 1892 profeCms
1056 1870 1064 1883 ,
1095 1852 1217 1878 inanem

1236 100 1781 150 Cieznonis

265 1903 357 1933 redire
367 1901 569 1942 turpissimum
591 1898 650 1932 est,
673 1898 903 1929 dedecorantem
924 1893 1048 1923 &urbis
1059 1890 1216 1922 auetorita-
1235 1902 1239 1945 1

265 1955 324 1976 tem
351 1945 383 1974 ἅτ
402 1943 544 1983 magistri.
576 1944 673 1979 Quare
693 1947 839 1979 quantum
857 1937 976 1966 conniti
996 1936 1103 1963 animo
1119 1941 1215 1972 potes,

260 1995 407 2027 quantum
420 1986 520 2016 labore
539 1982 721 2014 contendere
734 1980 772 2019 (st
787 1986 946 2008 DISCENDI
959 1976 1039 2006 labor
1054 1975 1095 2005 est
1103 1974 1217 2014 potius,

263 2030 353 2069 quam
364 2028 511 2067 voluptas]
524 2035 639 2056 tantum
650 2023 696 2054 sac
710 2032 740 2052 ut
751 2020 876 2051 efficitis:
892 2029 968 2048 neve
976 2020 1162 2061 committas,
1175 2026 1216 2049 ut,

263 2080 333 2101 cum
344 2081 448 2100 omnia
469 2061 647 2109 suppeditata
668 2065 721 2094 sint
741 2064 756 2094 ὲι
775 2063 876 2094 iiobis,
898 2057 1162 2090 turetibidesuisse
1173 2061 1217 2088 vi-

264 2112 358 2142 deare.
382 2112 436 2141 Sed
456 2112 518 2140 haec
539 2108 689 2138 haetenus.
714 2106 810 2135 multa
827 2113 911 2133 enim
933 2104 1005 2142 saepe
1024 2101 1059 2131 ad
1071 2111 1098 2131 te
1109 2102 1218 2130 cohor-

265 2154 447 2194 tandigratia
468 2150 645 2191 scriplimus.
669 2158 752 2178 nunc
770 2147 805 2177 ad
825 2147 971 2184 reliquam
985 2153 1096 2184 partem
1112 2151 1220 2184 propo-

267 2194 323 2225 sitae
352 2193 507 2225 divisionis
540 2201 730 2223 revertamur.
777 2188 920 2219 Panaetius
941 2188 1029 2227 igitur
1054 2205 1061 2218 ‚
1089 2186 1218 2227 quisine

263 2235 462 2267 controverfia
481 2236 516 2265 de
527 2234 637 2265 officiis
651 2229 861 2263 accuratissimi:
871 2228 1030 2268 disputavit
1041 2247 1048 2261 ,
1069 2238 1219 2269 quemque

252 2289 342 2311 nos,
373 2277 559 2308 correfflonc
581 2275 707 2317 quadarn
731 2272 860 2303 adhibita
880 2290 888 2304 ‚
918 2268 1107 2310 potissimum
1130 2271 1219 2300 secuti

265 2322 385 2353 sumus,
408 2319 501 2350 tribus
518 2317 676 2360 generibus
696 2312 870 2355 propositis,
890 2314 922 2342 in
940 2312 1048 2352 quibus
1059 2311 1220 2341 deliberare

265 2363 407 2392 homines
418 2381 427 2395 ,
448 2361 480 2391 ὃς
490 2360 656 2390 consultare
668 2357 704 2387 dc
715 2355 959 2386 officio‘solei‘ent
971 2365 976 2382 z
990 2363 1051 2383 uno
1063 2374 1072 2387 ‚
1082 2353 1152 2383 cum
1163 2353 1219 2383 du-

263 2404 391 2435 bitaicnt
402 2423 411 2436 ,
424 2401 626 2432 honestumne
636 2400 666 2429 id
677 2397 747 2428 ess'et
758 2418 766 2431 ,
786 2397 893 2436 dequo
902 2404 1052 2436 ageretur,
1077 2405 1113 2425 an
1126 2404 1219 2434 turpe:

265 2446 378 2479 altero,
399 2445 512 2474 utilene
525 2464 534 2477 ,
552 2453 589 2473 aii
613 2442 719 2471 inutile
735 2451 739 2468 z
760 2447 865 2471 tertii),
888 2436 907 2466 si
927 2437 955 2466 id
970 2457 978 2470 ,
998 2436 1079 2477 quod
1091 2437 1216 2476 speciem

267 2488 386 2517 haberet
400 2485 517 2516 honesti
533 2505 541 2518 ,
559 2482 700 2525 pugnaret
717 2491 787 2511 cum
800 2490 836 2510 eo
848 2500 856 2513 ,
877 2479 957 2520 quod
977 2480 1049 2508 utile
1060 2478 1221 2511 videretur,

267 2528 425 2569 quomodo
435 2538 468 2558 ea
487 2527 613 2558 discerni
632 2532 799 2566 oporteret:
819 2522 854 2553 de
865 2521 982 2552 duobus
992 2520 1151 2561 generibus
1161 2521 1222 2560 pri-

309 2643 331 2661 ι.
352 2638 380 2660 In
389 2633 459 2660 ocni'is
469 2632 583 2666 civizum]
605 2632 636 2657 Ei
656 2629 815 2666 respondent
833 2638 891 2664 quae
902 2628 1046 2664 sequuntur
1059 2647 1066 2659 ,
1086 2629 1225 2660 conspee'lma

263 2672 438 2703 sceleratarum.
460 2678 517 2696 nani
539 2678 570 2695 ne
581 2668 652 2694 cives
671 2666 777 2703 quidem
798 2666 860 2693 illos
870 2665 997 2692 scelerum
1016 2663 1131 2690 servosa
1144 2662 1226 2689 seha-

1245 2627 1247 2669 l

271 2706 324 2732 beri
346 2706 484 2742 siguificat.
505 2713 556 2731 non
578 2703 649 2730 retste
667 2703 751 2738 igitur
767 2702 886 2738 Langius
905 2699 1103 2736 Lambinusque
1122 2698 1226 2726 censent
1246 2700 1247 2730 j

1246 2736 1248 2763 ’ζ
1266 2743 1316 2770 que
1328 2733 1430 2760 iliorum
1446 2731 1530 2758 Aldus
1542 2732 1633 2767 Nepos
1646 2740 1653 2761 5
1675 2730 1809 2756 habuerim
1822 2739 1869 2766 pro
1879 2728 1982 2765 spuriis.

308 2786 334 2802 2.
354 2781 477 2810 morere
487 2776 605 2810 parlim]
626 2775 759 2802 Pal-atinus
781 2783 822 2810 pr.
841 2776 964 2808 exlangore
976 2774 1069 2806 pariat.
1088 2780 1120 2798 nn
1141 2770 1226 2797 voluit
1247 2780 1248 2798 l
2019 2798 2023 2802 ι
2084 2798 2086 2801 r
2107 2796 2111 2801 .
2136 2796 2140 2801 .

1246 2800 1248 2829 ‘i
1267 2804 1316 2831 suis
1329 2805 1423 2832 Lamb.
1435 2804 1565 2843 restetque
1577 2804 1601 2829 in
1614 2803 1671 2828 Pal.
1684 2803 1710 2828 iri
1724 2803 1789 2829 122&
1800 2802 1834 2827 D.
1845 2801 1908 2827 'iterii
1920 2799 2041 2836 plurimis
2050 2795 2220 2827 Aldinis,nee

272 2741 413 2768 delendum
424 2746 454 2768 τὶ
465 2744 564 2767 chium.
585 2739 759 2765 Gulielmius.

273 2814 423 2848 exprimere
432 2814 442 2839 ?
461 2816 608 2845 exsmvgntre.

310 2856 336 2883 3.
357 2851 429 2874 anta
437 2852 498 2874 mim
506 2849 566 2881 qim,
575 2848 644 2881 &eff
664 2847 707 2873 Sic
716 2855 808 2873 omnes
818 2845 892 2871 libri.
915 2844 987 2871 recise
996 2844 1103 2880 opinor.
1124 2842 1227 2869 tametsi

274 2884 387 2911 mirifica
397 2884 426 2910 sit
437 2886 463 2910 ac
476 2883 613 2918 singularis
623 2883 702 2914 intio,
713 2892 771 2909 eum
784 2882 833 2908 hoc
842 2881 897 2917 ipsit>
907 2882 1034 2915 majorem
1044 2879 1148 2906 landem
1161 2879 1227 2905 usse-

274 2927 364 2946 cutuui
380 2938 387 2951 ‚
407 2919 477 2954 quod
488 2919 553 2946 nihil
572 2920 598 2946 'tn
610 2918 752 2946 solitudine
762 2917 905 2945 elaborarit
916 2917 1014 2953 operis.
1036 2915 1085 2942 esse
1096 2916 1165 2941 enini
1179 2916 1228 2941 hoc

272 2962 471 2991 argumentum,
481 2964 540 2980 eum
553 2955 608 2982 iola.
615 2955 778 2990 cogitatione
790 2961 884 2981 conten
890 2961 915 2980 tu
922 2963 944 2979 iii
950 2972 960 2985 ,,
970 2952 1036 2980 nihil
1046 2960 1172 2989 praetcrea
1182 2960 1227 2978 re-

272 2990 385 3030 quififfe.
405 2989 474 3026 quod
486 2989 590 3016 l'iimniae
600 2991 700 3026 ingenii
711 2989 864 3026 priestantiae
874 2988 930 3016 ests

308 3035 336 3060 4.
357 3031 409 3053 Non
415 3033 518 3059 par-ram
527 3027 731 3059 ceepeflationem]
756 3026 811 3053 Pal.
822 3035 862 3061 pr.
874 3027 1073 3058 existimationem.

310 3072 337 3097 ς.
356 3063 397 3089 Ad
405 3071 460 3096 quus
471 3061 520 3086 ciem
534 3068 648 3094 tanquam
658 3063 690 3087 ml
703 3063 890 3095 mercaturam.)
912 3061 957 3087 Pal
965 3081 970 3086 .
981 3070 1021 3096 pr.
1033 3062 1066 3086 ad
1074 3070 1133 3094 quie.

272 3117 275 3121 -
308 3099 337 3125 6.
356 3100 402 3131 Q}
411 3101 459 3124 Coie
469 3097 590 3137 Veneria]
610 3098 652 3125 lta
660 3104 730 3126 etam
741 3098 798 3125 Pal.
810 3107 853 3134 pr,
865 3097 906 3125 sed
918 3105 1043 3134 praeterea
1053 3097 1156 3125 adrexit
1167 3115 1176 3131 ‚
1186 3097 1228 3131 qui

271 3138 298 3163 In
307 3138 390 3169 templo
403 3137 450 3162 Coae
459 3134 562 3163 Veneris.
782 3140 784 3143 ·
1070 3151 1084 3155 .,
1100 3151 1103 3155 ,

1246 2834 1249 2956 l

1252 180 1311 209 mis
1323 199 1330 213 ‚
1345 179 1440 210 tribus
1458 179 1543 210 libris
1557 180 1734 219 explicavit:
1754 180 1791 212 de
1803 184 1890 214 tertio
1898 193 1995 216 autern
2007 195 2112 228 genere
2122 186 2211 219 dein-

1251 230 1319 260 ceps
1330 222 1358 251 se
1369 220 1478 261 scripsit
1488 220 1652 255 dffiiurum,
1670 222 1765 252 necid
1777 225 1916 259 exsolvit,
1932 230 2013 267 quod
2024 230 2211 268 promiserat.

1252 263 1342 302 Quod
1354 263 1390 293 eo
1401 266 1495 304 magis
1505 265 1603 293 miror
1613 283 1621 296 ‚
1637 265 1707 303 quia
1721 264 1863 303 scriptum
1874 267 1889 296 a
1899 267 2045 309 discipulo
2055 272 2118 311 ejus
2129 270 2212 302 Posi-

1252 305 1347 335 donio
1365 304 1427 338 est,
1450 306 1572 345 triginta
1591 315 1666 334 annu
1683 305 1786 343 vixiffi
1805 309 1958 337 Panaetium
1978 309 2151 354 pesteaquhm
2170 323 2211 342 ω,

1252 345 1335 392 libros
1353 345 1490 384 edidiffit.
1518 356 1610 387 quem
1632 347 1734 377 locum
1756 349 1852 378 miror
1870 349 1885 378 a
1906 349 2064 383 Posidonio
2083 355 2211 384 breviter

1253 387 1312 419 esse
1325 388 1437 418 tactum
1455 390 1488 418 in
1508 388 1686 429 quibusdam
1701 392 1927 420 commentariis
1942 403 1950 425 3
1971 394 2128 431 piaesertim
2138 396 2211 426 cum

1254 430 1359 460 scribat
1371 451 1379 463 ,
1391 431 1497 459 nullum
1507 430 1555 468 efflt
1564 429 1654 459 locum
1664 431 1692 459 in
1703 437 1764 460 tora
1772 431 1943 472 philosbphia
1954 440 2014 462 tam
2023 436 2208 473 neceffizrt'um.

1255 473 1386 502 minime
1398 471 1470 502 vero
1488 472 1627 502 assentior
1647 474 1685 501 iis
1698 493 1706 505 ‚
1726 476 1778 513 qui
1791 481 1919 513 negant,
1941 483 2011 504 eum
2022 476 2148 508 locuma
2159 482 2212 510 Pa-

1256 516 1347 543 naetio
1357 512 1586 554 pi·a·.termiss'um
1598 534 1607 547 ,
1629 513 1678 543 sed
1690 514 1829 544 consulto
1840 514 1978 546 relid'tum
1989 536 1997 550 ,
2017 527 2072 547 nec
2081 522 2212 550 omnino

1256 555 1447 586 scribendum
1468 554 1573 585 suifl'e:
1608 557 1677 595 quia
1700 565 1877 595 NUMQAM
1888 556 1982 596 poss’et
2011 560 2122 590 utilitas
2140 571 2211 592 cum

1257 596 1409 627 honestate
1430 607 1577 638 pugnare:
1594 597 1629 626 de
1651 607 1711 637 quo
1730 599 1854 628 alterum
1875 598 1972 638 potest
1981 601 2086 630 habere
2096 601 2214 633 dubita-

1255 641 1374 669 tionem
1387 659 1396 671 ,
1408 639 1654 669 adhibendumne
1664 639 1754 669 fuerit
1764 641 1821 670 hoc
1830 650 1924 680 genus
1936 661 1943 674 ,
1955 641 2036 681 quod
2049 644 2080 672 in
2092 641 2215 674 divisio-

1259 691 1296 710 ne
1307 683 1426 711 Panaetii
1444 683 1567 711 tertium
1588 679 1630 710 est
1650 701 1658 715 ‚
1687 691 1723 711 an
1741 682 1828 720 plane
1846 683 2069 713 omittendum:
2089 685 2215 716 alterum

1257 722 1387 752 dubitari
1398 733 1461 752 non
1471 722 1569 762 potest
1578 742 1586 756 ,
1608 724 1682 762 quin
1695 723 1709 753 ἐι
1721 725 1852 753 Panaetio
1863 724 2028 763 susceptum
2040 724 2073 756 sit
2084 745 2092 759 ‚
2114 725 2162 755 sed
2171 736 2217 756 re-

1256 764 1379 794 lifilum.
1402 775 1471 794 nam
1484 766 1534 805 qui
1545 766 1560 794 ἐ
1572 763 1719 794 divisione
1737 767 1881 804 tripartita
1892 785 1900 799 ‚
1922 766 1994 796 duas
2004 769 2110 806 parteis
2119 767 2217 798 absol-

1257 809 1344 839 verit,
1355 807 1424 836 huic
1438 804 1554 836 ncceffe
1565 805 1607 835 est
1619 805 1724 836 restare
1735 810 1862 837 tertiam.
1887 810 2024 839 Praeterea
2033 811 2065 838 in
2077 818 2218 840 extremo

1258 848 1336 877 libro
1346 857 1433 878 tertio
1453 848 1489 878 de
1511 849 1564 878 hac
1582 857 1663 887 parte
1687 848 1846 888 pollicetur
1858 849 1885 879 se
1897 849 2037 890 deinceps
2051 850 2108 880 csse
2118 850 2217 881 dietu-

1259 900 1337 919 rum.
1363 890 1485 920 Accedit
1494 889 1601 919 eodem
1611 889 1692 920 testis
1707 891 1848 930 locuples,
1863 890 2049 925 Posidonius,
2061 894 2112 933 qui
2124 895 2215 922 etiam

1259 932 1361 962 scribit
1370 934 1400 961 in
1412 932 1539 972 quadam
1553 931 1676 971 epistola
1687 951 1696 965 ,
1721 933 1861 962 Publium
1873 934 2026 963 Rutilium
2038 933 2157 964 Rufum
2169 935 2217 964 di-

1259 984 1323 1003 cere
1334 974 1426 1003 solere
1441 993 1448 1006 ‚
1472 976 1524 1014 qui
1534 976 1698 1004 Panaetium
1716 975 1867 1007 audierat,
1889 983 1920 1004 ut
1935 985 2028 1006 nemo
2039 975 2215 1015 pictoresi'et

1259 1019 1401 1045 inventus
1412 1035 1420 1048 ,
1446 1014 1461 1035 ⁶
1473 1017 1524 1056 qui
1540 1017 1609 1045 Coae
1620 1017 1747 1045 Veneris
1766 1026 1829 1045 eam
1839 1025 1950 1055 partem
1964 1037 1971 1050 ,
1996 1027 2084 1058 quam
2098 1018 2217 1057 Apelles

1258 1059 1430 1087 inchoatam
1450 1055 1631 1097 reliquisset,
1652 1056 1817 1088 absolveret
1837 1060 1910 1096 (oris
1931 1061 2012 1088 enirn
2024 1059 2215 1099 pulchritudo

1260 1100 1368 1139 reliqui
1386 1108 1520 1138 corporis
1538 1099 1679 1129 imitandi
1700 1099 1782 1138 spem
1802 1098 2036 1140 auferebat:)sic
2050 1111 2081 1131 ea
2093 1121 2100 1135 ‚
2122 1106 2136 1129 7
2148 1111 2214 1141 quae

1260 1143 1405 1171 Panaetius
1414 1139 1639 1180 praetermisiss'et
1652 1161 1662 1173 ,
1671 1141 1703 1170 &
1715 1150 1776 1170 non
1785 1139 1961 1180 perfecisset,
1972 1152 2088 1182 propter
2097 1152 2216 1176 eorum,

1258 1192 1324 1222 quae
1333 1181 1514 1222 perfecisset,
1537 1181 1731 1222 praestantiam
1745 1202 1753 1215 ,
1774 1186 1930 1212 neminem
1946 1182 2002 1213 esse
2013 1184 2213 1223 persecutum.

1260 1225 1466 1261 Quamobrem
1478 1224 1513 1254 de
1525 1224 1639 1264 judicio
1653 1224 1911 1254 Panaetiidubitari
1923 1235 1985 1255 riori
1997 1224 2094 1265 potest
2108 1225 2215 1255 :reere-
2236 1236 2249 1266 3

1260 1276 1298 1296 ne
1309 1276 1408 1297 autem
1433 1268 1506 1296 hanc
1527 1268 1643 1297 tertiam
1664 1276 1775 1306 partem
1795 1266 1829 1295 ad
1845 1268 2066 1307 exquirendum
2078 1266 2216 1297 officium

1260 1307 1451 1347 adjunxerit,
1465 1318 1501 1338 an
1514 1309 1606 1342 secus,
1620 1304 1633 1327 S
1643 1309 1723 1338 deeo
1736 1306 1851 1338 fortafl'e
1861 1308 2002 1349 disputari
2013 1308 2117 1349 potest.
2135 1311 2217 1339 Nam

1261 1348 1319 1380 five
1330 1349 1490 1380 honestum
1503 1370 1512 1384 ‚
1532 1350 1628 1380 solum
1654 1350 1769 1379 bonum
1782 1349 1824 1380 est
1839 1370 1848 1384 ,
1870 1359 1901 1380 ut
1911 1354 2018 1381 Stoicis
2028 1352 2137 1390 placet:
2159 1349 2217 1380 five

1260 1391 1341 1432 quod
1352 1392 1513 1422 honestum
1525 1391 1567 1422 est
1577 1412 1586 1425 ,
1611 1392 1642 1422 id
1654 1394 1693 1422 ita
1706 1392 1861 1421 summurn
1872 1392 1988 1422 bonum
2001 1393 2041 1423 est
2054 1412 2061 1426 ‚
2073 1392 2218 1433 quemad-

1262 1434 1390 1464 modum
1407 1438 1423 1460 9
1435 1436 1634 1473 Peripateticis
1654 1432 1757 1463 vestris
1771 1434 1888 1463 videtur
1900 1453 1908 1466 ,
1929 1443 1959 1463 ut
1967 1437 2071 1464 omnia
2081 1444 2119 1464 ex
2130 1435 2218 1465 altera

1261 1485 1338 1515 parte
1348 1476 1492 1506 collocata
1504 1495 1511 1509 ,
1523 1477 1576 1504 vix
1587 1478 1710 1504 minimi
1723 1477 1873 1504 momenti
1884 1474 1972 1505 instar
1983 1477 2116 1505 habeant:
2127 1475 2217 1505 dubi-

1260 1517 1383 1547 tandum
1397 1527 1459 1546 non
1470 1517 1511 1546 est
1521 1536 1528 1550 ‚
1550 1518 1624 1556 quin
1634 1526 1675 1545 Nu
1682 1525 1810 1553 MQJAM
1822 1514 1906 1555 poffit
1917 1517 2027 1547 utilitas
2038 1527 2106 1547 cum
2120 1517 2217 1546 hone-

1261 1558 1330 1588 state
1347 1559 1538 1587 contendere.
1571 1561 1672 1597 ltaque
1691 1560 1859 1597 accepimus
1870 1578 1881 1590 ,
1898 1561 2048 1588 sociarem
2071 1558 2214 1588 exsecrari

1261 1600 1385 1629 solitum
1396 1608 1457 1633 eos,
1472 1602 1521 1640 qui
1534 1600 1668 1638 primum
1681 1600 1741 1628 haec
1753 1608 1853 1629 natura
1863 1601 2054 1633 cohaerentia,
2065 1601 2212 1639 opinione

1261 1639 1468 1671 disti-axiss’ent.
1493 1641 1680 1681 Cuiquidem
1693 1643 1731 1669 ita
1742 1639 2018 1671 suntStoiciass'ensi
2029 1661 2037 1674 ,
2058 1651 2089 1671 ut
2101 1661 2109 1674 ,
2125 1641 2217 1681 quid-

1261 1683 1333 1723 quid
1355 1682 1513 1712 honestum
1534 1682 1601 1712 esl'et
1617 1703 1625 1716 ,
1653 1682 1683 1711 id
1703 1683 1774 1711 utile
1795 1680 1852 1711 effe
1874 1683 2045 1712 censerent:
2067 1692 2122 1712 nec
2143 1682 2215 1712 utile

1262 1724 1423 1764 quidquam
1437 1743 1444 1756 ,
1456 1724 1537 1764 quod
1548 1734 1608 1753 non
1619 1722 1788 1753 honestum.
1813 1721 1903 1763 de
1915 1722 1932 1752 si
1945 1726 1968 1753 is
1977 1722 2214 1757 ess'etPanaetius,

1260 1766 1311 1805 qui
1332 1774 1473 1795 virtutem
1485 1774 1637 1805 propterea
1653 1764 1809 1794 colendam
1823 1765 1932 1795 diceret
1948 1785 1956 1798 ,
1977 1765 2097 1806 ¹0quod
2109 1775 2140 1795 ea
2150 1763 2218 1794 effi-

1263 1809 1346 1837 ciens
1358 1808 1493 1837 utilitatis
1504 1807 1585 1840 effen
1597 1809 1670 1840 urii,
1684 1807 1734 1846 qui
1749 1815 1793 1835 res
1804 1807 1982 1846 expetendas
1993 1808 2041 1836 vel
2055 1807 2216 1846 voluptate,

1263 1849 1310 1878 vel
1323 1849 1489 1879 'indolentia
1499 1851 1665 1879 metiuntur
1677 1859 1682 1876 z
1694 1849 1794 1877 liceret
1805 1850 1833 1878 ei
1843 1849 1981 1881 dicere,¹¹
1995 1849 2152 1879 utilitatem
2162 1849 2218 1878 ali-

1263 1891 1383 1932 quando
1404 1901 1474 1921 cum
1495 1890 1646 1921 honestate
1664 1899 1803 1930 pugnare.
1827 1890 1904 1923 Sed,
1923 1890 1994 1919 cum
2015 1889 2047 1920 sit
2057 1893 2101 1924 is,
2119 1892 2170 1930 qui
2183 1889 2216 1920 id

1262 1933 1360 1963 solum
1374 1933 1489 1963 bonum
1498 1933 1611 1972 judicet
1622 1953 1629 1965 ‚
1641 1932 1722 1973 quod
1736 1931 1895 1962 honestum
1907 1930 2025 1972 sit1quae
2035 1941 2132 1963 autem
2147 1932 2217 1961 huic

1262 1985 1426 2015 repugnent
1437 1976 1531 2015 specie
1539 1974 1665 2016 quadam
1679 1974 1825 2005 utilitatis,
1837 1983 1944 2004 eorum
1956 1984 2052 2015 neque
2061 1971 2218 2004 acceffione

1263 2018 1423 2047 meliorem
1437 2020 1528 2047 vitam
1542 2018 1603 2047 fieri
1618 2036 1626 2048 ‚
1651 2026 1705 2046 nec
1716 2014 1882 2045 deceffione
1895 2017 2047 2055 pejorem:
2061 2025 2123 2045 non
2134 2014 2219 2044 vide-

1263 2069 1309 2089 tur
1321 2059 1471 2095 ejusmodi
1481 2056 1613 2089 debuiss‘e
1624 2057 1872 2087 deliberationem
1884 2057 2071 2088 introducere
2083 2078 2091 2090 ‚
2107 2059 2138 2086 in
2151 2065 2222 2097 qua»

1263 2100 1344 2142 quod
1358 2102 1429 2131 utile
1440 2102 1606 2133 videretur,
1628 2109 1697 2129 cum
1710 2109 1746 2129 eo
1758 2118 1766 2132 ,
1786 2099 1868 2139 quod
1880 2098 2038 2129 honestum
2052 2099 2093 2129 est
2103 2119 2111 2132 ,
2131 2108 2220 2128 com-

1262 2151 1420 2183 pararetur.
1444 2145 1563 2173 Etenim
1576 2143 1656 2182 quod
1666 2142 1821 2171 summum
1834 2141 1948 2170 bonum
1960 2141 1975 2170 Ei
1985 2143 2091 2171 Stoicis
2102 2140 2222 2172 dicitur,

1264 2188 1530 2215 CONVENiENTER
1550 2193 1658 2214 natur-‚z
1679 2185 1795 2212 vivere:
1822 2182 1851 2212 id
1861 2182 2032 2212 babetlianc
2043 2184 2086 2221 (ur
2097 2182 2220 2221 opinor)

1264 2227 1441 2257 sententiam
1453 2246 1462 2259 ‚
1484 2236 1554 2256 cum
1565 2227 1672 2255 virtute
1681 2234 1844 2265 congruere
1855 2224 1978 2263 semper:
1991 2233 2096 2254 caetera
2105 2232 2216 2256 autem,

1263 2279 1328 2309 quae
1342 2268 1505 2298 secundum
1520 2277 1653 2297 naturam
1666 2265 1758 2296 ess'ent
1767 2285 1774 2298 ‚
1795 2268 1833 2296 ita
1845 2266 1939 2306 legere
1951 2286 1958 2299 ,
1969 2265 1988 2295 si
1999 2276 2032 2296 ea
2044 2267 2144 2295 virtuti
2155 2273 2219 2294 non

1264 2318 1469 2351 repugnarent·
1502 2309 1592 2350 Qod
1613 2307 1682 2338 cum
1706 2309 1745 2338 ita
1767 2306 1800 2337 sit
1818 2327 1826 2340 ,
1860 2317 1964 2347 putant
1982 2308 2101 2348 quidam
2115 2326 2122 2340 ‚
2146 2308 2220 2336 hanc

1263 2354 1520 2391 comparationem
1543 2360 1604 2381 non
1624 2349 1705 2380 reSte
1726 2349 1925 2379 introduaarn
1939 2370 1946 2383 ‚
1970 2359 2026 2379 nec
2039 2350 2169 2379 omnino
2182 2347 2218 2378 de

1263 2404 1299 2423 eo
1310 2403 1415 2434 genere
1425 2393 1590 2433 quidquam
1600 2391 1835 2431 praecipiendum
1845 2389 1940 2420 fuisse.
1957 2394 2054 2431 Atque
2068 2390 2142 2420 illud
2154 2391 2223 2430 qui-

1264 2435 1333 2465 dem
1345 2434 1506 2476 honestum
1520 2454 1528 2468 ,
1547 2433 1627 2474 quod
1645 2433 1765 2473 proprie
1780 2453 1788 2465 ,
1807 2442 1933 2473 vereque
1944 2433 2052 2462 dicitur
2062 2452 2070 2465 ,
2093 2431 2123 2461 id
2134 2433 2165 2461 in
2179 2430 2220 2461 sii-

1263 2476 1416 2517 pientibus
1425 2475 1467 2506 est
1477 2476 1547 2506 solis
1558 2497 1566 2509 ‚
1589 2485 1684 2515 neque
1695 2478 1709 2504 a
1720 2477 1828 2504 virtute
1839 2474 2100 2514 divelli-umquam
2112 2471 2222 2513 potest,

1266 2521 1297 2549 in
1310 2520 1346 2548 iis
1356 2527 1456 2549 autem
1469 2538 1477 2552 ‚
1496 2519 1529 2547 in
1547 2516 1657 2558 quibus
1674 2517 1815 2556 sapientia
1834 2515 1964 2556 persedita
1973 2526 2034 2546 non
2044 2515 2104 2550 est,
2121 2514 2218 2554 ipsum

1964 2581 1976 2591 .,
2146 2555 2221 2586 illud

1301 2634 1328 2659 7.
1348 2626 1403 2658 Qae
1410 2627 1534 2650 Tanaim
1540 2624 1712 2656 [intermisisti-t
1721 2622 1750 2651 <ly
1758 2631 1803 2647 nim
1810 2621 1964 2655 perfeciffit.]
1977 2618 2099 2646 Prodidit
2109 2620 2148 2646 M.
2159 2619 2218 2645 An-

1267 2663 1355 2688 tonius
1368 2663 1469 2687 Muret.
1480 2660 1527 2686 lib.
1540 2669 1588 2686 xv.
1608 2668 1661 2694 cap.
1673 2667 1702 2693 9,
1724 2658 1825 2684 var'iar.
1837 2657 1899 2683 left.
1920 2664 1972 2683 tres
1991 2655 2132 2690 postremas
2143 2662 2222 2680 voces

1266 2708 1316 2724 riou
1329 2706 1479 2733 comparere
1491 2696 1516 2722 iii
1529 2705 1580 2722 uno
1592 2694 1638 2720 ms.
1650 2694 1704 2720 suo.
1716 2693 1785 2730 quod
1797 2694 1866 2720 idem
1877 2694 1938 2719 cuin
1951 2691 2089 2718 confirmet
2097 2690 2129 2716 de
2139 2688 2219 2725 quin-

1303 2769 1330 2796 δ’.
1349 2773 1381 2796 De
1391 2779 1412 2794 eo
1421 2769 1518 2801 fhrtaffe
1534 2767 1761 2800 disputas-iponem]
1783 2767 1855 2792 Cum
1868 2765 1900 2791 {ic
1918 2761 2082 2790 invenci-itin
2094 2759 2217 2787 omnibus

1267 2851 1318 2868 non
1330 2841 1478 2868 editionum
1490 2840 1620 2875 principe,
1631 2837 1694 2873 quid
1707 2838 1730 2864 ni
1742 2837 1770 2864 id
1780 2837 1959 2865 admittamus,
1972 2831 2078 2860 excluso
2090 2833 2198 2858 dubitari
2208 2836 2222 2858 ,2-

1301 2886 1330 2912 9.
1341 2877 1508 2910 'Peripateticis
1518 2875 1629 2908 vastum]
1642 2875 1729 2907 Nostris
1739 2874 1802 2900 olim
1814 2872 1887 2899 editi.
1900 2869 1940 2896 sed
1951 2870 2062 2896 alterum
2075 2866 2220 2903 praeferunt

1267 2914 1334 2939 Pall.
1346 2915 1409 2940 item
1421 2913 1525 2948 aliquot
1537 2910 1640 2938 Aldiiii.
1661 2909 1723 2944 quid
1735 2908 1805 2944 quod
1817 2908 1849 2934 fic
1858 2914 1962 2942 quoque
1974 2904 2130 2930 Viffiorius?

1311 2959 1352 2976 ιο,
1381 2951 1438 2975 wod
1455 2958 1482 2974 ca
1492 2949 1586 2981 efficiens
1596 2945 1711 2973 miniatis
1727 2944 1804 2978 estha]
1826 2943 1881 2969 Pal.
1893 2950 1934 2977 pr.
1945 2940 2030 2967 solum
2042 2939 2136 2966 habet:
2158 2940 2218 2974 quod

1268 2988 1302 3012 ef!
1311 2997 1320 3011 c
1338 2988 1408 3012 icit-ns
1418 2985 1547 3010 utilitatis.
1993 2979 1999 2984 '

1307 3031 1346 3048 ii.
1369 3023 1501 3046 Utilitatem
1510 3018 1638 3053 aliquando
1652 3024 1702 3041 cum
1719 3016 1834 3047 honestate
1847 3013 1980 3047 pugnare]
2002 3013 2066 3039 Non
2079 3010 2152 3038 ausus
2164 3009 2220 3037 sum

1267 3057 1410 3085 excludere
1421 3057 1572 3091 scripturam
1585 3051 1728 3078 Palatinam
1743 3070 1750 3081 ,
1769 3049 1911 3085 praelertini
1924 3059 1985 3075 cum
1997 3049 2020 3074 ci
2032 3048 2221 3083 suffragaretur

1267 3094 1351 3121 editio
1362 3094 1484 3119 Romana
1492 3089 1653 3125 priiicepS,&
1665 3085 1857 3117 vieini-iani&
1868 3086 1944 3112 decas
1958 3084 2082 3111 mumldi
2093 3083 2219 3121 Nepotis.

1245 3123 1250 3164 l
1267 3131 1311 3158 alii
1322 3127 1513 3165 expreffemnt,
1522 3126 1659 3159 honestatem
1667 3123 1794 3159 aliqnando
1803 3132 1853 3150 cuni
1861 3125 1969 3150 utilitate
1974 3129 2089 3156 pugnare.

2156 3157 2217 3182 idn
