2316 3395
212 143 313 203 ’ῖς-4.
653 132 1154 184 MTunnrr

1234 131 1763 180 thunouts

214 217 332 248 dicium
341 235 349 250 ‚
370 211 689 255 reprehensionemque
709 210 876 251 pertimuit.
910 211 953 239 Ita
964 208 996 239 Sc
1006 207 1104 240 doffis
1115 207 1181 238 elo·
1201 213 1207 241 l
1224 208 1390 240 oratoribus
1401 218 1518 239 nomen
1527 207 1706 240 habuerunt.
1735 208 1793 240 Sed
1802 209 1997 250 quaerendum
2007 209 2050 241 est
2061 230 2070 245 ,
2082 210 2188 243 fatiffie

181 267 205 299 4
218 260 340 301 quentia
349 257 499 299 popularis
513 276 519 288 2
532 256 564 285 ὃς
573 254 689 284 disertis
698 253 815 292 elegans
826 250 962 281 doc-'trina
972 249 1078 280 defuit.
1102 247 1181 281 Posi-

220 311 287 332 tum
298 299 428 341 fitigitur
436 301 469 328 iii
478 298 593 338 primis,
607 294 699 336 (quod
709 293 775 333 post
785 295 878 335 magis
889 292 1083 335 intelligetur)
1099 295 1182 323 SiNE

222 351 450 375 PHtLOSOPHIA
468 349 532 369 non
542 336 624 378 posse
635 334 712 366 effici
724 355 732 369 ,
745 345 837 376 quem
846 336 1008 375 quaerimus
1018 355 1026 368 ‚
1037 335 1184 375 eloquen-

224 394 286 416 tem
301 396 306 413 ¹.
330 393 394 414 non
405 384 478 412 utin
488 390 520 410 ea
529 389 629 410 tamen
639 379 746 408 omnia
755 375 811 407 lint
821 397 829 411 ,
843 376 890 408 sed
902 385 935 407 ut
946 375 982 406 sic
993 376 1114 417 adjuvet
1123 395 1132 409 ,
1153 383 1185 405 ut

225 425 358 468 palaestra
376 423 567 454 histrionem.
589 430 678 461 parva
697 421 781 449 enini
799 420 916 460 magnis
935 419 1009 459 saepe
1026 416 1187 449 refflffime

224 467 430 499 conferuntur.
454 473 524 494 nam
536 473 591 492 nec
599 463 687 492 latius
699 481 707 495 ,
719 471 776 491 nec
783 459 932 501 copiofius
942 461 978 493 de
989 462 1106 503 magnis
1117 480 1125 494 ,
1137 469 1190 490 va-

224 510 334 550 riisque
353 508 439 538 rebus
458 505 518 535 sine
536 505 727 545 philosophia
737 503 833 544 potest
842 504 998 544 quisquam
1009 503 1117 533 dicere.
1144 502 1190 532 Si-

226 552 351 593 quidem
368 550 457 579 etiam
477 558 510 578 111
524 547 647 577 Phaedro
659 546 791 577 Platonis
801 546 859 575 hoc
870 545 1013 576 Periclem
1024 541 1191 585 praestitiss'e

226 594 330 624 ceteris
338 591 412 622 dicit
421 589 587 620 oratoribus
597 591 728 619 Socrates
739 607 748 621 ,
760 587 841 628 quod
853 589 877 617 is
887 589 1069 627 Anaxagorae
1081 584 1192 626 physici

227 634 318 665 fuerit
327 633 445 664 auditor
457 643 462 660 ;
482 631 497 661 Ξ1
507 641 569 672 (1110
579 630 696 663 censet,
717 639 787 660 eum
800 650 808 664 ,
819 628 892 660 cum
902 629 959 660 3113
966 629 1102 669 praeclara
1112 636 1192 668 (11131-

227 676 310 709 dam,
325 676 357 706 &
368 671 527 716 magnifica
537 670 696 705 didicisset,
708 671 844 705 uberem,
860 671 893 701 δε
904 670 1083 701 foecundum
1093 668 1192 703 furffe,

228 727 414 761 gnarumque
437 714 530 757 [quod
550 714 592 745 est
611 715 791 754 eloquentia:
806 713 991 753 niaximum)
1007 713 1117 753 quibus
1129 721 1195 742 ora·
1213 719 1215 728 ¹

228 762 321 792 tionis
333 758 449 792 modis,
469 767 593 798 quaeque
612 757 787 786 animorum
796 765 891 796 partes
901 755 1091 795 pellerentur.
1113 752 1195 794 quod
1214 759 1215 763 ¹

229 803 312 833 idem
325 801 360 832 de
372 798 579 830 Demosthene.
595 797 761 829 existimari
771 797 883 838 potest:
906 798 992 834 cuius
1002 806 1041 827 ex
1061 795 1195 836 epistolis

227 845 326 875 intelli
350 843 440 873 ilicet
448 861 456 876 ,
469 841 560 882 quam
572 839 711 881 frequens
722 839 813 870 suerit
823 840 953 870 Platonis
963 838 1092 869 auditor.
1129 840 1160 867 N
1164 847 1196 867 ec

228 885 302 917 vero
322 854 382 915 &ne
400 884 652 925 philosophorum
675 881 831 922 disciplina
840 901 848 915 ‚
873 890 967 923 genus
978 901 986 913 ,
1013 881 1046 910 &
1066 881 1195 920 speciem

229 927 374 968 cujusque
384 928 427 956 rei
438 935 558 956 cernere
570 945 578 959 ,
591 934 688 965 neque
697 934 762 953 eam
774 922 951 954 definiendo
961 924 1107 962 explicare
1120 943 1127 955 ‚
1142 931 1197 952 nec

231 965 363 1002 tribuere
372 970 404 999 in
414 970 520 1009 parteis
530 965 687 1007 poss'umus
699 976 704 995 :
726 965 919 1005 necjudicare
929 986 938 998 ‚
953 975 1020 1006 quae
1030 974 1097 995 vera
1108 985 1116 998 ,
1132 973 1198 1005 quae

229 1012 302 1044 falsa
311 1010 384 1045 sint,
399 1020 496 1051 neque
505 1018 624 1040 cernere
633 1008 846 1049 consequentia
855 1028 864 1041 ‚
881 1009 1075 1049 repugnantia
1083 1006 1196 1046 videre,

232 1054 373 1095 ambigua
390 1052 580 1093 distinguere.
614 1050 696 1091 Qid
705 1049 805 1080 dicam
817 1049 854 1079 de
865 1057 970 1078 natura
979 1058 1071 1078 rerum
1081 1069 1090 1082 ,
1113 1049 1198 1088 cujus

232 1097 368 1142 cognitio
379 1103 520 1135 magn-‚un
531 1094 676 1123 orationis
688 1091 854 1132 suppeditat
863 1101 981 1131 copiam
994 1111 1002 1125 ,
1023 1091 1060 1121 de
1069 1093 1131 1121 vita
1141 1111 1150 1124 ,
1162 1091 1199 1120 de

234 1138 355 1171 officiis,
369 1137 404 1167 de
415 1145 525 1166 Virtute
535 1155 542 1168 ‚
556 1135 592 1164 de
603 1134 740 1164 moribus
753 1154 761 1167 ,
783 1132 844 1163 fine
854 1135 949 1163 multa
957 1143 1058 1163 earum
1069 1133 1200 1172 ipsarum

193 1188 216 1221 5
235 1190 336 1211 rerum
346 1179 503 1218 disciplina
515 1197 523 1210 ‚
541 1186 590 1207 aut
599 1176 657 1206 dici
669 1196 676 1210 ,
688 1185 738 1206 aut
747 1176 877 1216 intelligi
888 1174 1004 1215 potest?
1026 1175 1073 1205 Ad
1083 1177 1133 1204 has
1143 1183 1199 1208 tot,

235 1221 385 1262 tantasque
411 1230 456 1250 res
486 1218 656 1249 adhibenda
672 1218 741 1248 sunt
758 1226 935 1248 ornamenta
956 1217 1201 1249 innumerabilia,

234 1274 300 1306 quae
313 1264 373 1293 sola
383 1271 448 1292 tum
460 1262 584 1302 quidem
595 1260 782 1290 tradebantur
791 1259 827 1290 ab
838 1261 887 1293 iis,
900 1261 952 1300 qui
962 1259 1083 1289 dicendi
1093 1268 1202 1288 nume—

234 1306 374 1337 rabantur
386 1302 532 1345 magistri.
556 1305 626 1343 Qo
639 1301 672 1332 fit
683 1323 691 1336 ,
715 1311 747 1332 ut
756 1311 857 1331 veram
867 1302 951 1331 iilam
963 1321 972 1334 ,
991 1301 1023 1331 Sc
1034 1301 1203 1331 absolutam

238 1348 446 1388 eloquentiam
456 1355 549 1375 nemo
558 1345 765 1385 consequatur,
776 1342 858 1384 quod
869 1344 925 1373 alia
934 1342 1136 1383 intelligendi,
1149 1343 1205 1372 alia

235 1388 359 1421 dicendi
377 1388 536 1428 disciplina
552 1385 613 1417 est:
637 1386 713 1416 &ab
730 1386 796 1415 aliis
816 1395 915 1415 rerum
928 1404 936 1418 ‚
959 1385 995 1414 ab
1013 1387 1078 1415 aliis
1095 1384 1205 1414 verbo—

237 1441 308 1462 rum
321 1430 460 1461 do&rina
469 1430 619 1470 quaeritui·.
634 1430 735 1468 Itaque
746 1430 790 1457 M.
801 1429 964 1460 Antonius,
976 1428 1024 1457 cui
1035 1429 1084 1456 vei
1093 1428 1204 1466 primas

237 1474 418 1515 eloquentia:
438 1481 555 1512 patrum
574 1469 748 1501 nostrorum
768 1469 915 1499 tribuebat
932 1478 1018 1502 aetas,
1039 1470 1085 1499 vir
1102 1477 1205 1498 natura
1223 1481 1225 1506 ς
1244 1470 1289 1500 ses
1300 1466 1372 1499 vero
1382 1468 1520 1499 funditus
1530 1468 1780 1508 repudiaverunt:
1799 1479 1930 1510 quorum
1942 1471 2056 1510 semper
2066 1469 2124 1500 fuit
2134 1480 2206 1510 pru-

236 1523 394 1557 peracutus
404 1534 412 1548 ‚
433 1514 466 1543 &
475 1512 606 1553 prudens
615 1532 623 1545 ,
648 1513 681 1541 in
689 1522 726 1542 eo
736 1511 816 1542 libro
827 1530 835 1545 ,
859 1520 952 1552 quem
962 1521 1059 1542 unum
1071 1511 1202 1551 reliquit,
1223 1514 1224 1518 ’

235 1560 406 1589 Dismaros
424 1558 464 1585 ait
483 1556 510 1585 se
530 1553 636 1585 vidisse
646 1554 760 1584 multos
772 1573 779 1587 ,
800 1553 996 1594 eloquentem
1008 1554 1140 1582 omnino
1150 1562 1205 1581 ne-

238 1601 368 1630 minem.
401 1595 549 1628 Insidebat
559 1596 700 1626 videlicet
710 1598 742 1625 in
751 1596 815 1635 ejus
827 1603 928 1625 mente
940 1596 1048 1635 species
1059 1595 1205 1635 eloquen-

237 1643 297 1676 tiae,
309 1650 400 1682 quam
411 1639 549 1669 cernebat
555 1640 660 1668 animo
671 1658 678 1672 ‚
700 1648 728 1668 re
739 1638 798 1678 ipsa
808 1647 873 1667 non
884 1637 1012 1667 videbat.
1041 1639 1095 1667 Vir
1103 1646 1203 1667 autern

237 1686 387 1715 acerrimo
406 1683 531 1723 ingenio
550 1679 600 1720 (sic
611 1682 695 1710 enim
708 1679 777 1721 fuit)
791 1680 886 1709 multa
897 1679 929 1709 &
938 1681 971 1708 in
981 1680 1009 1709 se
1020 1699 1028 1712 ‚
1050 1679 1128 1709 &in
1138 1679 1204 1708 aliis

229 1724 404 1756 ⁴desiderans
416 1744 424 1757 ‚
451 1725 609 1753 neminem
629 1722 715 1763 plane
727 1742 736 1756 ‚
757 1720 900 1763 6111116616
910 1721 1049 1761 appellari
1058 1722 1203 1761 eloquens

238 1765 351 1809 posset,
371 1766 502 1796 videbat.
534 1763 625 1805 Qod
645 1763 665 1794 si
684 1765 736 1794 ille
747 1774 802 1794 nec
812 1764 840 1793 se
853 1783 862 1797 ,
883 1773 939 1793 nec
949 1766 984 1793 L.
997 1761 1131 1793 Craffum
1140 1766 1206 1792 elo-

239 1817 385 1852 quentem
403 1809 536 1848 putavit:
558 1807 661 1837 habuit
678 1804 815 1846 proferiti>
834 1806 1081 1845 comprehensam
1101 1807 1205 1835 animo

238 1851 391 1893 quandam
400 1850 532 1880 formam
545 1849 741 1889 eloquentiae,
765 1849 814 1879 cui
835 1849 978 1888 quoniam
995 1847 1075 1878 nihil
1096 1847 1203 1881 deerat,

240 1903 306 1927 eos,
318 1892 428 1934 quibus
438 1891 563 1932 aliquid,
574 1901 623 1921 3111
631 1891 716 1931 plura
725 1891 863 1922 deerant,
879 1890 911 1919 in
922 1900 987 1920 eam
998 1889 1130 1920 sormam
1142 1899 1206 1919 non
1225 1909 1227 1919 ,

238 1944 354 1977 poterat
362 1934 526 1965 includere.
549 1933 769 1974 Investigemus
779 1933 860 1962 hunc
868 1933 958 1973 igitur
968 1952 976 1966 ‚
991 1935 1078 1962 Brute
1088 1952 1096 1965 ,
1109 1930 1129 1960 si
1138 1932 1206 1971 pos-

242 1978 344 2009 sumus
354 1997 362 2011 ‚
383 1985 475 2017 quem
486 1985 653 2016 numquam
663 1974 740 2005 vidit
750 1976 902 2004 Antonius
913 1993 921 2007 ,
940 1984 991 2004 3111
1007 1976 1059 2015 qui
1073 1975 1206 2003 omnino

241 2020 345 2051 nullus
356 2027 502 2059 uniquam
513 2016 583 2051 fuit,
595 2026 687 2058 quem
698 2015 718 2046 si
729 2018 853 2049 imitari,
865 2026 952 2056 atque
962 2018 1130 2056 exprimere
1141 2025 1207 2045 non

239 2059 397 2102 possumus
409 2081 418 2093 ,
429 2059 510 2100 quod
521 2059 603 2090 idern
614 2059 665 2088 1116
676 2061 730 2089 vix
740 2061 809 2089 Deo
820 2056 994 2088 concessum
1005 2057 1063 2088 effe
1072 2057 1187 2088 dicebat
1201 2068 1206 2087 ;

241 2113 271 2134 31
282 2103 378 2144 qualis
387 2100 445 2132 effe
455 2101 560 2131 debeat
569 2121 577 2135 ‚
595 2102 762 2141 poterimus
781 2098 898 2129 fortasse
916 2099 1024 2130 dicere.
1056 2102 1128 2130 Tria
1138 2100 1206 2130 sunt

243 2146 377 2175 omnino
386 2153 494 2185 genera
503 2142 643 2176 dicendi,
666 2142 776 2182 quibus
787 2143 820 2170 in
829 2140 951 2182 singulis
962 2141 1085 2181 quidam
1097 2140 1208 2170 florue—

244 2195 315 2217 runt
327 2197 332 2215 :
343 2184 480 2226 peraeque
490 2194 591 2214 31116111
604 2183 646 2223 (id
656 2183 738 2225 quod
746 2183 901 2223 volumus)
910 2185 1050 2222 perpauci
1060 2185 1092 2212 in
1103 2184 1208 2212 omni—

242 2228 313 2260 bus.
337 2230 418 2258 Nam
430 2227 462 2256 &
468 2226 665 2268 grandiloqui,
678 2234 710 2255 ut
720 2227 759 2255 ita
768 2224 865 2254 dicam
877 2244 885 2257 ,
897 2224 1019 2254 suerunt
1028 2234 1100 2253 611111
1109 2224 1209 2264 ampla

244 2271 279 2301 &
299 2270 513 2300 sententiarum
526 2270 666 2309 gravitate
676 2287 685 2301 ‚
710 2267 743 2298 &
754 2267 812 2306 maj
816 2265 902 2296 estate
911 2265 1075 2295 verborum
1085 2285 1094 2299 ‚
1117 2267 1209 2295 velie—

244 2320 373 2344 mentes,
384 2312 467 2344 vai·ii‚
479 2308 601 2349 copiosi,
612 2319 712 2350 graves
724 2320 729 2338 :
748 2308 782 2339 ad
792 2307 1027 2348 permovendos,
1039 2307 1071 2337 sse
1080 2317 1209 2337 conver—

244 2353 353 2385 tendos
365 2361 483 2383 animos
494 2350 631 2381 instru&i
642 2371 650 2385 ‚
673 2351 706 2381 &
715 2359 815 2390 parati.
838 2349 919 2390 quod
931 2349 1030 2389 ipsum
1040 2350 1091 2379 3111
1100 2349 1208 2389 aspera,

244 2393 455 2429 tristi‚horrida
465 2395 611 2427 oratione,
623 2403 720 2434 neque
731 2391 871 2433 perrefita,
882 2401 978 2431 neque
988 2391 1127 2421 conclusa
1139 2401 1144 2419 :
1157 2391 1208 2420 alii

246 2439 307 2469 levi
319 2457 328 2471 ‚
350 2438 382 2467 &
394 2434 537 2466 instrutta
547 2455 556 2469 ,
577 2435 611 2465 &
620 2436 793 2466 terminata:
820 2437 857 2464 Et
867 2433 972 2463 contra
991 2440 1082 2462 tennes
1092 2453 1100 2467 ‚
1120 2435 1208 2466 acuti,

249 2481 357 2510 omnia
365 2479 507 2509 docentes
517 2498 525 2510 ‚
536 2478 569 2507 &
579 2476 758 2507 dilucidiora
768 2496 777 2510 ,
798 2485 861 2505 non
870 2476 1017 2515 ampliora
1028 2495 1036 2509 ‚
1056 2473 1209 2509 facientes,

210 2529 231 2561 6
251 2521 351 2553 subtili
361 2520 502 2562 quadam,
514 2520 546 2550 &
557 2518 649 2559 presta
658 2521 794 2549 oratione
805 2518 912 2548 limati.
935 2520 973 2546 In
983 2517 1151 2557 eodemque
1160 2527 1211 2557 ge-

250 2573 320 2595 nere
339 2563 390 2594 alii
403 2561 520 2595 callidi,
541 2561 591 2592 sed
601 2561 735 2602 impoliti
745 2581 753 2594 ,
776 2561 808 2590 &
819 2557 958 2590 consulto
967 2558 1090 2588 rudium
1101 2557 1212 2588 similes

251 2606 505 2645 &imperitorum
519 2613 524 2632 :
546 2604 640 2634 aliiin
650 2603 754 2633 eadem
761 2603 802 2643 jej
807 2603 919 2632 unitate
928 2602 1140 2631 concinniores
1154 2621 1163 2633 ,
1181 2599 1212 2630 id

250 2646 294 2678 est
306 2646 402 2680 faceti,
414 2644 556 2675 florentes
568 2647 668 2679 etiam⁷
682 2646 714 2675 ὅ(
724 2645 831 2675 leviter
839 2645 948 2674 ornati.
976 2641 1028 2672 Est
1036 2651 1136 2673 autem
1146 2644 1213 2683 qui—

251 2689 320 2720 dam
330 2686 515 2728 interjeehis,
528 2689 604 2717 inter
613 2688 668 2718 hos
678 2686 796 2717 medius
807 2697 812 2715 :
825 2687 858 2716 ὅ(
867 2683 946 2726 quasi
956 2692 1146 2724 temperatus,
1158 2694 1214 2714 nec

251 2732 390 2762 acumine
400 2728 598 2770 posteriorum
609 2749 618 2763 ,
630 2739 684 2759 nec
694 2728 826 2759 fulmine
836 2737 922 2759 utens
932 2728 1117 2767 superiorum
1129 2746 1137 2760 ,
1158 2729 1167 2745 ¹
1181 2734 1214 2756 ut

252 2775 362 2804 cinnus
371 2771 544 2804 amborum,
557 2772 588 2800 in
599 2780 705 2801 neutro
716 2771 881 2803 excellens,
894 2769 1046 2809 utriusque
1056 2770 1212 2809 particep53

250 2815 300 2845 vel
311 2814 463 2855 utriusque
473 2811 507 2852 [si
516 2823 622 2843 verum
633 2814 808 2854 quaerirnus)
817 2814 918 2853 potius
928 2820 1041 2851 expers.
1055 2811 1139 2851 Isque
1151 2820 1214 2840 uno

253 2865 370 2890 tenore,
382 2865 415 2886 ut
425 2855 518 2894 ajunt,
534 2857 566 2884 in
577 2855 706 2885 dicendo
717 2853 795 2888 fluit,
809 2854 887 2884 nihil
898 2852 1021 2884 afferens
1029 2862 1132 2892 praeter
1140 2851 1214 2882 faci-

254 2899 379 2932 litatem,
392 2898 424 2927 &
435 2897 667 2937 aequabilitatem
680 2908 685 2925 :
707 2905 756 2927 aut
765 2896 847 2927 addit
856 2898 970 2937 aliquos
983 2915 992 2928 ,
1004 2897 1079 2925 utin
1089 2904 1213 2928 corona,

251 2948 324 2971 toros
335 2960 342 2973 ‚
364 2948 551 2979 omnemque
568 2941 736 2969 orationem
756 2939 944 2969 ornamentis
964 2937 1094 2968 modicis
1105 2937 1212 2967 verbo-

252 2992 321 3013 rum
333 3002 341 3015 ‚
362 2982 633 3021 sententiarumque
645 2980 812 3022 distinguit.
838 2983 960 3011 Horum
971 2977 1154 3021 fingulorum
1166 2990 1216 3021 ge-

253 3033 364 3055 nerum
374 3025 558 3065 quicumque
568 3032 632 3053 vim
643 3021 763 3064 singulis
771 3023 925 3055 consecuti
935 3022 1015 3056 sunt,
1028 3031 1173 3063 magnum
1183 3025 1216 3053 in

293 3154 319 3186 ¹.·
340 3149 374 3172 Et
383 3147 543 3187 qr'cast‘czn‘nur
556 3143 703 3187 aimborum]
714 3147 737 3173 Α
749 3148 842 3174 Nonio
852 3149 937 3184 petita
946 3149 981 3176 est
993 3150 1044 3178 Ioci
1055 3149 1132 3188 hujus
1144 3149 1218 3179 resti-

253 3187 338 3216 tutio,
349 3192 393 3219 qui
404 3182 516 3211 inlibris
527 3182 606 3212 editis
617 3183 770 3220 icriptiique
780 3184 927 3213 maculosus
937 3193 1004 3215 erat.

1225 250 1267 285 id,
1278 251 1359 292 quod
1370 251 1514 281 volumus
1524 269 1532 284 ‚
1541 248 1704 281 effecerint.
1749 250 1897 281 Videmus
1909 254 1992 283 enim
2002 251 2089 282 fuisse
2099 254 2188 293 quos-
2206 260 2224 293 7

1225 293 1294 323 dam
1307 313 1316 326 ‚
1341 294 1393 334 qui
1403 292 1498 323 iidem
1508 291 1610 323 ornate
1623 312 1632 326 ,
1644 302 1677 322 ac
1687 295 1833 333 graviter,
1845 294 1939 324 iidem
1950 295 2066 325 versute
2079 295 2110 324 ὃς
2122 295 2190 325 sub-

1226 335 1320 365 tiliter
1338 336 1478 366 dicerent.
1511 337 1609 375 Atque
1628 337 1744 364 utinam
1765 336 1797 364 in
1815 337 1929 366 Latinis
1947 337 2012 367 talis
2022 338 2146 366 oratoris
2156 335 2193 366 si-

1228 377 1397 408 mulacrum
1416 378 1541 417 reperire
1561 373 1726 416 possemus.
1746 375 1818 407 ess'et
1828 380 1979 419 egregium
1990 388 2053 408 non
2063 388 2194 419 quaerere

1229 427 1354 453 externa,
1365 417 1540 449 domesticis
1549 416 1607 448 esse
1616 427 1787 449 contentos.
1807 419 1857 449 sed
1866 430 1920 461 ego
1930 421 2023 454 idem,
2034 423 2085 460 qui
2096 422 2129 450 in
2137 420 2195 450 illo

1230 461 1368 491 sermone
1378 459 1492 494 nostro,
1504 461 1555 501 qui
1565 458 1609 489 est
1618 458 1770 500 expositus
1778 462 1813 491 in
1822 463 1925 495 Bruto,
1937 462 2072 491 multum
2082 462 2195 491 tribue-

1230 504 1289 533 rim
1300 504 1416 533 Latinis
1427 522 1436 536 ,
1447 502 1495 532 vel
1506 510 1538 532 ut
1548 503 1680 532 hortarer
1689 502 1764 533 alios
1775 522 1784 537 ‚
1802 503 1852 533 vel
1861 501 1944 544 quod
1954 513 2085 533 amarem
2097 513 2196 538 meos,

1231 549 1245 564 2
1256 544 1397 575 recordor
1415 543 1503 586 longe
1516 543 1666 575 omnibus
1676 554 1774 575 unum
1784 544 1928 575 anteferre
1939 544 2196 580 Demosthenem,

1231 589 1284 628 qui
1294 587 1361 617 vim
1371 585 1607 617 accommodarit
1617 586 1652 616 ad
1663 596 1729 617 eam
1740 607 1749 621 ‚
1770 597 1861 628 quam
1880 587 2005 617 sentiam
2016 607 2025 621 ,
2049 588 2196 629 eloqueri-

1233 631 1307 659 tiam
1318 648 1327 663 ,
1347 638 1411 658 non
1421 628 1456 659 ad
1467 637 1533 658 eam
1542 647 1551 661 ‚
1566 638 1657 668 quam
1667 630 1701 658 in
1709 628 1811 670 aliquo
1820 628 1880 669 ipse
1890 631 2098 670 cognoverim.
2128 631 2198 660 Hoc

1233 681 1290 701 nec
1298 672 1417 712 gravior
1425 668 1540 701 exstitit
1548 671 1706 711 quisquam
1716 690 1724 704 ‚
1737 681 1793 700 nec
1808 670 1945 701 callidior
1956 691 1964 705 ‚
1984 681 2040 701 nec
2050 681 2199 712 tempera-

1234 714 1304 743 tior.
1336 715 1438 753 ltaque
1449 711 1539 742 nobis
1550 712 1699 742 monendi
1709 712 1808 743 suntii
1819 734 1829 746 ,
1847 722 1980 754 quorum
1992 713 2089 744 sermo
2099 717 2199 753 impe-

1235 757 1307 785 ritus
1318 754 1500 787 increbruit,
1524 756 1576 795 qui
1587 763 1636 784 aut
1646 754 1706 785 dici
1716 754 1744 784 se
1753 753 1917 785 desiderant
1927 757 2043 785 Atticos
2054 775 2063 789 ,
2086 765 2135 786 aut
2144 754 2199 796 ipsi

1236 796 1335 827 Attice
1355 797 1464 826 volunt
1479 796 1576 826 dicere
1588 815 1596 829 ‚
1616 804 1650 826 ut
1659 798 1808 827 mirentur
1817 799 1898 827 hunc
1910 796 2046 827 maxime
2056 818 2065 831 ,
2088 808 2150 838 quo
2161 807 2200 828 ne

1236 840 1369 868 Athenas
1378 838 1506 879 quidem
1517 837 1592 878 ipsas
1604 840 1698 879 magis
1708 838 1798 869 credo
1818 837 1906 869 fuiffe
1925 841 2047 869 Atticas.
2075 839 2148 881 quid
2169 850 2202 870 e-

1237 883 1305 911 nim
1316 879 1350 911 sit
1357 881 1504 909 Atticum
1513 900 1521 915 ‚
1544 879 1658 910 discant
1668 900 1677 914 ‚
1699 881 1965 922 eloquentiamque
1976 880 2063 922 ipsius
2073 881 2202 916 viribus,

1238 933 1305 953 nori
1324 922 1530 953 imbecillitate
1548 922 1598 953 sua
1609 942 1617 956 ,
1639 925 1811 954 metiantur.
1852 926 1956 954 Nur-*c
1979 926 2065 953 enim
2083 932 2201 954 tanturn

1239 965 1364 1006 quisque
1384 964 1483 996 laudat
1491 984 1500 998 ‚
1523 973 1672 1006 quantum
1689 965 1718 995 se
1738 962 1821 1006 posse
1839 965 1932 1006 sperat
1940 968 2060 996 imitari.
2084 965 2141 996 Sed
2159 974 2204 996 ta-

1242 1017 1315 1038 men
1324 1017 1378 1038 eos
1388 1006 1487 1037 studio
1497 1009 1626 1048 optimo,
1633 1007 1752 1047 judicio
1762 1010 1866 1038 minus
1877 1007 1967 1037 firmo
1976 1007 2116 1048 praeditos
2126 1028 2134 1041 ‚
2146 1007 2203 1038 do-

1240 1059 1305 1080 cere
1316 1069 1325 1083 ‚
1345 1060 1411 1090 quae
1422 1047 1455 1079 sit
1472 1051 1590 1090 propria
1602 1049 1664 1079 laus
1676 1051 1848 1080 Atticorum
1859 1070 1869 1083 ,
1892 1060 1956 1080 non
1967 1052 2101 1080 alienum
2112 1059 2201 1090 puto.

1240 1095 1365 1132 Semper
1386 1101 1540 1122 oratorum
1559 1091 1741 1133 eloquentiae
1757 1093 1929 1121 moderatrix
1949 1091 2009 1122 fuit
2029 1091 2202 1122 auditorum
2220 1087 2239 1122 8

1239 1134 1406 1175 prudentia.
1430 1136 1547 1164 Omnes
1557 1135 1641 1165 enim
1652 1153 1660 1167 ,
1672 1136 1724 1174 qui
1735 1134 1855 1174 probari
1865 1135 1973 1165 volunt
1984 1154 1992 1167 ,
2013 1134 2203 1164 voluntatem

1221 1191 1222 1194 =
1240 1186 1347 1207 eorum
1359 1195 1367 1208 ,
1387 1177 1440 1216 qui
1451 1175 1578 1206 audiunt
1589 1195 1597 1208 ,
1609 1179 1783 1208 intuentur,
1800 1175 1834 1205 ad
1845 1184 1970 1217 eamque
1980 1196 1988 1209 ,
2002 1176 2035 1206 «Sc
2044 1176 2080 1206 ad
2091 1171 2207 1206 eorum'

1222 1251 1223 1259 ἵ
1241 1218 1448 1250 arbitrium&
1458 1225 1568 1246 nutum
1578 1225 1657 1247 totos
1669 1217 1697 1248 se
1708 1215 1873 1259 fingunt‚&
1882 1218 2124 1248 accommodant.
2146 1220 2206 1248 Ita-

1242 1270 1300 1300 que
1320 1261 1402 1289 Caria
1411 1279 1420 1292 ,
1445 1259 1477 1288 86
1488 1260 1612 1299 Phrygia
1623 1279 1632 1291 ,
1657 1259 1690 1289 &
1702 1258 1795 1299 Mysia
1804 1279 1812 1293 ‚
1836 1258 1917 1300 quod
1938 1260 2068 1290 minime
2089 1261 2203 1300 politae,

1244 1302 1433 1341 minimeque
1444 1301 1593 1341 elegantes
1605 1301 1670 1331 sunt
1681 1321 1689 1334 ‚
1710 1301 1918 1335 adsciverunt,
1940 1311 2043 1342 aptum
2055 1302 2115 1332 suis
2125 1303 2205 1332 auri-

1244 1343 1300 1373 bus
1318 1345 1459 1383 opimum
1469 1341 1623 1383 quoddam
1635 1363 1645 1376 ,
1666 1343 1699 1372 86
1711 1351 1851 1384 tanquam
1870 1343 1990 1384 adipatae
2000 1343 2144 1374 (1161101113
2154 1354 2206 1385 ge-

1244 1395 1302 1415 nus
1313 1405 1321 1418 ,
1333 1384 1414 1425 quod
1423 1393 1531 1414 eorum
1542 1386 1636 1414 vicini
1647 1388 1723 1424 (non
1734 1387 1773 1414 ita
1783 1385 1841 1416 lato
1851 1386 2009 1425 1016116610
2021 1387 2107 1426 mari)
2118 1388 2204 1416 Rho-

1243 1427 1286 1457 dii
1296 1436 1465 1467 numquam
1475 1426 1685 1466 probaverunt,
1697 1427 1901 1458 G.·aecimu1to
1912 1427 2027 1462 minus,
2039 1429 2206 1459 Athenien-

1245 1511 1318 1541 dens
1330 1531 1338 1545 ‚
1356 1510 1720 1552 sincerumquejudicium‚
1740 1512 1820 1542 nihil
1830 1522 1862 1541 ut
1871 1511 2009 1552 possent,
2031 1511 2086 1542 nisi
2105 1515 2207 1542 incor-

1244 1562 1368 1594 ruptum
1380 1573 1388 1586 ,
1400 1552 1500 1583 audire
1510 1572 1519 1586 ‚
1541 1553 1574 1583 86
1582 1554 1711 1594 elegans.
1733 1563 1840 1584 eorum
1850 1555 1991 1595 religioni
2001 1554 2074 1584 cum
2085 1555 2207 1585 serviret

1245 1605 1344 1626 orator
1353 1615 1362 1629 ‚
1384 1595 1505 1625 nullum
1516 1595 1645 1625 verbum
1655 1595 1790 1626 insolens
1800 1616 1808 1630 ,
1827 1596 1946 1626 nullum
1959 1595 2101 1626 odiosum
2110 1606 2208 1637 pone-

1244 1648 1275 1668 re
1294 1637 1428 1668 audebat.
1450 1640 1553 1678 Itaque
1564 1638 1632 1671 hic,
1653 1648 1745 1678 quem
1755 1636 1919 1678 praestitisse
1930 1638 2066 1668 diximus
2084 1640 2202 1673 ceteris,

1245 1682 1280 1710 in
1289 1680 1340 1710 illa
1348 1689 1402 1719 pro
1413 1677 1606 1719 Ctesiphonte
1616 1681 1751 1710 oratione
1761 1680 1852 1722 longe
1863 1682 1978 1721 optima
1988 1701 1997 1714 ,
2019 1678 2205 1710 summiffiiis

1245 1722 1261 1752 3
1272 1724 1373 1762 primo
1385 1732 1391 1750 2
1409 1721 1520 1752 deinde
1531 1742 1539 1756 ,
1553 1721 1627 1752 dum
1638 1722 1674 1752 de
1685 1722 1801 1763 legibus
1812 1722 1940 1763 disputat
1949 1743 1958 1757 ‚
1976 1721 2100 1763 preffius
2113 1733 2119 1751 :
2139 1721 2209 1762 post

1246 1762 1353 1795 sensim
1365 1763 1508 1794 incedens
1522 1784 1530 1797 ,
1541 1765 1552 1804 j
1558 1764 1659 1794 udices
1669 1773 1702 1794 ut
1712 1764 1789 1794 vidit
1797 1764 1944 1795 ardenteis
1956 1785 1965 1798 ,
1977 1767 2010 1795 in
2020 1765 2142 1805 reliquis
2152 1774 2208 1794 ex·-

1246 1807 1367 1837 sultavit
1376 1805 1524 1836 audacius.
1548 1809 1592 1836 Ac
1603 1815 1703 1836 tamen
1713 1808 1746 1836 in
1757 1807 1815 1836 hoc
1823 1806 1889 1847 ipso
1899 1826 1908 1840 ,
1920 1806 2081 1847 diligenter
2090 1808 2208 1837 exami-

1246 1858 1335 1879 nante
1345 1848 1508 1879 verborum
1519 1850 1664 1878 omnium
1680 1847 1812 1888 pondera
1822 1867 1831 1882 ,
1850 1849 2042 1888 reprehendit
2051 1849 2212 1879 AEschines

1246 1891 1384 1933 quaedam
1396 1911 1404 1924 ‚
1417 1892 1450 1921 &
1459 1893 1585 1932 exagitat
1596 1901 1602 1920 ι
1613 1890 1801 1931 illudensque
1810 1910 1819 1924 ,
1832 1890 1903 1921 dura
1912 1910 1921 1924 ‚
1932 1891 2035 1921 odiosa
2045 1911 2053 1924 ,
2064 1892 2209 1921 intolera-

1248 1934 1320 1964 bilia
1336 1932 1395 1963 ess'e
1415 1933 1499 1963 dicit.
1522 1934 1698 1974 Qnetiam
1717 1934 1823 1973 quaerit
1839 1932 1875 1962 ab
1892 1933 1976 1973 ipso,
1999 1932 2072 1963 curn
2082 1932 2209 1974 quidem

1248 1986 1320 2006 eum
1339 1974 1458 2004 belluam
1476 1978 1605 2016 appellet
1615 1995 1623 2008 ,
1643 1973 1746 2004 utrum
1758 1975 1809 2004 illa
1817 1975 1907 2004 verba
1917 1995 1926 2008 ‚
1947 1985 1984 2005 an
1995 1983 2130 2015 portenta
2140 1973 2207 2005 sint:

1248 2026 1282 2048 ut
1292 2018 1430 2048 AEschini
1449 2028 1487 2048 ne
1498 2016 1721 2047 Demosthenes
1730 2016 1854 2057 quidem
1864 2016 2000 2047 videatur
2009 2016 2107 2047 Attice
2123 2016 2207 2047 dice-

1249 2070 1290 2090 re.
1315 2060 1411 2090 Facile
1429 2059 1473 2089 est
1491 2062 1576 2089 enim
1585 2058 1713 2089 verbum
1724 2058 1847 2099 aliquod
1865 2058 1971 2088 ardens
1992 2060 2083 2096 (utica
2094 2058 2207 2100 dicam)

1248 2111 1370 2135 notare,
1393 2101 1483 2141 idque
1502 2100 1652 2131 restinffis
1666 2102 1730 2139 jam
1743 2109 1918 2129 animorum
1937 2099 2064 2128 incendiis
2072 2099 2207 2130 irridere.

1247 2147 1349 2184 Itaque
1362 2143 1390 2172 se
1401 2152 1528 2183 purgans
1535 2143 1652 2181 jocatur
1660 2140 1885 2171 Demosthenes
1897 2161 1907 2174 ,
1921 2150 2008 2182 negat
2016 2143 2049 2171 in
2059 2151 2096 2171 eo
2105 2140 2212 2182 positas

1248 2183 1307 2215 effe
1319 2184 1454 2222 fortunas
1463 2184 1587 2216 Gracia,
1611 2185 1645 2212 in
1662 2184 1722 2212 hoc
1731 2192 1802 2212 eum
1813 2202 1822 2216 ,
1845 2183 1923 2216 huc,
1945 2193 1983 2212 an
1999 2183 2074 2213 illuc
2083 2193 2210 2215 manum

1249 2228 1425 2267 porrexerit.
1459 2228 1602 2266 Qionam
1623 2226 1714 2265 igitur
1734 2224 1829 2254 modo
1845 2224 1995 2255 audiretur
2013 2226 2116 2265 Mysus
2126 2245 2135 2259 ‚
2158 2234 2208 2256 aut

1251 2268 1349 2307 Phryx
1361 2268 1489 2297 Athenis
1501 2287 1509 2300 ,
1533 2276 1605 2296 cum
1624 2268 1715 2296 etiarn
1727 2265 1951 2297 Demosthenes
1969 2269 2151 2309 exagitetur,
2176 2276 2210 2298 ut

1250 2309 1372 2349 putidus
1389 2311 1400 2337 ?
1423 2308 1502 2338 cum
1511 2307 1584 2338 vero
1595 2309 1739 2338 inclinata
1749 2329 1757 2342 ‚
1770 2308 1956 2349 ululantique
1964 2319 2040 2339 voce
2050 2329 2058 2343 ,
2071 2319 2156 2339 more
2166 2312 2210 2340 A-

1230 2388 1232 2390 Ι
1250 2349 1370 2383 surico,
1390 2360 1492 2380 canere
1502 2348 1629 2390 caepisset
1640 2370 1648 2383 ,
1669 2351 1738 2391 quis
1756 2360 1828 2380 eum
1837 2349 1951 2381 ferret?
1971 2359 2021 2381 aut
2031 2353 2098 2392 quis
2107 2352 2209 2391 potius

1251 2403 1315 2422 non
1322 2394 1332 2432 j
1337 2392 1440 2422 uberet
1448 2391 1555 2423 auferri
1566 2395 1576 2421 ?
1597 2391 1642 2421 Ad
1651 2394 1822 2422 Atticorum
1832 2393 1922 2431 igitur
1930 2402 2025 2423 aureis
2036 2395 2164 2427 tereteis‚
2175 2393 2208 2423 &
2221 2402 2244 2437 9

1250 2434 1400 2475 religiosas
1413 2454 1421 2467 ,
1441 2436 1493 2475 qui
1505 2435 1532 2464 se
1542 2434 1740 2464 accomodant
1750 2454 1758 2468 ‚
1778 2436 1800 2463 ii
1812 2434 1880 2464 sunt
1898 2434 2091 2466 existimandi
2100 2433 2210 2465 Attice

1250 2477 1345 2505 dicere.
1370 2478 1509 2515 Qorum
1528 2486 1635 2517 genera
1644 2477 1728 2516 plura
1746 2476 1815 2506 sunt
1825 2496 1833 2509 ‚
1857 2477 1889 2506 hi
1907 2487 2006 2507 unum
2017 2476 2114 2507 modo
2123 2477 2210 2518 quale

1252 2517 1285 2548 fit
1297 2539 1306 2551 ,
1319 2517 1511 2558 suspicantur.
1534 2521 1641 2548 Putant
1652 2521 1734 2548 enim
1747 2537 1755 2551 ‚
1767 2520 1819 2559 qui
1830 2518 1951 2548 horride
1961 2539 1970 2552 ,
1980 2519 2152 2560 inculteque
2163 2518 2211 2548 di-

1251 2569 1297 2591 cat
1307 2579 1316 2593 ‚
1339 2559 1435 2590 modo
1446 2559 1476 2590 id
1486 2561 1634 2601 eleganter
1644 2581 1652 2594 ‚
1676 2560 1885 2601 enucleateque
1899 2559 1987 2591 faciat
1995 2581 2004 2595 ‚
2028 2571 2100 2591 eum
2109 2561 2211 2591 solum

1252 2601 1350 2632 Attice
1362 2602 1471 2632 dicere.
1497 2605 1602 2632 Eriant
1612 2622 1619 2636 ,
1631 2601 1714 2644 quod
1728 2602 1826 2632 solum
1839 2613 1844 2631 :
1856 2601 1938 2643 quod
1949 2602 2048 2633 Attice
2060 2623 2068 2636 ‚
2081 2612 2145 2633 non
2155 2601 2212 2632 fal-

1253 2645 1365 2674 luntur.
1390 2643 1520 2674 Istorum
1539 2646 1622 2674 enim
1639 2644 1755 2684 judicio
1768 2643 1788 2674 si
1800 2644 1899 2674 solum
1915 2644 1991 2674 illud
2010 2644 2053 2675 est
2062 2647 2211 2678 Atticum,

1254 2696 1292 2716 ne
1303 2686 1428 2716 Pericles
1438 2686 1563 2727 quidem
1574 2686 1653 2717 dixit
1661 2685 1761 2717 Attice
1771 2706 1779 2720 ,
1790 2687 1838 2717 cui
1849 2687 1955 2727 primae
1964 2685 2025 2717 fine
2034 2694 2211 2717 controver-

1253 2726 1291 2758 sia
1301 2727 1518 2758 deferebantur.
1537 2729 1590 2770 qui
1610 2726 1632 2758 fi
1645 2730 1729 2759 tenui
1746 2738 1854 2769 genere
1872 2737 2003 2758 uteretur
2012 2749 2021 2762 ,
2041 2738 2210 2770 numquam

1254 2771 1290 2800 ab
1301 2769 1498 2810 Aristophane
1506 2773 1592 2810 poeta
1595 2770 1708 2811 fulgere
1717 2790 1726 2804 ,
1738 2778 1842 2804 tonare,
1849 2770 2009 2812 permiscere
2019 2771 2154 2800 Graeciam
2164 2769 2211 2800 di-

1255 2811 1319 2842 &us
1331 2811 1411 2842 effer.
1434 2815 1523 2843 Dicat
1532 2814 1623 2853 igitur
1632 2812 1730 2842 Attice
1741 2810 1963 2842 venustissimus
1973 2813 2024 2842 ille
2036 2813 2167 2852 scriptor,
2179 2821 2213 2842 ac

1253 2852 1446 2895 politissimus
1457 2853 1564 2894 Lysias.
1575 2856 1643 2896 quis
1653 2856 1739 2884 enim
1748 2854 1778 2884 id
1809 2852 1876 2884 offit
1888 2857 2015 2896 negare?
2037 2853 2111 2885 dum
2122 2852 2213 2884 intel-

1253 2898 1392 2936 ligamus,
1402 2898 1459 2926 hoc
1470 2896 1527 2926 effe
1537 2899 1672 2927 Atticum
1682 2898 1715 2926 in
1726 2898 1771 2936 Ly
1784 2906 1809 2926 13
1821 2916 1830 2929 ,
1842 2906 1905 2925 11011
1914 2895 1995 2936 quod
2006 2898 2104 2926 tenuis
2114 2894 2158 2930 sit,
2169 2903 2215 2926 at-

1255 2948 1312 2979 que
1332 2940 1487 2969 inornatus
1497 2959 1505 2973 ‚
1529 2938 1578 2969 sed
1594 2937 1678 2980 quod
1696 2938 1774 2968 nihil
1791 2938 1895 2968 habeat
1911 2938 2044 2968 insolens
2064 2959 2073 2971 ,
2095 2946 2144 2968 aut
2163 2940 2214 2967 in-

1257 2989 1374 3020 eptum.
1399 2981 1509 3011 0111316
1527 2979 1599 3011 vero
1612 3001 1620 3014 ,
1639 2981 1672 3010 &
1689 2981 1834 3021 graviter,
1855 2981 1887 3009 &
1899 2979 2020 3019 copiose
2031 2979 2129 3009 dicere
2139 2999 2147 3013 ,
2164 2987 2214 3009 aut
2228 2979 2231 2981 ’

1256 3025 1429 3053 Atticorum
1440 3021 1474 3053 sit
1482 3043 1491 3057 ,
1501 3031 1550 3053 aut
1560 3032 1599 3053 ne
1611 3021 1645 3052 sit
1655 3022 1812 3052 AEschines
1822 3040 1831 3056 ‚
1843 3030 1919 3052 neve
1929 3020 2152 3052 Demosthenes
2161 3024 2217 3051 At-

2131 3071 2217 3093 ticus.

1292 3156 1321 3175 2.
1340 3149 1451 3174 Recordor
1459 3148 1519 3181 long&
1528 3149 1632 3174 omnibus
1644 3166 1652 3179 ,
1662 3147 1729 3180 &c.]
1742 3145 1857 3182 Vulgata
1865 3164 1875 3181 ,
1886 3154 1919 3174 me
1928 3147 1998 3181 longe.
2016 3144 2060 3173 sed
2069 3149 2217 3182 pronomen

1256 3184 1323 3214 'illud
1334 3195 1386 3214 uon
1397 3185 1433 3215 est
1444 3185 1471 3215 iu
1482 3184 1552 3214 Pali.
1561 3190 1609 3213 aut
1617 3182 1774 3214 Gallicanis.
2098 3224 2109 3244 Χ
2116 3234 2122 3242 Ι
2132 3217 2218 3242 mmm
