2297 3389
15 1910 88 1945 ·28

57 371 102 407 27

733 116 867 162 Lis.
903 117 934 162 1.
982 130 1049 162 tn
1094 112 1151 159 C.
1186 112 1475 160 VERREM.

125 194 205 234 runt.
229 196 386 231 chliaor
395 195 479 229 istius
491 195 649 227 Cornelius
659 216 668 229 ,
681 197 814 238 quicum
824 197 886 236 ejus
901 198 991 228 servis
1000 206 1061 228 crat
1071 196 1086 227 {i

123 242 253 276 Rubrio,
264 239 342 283 quasi
354 243 386 271 in
395 238 530 281 praefidio
541 260 549 272 ,
569 238 605 268 ad
615 237 806 268 auferendam
818 239 979 268 mulierem
990 239 1087 268 collo-

122 293 204 316 catus
214 304 223 317 ‚
235 283 401 316 occiditur,
413 282 489 311 servi
501 281 644 311 nonnulli
653 281 857 310 vulnerantur.
880 280 941 319 ipse
950 280 1086 310 Rubrius

122 327 157 358 in
166 325 248 356 turba
258 325 410 355 sauciatur.
443 321 501 353 Iste
509 342 518 356 ‚
542 324 593 363 qui
604 322 651 351 sua
660 321 820 361 cupiditate
831 330 927 351 tantos
938 321 1085 351 turnultus

123 368 284 398 concitatos
295 365 420 399 videret,
431 374 538 404 cupere
548 364 646 405 aliqua
656 364 772 393 evolare
784 383 793 397 ,
807 361 827 393 fi
837 361 943 403 poffet.
976 362 1087 392 Postri-
1102 367 1104 390 ἲ

122 408 172 440 die
181 407 270 439 mani²
283 409 424 437 homines
438 408 447 425 ¹
461 408 494 436 in
504 415 684 436 concionem
696 407 833 436 veniunt.
854 413 1001 446 quaerunt,
1013 403 1085 445 quid

123 445 278 491 optimum
289 448 369 479 fafiu
379 446 422 479 fit.
447 458 502 488 pro
512 445 539 477 se
550 447 685 488 quisque,
697 448 773 477 utin
784 456 904 488 quoque
914 455 974 476 erat
983 445 1086 476 :tursto-

120 493 214 524 ritatis
224 492 404 532 plurimum,
415 489 450 520 ad
462 490 609 530 populum
619 489 804 529 loquebatur.
825 491 967 519 inventus
979 487 1021 518 est
1032 498 1086 517 ne-

121 544 186 568 mo,
197 535 282 570 cujus
293 543 357 563 non
368 533 430 562 haec
441 532 473 561 &
484 533 629 562 sententia
638 530 720 564 effer,
734 530 767 560 &
777 532 890 560 oratio:
915 533 992 561 Nos·
1011 539 1086 560 fissi:

122 585 342 607 METUENDUM
354 595 361 609 ‚
396 584 424 603 si
457 583 566 603 isrms
588 582 772 602 NEFARIUM
792 582 913 603 scr-Lus
933 581 1085 602 LAMPSA-

122 616 204 648 (ΞΕΝῙ
221 627 306 647 ura-ri
325 627 362 646 vr
375 637 383 650 ,
409 625 583 654 MANUQJE
602 624 721 644 essexi-
734 635 741 647 ,
767 624 812 643 NF„
831 623 977 644 sENArus
990 634 998 646 ,
1030 624 1083 643 1²0-

120 668 301 699 PULUSQJ:
324 661 363 689 R.
392 667 430 687 IN
460 667 534 687 EAM
562 665 758 687 CIVITATEM
786 665 1099 685 ANxMADVERTEN-i

119 711 196 731 DUM
216 710 381 731 purime-r.
418 698 509 741 Qod
530 697 551 728 si
570 700 627 728 hoc
642 699 707 737 jure
724 697 810 737 legati
823 697 929 737 populi
943 699 1036 727 Rom.
1049 699 1080 727 in

119 742 226 776 socios,
239 742 432 783 nationesque
444 750 556 771 exteras
566 748 727 772 uterentur,
738 749 770 768 ut
780 739 956 779 pudicitiam
968 739 1080 769 libero-

118 794 188 815 rum
200 785 311 815 servare
319 784 356 814 ab
364 793 470 814 eorum
489 782 616 812 libidine
634 790 729 811 tutam
746 791 810 811 non
830 782 951 811 liceret:
970 781 1081 822 quidun

119 825 169 864 effi²
177 827 280 868 perpeti
283 826 379 865 sarius
390 847 397 858 ,
410 824 500 865 quam
511 825 544 853 in
555 832 633 853 tanta
641 824 683 856 vi,
694 831 781 864 atque
792 823 950 853 acerbitate
960 823 1078 853 versari.

71 903 74 907 ¹
119 870 275 899 Haeccum
285 877 394 897 omnes
404 867 564 898 sentirent,
589 865 621 899 &
637 863 709 895 cum
727 867 760 894 in
779 874 845 895 eam
864 866 1011 895 rationem
1025 875 1080 904 pro
1098 879 1099 888 i

119 911 174 941 suo
184 910 306 951 quisque
318 907 414 941 sensu,
425 915 457 937 ac
465 907 571 937 dolore
582 907 752 948 loqueretur
764 917 770 934 :
785 916 893 936 omnes
903 906 938 936 ad
950 916 1015 936 eam
1025 906 1081 936 do-

119 962 206 981 mum
220 972 228 984 ,
250 953 280 980 in
292 949 410 991 quaiste
419 948 624 979 deversabatur
634 969 642 982 ,
662 947 790 988 profeffi
800 949 883 978 sunt:
907 948 1020 978 caedere
1038 949 1081 984 ia-

118 1003 212 1023 nuam
224 993 298 1022 saxis
311 1013 317 1024 ,
337 991 443 1021 instare
452 990 531 1021 ferro
542 1011 550 1024 ,
569 991 648 1031 ligna
660 1011 668 1024 ,
681 990 713 1019 &
722 990 867 1020 sarmenta
884 989 1078 1023 circumdare,

116 1037 307 1075 ²ignemque
325 1033 468 1072 subjicere
486 1041 648 1072 caeperunt.
677 1035 762 1062 Tum
783 1034 863 1062 cives
883 1034 1017 1062 Romani
1028 1034 1080 1072 qui
1115 1039 1138 1068 g

116 1076 271 1116 Lampsaci
282 1075 522 1117 negociabantui·‚
535 1082 718 1104 concurrunt
729 1085 734 1102 :
752 1083 838 1103 orant
847 1074 1076 1113 Lampsacenos,

116 1127 151 1148 ur
160 1119 278 1159 gravius
289 1117 364 1157 apud
376 1127 426 1147 eos
436 1126 530 1146 nomen
540 1117 692 1156 legationu,
708 1115 799 1155 quarn
810 1116 915 1154 injuria
926 1116 1014 1156 legati
1024 1125 1079 1155 pu-

117 1168 242 1191 taretur:
263 1159 321 1189 sese
332 1159 498 1200 intelligere
511 1159 670 1188 hominem
682 1158 769 1187 illum
778 1155 835 1187 effe
847 1160 1001 1197 impurum
1014 1178 1022 1189 ‚
1047 1167 1079 1187 ac

116 1200 267 1232 nefarium
280 1212 284 1230 :
303 1201 362 1234 sed,
372 1202 518 1240 quoniam
529 1211 575 1228 nec
583 1198 749 1239 periseciffit,
767 1198 848 1240 quod
859 1208 983 1230 conatus
994 1197 1076 1232 effer,

115 1253 214 1284 neque
224 1242 341 1273 futurus
353 1242 423 1272 ess'et
433 1242 587 1281 Lampsaci
598 1241 713 1281 postea:
737 1241 834 1270 levius
851 1251 957 1271 eorum
977 1250 1079 1280 pecca-

117 1293 184 1316 tum
202 1284 265 1314 fore
277 1306 285 1319 ‚
305 1284 323 1313 si
336 1286 455 1314 homini
468 1284 606 1314 scelerato
618 1281 814 1323 peperciss'ent
825 1303 832 1316 ,
851 1282 942 1323 quam
951 1281 971 1312 sl
982 1283 1078 1323 legato

116 1336 181 1357 non
191 1325 396 1366 pepercissent.
428 1327 474 1355 Sic
485 1324 538 1355 iste
550 1345 558 1358 ,
581 1325 680 1354 multo
691 1325 859 1354 sceleratior
869 1345 877 1358 ‚
897 1325 929 1354 δε
941 1327 1077 1365 nequior,

115 1368 207 1410 quarn
226 1369 278 1398 ille
299 1367 484 1401 Hadrianus3
503 1367 653 1407 aliquanto
669 1367 760 1395 etiam
780 1365 899 1396 felicior
916 1365 987 1396 fuit.
1013 1366 1076 1399 ille,

114 1409 197 1452 quod
210 1411 273 1450 ejus
282 1411 434 1439 avaritiam
445 1419 526 1438 cives
537 1410 671 1438 Romani
680 1406 756 1437 ferre
766 1418 828 1438 non
838 1410 1079 1447 potuerant,Uti-

113 1462 157 1482 cae
166 1452 300 1491 domificae
311 1452 398 1479 vimu
409 1449 518 1486 exustas
528 1449 572 1479 eff
581 1459 592 1477 .·
612 1450 702 1490 idque
713 1451 754 1480 ita
763 1450 808 1479 illi
818 1449 930 1480 merito
941 1448 1078 1480 accidiss'e

112 1492 319 1524 existimatum
329 1492 371 1523 est
379 1513 387 1526 ,
401 1502 432 1523 ut
443 1493 611 1522 laetarentur
619 1501 728 1521 omnes
739 1512 747 1525 ,
768 1502 865 1533 neque
875 1492 1077 1532 animadversto

111 1534 360 1566 constitueretur:
380 1536 428 1564 hic
445 1535 595 1564 sociorum
614 1532 768 1563 ambustus
783 1534 928 1564 incendio
938 1554 947 1568 ‚
975 1543 1076 1564 tamen

111 1587 153 1607 ex
163 1577 214 1608 illa
223 1575 355 1610 flamma,
366 1577 563 1617 periculoque
573 1576 721 1606 evolavit:
745 1585 843 1616 neque
853 1575 949 1606 adhuc
958 1576 1074 1606 causam

113 1619 209 1649 ullam
218 1620 384 1660 excogitare
395 1620 511 1659 potuit,
524 1618 719 1659 quamobrem
732 1618 934 1651 commiserit,
946 1626 995 1648 aut
1004 1617 1076 1658 quid

111 1663 247 1691 evenerit
256 1681 265 1695 ,
287 1669 320 1690 ut
337 1663 368 1690 in
379 1669 492 1690 tantum
503 1660 671 1700 periculum
681 1661 809 1690 veniret.
844 1662 919 1689 Non
929 1661 1011 1689 enirn
1022 1670 1078 1700 po-

112 1702 170 1732 test
179 1702 287 1736 dicere,
303 1701 372 1731 ciam
379 1703 542 1742 seditionem
552 1701 648 1732 sedare
658 1701 768 1732 vellem
779 1721 787 1735 ,
803 1700 875 1731 cum
887 1701 1076 1731 frumentum

111 1744 291 1785 imperarem
303 1765 311 1778 ‚
324 1743 397 1774 cum
410 1743 593 1784 stipendium
604 1753 743 1784 cogerem
755 1763 763 1777 ,
783 1741 855 1773 cum
865 1743 978 1784 aliquid
991 1743 1079 1773 deni-

113 1796 173 1827 que
183 1786 355 1826 reipublicae
366 1787 448 1816 causa
457 1796 591 1827 gererem
604 1797 609 1815 z
627 1784 711 1826 quod
721 1786 814 1815 acrius
824 1787 980 1825 imperavi,
993 1784 1077 1826 quod

111 1828 329 1862 animadverti,
349 1827 431 1869 quod
452 1830 585 1858 minatus
605 1828 681 1858 sum.
716 1830 790 1868 Qae
801 1826 821 1857 si
831 1827 958 1857 diceret:
977 1836 1078 1857 tamen

112 1870 228 1911 ignosci
239 1880 303 1900 non
312 1878 461 1909 oporteret
473 1890 480 1903 ,
500 1868 520 1899 fi
530 1871 611 1898 nima
618 1870 752 1898 atrociter
762 1869 917 1911 imperando
930 1869 1016 1899 sociis
1026 1890 1034 1903 ,
1048 1871 1079 1899 in

113 1920 230 1942 tantum
251 1911 395 1942 addu&us
410 1911 579 1951 periculum
598 1911 760 1941 videretur.
805 1914 898 1941 Nunc
922 1910 994 1941 cum
1017 1912 1079 1950 ipse

112 1954 231 1984 eausam
240 1954 323 1984 illius
334 1953 482 1984 tumultus
493 1963 590 1993 neque
605 1963 707 1983 veram
727 1952 826 1982 dicere
838 1973 846 1986 ‚
867 1963 964 1993 neque
974 1952 1077 1983 falsam

110 1994 285 2037 ‹ionfingere
304 1994 407 2026 audeat
420 2006 425 2023 ε
448 1995 544 2024 homo
564 2004 664 2024 autem
674 1994 790 2024 ordinis
800 1995 844 2024 sui
855 1993 1077 2034 frugalissimus,

111 2038 242 2078 quitum
252 2037 389 2068 accensus
400 2037 556 2067 C.Neroni
564 2035 622 2066 fuit
630 2056 638 2070 ,
653 2039 665 2063 3
676 2038 706 2066 P.
719 2037 851 2068 Tettius,
863 2036 926 2065 haec
934 2035 1038 2065 eadem
1051 2036 1079 2065 se

110 2079 268 2119 Lampsaci
287 2077 428 2120 cognoffe
445 2077 573 2108 dixerit:
594 2080 640 2108 vir
660 2077 806 2108 omnibus
825 2077 912 2107 rebus
932 2075 1078 2108 ornatiffi-

110 2130 182 2150 mus
193 2123 226 2151 C.
238 2123 331 2150 Varro
342 2141 350 2154 ‚
362 2122 414 2161 qui
426 2129 491 2150 tum
501 2121 534 2149 in
545 2117 609 2149 Afia
620 2118 758 2149 tribunus
768 2119 904 2149 militum
915 2118 973 2149 fuit
982 2140 990 2152 ,
1013 2120 1077 2149 haec

110 2162 214 2193 eadem
226 2163 286 2202 ipsa
297 2163 325 2193 se
334 2172 372 2192 ex
384 2161 563 2192 Philodamo
573 2159 683 2191 audiffe
701 2161 779 2191 dicat
791 2172 796 2190 τ
817 2160 941 2201 potestis
958 2161 1076 2191 dubita-

108 2213 141 2235 re
151 2224 159 2238 ,
176 2206 251 2245 quin
262 2203 353 2234 istum
366 2204 488 2243 fortuna
498 2213 561 2233 non
573 2211 634 2233 tam
644 2213 682 2232 ex
691 2203 746 2232 illo
755 2203 889 2243 periculo
899 2204 1011 2243 eripere
1020 2213 1075 2232 vo-

109 2245 305 2287 luerit,quam
316 2245 351 2276 ad
361 2244 493 2276 vestrum
502 2245 652 2285 judicium
666 2245 811 2275 reservare
821 2247 832 2273 ?
841 2243 907 2274 Nisi
918 2244 988 2275 vero
998 2244 1075 2274 illud

109 2287 206 2322 dicet,
227 2287 309 2329 quod
321 2288 396 2318 &in
408 2286 584 2317 testimonio
593 2288 689 2317 Tettii
700 2306 708 2320 ‚
730 2288 831 2326 priore
850 2285 969 2316 alitione
983 2288 1076 2316 inter-

109 2329 235 2370 pellavit
246 2326 437 2360 Hortensius:
456 2339 517 2370 quo
528 2338 663 2369 ternpore
673 2328 797 2369 quidem
811 2328 887 2368 figni
899 2329 969 2368 fiatis
987 2328 1073 2361 dedit,

108 2369 131 2401 fi
140 2371 211 2413 quid
222 2370 294 2402 esset
303 2392 311 2405 ,
332 2371 413 2412 quod
423 2369 518 2411 poffet
528 2371 626 2401 dicere
639 2391 646 2404 ,
665 2370 693 2400 se
705 2379 796 2400 tacere
807 2380 871 2400 non
881 2369 965 2410 pofl'e
978 2381 983 2399 ς
1000 2375 1018 2398 4
1030 2379 1073 2403 ut,

107 2413 254 2454 quamdiu
266 2415 298 2443 in
309 2415 412 2443 ceteris
423 2413 509 2443 rebus
528 2414 650 2443 tacuerit
664 2433 672 2445 ‚
694 2412 765 2442 scire
785 2422 894 2442 omnes
909 2411 1071 2452 possemus,

107 2455 188 2485 nihil
198 2454 329 2485 habuiss'e
340 2455 421 2496 quod
432 2454 551 2485 diceret.
582 2455 641 2484 hoc
650 2463 713 2485 tum
725 2454 823 2487 dixit,
845 2454 1071 2488 Philodamum,

108 2495 214 2533 &ejus
226 2495 338 2531 filium,
351 2498 366 2527 a
378 2499 412 2527 C.
425 2499 549 2527 Nerone
560 2495 616 2526 effe
628 2496 794 2526 damnatos.
814 2498 861 2526 De
872 2506 933 2537 quo
943 2506 980 2526 ne
992 2496 1073 2525 mul-

109 2537 298 2572 tadifferam,
310 2547 428 2569 tantum
440 2539 520 2572 dico,
534 2539 669 2569 secutum
678 2537 709 2568 id
720 2536 776 2568 esse
787 2540 956 2572 Neronem,
969 2538 1001 2568 δε
1011 2538 1073 2573 eius

107 2579 268 2611 consilium
281 2601 290 2614 ,
311 2579 394 2622 quod
407 2577 585 2611 Cdrnelium
597 2580 735 2610 liEtorem
747 2580 879 2610 occisum
891 2578 947 2610 effe
957 2578 1074 2610 consta-

108 2630 169 2652 ret:
190 2621 301 2662 putasse
329 2625 360 2651 N
371 2625 394 2650 O
405 2625 436 2651 N
457 2625 546 2652 OPO
557 2626 582 2651 R
593 2623 649 2651 TE
660 2625 684 2650 R
696 2624 719 2650 E
741 2620 798 2651 effe
808 2625 949 2663 cuiquam
961 2642 970 2655 ‚
991 2632 1029 2651 ne
1040 2623 1073 2651 in

107 2664 276 2694 ulciscenda
286 2664 409 2705 quidem
422 2665 530 2702 iniuria
541 2685 549 2697 ,
570 2666 707 2694 hominis
717 2663 875 2694 occidendi
885 2663 1071 2703 potestatem.

107 2706 146 2736 In
156 2715 218 2746 quo
228 2705 319 2736 video
332 2727 340 2739 ,
361 2708 493 2736 Neronis
503 2706 617 2744 judicio
626 2716 689 2735 non
703 2714 731 2735 te
747 2705 919 2735 absolutum
937 2703 994 2735 ess'e
1012 2707 1073 2735 im-

109 2748 264 2788 probitatis
277 2758 282 2776 :
302 2747 351 2778 sed
370 2748 441 2778 illos
459 2748 616 2778 damnatos
636 2745 693 2777 effe
710 2747 808 2778 caedis.
832 2746 937 2777 verum
962 2746 1014 2776 ista
1023 2746 1074 2777 da-

109 2791 228 2820 mnatio
239 2798 340 2820 tamen
349 2789 520 2830 cujusmodi
529 2789 608 2819 fuit?
629 2789 740 2820 Audite
748 2809 756 2823 ,
768 2789 868 2830 quaeso
879 2810 887 2823 ‚
897 2791 908 2830 j
913 2788 1026 2823 udices,
1042 2789 1074 2819 &

104 2887 125 2918 ,⁸
149 2901 172 2918 1.
201 2896 229 2918 ln
239 2897 362 2919 com-ionem
372 2894 498 2928 venium]
519 2893 638 2929 Scriptus
649 2892 752 2926 Cujacii
763 2895 913 2918 tomentum.
934 2901 985 2919 uon
998 2902 1072 2919 acce-

109 2926 179 2954 dunt
189 2928 256 2955 Pali.
268 2937 313 2955 aut
324 2929 407 2955 editio
416 2929 561 2965 antiquior.

147 2972 176 2989 2.
193 2967 313 2998 Ignemque
325 2966 464 2999 subjicere]
480 2967 523 2991 bic
534 2964 603 2991 Pali.
614 2965 641 2991 8<
653 2963 714 2991 edd.
726 2970 793 2990 vett.
804 2973 864 2991 nain
877 2964 970 3000 copula
981 2963 1074 2990 deerat

111 2998 227 3033 vulgatis
237 3008 323 3028 antea.
353 3002 511 3036 Cujacianus
530 3010 656 3038 praeterea
675 3001 811 3035 interjecit
823 3020 831 3033 ‚
849 3003 969 3035 ignemque
989 3003 1074 3026 circum

105 3034 232 3069 fithjicere.

150 3078 178 3104 3.
195 3073 227 3096 P.
236 3072 350 3107 Tettius]
362 3073 429 3099 Pall.
440 3075 556 3099 Petirim.
576 3071 671 3106 Cujac.
685 3074 793 3099 Penius.
814 3071 858 3098 ed.
871 3080 924 3099 vet.
935 3075 1074 3105 Petricim5

111 3113 172 3141 quae
182 3112 269 3132 tamen
279 3107 366 3135 statim
376 3109 467 3135 habuit
477 3111 566 3135 Catilii.
579 3109 645 3135 l'all.
659 3110 721 3136 vero
734 3111 815 3135 Catii.
824 3116 851 3134 at
863 3109 955 3142 Cujac.
966 3110 1037 3134 Τεέὲι.

147 3148 177 3175 4.
198 3144 225 3168 Ut
235 3144 380 3178 quamdim'n
390 3146 469 3174 ceteris
480 3148 549 3173 rebus
558 3149 672 3180 tacuerit,
677 3146 738 3181 fiii-c
748 3144 813 3180 dem]
828 3146 886 3175 Vox
896 3152 1010 3179 tacuerit,
1022 3153 1074 3172 nou
1095 3159 1098 3177 ι

96 3201 108 3210 ⁴

1998 123 2094 172 237

1126 194 1289 236 aliquando
1300 194 1488 225 miseremini
1502 191 1653 223 sociorum
1668 211 1675 225 ,
1695 188 1729 222 &
1740 186 1887 221 ostendite
1899 208 1907 223 ,
1924 189 1962 220 ali
1986 190 2036 220 uid
2049 191 2094 220 his

1128 238 1160 266 in
1170 236 1264 266 vestra
1277 236 1334 267 fide
1344 234 1469 276 praesidii
1483 233 1541 265 ess'e
1560 243 1707 274 oportere.
1752 231 1844 275 de
1865 233 1920 262 toti
1938 235 1964 262 A
1977 242 2011 262 1ae
2028 233 2093 271 jure

1129 279 1243 308 occisus
1252 278 1408 308 videbatui·
1418 277 1501 308 istius
1513 276 1565 307 ille
1574 275 1667 306 verbo
1679 273 1814 307 helom-e
1826 284 1892 304 vera
1904 272 2026 309 minist'er
2037 275 2094 302 im-

1102 317 1104 339 1
1124 318 1283 360 probzffimae
1293 320 1455 359 cupidinem
1465 330 1475 346 .·
1494 319 1651 358 pertimuit
1662 316 1727 349 iste,
1739 326 1777 346 ne
1787 315 1983 346 Philodamus
1993 318 2025 345 N
2027 326 2094 345 ero-

1128 363 1175 389 nis
1184 361 1301 397 judicio
1312 361 1496 391 liberaretur.
1513 369 1606 400 rogat,
1621 360 1653 389 &
1666 367 1729 389 orat
1738 357 1943 391 Dolabellam,
1956 366 1988 387 ut
1997 357 2033 387 de
2045 358 2095 387 sua

1127 403 1282 441 provincia
1290 402 1428 432 decedat:
1450 402 1485 432 ad
1502 400 1659 431 Neronem
1676 399 1894 440 proficiscatur:
1914 400 1942 429 se
1960 399 2093 429 demon-

1129 442 1196 473 strat
1208 444 1394 473 incolumem
1408 442 1465 473 ess'e
1476 453 1538 473 non
1550 441 1642 483 posse,
1655 441 1674 472 si
1688 441 1864 473 Philodamo
1874 443 1975 471 vivere
1986 461 1994 474 ‚
2006 450 2094 482 atque

1127 484 1288 525 aliquando
1312 487 1445 514 Romam
1466 487 1568 514 venire
1582 482 1717 514 licuifl’et.
1751 487 1933 514 Commotus
1941 482 1985 513 est
1996 484 2093 513 Dola-

1124 526 1212 556 bella.
1234 525 1306 555 fecit
1316 526 1346 555 id
1359 546 1367 558 ‚
1389 525 1472 566 quod
1491 526 1576 554 musti
1598 525 1820 566 reprehenderunt
1829 545 1837 558 ,
1862 534 1894 555 ut
1912 526 2089 557 exercitum,

1101 568 1102 572 ’
1123 569 1311 608 provinciam
1323 587 1331 600 ,
1344 567 1460 596 bellum
1470 568 1647 608 relinqueret
1658 588 1666 600 ,
1681 568 1712 597 δε
1723 569 1755 597 in
1766 566 1876 599 Asiam,
1891 568 2027 597 hominis
2036 577 2091 596 ne-

1122 608 1254 651 quiffimi
1264 609 1394 641 caustnin
1405 609 1533 638 alienam
1547 611 1732 648 provinciam
1744 607 1986 648 proficisceretur.
2004 607 2089 639 Post-

1121 652 1246 692 eaquam
1257 650 1292 681 ad
1304 653 1461 681 Neronem
1473 653 1558 680 venit
1571 661 1575 678 2
1598 650 1756 680 contendit
1765 651 1799 680 ab
1811 661 1860 684 eo,
1872 660 1905 680 ut
1914 650 2088 680 Philodami

1120 694 1237 724 causam
1245 692 1448 733 cognosceret.
1472 692 1669 730 Veneratipse
1681 712 1688 725 ,
1707 691 1838 732 quiess'et
1848 694 1880 722 in
1890 691 2032 725 consilio,
2054 693 2087 722 ὃς

1120 737 1236 775 primus
1248 735 1427 764 sententiam
1438 733 1559 763 diceret.
1589 733 1748 763 adduxerat
1757 736 1847 763 etiam
1857 733 2013 773 praefe&os
2021 753 2029 767 ‚
2052 734 2087 764 δε

1121 777 1259 807 tribunos
1278 776 1434 806 militareis
1456 775 1523 804 suos
1535 795 1543 807 ,
1567 785 1642 814 quos
1655 777 1737 804 Nero
1749 777 1869 804 omneis
1880 778 1912 805 in
1922 774 2084 805 consilium

1118 821 1244 849 vocavit.
1269 822 1329 848 erat
1346 819 1380 847 in
1397 815 1524 847 consilio
1547 818 1637 846 etiam
1648 815 1932 856 aequiffimusjudex
1941 818 2001 857 ipse
2012 821 2087 847 Ver-

1120 871 1176 891 res.
1211 869 1294 890 erant
1312 859 1453 889 nonnulli
1472 859 1561 900 togati
1580 857 1739 887 creditores
1759 860 1932 888 Graecorum
1945 879 1953 892 ,
1977 859 2089 900 quibus

1121 902 1158 931 ad
1175 902 1323 943 exigendas
1339 901 1470 943 pecuniae
1496 898 1707 939 improbissimi
1725 900 1866 940 cujusque
1887 901 1973 941 legati
1991 902 2089 940 pluri-

1123 944 1210 974 mum
1223 943 1345 984 prodest
1354 944 1452 985 gratia.
1475 942 1531 972 Ille
1551 942 1642 971 miser
1660 941 1824 980 defensorem
1840 944 1966 981 reperire
1985 944 2086 972 nemi-

1121 996 1192 1015 nem
1213 994 1335 1026 poterat.
1359 987 1426 1026 quis
1446 985 1529 1013 enim
1551 983 1621 1013 ess'et
1637 992 1685 1013 aut
1702 992 1815 1024 togatus
1828 1004 1835 1017 ,
1855 985 1907 1024 qui
1918 983 2086 1014 Dolabellae

1140 1028 1216 1056 tatia
1227 1039 1238 1055 .·
1250 1036 1299 1058 aut
1310 1029 1440 1059 Graecus,
1452 1027 1504 1066 qui
1515 1025 1649 1064 ejusdem
1662 1026 1694 1054 vi
1704 1025 1738 1057 ὼ·
1749 1026 1862 1066 imperio
1874 1035 1936 1055 non
1947 1035 2089 1055 movere-

1097 1069 1099 1079 '
1120 1072 1189 1100 tur?
1208 1069 1369 1099 Accusator
1387 1077 1487 1099 autern
1508 1069 1668 1107 apponitur
1681 1069 1758 1097 civis
1775 1069 1935 1097 Romanus
1946 1067 1981 1097 de
1990 1067 2088 1097 credi-

1119 1112 1234 1142 toribus
1255 1111 1528 1150 Lampsacenorum
1542 1121 1546 1138 :
1570 1107 1651 1150 quisi
1661 1107 1781 1139 dixisset
1791 1109 1872 1150 quod
1885 1107 2081 1148 istejuffifl'et,

1118 1164 1170 1194 per
1179 1153 1313 1187 eiusdem
1323 1151 1407 1182 istius
1417 1150 1537 1181 li8torcs
1548 1151 1562 1181 a
1572 1151 1685 1191 populo
1696 1153 1853 1191 pecuniam
1865 1149 1961 1191 pofl'et
1980 1152 2084 1192 exige-

1119 1207 1158 1226 re.
1177 1194 1255 1225 Cum
1267 1196 1330 1224 hcec
1339 1195 1444 1224 omnia
1454 1202 1531 1223 tanta
1539 1195 1745 1226 contentione,
1759 1194 1845 1223 tantis
1856 1194 1950 1232 copiis
1961 1202 2085 1233 ageren-

1119 1247 1176 1271 tur,
1190 1236 1362 1267 camillum
1374 1236 1519 1266 miserum
1533 1236 1623 1265 multi
1633 1235 1800 1265 accusarent
1812 1255 1821 1268 ,
1836 1245 1928 1264 nemo
1940 1234 2085 1264 defende—

1119 1289 1162 1310 ret
1174 1290 1179 1308 z
1193 1289 1322 1320 cumque
1333 1277 1491 1308 Dolabella
1504 1287 1575 1307 cum
1587 1278 1645 1307 suis
1657 1276 1805 1316 praefeehs
1814 1285 1956 1317 pugnaret
1966 1278 1999 1306 in
2009 1286 2086 1306 con-

1119 1321 1184 1351 silio
1196 1332 1200 1350 :
1222 1324 1326 1350 Verres
1337 1319 1469 1349 fortunas
1480 1321 1524 1359 agi
1537 1319 1598 1349 suas
1609 1318 1720 1349 diceret
1732 1329 1736 1346 :
1757 1318 1828 1347 idem
1840 1317 2027 1354 testimonium
2037 1317 2084 1346 di-

1119 1371 1208 1392 cerer:
1232 1363 1305 1392 idem
1316 1361 1377 1399 esset
1387 1363 1414 1390 in
1426 1361 1533 1401 consilio
1543 1372 1553 1388 .·
1575 1361 1646 1390 idem
1661 1361 1850 1400 accufiztorem
1863 1359 1999 1401 parasset:
2022 1360 2086 1391 haec

1119 1404 1190 1435 cum
1202 1407 1307 1434 omnia
1328 1402 1433 1433 fierent
1444 1423 1452 1436 ,
1476 1403 1508 1432 ὃς
1523 1401 1593 1432 cum
1605 1403 1766 1432 hominem
1779 1401 1924 1432 constaret
1933 1402 2084 1432 occisum:

1119 1456 1220 1477 tamen
1230 1455 1308 1476 tanta
1317 1448 1363 1475 vis
1374 1444 1458 1475 istius
1468 1445 1597 1484 injuriae,
1609 1453 1687 1474 tanta
1697 1446 1730 1474 in
1740 1443 1797 1474 isto
1815 1444 1990 1484 improbitas
2002 1453 2086 1483 puta-

1118 1488 1203 1519 batur
1214 1508 1222 1522 ,
1235 1498 1267 1518 ut
1277 1488 1314 1518 de
1324 1486 1503 1518 Philodamo
1514 1487 1642 1526 amplius
1652 1487 1904 1526 pronuntiaretur.
1937 1485 2018 1526 Qid
2030 1496 2085 1526 ego

1118 1541 1200 1560 nunc
1218 1532 1252 1560 in
1270 1531 1393 1560 alteram
1413 1528 1566 1558 aaronem
1586 1531 1641 1558 Cn.
1655 1528 1823 1558 Dolabenae
1845 1528 1964 1567 spiritus
1977 1538 1983 1556 :
2010 1527 2084 1568 quid

1119 1573 1208 1612 hujus
1219 1573 1362 1612 lacrymas
1374 1591 1381 1605 ‚
1403 1570 1436 1600 δε
1445 1569 1657 1600 concursiones
1667 1569 1817 1609 proferam
1830 1580 1836 1598 :
1856 1569 1928 1610 quid
1939 1572 1971 1599 C.
1985 1572 2087 1600 Nero-

1120 1616 1166 1644 nis
1177 1634 1185 1648 ,
1195 1616 1252 1644 viri
1260 1615 1370 1654 optimi
1380 1633 1388 1647 ,
1399 1621 1486 1653 atque
1496 1610 1734 1642 iniiocentiffimi
1745 1632 1753 1646 ,
1770 1612 1930 1641 nonnullis
1942 1613 1974 1641 in
1985 1611 2084 1645 rebus,

1119 1657 1249 1685 animum
1258 1658 1338 1685 nimis
1349 1655 1496 1687 timidum,
1509 1663 1593 1695 atque
1604 1652 1767 1684 demiffum
1780 1656 1791 1683 ?
1803 1655 1855 1694 qui
1866 1655 1898 1683 in
1909 1653 1961 1683 illa
1972 1663 2001 1683 re
2011 1653 2086 1694 quid

1120 1697 1214 1728 facere
1226 1699 1367 1738 potuerit,
1379 1707 1443 1726 non
1453 1696 1588 1730 habebat,
1600 1695 1655 1726 nisi
1664 1695 1754 1729 forte,
1768 1695 1798 1725 id
1808 1695 1889 1736 quod
1901 1705 2008 1725 omnes
2018 1704 2086 1725 tum

1119 1739 1320 1770 desiderabant
1330 1759 1338 1773 ,
1359 1748 1392 1769 ut
1411 1747 1508 1779 ageret
1516 1748 1581 1768 eam
1593 1747 1655 1768 rem
1667 1737 1727 1768 fine
1737 1741 1828 1768 Verre
1840 1758 1848 1771 ‚
1870 1737 1903 1767 δε
1913 1737 2085 1767 Dolabella.

1119 1782 1267 1823 quidquid
1278 1780 1349 1812 efl‘et
1359 1779 1418 1811 fine
1428 1781 1475 1809 his
1484 1779 1586 1811 aetum
1598 1799 1606 1813 ‚
1619 1790 1727 1810 omnes
1741 1779 1909 1820 probarent.
1934 1788 1999 1810 tum
2011 1778 2085 1809 verb

1121 1824 1202 1865 quod
1213 1825 1440 1864 pronuntiatum
1449 1821 1491 1852 est
1500 1842 1509 1856 ,
1523 1832 1587 1852 non
1598 1832 1650 1862 per
1661 1825 1818 1852 Neronem
1825 1821 1992 1860 judicatum
2005 1841 2013 1855 ,
2036 1821 2087 1851 sed

1120 1876 1172 1906 per
1180 1866 1371 1896 Dolabellam
1382 1873 1517 1904 ereptum
1527 1863 1760 1894 existimabatur.
1771 1863 1991 1893 condemnatur
1999 1865 2086 1893 enim

1120 1910 1272 1948 perpaucis
1283 1908 1438 1938 sententiis
1448 1905 1642 1936 Philodamus
1652 1925 1661 1938 ‚
1679 1905 1711 1935 &
1720 1906 1782 1944 ejus
1794 1903 1884 1934 filius.
1914 1904 2006 1935 Adest
2015 1926 2024 1938 ,
2036 1906 2086 1935 in-

1121 1949 1185 1983 stat,
1197 1958 1281 1990 urget
1293 1948 1460 1982 Dolabella,
1473 1956 1506 1977 ut
1515 1945 1744 1987 quamprimum
1754 1947 1847 1977 securi
1856 1945 2010 1981 feriantur,
2023 1955 2087 1986 quo

1121 1991 1212 2032 quam
1224 1992 1355 2021 minime
1367 1989 1457 2019 multi
1469 1999 1506 2019 ex
1516 1989 1577 2018 illis
1587 1988 1623 2019 de
1634 1987 1719 2018 istius
1731 1987 1846 2018 nefario
1858 1988 1966 2018 scelere
1982 1988 2086 2018 audire

1122 2032 1247 2073 possent.
1281 2031 1479 2062 Constituitur
1501 2032 1532 2060 in
1547 2029 1615 2060 foro
1626 2030 1782 2060 Laodiceae
1790 2029 1993 2069 spee‘taculum
2003 2040 2087 2060 acer-

1122 2076 1195 2105 bum
1207 2094 1215 2108 ,
1235 2074 1268 2104 &
1287 2074 1431 2104 miserum
1443 2093 1452 2106 ,
1475 2072 1507 2102 δε
1516 2082 1603 2113 grave
1613 2074 1670 2103 toti
1681 2070 1753 2102 Asiae
1764 2072 1944 2112 provinciae:
1965 2071 2086 2113 grandis

1122 2126 1190 2147 natu
1200 2126 1316 2157 parens,
1333 2114 1477 2145 adduffiis
1488 2114 1524 2144 ad
1535 2115 1733 2154 supplicium:
1750 2124 1787 2144 ex
1797 2114 1885 2143 altera
1893 2122 1973 2153 parte
1984 2111 2065 2143 filius
2078 2124 2085 2143 z

1120 2159 1184 2191 ille,
1197 2157 1450 2200 qubdpudicitiam
1460 2155 1606 2185 liberorum
1616 2167 1627 2183 .·
1647 2157 1696 2186 hic
1707 2177 1714 2189 ,
1726 2155 1802 2197 quiid
1811 2155 1997 2197 vitampatrzs
2008 2176 2016 2189 ,
2028 2155 2086 2190 fa—

1119 2201 1352 2242 mamqueffiroris
1360 2198 1525 2237 defenderat.
1558 2198 1658 2229 Flebat
1672 2207 1793 2238 uterque
1802 2217 1814 2231 ,
1832 2207 1896 2227 non
1906 2197 1941 2227 de
1953 2197 1970 2227 s
1966 2207 2005 2227 uo
2017 2198 2086 2237 sup—

1116 2243 1210 2282 plicio
1222 2263 1230 2275 ,
1253 2242 1302 2272 sed
1311 2250 1392 2281 pater
1401 2240 1437 2270 de
1449 2238 1505 2269 filii
1517 2249 1614 2270 morte
1626 2260 1633 2273 ‚
1655 2239 1691 2269 de
1702 2241 1790 2279 patris
1801 2259 1809 2273 ,
1823 2237 1914 2269 filius.
1948 2239 2030 2280 Qid
2043 2239 2085 2269 la-

1116 2294 1286 2323 crymarum
1307 2283 1406 2323 ipsum
1426 2284 1583 2311 Neronem
1599 2283 1706 2321 putatis
1717 2279 1904 2321 profudiss'e?
1923 2291 2016 2322 quem
2029 2279 2084 2311 fle·

1117 2335 1181 2356 tum
1193 2328 1285 2356 totius
1295 2323 1368 2355 Asiae
1378 2322 1484 2354 fuisl'e?
1496 2333 1586 2364 quem
1597 2323 1727 2356 locstum,
1740 2323 1773 2354 &
1782 2324 1931 2364 gemitum
1941 2323 2084 2363 Lampsa-

1116 2370 1282 2398 cenorum?
1301 2368 1394 2397 securi
1405 2364 1463 2395 ess'e
1472 2364 1624 2406 percussos
1642 2367 1783 2395 homines
1794 2366 1953 2394 z'mmcemeu
1962 2384 1971 2398 ,
1991 2365 2084 2394 nobi—

1116 2411 1169 2440 leis
1182 2431 1190 2444 ,
1202 2411 1298 2440 socios
1308 2409 1413 2449 populi
1425 2409 1560 2438 Romani
1569 2416 1655 2448 atque
1665 2409 1779 2437 amicos
1790 2426 1798 2440 ,
1817 2416 1936 2446 propter
1944 2407 2083 2438 hominis

1116 2450 1333 2493 flagitiosiffimi
1344 2449 1521 2491 singularem
1533 2451 1711 2489 nequitiam,
1730 2458 1817 2489 atque
1826 2446 2081 2487 improbissimam

1115 2494 1309 2534 cupiditatem
1322 2495 1332 2522 ?
1352 2494 1440 2533 5Jam
1452 2492 1523 2527 iam,
1536 2491 1704 2523 Dolabella,
1717 2500 1814 2531 neque
1825 2492 1887 2523 tui,
1906 2500 2002 2531 neque
2013 2500 2082 2520 tuo—

1115 2546 1183 2566 rum
1194 2534 1325 2566 liberum
1339 2554 1347 2568 ,
1367 2543 1442 2575 quos
1453 2542 1484 2563 tu
1496 2534 1620 2563 miseros
1631 2535 1662 2562 in
1673 2531 1797 2573 egestate
1807 2552 1815 2565 ,
1835 2541 1921 2572 atque
1932 2534 1966 2561 in
1976 2533 2083 2562 solitu-

1114 2578 1185 2608 dine
1196 2576 1342 2618 reliquisti
1354 2597 1361 2610 ‚
1384 2575 1506 2615 misti-eri
1520 2573 1615 2615 potest.
1649 2574 1792 2604 Verresne
1803 2573 1858 2603 tibi
1868 2575 1940 2603 tanti
1949 2572 2009 2604 fuit
2019 2594 2028 2608 ‚
2051 2584 2084 2605 ut

1106 2621 1179 2659 vejus
1190 2620 1351 2649 libidinem
1363 2638 1371 2652 ,
1391 2619 1556 2647 hominum
1568 2617 1780 2646 innocentium
1792 2616 1935 2657 sanguine
1954 2616 1997 2645 lui
2016 2616 2081 2646 vel-

1114 2662 1178 2691 les?
1196 2662 1353 2692 Idcircone
1364 2661 1542 2691 exercitum,
1555 2667 1640 2699 atque
1651 2656 1767 2688 hostem
1779 2657 1977 2699 relinquebas,
1992 2667 2024 2687 ut
2033 2668 2082 2689 tua

1115 2705 1156 2736 vi,
1170 2704 1203 2734 &
1213 2703 1397 2735 crudelitate,
1411 2700 1493 2730 istius
1504 2702 1638 2730 hominis
1648 2698 1861 2739 improbissimi
1869 2700 2000 2740 pericula
2012 2700 2029 2730 s
2026 2699 2082 2730 ub-

1116 2746 1226 2776 levares
1238 2748 1248 2774 ?
1268 2743 1360 2786 Qod
1380 2744 1463 2772 enim
1483 2752 1552 2771 eum
1572 2742 1626 2772 tibi
1646 2740 1798 2782 quaestoris
1809 2743 1842 2771 in
1852 2742 1955 2771 locum
1966 2741 2080 2771 consti-

1115 2797 1210 2818 tueras
1221 2807 1229 2822 ‚
1242 2786 1354 2817 idcirco
1365 2785 1419 2815 tibi
1429 2782 1444 2804 ⁶
1453 2794 1578 2813 amicum
1588 2785 1616 2813 in
1624 2791 1786 2825 perpetuum
1795 2783 1860 2814 fore
1868 2783 1974 2824 putasti
1987 2786 1996 2812 ?
2014 2786 2081 2814 Ne-

1956 2825 2078 2859 sciebas,

1092 2807 1094 2823 l

1118 2898 1253 2927 comparet
1264 2891 1289 2917 in
1303 2890 1370 2916 Pau.
1381 2896 1426 2915 aut
1437 2887 1501 2915 adeo
1513 2886 1574 2913 edd.
1585 2887 1768 2923 priuiogeniis.
1791 2886 1971 2921 Cujacii'liber
1983 2905 1992 2918 ,
2011 2890 2036 2912 in
2047 2896 2084 2912 ce-

1116 2928 1172 2953 reiis
1184 2928 1345 2960 rfflibmfiire
1357 2945 1364 2957 ‚
1374 2927 1425 2956 ὼε,

1157 2973 1182 2997 5.
1201 2965 1306 2997 Jamjam
1316 2963 1443 2992 Dolabella,
1454 2960 1592 2993 neque‚&c.
1603 2959 1705 2993 mist-reri
1713 2958 1808 2993 porga]
1829 2957 2021 2984 Reducendum
2033 2967 2083 2994 pu-

1118 3007 1155 3025 tai
1165 3000 1232 3024 iuius
1246 3019 1253 3030 ,
1266 2997 1336 3033 quod
1348 3005 1404 3023 erat
1417 2998 1442 3023 iu
1455 2996 1521 3022 l‘all.
1534 2996 1559 3022 'in
1572 2995 1665 3030 Cujac.
1687 2996 1711 3022 in
1724 2996 1814 3031 primis
1825 2993 1886 3020 edd.
1903 2995 2064 3020 recentiores
2075 3013 2084 3026 ‚

1118 3039 1187 3062 Nemo
1199 3054 1206 3065 ‚
1220 3036 1274 3068 jam
1283 3035 1400 3060 Dolabella
1409 3034 1459 3063 dyc.
1480 3031 1551 3068 quod
1563 3038 1652 3058 tamen
1663 3041 1713 3058 non
1726 3031 1884 3068 conspicitur
1893 3031 1919 3056 in
1931 3029 1992 3056 edd.
2006 3039 2082 3057 ietu·

1119 3071 1161 3098 st'is
1175 3090 1182 3102 ‚
1193 3078 1237 3096 aut
1250 3069 1307 3096 iuss.

1154 3107 1182 3132 6,
1201 3108 1358 3134 §Amicumin
1372 3104 1536 3141 per-semum]
1555 3103 1718 3132 Gulielmius
1729 3102 1860 3132 maluisset
1870 3101 1947 3138 abjici
1958 3099 2080 3137 proepofi-

1119 3142 1266 3171 tiuuculam
1275 3144 1312 3170 in.

1955 3182 1966 3201 1
1974 3192 1979 3198 .
1989 3173 2082 3200 ’.Λίκὶ-

1605 3175 1692 3212 ng

2110 1495 2153 1527 ΞΟ
