2337 3400
67 82 164 149 965
459 79 1028 127 CoRNssL11

71 162 226 195 lumniam
239 178 248 194 ‚
268 159 315 189 cui
327 176 335 191 ‚
357 165 389 188 ut
400 155 587 187 ostendimus
597 152 698 194 paullo
708 161 774 182 ante
786 171 794 185 ‚
806 160 895 192 opem
907 150 1022 180 tulerat.

69 212 149 236 unta
168 203 291 232 varietas
312 200 358 228 his
376 197 560 242 temporibus
577 195 636 224 suit
656 193 783 224 fortuna:
795 212 803 226 ‚
825 191 963 222 utmodo
978 193 1020 225 hi,

71 243 167 275 modo
180 243 265 272 illiin
276 241 395 270 summo
405 237 499 268 essent
511 246 561 267 aut
575 235 692 276 fastigio
706 255 715 268 ,
735 243 784 264 aut
801 234 945 274 periculo.
968 233 1020 264 ha-

70 285 158 315 bebat
168 284 265 314 secum
292 284 300 300 ¹
313 280 447 310 Gellium
458 280 587 308 Canium
601 297 610 310 ,
625 277 773 317 aequalem
785 295 794 309 ‚
814 273 1023 305 simillimum-

70 335 128 366 que
143 325 196 354 sui.
220 324 277 352 hoc
287 331 407 362 quoque
423 318 455 349 sit
464 321 556 350 Attici
569 320 712 349 bonitatis
722 317 899 357 exemplum
911 336 919 350 ,
939 315 1020 357 quod

70 375 141 396 cum
157 375 193 394 eo
206 385 214 397 ,
234 372 325 404 quem
345 371 471 402 puerum
486 363 518 391 in
533 361 604 391 ludo
617 368 759 401 cognorat
771 378 779 392 ‚
801 358 874 389 adeo
889 359 1021 398 conjun-

70 407 119 438 ἂὲ
135 408 210 436 vixit
221 425 229 439 ,
252 413 283 434 ut
297 404 332 434 ad
346 408 513 435 extremam
527 412 642 433 aetatem
657 403 789 431 amicitia
801 410 905 430 eorum
920 410 1020 431 creve—

71 450 120 480 rit.
145 448 298 477 Antonius
307 455 406 475 autem
418 465 426 478 ,
441 443 492 475 etsi
509 453 594 475 tanto
606 444 680 474 odio
697 442 845 472 ferebatur
855 444 887 472 in
896 443 1020 472 Cicero-

71 499 142 520 nem
154 509 162 522 ,
185 497 217 518 ut
234 497 297 518 non
311 486 411 517 solum
426 489 474 520 ei,
493 487 544 516 sed
562 488 652 516 ctiam
663 485 808 514 omnibus
821 484 905 514 ²suis
915 485 1020 514 amicis

70 529 142 562 esset
153 532 295 560 inimicus
306 548 314 561 ‚
337 528 446 569 eosque
457 528 549 558 vellet
560 527 742 568 proscribere
754 538 762 559 3
780 526 886 556 multis
897 526 1019 555 hortan-

70 572 152 602 tibus
162 581 262 602 tamen
274 591 282 604 ‚
293 572 384 600 Attici
393 579 514 600 memor
523 568 581 599 fuit
591 567 703 599 officii:
724 567 757 598 &
768 570 817 601 ei,
836 566 907 597 cum
919 570 1017 608 requi·

71 612 161 647 sisset,
173 614 296 644 ubinam
305 610 386 646 esset,
400 612 448 642 sua
459 620 554 641 manu
565 609 676 650 scripsit
686 630 694 644 ‚
705 619 742 639 ne
753 612 871 640 timeret
883 629 891 642 ,
904 608 1018 639 statim-

69 664 130 695 que
147 655 183 686 ad
198 656 224 685 se
243 655 374 684 veniret:
397 657 408 680 3
422 653 450 684 se
458 663 528 684 eum
540 672 548 687 ,
571 652 604 683 δε
614 653 749 682 Gellium
759 653 889 682 Canium
901 651 937 680 de
946 660 1016 690 pro-

67 697 246 737 scriptorum
257 705 385 726 numero
395 693 556 729 exemisse,
573 704 623 728 ac,
643 704 681 724 ne
696 693 778 735 quod
793 692 958 733 periculum
970 694 1018 722 in-

67 739 182 769 cideret
191 758 199 771 ,
211 737 292 779 quod
302 735 396 767 noetu
407 734 495 768 fiebat
505 756 514 771 ,
525 734 694 777 praefidium
704 737 731 765 ei
742 735 833 765 misit.
855 733 892 764 sic
904 736 1018 764 Atticus

66 780 103 811 in
115 780 235 810 summo
247 781 356 809 timore
366 788 432 809 non
442 777 542 809 solum
554 776 606 808 fibi
616 797 625 812 ,
649 777 697 808 sed
708 778 798 807 etiarn
810 778 856 810 ei,
868 785 959 817 quem
970 785 1018 806 ca-

67 819 217 853 riffimum
228 820 368 854 habebat,
382 819 540 861 4praesidio
548 818 616 850 fuit.
639 829 736 860 neque
747 821 831 848 enim
847 819 904 848 suae
914 815 1014 848 solum

67 862 84 893 ὲ
94 872 245 904 quoquam
255 863 403 893 auxilium
415 864 501 902 petiit
511 862 623 895 salutis,
635 861 699 891 fsed
710 858 912 900 conjunffim,
926 868 957 889 ut
966 869 1017 899 ap-

66 914 180 946 pareret
193 905 308 935 nullam
319 904 483 944 sejunfimm
498 902 551 934 sibi
564 904 600 934 ab
613 912 649 933 eo
659 903 737 933 velle
745 901 910 932 fortunam.
933 900 1017 942 quod

66 944 89 977 fi
98 946 278 988 gubernator
293 956 437 986 praecipua
447 946 532 979 laude
542 944 636 975 fertur
645 964 654 978 ‚
674 946 727 985 qui
737 954 845 974 navem
856 953 893 973 ex
904 944 1016 976 hieme,

67 989 206 1029 marique
220 987 375 1028 scopuloso
390 988 482 1018 servat
492 999 502 1022 ;
521 997 572 1017 cur
589 996 653 1016 non
666 985 820 1027 singularis
833 987 898 1026 ejus
912 984 1017 1015 existi-

65 1038 168 1061 metur
185 1030 360 1071 prudentia,
380 1034 433 1070 qui
447 1039 485 1059 ex
504 1037 567 1063 tot,
587 1037 709 1069 tamque
724 1027 861 1069 gravibus
879 1027 1019 1067 procellis

66 1071 211 1102 civilibus
227 1071 263 1102 ad
283 1072 526 1101 incolumitatem
543 1072 698 1110 pervenit?
711 1069 822 1110 quibus
836 1078 874 1098 ex
888 1068 976 1098 malis
988 1077 1019 1097 ut

65 1111 81 1133 ⁶
95 1112 123 1142 se
133 1113 289 1143 emerserat
299 1132 307 1146 ‚
320 1113 398 1142 nihil
407 1112 489 1143 aliud
500 1114 577 1153 egit,
593 1112 685 1153 quam
698 1111 877 1151 utplurimis
889 1129 897 1142 ‚
909 1109 1017 1150 quibus

69 1154 158 1184 rebus
167 1153 279 1194 posset,
300 1152 504 1184 ess‘etauxilio.
527 1154 598 1184 cum
618 1153 797 1194 proscriptos
813 1153 946 1192 praemiis
959 1152 1019 1180 im-

65 1205 239 1237 peratorum
258 1196 366 1237 vulgus
384 1198 575 1237 conquireret
589 1215 596 1229 ‚
615 1205 709 1226 nemo
728 1197 762 1224 in
779 1194 905 1233 Epirum
924 1193 1019 1225 venir,

67 1241 117 1268 cui
135 1247 181 1268 res
201 1237 262 1268 ulla
279 1237 416 1268 defuerit.
441 1238 560 1269 nemini
574 1247 639 1267 non
653 1236 696 1267 ibi
713 1234 855 1276 perpetuo
876 1234 1020 1264 manendi

67 1278 196 1319 potestas
208 1278 283 1309 fafka
291 1278 351 1309 est:
373 1284 388 1308 7
417 1281 546 1310 uietiam
557 1299 565 1313 ‚
586 1278 653 1319 post
661 1278 805 1318 proelium
816 1275 1017 1316 Philippense,

68 1323 285 1362 interitumque
295 1323 327 1351 C.
339 1323 379 1352 Ca
402 1324 442 1355 ii,
463 1321 496 1352 &
507 1324 551 1351 M.
562 1322 645 1351 Bruti
656 1339 665 1354 ‚
684 1319 848 1361 L.Julium
860 1317 1017 1348 Mocillam

67 1364 243 1394 Praetorium
255 1383 264 1396 ,
286 1362 320 1393 &
337 1361 434 1393 filium
453 1363 535 1403 ejus,
554 1363 730 1403 Aulumque
744 1363 953 1402 Torquatum,
970 1368 1019 1389 ce-

68 1404 204 1445 terosque
217 1406 277 1444 pari
290 1404 412 1435 fortuna
423 1405 574 1445 perculsos
592 1399 606 1424 8
617 1403 758 1434 institerit
770 1404 864 1435 tueri,
883 1409 970 1442 atque
984 1410 1022 1431 ex

66 1447 162 1486 Epiro
176 1447 212 1475 iis
225 1449 330 1477 omnia
338 1448 572 1477 Samothraciam
583 1447 746 1486 supportari
757 1442 884 1485 jusserit.
903 1446 918 1470 9
939 1440 1020 1473 diffi-

70 1487 130 1517 cile
148 1489 231 1517 enim
254 1487 297 1518 est
315 1490 418 1520 omnia
434 1488 568 1529 persequi
586 1507 594 1521 ‚
620 1488 653 1518 &
671 1496 736 1517 non
753 1483 919 1516 necessaria.
942 1483 1020 1514 illud

69 1538 170 1559 unum
184 1529 313 1570 intelligi
326 1530 470 1560 volumus
480 1549 489 1563 ,
511 1532 593 1560 illius
607 1529 816 1559 liberalitatem
831 1536 928 1568 neque
942 1534 1020 1556 tem-

69 1571 218 1611 porariam
231 1590 239 1603 ‚
261 1580 359 1610 neque
380 1571 518 1601 callidam
536 1568 633 1601 fuisse.
666 1569 696 1600 id
716 1579 754 1598 ex
772 1567 839 1609 ipsis
857 1568 964 1601 rebus,
989 1577 1020 1597 ac

71 1611 262 1651 temporibus
275 1614 305 1630 ¹⁰
314 1612 436 1648 iudicari
445 1610 639 1654 potest,quod
651 1621 714 1641 non
725 1609 901 1640 florentibus
909 1609 937 1639 se
947 1618 1021 1639 ven-

70 1652 175 1683 ditavit
190 1672 198 1685 ,
218 1652 266 1682 sed
280 1652 400 1684 afflieiis
413 1653 528 1693 semper
541 1655 682 1684 succurrit
696 1663 701 1681 ;
719 1662 770 1692 qui
787 1651 911 1693 quidem
922 1652 1021 1681 Servi-

68 1694 142 1726 liam
154 1695 235 1724 Bruti
254 1703 379 1725 matrem
400 1704 463 1725 non
483 1697 586 1725 minus
603 1694 669 1734 post
682 1702 812 1724 mortem
827 1693 910 1732 ejus,
931 1692 1021 1734 quam

71 1733 231 1766 florentem
244 1755 252 1769 ,
263 1736 397 1766 coluerit.
422 1735 459 1766 sic
468 1737 642 1767 liberalitate
655 1745 740 1766 utens
750 1755 758 1768 ‚
779 1735 876 1765 nullas
887 1736 1023 1764 inimici-

69 1779 124 1808 tias
142 1776 223 1818 geffit
237 1797 245 1809 ‚
269 1777 351 1817 quod
371 1787 469 1818 neque
487 1778 612 1808 laedebat
633 1786 815 1818 quemquam
830 1795 838 1809 ‚
862 1785 978 1816 neque,
1001 1774 1022 1804 fi

70 1829 161 1860 quam
174 1819 314 1857 injuriam
324 1829 481 1858 acceperat,
493 1830 556 1849 nori
567 1820 694 1849 malebat
703 1818 860 1850 oblivisci,
873 1820 965 1857 quam
976 1817 1022 1846 ul—

68 1861 149 1891 cisci.
173 1860 258 1890 Idem
272 1861 439 1890 immortali
455 1863 604 1891 memoria
620 1868 755 1900 percepta
772 1859 918 1888 retinebat
931 1858 1021 1888 bene-

69 1901 146 1933 ficia.
170 1912 234 1942 quae
245 1905 345 1932 autem
358 1903 418 1942 ipse
431 1903 587 1936 tribuerat,
601 1902 715 1933 tamdiu
725 1902 923 1934 meminerat,
944 1909 1022 1940 quo-

70 1944 104 1975 ad
117 1945 167 1973 illc
176 1953 273 1985 gratus
283 1952 342 1976 erat
353 1964 362 1978 ,
382 1946 433 1985 qui
449 1954 606 1984 acceperat.
628 1945 729 1984 itaque
739 1943 788 1973 hic
798 1941 871 1972 fecit
880 1962 889 1976 ‚
911 1951 943 1972 ut
954 1952 1023 1972 vere

69 1984 186 2017 dietum
196 1985 339 2016 videatur:
353 1989 379 2005 ¹¹
390 1996 443 2016 sui
460 1995 594 2025 CUIQE
610 1995 718 2016 mones
731 1993 884 2014 mutium·
897 1993 1024 2014 Foru-u—

71 2037 158 2058 ΝΛΜ.
182 2037 280 2068 neque
291 2031 430 2058 tamen¹2
441 2030 522 2068 prius
544 2028 597 2058 ille
616 2026 787 2060 fortunam,
806 2026 899 2066 quam
910 2026 1024 2066 seipse,

72 2068 164 2100 finxit
175 2089 183 2101 ,
195 2072 247 2110 qui
260 2071 350 2103 cavit,
366 2073 392 2097 ¹3
407 2080 443 2100 ne
453 2080 510 2110 qua
520 2072 551 2100 in
564 2080 595 2100 re
603 2068 787 2110 ple&eretur.
813 2069 968 2109 Hisigitur
978 2077 1024 2097 re-

70 2112 127 2142 bus
136 2109 254 2145 effecit,
276 2121 308 2141 ut
317 2112 361 2141 M.
373 2112 531 2151 Vipsanius
543 2114 671 2153 Agrippa
683 2131 692 2144 ‚
705 2112 814 2140 intima
823 2109 1024 2140 familiaritate

69 2151 255 2192 conjunaus
264 2152 443 2183 adolescenti
453 2153 557 2184 Caesari
569 2173 578 2187 ‚
588 2152 658 2184 cum
668 2161 788 2193 propter
798 2151 878 2182 suam
890 2153 1023 2192 gratiam,

71 2194 107 2225 &
117 2195 236 2225 Caesaris
248 2197 414 2234 potentiam
435 2196 549 2225 nullius
561 2194 751 2226 conditionis
763 2203 827 2230 non
837 2193 958 2224 haberet
969 2202 1026 2233 po—

72 2235 208 2267 testatem
219 2256 228 2270 ,
248 2234 433 2276 potissimum
445 2238 508 2276 ejus
517 2237 659 2278 deligeret
672 2234 848 2267 affinitatem
861 2254 869 2268 ,
879 2244 1025 2275 praeopta-

72 2287 177 2320 reique
187 2279 297 2320 equitis
306 2279 344 2308 R.
358 2276 452 2308 filiam
471 2282 499 2305 ¹4
507 2279 715 2319 generosarum
727 2278 841 2317 nuptiis
852 2288 861 2310 3
877 2285 965 2317 atque
973 2277 1026 2307 ha-

73 2329 141 2350 ium
154 2322 323 2360 nuptiarum
334 2320 508 2350 conciliator
516 2319 575 2350 fuit
581 2320 625 2381 §¹5
634 2329 698 2350 non
708 2320 792 2349 enim
803 2317 845 2348 est
852 2318 1026 2357 celandum)

74 2363 285 2394 M.Antonius‚
295 2363 455 2391 Triumvir
465 2363 552 2402 Reip.
567 2365 576 2381 ¹
606 2363 638 2391 C.
649 2361 734 2400 cujus
742 2362 832 2401 gratia
841 2359 912 2390 curn
922 2369 1027 2401 augere

71 2401 263 2443 poss'effiones
273 2401 369 2443 posset
378 2403 451 2436 suas,
463 2412 579 2434 tantum
590 2401 674 2433 affuit
684 2404 699 2432 a
709 2401 868 2442 cupiditate
876 2403 1024 2441 pecuniae,

74 2452 108 2474 ut
119 2445 199 2475 nulla
208 2447 241 2476 in
252 2455 281 2474 re
293 2445 360 2475 usus
371 2442 405 2474 sit
420 2454 452 2475 ea
463 2464 472 2478 ‚
487 2443 542 2475 nisi
555 2446 586 2474 in
597 2444 788 2484 deprecandis
799 2445 967 2473 amicorum
978 2451 1027 2472 aut

71 2487 211 2526 periculis
220 2507 230 2522 ,
240 2495 287 2518 aut
296 2486 521 2518 incommodis:
538 2485 620 2528 quod
631 2485 757 2528 quidem
766 2484 819 2515 sub
828 2484 888 2525 ipsa
899 2484 1026 2525 proscri-

80 2610 143 2661 0¹2:
156 2603 253 2661 'cliellium
270 2603 405 2638 Canium]
436 2602 519 2630 Liber
537 2603 639 2632 Gifanii
652 2623 661 2636 ‚
691 2606 792 2630 Gelli'um
810 2606 904 2630 Canum
921 2615 928 2630 .·

79 2646 112 2669 g.
145 2646 154 2661 e
171 2648 228 2665 mm.

111 2680 139 2697 2.
157 2675 208 2699 Suis
219 2675 326 2709 amicis]
348 2675 451 2702 Gifanii
466 2675 546 2708 liber,
560 2678 611 2712 ejus
619 2676 711 2703 amicit.

77 2745 98 2769 C
115 2715 141 2742 3.
159 2713 244 2735 seeum
255 2730 263 2742 ,
280 2711 414 2742 &Genium
431 2714 558 2747 Canium]
581 2713 683 2741 Gifanii
702 2711 770 2739 liber
781 2731 789 2745 ‚
801 2712 829 2746 fi
841 2721 893 2738 eum
904 2731 912 2744 ‚
931 2712 1033 2744 &illius

99 2752 180 2769 anum-

95 2813 100 2818 ·
114 2785 141 2817 ⁴.-
160 2781 262 2819 'Praefidio
273 2782 352 2816 fus’n]
373 2782 474 2810 Gifanii
486 2783 553 2810 liber
564 2803 573 2817 ,
586 2785 789 2820 praefidiumsaci15
810 2783 882 2821 quod
893 2783 980 2813 versus
990 2784 1034 2812 di-

78 2815 299 2850 trinit,lcr1ptum
311 2818 358 2849 est,
367 2820 525 2853 velpraefidio.

116 2858 143 2883 5.
163 2850 205 2874 Std
213 2854 373 2888 conjunHzm.]
393 2854 495 2882 Gifan'li
508 2855 586 2888 liber,
598 2858 725 2890 conj-unffi.

113 2885 143 2911 6.
161 2888 189 2910 Se
198 2887 344 2921 emerserat]
363 2889 445 2916 Liber
456 2890 572 2923 Gifanii‚
585 2893 709 2925 emerfirit.

113 2927 143 2954 7.
161 2921 209 2953 Ql'
218 2924 379 2957 crimmpofh]
402 2926 481 2962 Vulg.
492 2931 549 2961 quin
558 2931 628 2953 eriam
634 2930 696 2960 pofl.

113 2954 142 2982 8.
162 2958 371 2999 hsti‘f'imf‘ni']
392 2961 492 2988 Gifanii
504 2962 582 2995 liber,
592 2965 721 2996 instituerit
730 2971 759 2990 ut
768 2964 794 2991 in
808 2963 932 3000 vulgatis.

111 2998 142 3026 9.
162 2993 256 3025 Difficile
265 2994 350 3027 emm]
374 2994 462 3027 Abest,
473 3002 543 3029 enim,
555 3001 569 3025 :i
582 3007 670 3026 vetere
680 2999 784 3028 Gifanii
796 2999 875 3027 libro.

116 3034 159 3054 ιο.
178 3028 294 3061 JuAIcari
303 3029 402 3062 potest]
425 3031 504 3066 vulg.
516 3035 628 3060 indicari.

115 3070 125 3088 ¹
136 3071 158 3089 ¹·
177 3065 219 3088 -Μ
232 3066 314 3097 cuique
331 3069 502 3109 mmsfingrrnr
514 3070 664 3106 [Μυκη]
685 3071 788 3102 Gifanii
800 3071 869 3101 liber
883 3091 891 3107 ,
901 3074 943 3102 Sui
950 3074 1034 3109 cuique

74 3107 149 3131 mres
154 3100 380 3136 firguntsmunaem
389 3103 530 3131 horninibus.

957 2604 1032 2640 vulg.

1135 72 1623 124 Naro-ris

1064 153 1167 193 prione
1177 151 1343 193 perillustre
1353 151 1493 185 fuit-nam
1502 165 1572 187 cum
1580 155 1742 192 L.saufeil,
1752 157 1860 200 equitis
1871 158 2015 201 Raequa-

1067 196 1103 225 lis
1115 195 1254 234 sui,¹7qui
1264 204 1334 225 cum
1345 205 1381 224 eo
1390 196 1560 236 complures
1570 208 1675 233 annm,
1688 198 1786 230 studio
1796 199 1902 230 duetus
1931 201 2012 231 hilo-

1066 237 1175 276 sophiae
1188 256 1197 269 ,
1207 236 1372 269 habitabat,
1382 236 1562 277 habebatque
1574 240 1606 269 in
1616 241 1699 271 ltalia
1708 242 1851 281 pretiosas
1859 252 1897 282 po
1924 241 2011 273 'effio-

1065 288 1117 308 nes
1129 298 1137 312 ,
1149 278 1321 308 Triumviri
1332 278 1410 308 bona
1420 278 1621 310 vendidissent
1630 300 1640 314 ‚
1655 283 1872 314 consuetudine
1883 294 1915 314 ea
1926 305 1934 318 ‚
1955 293 2014 325 qua

1066 329 1130 350 tum
1143 329 1185 349 res
1196 319 1390 360 gerebantur3
1409 321 1500 350 Attici
1510 320 1609 352 labore
1620 341 1629 354 ‚
1648 331 1734 364 atque
1745 323 1887 356 industria
1895 325 2011 357 fastum

1063 360 1105 392 est
1115 381 1123 394 ,
1145 370 1177 391 ut
1196 360 1304 391 eodem
1318 363 1427 391 nuntio
1439 360 1573 401 saufejus
1582 361 1665 393 fieret
1681 367 1788 395 certior
1799 386 1807 400 ‚
1829 367 1857 398 se
1867 369 2015 407 patrimo·

1064 405 1152 433 nium
1163 401 1300 436 amisisse,
1313 402 1345 432 Sc
1355 402 1543 443 recuperasse
1567 403 1650 434 idem
1661 399 1688 424 ¹⁸
1697 407 1852 447 L-Julium
1862 409 2014 443 Calidum,

1063 455 1153 486 quem
1166 443 1231 484 post
1242 446 1373 475 Lucretii
1385 463 1393 478 ‚
1405 445 1574 485 Catullique
1585 454 1716 476 mortem
1727 449 1825 478 multo
1835 450 2014 491 elegantiffi-

1064 497 1150 516 mum
1162 487 1282 526 po'e'tam
1294 505 1303 518 .
1323 486 1454 517 nostram
1469 485 1569 517 tuliss'e
1579 496 1694 518 aetatem
1707 507 1716 521 ,
1736 489 1806 519 vere
1816 491 1919 521 videor
1931 490 2015 533 posse

1062 528 1252 567 contendere,
1265 538 1362 568 neque
1374 527 1478 558 minus
1488 530 1587 559 virum
1600 529 1716 559 bonurn
1729 549 1738 563 ,
1756 531 1934 572 optimisque
1943 535 2016 564 arti-

1062 570 1115 600 bus
1126 570 1290 602 eruditum,
1302 569 1395 610 ¹⁹post
1404 570 1654 610 proscriptionem
1665 573 1942 613 Equitum‚propter
1952 584 2018 606 ma-

1063 621 1134 652 gnas
1148 613 1211 650 ejus
1223 610 1375 642 Africanas
1387 610 1577 652 possessiones
1590 632 1597 646 ,
1617 614 1650 642 in
1663 614 1894 653 proscriptorum
1907 625 2016 646 nume-

1062 663 1126 683 rum
1139 652 1194 684 ΞιΡ.
1209 653 1378 683 Volumnio
1389 673 1398 687 ,
1420 652 1563 693 praefefilm
1572 653 1691 685 fabrum
1703 656 1849 689 Antonii,
1863 656 2016 689 absentem

1059 695 1183 725 relatum
1196 715 1204 729 ,
1223 695 1386 734 expedivit.
1408 695 1490 736 quod
1508 697 1540 725 in
1562 696 1700 736 praesenti
1720 706 1820 727 utrum
1839 699 1866 727 ei
1885 697 2019 728 laborio-

1061 735 1134 770 sius,
1156 747 1194 766 :in
1215 735 1373 778 gloriosius
1391 735 1482 767 fuerit
1499 736 1624 767 difficile
1645 737 1703 769 fuit
1720 738 1871 778 judicare;
1891 739 1972 780 quod
1984 742 2018 771 in

1059 788 1166 808 eorum
1184 779 1324 819 periculis
1336 788 1399 808 non
1408 779 1489 809 secus
1498 778 1630 809 absentes
1640 799 1649 813 ‚
1668 779 1759 820 quam
1771 781 1928 820 praesentes
1937 783 2018 811 ami-

1059 830 1111 850 cos
1130 823 1232 851 Attico
1243 819 1300 850 esse
1309 830 1386 850 curae
1397 840 1405 854 ,
1425 823 1583 862 cognitum
1596 820 1648 851 est.
1671 824 1702 841 20
1713 824 1820 862 Neque
1829 822 1901 852 vero
1913 825 1978 853 min
1984 821 2020 854 [is

1059 862 1111 891 ille
1123 864 1168 892 vir
1181 882 1189 894 ‚
1203 862 1302 892 bonus
1311 862 1523 902 paterfamilias
1536 863 1655 893 habitus
1667 863 1709 894 est
1718 884 1727 898 ,
1739 873 1830 904 quam
1839 866 1923 894 civis.
1946 873 2020 895 nam

1059 913 1129 934 cum
1149 902 1219 934 esl'et
1237 904 1414 944 pecuniosus
1427 924 1435 937 ,
1461 914 1553 934 nemo
1576 904 1632 934 illo
1643 908 1747 935 minus
1758 905 1818 935 fuit
1831 916 1938 940 emax,
1958 907 2020 936 mi·

1059 954 1116 975 nus
1136 944 1305 976 aedificator.
1329 955 1426 986 neque
1443 954 1545 976 tamen
1564 955 1628 976 non
1646 950 1679 976 in
1695 949 1800 987 primis
1820 947 1896 977 bene
1908 947 2023 978 habita-

1059 988 1122 1020 vit,
1153 987 1355 1028 omnibusque
1378 989 1503 1027 optimis
1519 987 1605 1017 rebus
1625 989 1694 1019 usus
1714 988 1766 1019 est.
1798 998 1867 1019 nam
1887 989 2017 1021 domum

1062 1028 1166 1059 habuit
1179 1029 1211 1058 in
1222 1030 1300 1058 colle
1311 1029 1462 1070 Qirinali
1471 1031 1498 1048 ²¹
1511 1029 1715 1064 Caecilianam,
1727 1031 1762 1060 ab
1774 1031 1924 1060 avunculo
1936 1032 2022 1060 here-

1060 1070 1149 1100 ditate
1169 1069 1323 1103 reliEtain,
1344 1070 1429 1109 cujus
1447 1072 1606 1101 amoenitas
1626 1080 1690 1101 non
1710 1071 1858 1106 aedificio,
1882 1072 1930 1102 sed
1949 1070 2020 1104 silva

1059 1110 1221 1141 constabat.
1244 1111 1343 1150 ipsum
1362 1113 1446 1141 enim
1465 1110 1600 1144 te&um‚
1621 1114 1785 1154 antiquitus
1806 1113 2019 1148 constitutum,

1061 1152 1128 1192 plus
1140 1152 1205 1182 salis
1217 1171 1227 1185 ,
1245 1152 1336 1193 quam
1349 1151 1463 1182 sumtus
1477 1171 1485 1186 ,
1498 1152 1622 1183 habebat
1633 1164 1638 1182 :
1650 1156 1755 1195 inquo
1764 1155 1840 1184 nihil
1849 1165 2021 1185 commuta-

1062 1196 1124 1227 vit,
1145 1192 1198 1223 nisi
1220 1193 1240 1223 fi
1255 1193 1327 1235 quid
1342 1192 1484 1224 vetustate
1494 1193 1617 1224 coaestus
1626 1194 1677 1226 est.
1700 1196 1779 1226 Usus
1789 1195 1970 1229 estfamilm
1999 1194 2021 1227 si

1063 1235 1188 1266 utilitate
1194 1235 1394 1276 judicandum
1406 1235 1449 1266 est
1460 1255 1469 1268 ,
1490 1236 1607 1276 optima
1618 1249 1626 1271 ς
1641 1236 1661 1267 fi
1670 1236 1769 1268 forma
1780 1257 1788 1271 ‚
1801 1239 1854 1267 vix
1863 1237 2019 1268 mediocri.

1061 1286 1192 1318 namque
1208 1279 1240 1307 in
1260 1287 1294 1308 ea
1303 1287 1383 1308 erant
1391 1279 1475 1317 pueri
1483 1277 1682 1309 litteratissimi
1694 1299 1703 1314 ‚
1720 1278 1886 1320 anagnostae
1898 1280 2020 1319 optimi.

1064 1319 1096 1349 &
1113 1320 1239 1359 plurimi
1258 1319 1371 1350 librarii
1384 1330 1393 1353 5
1413 1328 1445 1350 ut
1463 1328 1501 1349 ne
1517 1319 1697 1362 pedisequus
1718 1322 1842 1362 quidem
1863 1321 2020 1362 quisquam

1062 1359 1133 1391 ess'et
1143 1380 1152 1394 ‚
1166 1363 1219 1402 qui
1232 1371 1295 1392 non
1307 1370 1468 1402 utrumque
1477 1361 1588 1391 horum
1598 1363 1721 1403 pulchre
1731 1361 1827 1393 facere
1838 1361 1945 1403 posset.
1968 1372 2022 1403 pa-,

1062 1403 1089 1432 ri
1109 1403 1205 1433 modo
1218 1402 1344 1434 artifices
1353 1405 1461 1436 ceteri,
1482 1412 1559 1443 quos
1568 1405 1665 1434 cultus
1675 1403 1856 1435 domesticus
1867 1402 2021 1440 desiderat,

1060 1444 1193 1484 apprime
1214 1444 1297 1475 boni.
1320 1454 1418 1485 neque
1439 1453 1541 1475 tamen
1555 1444 1664 1476 horum
1675 1455 1855 1487 quemquam
1868 1466 1876 1479 ‚
1899 1444 1953 1476 nisi
1963 1446 2022 1477 do·

1062 1488 1107 1516 mi
1128 1494 1234 1516 natum
1246 1505 1255 1520 ‚
1284 1486 1431 1527 domique
1448 1484 1562 1516 factum
1574 1507 1584 1522 ‚
1606 1488 1724 1519 habuit:
1741 1487 1823 1528 quod
1840 1487 1883 1518 est
1901 1487 2020 1528 signum

1060 1537 1125 1557 non
1144 1527 1241 1558 solum
1260 1529 1457 1559 continentias
1469 1547 1478 1560 ‚
1507 1527 1557 1558 sed
1575 1531 1667 1560 etiam
1686 1529 1861 1570 diligentiae.
1894 1539 1965 1559 nam
1987 1529 2022 1560 Sc

1062 1579 1127 1599 non
1146 1571 1380 1608 intemperanter
1388 1569 1599 1608 concupiscere
1610 1591 1618 1605 ‚
1642 1569 1726 1612 quod
1735 1572 1752 1601 a
1761 1570 1896 1610 pluribus
1907 1570 2021 1605 videas,

1061 1612 1247 1641 continentis
1267 1610 1355 1642 debet
1372 1612 1438 1641 duci
1455 1622 1464 1645 ς
1487 1611 1520 1641 &
1539 1612 1640 1651 potius
1660 1612 1834 1654 diligentia,
1853 1613 1943 1653 quam
1954 1621 2023 1652 pre-

1063 1654 1128 1687 tio,
1151 1662 1268 1692 parare,
1287 1663 1352 1684 non
1371 1653 1534 1683 mediocris
1552 1653 1766 1685 estindustriae.
1790 1654 1934 1694 Elegans,
1955 1663 2020 1685 non

1064 1693 1240 1735 magnificus
1253 1706 1262 1728 3
1274 1695 1446 1735 splendidus
1456 1714 1464 1727 ‚
1477 1703 1540 1724 non
1552 1696 1735 1729 sumtuosuS,
1748 1699 1780 1715 ²²
1790 1698 1877 1725 omni
1888 1694 2022 1736 diligen-

1063 1738 1102 1766 tia
1122 1736 1304 1766 munditiam
1331 1746 1394 1766 non
1417 1735 1592 1767 affluentem
1610 1735 1772 1768 affectabat.
1802 1737 1936 1776 supellex
1957 1746 2022 1768 non

1063 1776 1199 1811 modica,
1221 1787 1284 1807 non
1297 1780 1414 1811 multa3
1438 1788 1470 1808 ut
1489 1782 1522 1808 in
1542 1788 1678 1809 neutram
1686 1787 1800 1818 partem
1810 1778 1943 1818 conspici
1951 1777 2024 1818 pos·

1065 1819 1114 1848 set.
1138 1821 1203 1849 Nec
1220 1820 1375 1858 praeteribo
1394 1819 1590 1862 (quamquam
1610 1830 1673 1851 non
1696 1820 1789 1850 nullis
1801 1820 1866 1850 leve
1875 1820 1974 1850 visum
1985 1820 2023 1851 iri

1065 1861 1184 1900 putem)
1200 1861 1273 1891 cum
1291 1862 1324 1891 in
1340 1862 1448 1901 primis
1462 1864 1559 1893 lautus
1569 1860 1739 1903 ess'eteques
1749 1864 1787 1892 R.
1800 1861 1833 1892 δε
1842 1871 1906 1891 non
1916 1870 2023 1902 parum

1065 1902 1228 1932 liberaliter
1252 1905 1286 1932 in
1302 1902 1432 1933 domum
1448 1904 1531 1935 suam
1549 1905 1693 1934 omnium
1712 1903 1855 1934 ordinum
1881 1904 2024 1933 homines

1065 1946 1206 1974 invitaret
1217 1956 1226 1978 3
1246 1945 1358 1975 scimus
1370 1965 1379 1979 ,
1400 1955 1465 1976 non
1477 1947 1626 1986 amplius,
1644 1955 1735 1986 quam
1760 1954 1840 1976 terna
1860 1945 1945 1975 milla
1957 1945 2026 1975 aeris

1064 1996 1200 2027 peraeque
1225 1988 1258 2016 in
1280 1985 1410 2028 singulos
1430 1988 1550 2019 menses
1566 1997 1605 2019 ex
1620 1986 1810 2028 ephemeride
1832 1996 1902 2017 eum
1912 1995 2027 2026 expen-

1068 2029 1132 2058 sum
1156 2028 1269 2058 sumtui
1286 2027 1366 2059 feri-e
1383 2029 1526 2060 solitum:
1548 2039 1634 2070 atque
1654 2030 1712 2060 hoc
1724 2038 1788 2059 non
1798 2029 1935 2059 auditum
1946 2047 1955 2062 ,
1974 2026 2025 2059 sed

1062 2070 1219 2112 cognitum
1248 2071 1454 2110 praedicamus.
1483 2072 1558 2111 saepe
1577 2072 1681 2106 enim,
1702 2080 1822 2111 propter
1837 2070 2029 2100 familiarita-

1066 2121 1127 2144 tem
1143 2131 1152 2145 ‚
1173 2111 1347 2143 domesticis
1364 2114 1452 2144 rebus
1471 2112 1677 2146 interfuimus.
1713 2122 1807 2143 nemo
1825 2114 1859 2143 in
1879 2112 2028 2142 convivio

1067 2161 1091 2200 ej
1097 2170 1130 2191 us
1138 2160 1219 2192 aliud
1231 2155 1399 2202 οἰκεροικᾳ
1410 2162 1524 2193 audivit
1533 2181 1542 2197 ,
1565 2161 1656 2203 quam
1667 2161 1849 2203 anagnosten
1861 2172 1866 2190 :
1879 2159 1960 2202 quod
1969 2168 2028 2190 nos

1068 2202 1192 2243 quidem
1208 2202 1460 2242 jucundissimum
1484 2204 1661 2235 arbitramur
1677 2212 1685 2233 :
1703 2213 1799 2244 neque
1811 2211 1955 2243 umquam
1965 2199 2028 2232 fine

1067 2246 1164 2285 aliqua
1180 2244 1311 2275 lestione
1320 2245 1397 2286 apud
1407 2256 1477 2277 eum
1489 2255 1632 2277 cenatum
1645 2244 1706 2279 est;
1729 2255 1762 2275 ut
1775 2255 1839 2275 non
1850 2246 1953 2274 minus
1962 2244 2028 2273 ani-

1071 2296 1123 2316 mo
1135 2306 1144 2319 ‚
1164 2287 1256 2327 quam
1276 2297 1379 2318 ventre
1390 2307 1399 2322 ,
1418 2289 1556 2318 convivae
1575 2286 1803 2318 deieaaremm.
1827 2295 1956 2326 namque
1974 2289 2028 2314 eos

1069 2328 1191 2358 vocabat
1210 2347 1219 2362 ²
1247 2339 1378 2370 quorum
1396 2339 1497 2360 mores
1515 2330 1531 2359 a
1552 2329 1611 2360 suis
1630 2338 1695 2358 non
1714 2327 1915 2358 abhorrerent.
1946 2325 2028 2356 Cum

1070 2378 1147 2400 tanta
1157 2374 1291 2410 pecunia:
1301 2370 1378 2402 salira
1386 2369 1457 2401 essct
1465 2368 1589 2401 acceffio
1601 2390 1610 2404 ,
1623 2369 1702 2399 nihil
1712 2369 1747 2400 de
1757 2369 1934 2410 quotidiano
1944 2367 2029 2397 cultu

1068 2414 1207 2445 mutavit,
1218 2412 1298 2441 nihil
1310 2413 1345 2443 de
1358 2414 1426 2442 vitae
1434 2411 1667 2442 consuetudine:
1683 2419 1821 2453 tantaque
1830 2411 1898 2442 usus
1909 2408 1951 2439 est
1961 2418 2032 2439 mo-

1068 2452 1221 2483 deratione
1232 2473 1241 2486 ,
1266 2462 1298 2483 ut
1307 2463 1405 2494 neque
1416 2455 1448 2483 in
1460 2463 1514 2484 ivs
1527 2455 1618 2484 vicies
1630 2473 1638 2487 ‚
1657 2453 1739 2494 quod
1749 2454 1765 2484 a
1784 2462 1863 2493 patre
1870 2458 2030 2491 acceperat.

1066 2503 1172 2534 parum
1185 2494 1213 2524 se
1224 2494 1379 2535 splendide
1390 2493 1518 2536 gesserit,
1527 2504 1624 2536 neque
1634 2496 1667 2525 in
1677 2504 1731 2526 11-s
1741 2497 1853 2526 centies
1860 2492 2034 2525 affluentius

1942 2542 2030 2565 vixe-

1113 2614 1156 2631 12.
1180 2608 1255 2632 Prius
1263 2604 1454 2639 illcfhrtunam.]
1476 2605 1580 2632 Gifanii
1591 2605 1669 2637 liber,
1682 2607 1720 2632 ille
1725 2608 1795 2638 pr1'us
1798 2605 1909 2638 fhrtuna.

1114 2649 1122 2666 Ι
1132 2650 1143 2677 3
1152 2661 1158 2668 .
1177 2646 1220 2677 Q
1228 2645 1311 2677 quain
1321 2651 1345 2668 re
1349 2642 1517 2676 plear-retur]
1538 2642 1618 2677 Vulg.
1630 2651 1658 2668 ne
1667 2650 1714 2676 qua
1722 2645 1748 2667 in
1760 2651 1785 2666 re
1790 2643 1848 2675 jure
1852 2640 2005 2674 pleHererur-

1116 2685 1158 2710 14.
1186 2679 1353 2711 Generosarum
1361 2677 1475 2711 nuptiis]
1497 2676 1577 2714 Vulg.
1584 2679 1714 2711 generosam
1722 2678 1822 2710 nuptiis.

1115 2723 1124 2740 1
1133 2722 1158 2747 5.
1176 2718 1228 2740 Non
1237 2717 1298 2740 enim
1307 2715 1367 2748 eff]
1391 2713 1495 2741 Gifanii
1510 2713 1588 2745 liber,
1598 2723 1643 2740 non
1652 2716 1688 2740 eff
1695 2716 1765 2739 enim.

1117 2750 1160 2776 16.
1179 2752 1211 2776 C.
1221 2749 1405 2784 cujusgratia.]
1427 2750 1503 2777 Nota
1512 2749 1571 2782 illa,
1581 2752 1610 2775 C.
1619 2748 1689 2776 abest
1700 2751 1715 2775 a
1729 2747 1855 2783 vulgatis.

1115 2802 1124 2820 1
1131 2803 1155 2828 7.
1175 2796 1222 2828 Qi
1231 2804 1282 2821 cum
1295 2804 1318 2821 eo
1327 2796 1452 2828 complures
1461 2803 1536 2820 annos
1541 2795 1575 2827 st.
1586 2794 1610 2820 d.
1619 2794 1666 2818 Ph.
1688 2793 1815 2818 habitarat
1821 2790 1843 2824 .]
1864 2789 1905 2815 Ita
1914 2788 2035 2815 huncio-

1077 2839 1135 2857 cum
1146 2830 1334 2866 corrigendum
1345 2829 1446 2856 censuit
1455 2829 1580 2861 Ursinus,
1591 2836 1673 2864 quum
1683 2827 1834 2862 legeretur,
1847 2827 1889 2860 qm·
1897 2826 2036 2857 cumplures

1067 2867 1231 2900 *annosstudio
1240 2868 1325 2893 duflus
1333 2866 1480 2900 Philosophia
1488 2866 1626 2891 habitabat.

1115 2910 1146 2937 18
1154 2930 1161 2937 .
1180 2913 1212 2937 L.
1222 2912 1318 2944 Julium
1327 2908 1461 2943 Calidum]
1482 2907 1585 2935 Gifanii
1595 2905 1663 2933 liber
1674 2912 1704 2932 ut
1714 2905 1742 2931 δε
1752 2904 1868 2940 vulgati,
1885 2903 2017 2933 Calidium.

1117 2962 1147 2990 ¹9
1154 2975 1160 2981 .
1179 2953 1385 2989 Pcn'prffcript]
1405 2951 1508 2980 Gifanii
1519 2950 1598 2982 liber,
1607 2959 1674 2985 quem
1679 2952 1733 2983 paft‘
1736 2950 1828 2983 proscr.

1115 3007 1163 3024 20.
1190 3001 1270 3032 Neque
1279 2998 1336 3024 verb
1346 2995 1450 3029 minua]
1472 2996 1571 3026 Minus,
1580 2993 1649 3020 abest
1661 2994 1676 3019 a
1687 2992 1789 3019 Gifaiiii
1805 2992 1883 3019 libro.

1111 3046 1158 3064 21.
1176 3040 1332 3064 cecilianum.
1342 3036 1357 3071 ]
1379 3033 1484 3062 Gifanii
1502 3033 1569 3060 liber
1586 3034 1775 3066 ‘ramphilianam
1795 3045 1805 3066 ‚-
1826 3033 1907 3069 vulgo
1926 3033 2043 3065 Pamphi·

1075 3077 1178 3101 lituram.

1119 3117 1169 3138 n.
1195 3110 1265 3137 omni
1275 3106 1428 3142 wigorna]
1447 3104 1549 3136 Gifanii
1559 3104 1640 3140 liber,
1651 3107 1756 3143 omnique
1766 3104 1899 3141 diligentia.
1951 3147 1959 3166 Ι
1982 3137 2047 3166 ΝΜ-
