2360 3400
602 106 698 139 ΒΕ

140 173 336 208 eratecastris
346 193 356 208 ‚
375 170 496 206 redisset
505 193 515 208 ‚
535 172 615 215 quasi
625 172 739 216 aliquid
752 171 823 205 effet
835 174 948 204 oblitus
961 192 970 206 ,
990 175 1101 205 Romae

140 215 315 249 remaufissb.
338 216 452 247 Reditu
463 217 546 248 enim
559 218 591 246 in
604 216 693 248 castra
704 235 712 249 ‚
734 216 892 247 liberatum
907 215 936 246 se
950 213 1008 246 esse
1019 216 1101 254 jure-

142 258 267 296 iurando
285 258 531 298 interpretabatur
546 268 551 287 τ
571 268 635 288 non
656 257 745 288 reste.
773 261 901 288 ¹r-RAu
912 267 925 287 s
943 259 1028 288 enim
1047 256 1100 287 ad-

140 299 259 342 stringit
267 320 276 334 ‚
286 310 350 331 non
360 298 495 330 dissolvit
504 300 681 341 perjurium.
704 301 773 329 Fuit
783 301 872 340 igitur
882 298 969 330 stulta
977 298 1095 329 callidi·

141 351 200 376 aas,
219 343 357 383 perverse
369 344 483 373 imitata
493 342 693 382 prudentiam.
715 343 818 382 ltaque
827 341 959 371 decrevit
970 340 1100 373 senatus,

140 392 174 414 ut
183 384 236 414 ille
245 393 392 414 veterator
401 403 410 416 .
432 384 465 414 &
476 384 601 414 callidus
610 403 619 417 ‚
637 381 758 413 vinaus
767 382 803 412 ad
814 382 997 412 Annibalem
1009 381 1099 412 duce·

139 434 230 457 retur.
254 425 394 457 Sedillud
405 428 597 456 maximum:
617 424 688 455 oCto
699 425 864 454 hominum
876 424 973 453 millia
982 423 1102 454 tenebat

142 467 275 498 Annibal
288 488 297 502 ,
311 478 373 498 non
384 478 459 509 quos
471 470 501 497 in
511 470 572 498 acie
581 465 702 507 cepiffct
712 486 720 500 ,
731 476 779 496 aut
789 469 803 485 ²
812 468 863 510 qui
873 465 1006 505 periculo
1017 474 1101 495 mor-

139 510 179 539 tis
192 508 395 551 diffugissent,
418 509 467 540 sed
481 511 533 550 qui
546 509 644 539 relicti
658 511 689 538 in
704 507 803 538 castris
819 507 940 537 tuissent
953 508 968 537 a
982 507 1098 541 Paullo,

139 550 174 581 &
182 554 316 582 Varrone
325 572 334 586 ‚
351 551 538 582 consulibus.
560 561 612 581 eos
623 551 739 581 senatus
749 559 813 579 non
823 550 937 580 censuit
947 549 1100 579 redimen—

139 591 195 622 dos
205 612 214 627 2
222 592 295 624 curn
306 593 337 624 id
347 603 434 633 parva
443 594 570 633 pecunia
580 591 643 622 fieri
653 590 763 632 poss'et:
780 601 812 622 ut
821 589 892 621 effet
902 589 1025 622 insitum
1037 592 1099 620 mi-

136 634 242 665 litibus
256 634 364 665 nostris
381 642 436 664 mr
453 636 572 667 vincere,
594 641 647 663 aut
658 634 751 663 emori.
775 635 841 674 Qa
860 632 985 673 quidem
1003 643 1034 662 re
1043 642 1097 663 au-

140 675 201 706 dita
212 696 220 710 ,
232 675 361 714 ftad'bum
374 677 504 706 animum
513 674 671 706 „Annibalis
680 673 791 714 scripfit
799 675 881 705 idem
892 694 900 707 .
922 674 1004 715 quod
1015 674 1098 705 sena-

137 725 186 747 tus
198 737 207 751 ‚
221 719 409 759 populusque
419 721 553 749 Roman.
565 718 653 748 rebus
663 717 783 747 afflictis
794 726 853 747 tarn
863 717 981 746 excelso
992 718 1097 746 animo

134 757 245 789 fuisset.
269 758 307 790 fic
317 759 481 790 honestatis
492 768 716 800 comparatione
725 779 733 792 ,
747 768 779 788 ea
790 777 798 791 ,
811 769 876 799 quae
888 758 1027 788 videntur
1038 760 1098 788 uti—

134 801 193 835 lia,
211 802 384 832 vincuntur.
407 801 524 831 Acilius
542 810 641 831 autem
655 820 663 834 ‚
683 803 735 841 qui
750 802 852 830 Graece
874 798 984 839 scripsit
1001 799 1097 830 histo—

135 844 210 873 riam
222 862 231 877 ,
249 843 363 883 plureis
373 845 414 874 ait
427 841 516 872 tuiss‘e
526 863 536 876 ,
556 844 650 883 quiin
661 841 751 872 castra
762 840 948 872 revertissent
959 862 967 874 ,
987 840 1092 872 eadem

134 883 238 916 fraude
249 905 258 920 ‚
281 894 313 915 ut
322 884 518 925 jurejurando
527 884 723 914 liberarentur
733 903 741 917 ,
761 884 871 925 eosque
881 883 897 913 a
905 893 959 913 cen
965 883 1093 918 foribus,

134 926 281 958 omnibus
291 927 473 967 ignominiis
483 935 613 956 notatos.
636 927 749 964 SitJ'am
760 926 850 965 hujus
860 925 919 955 loci
930 924 1009 955 finis.
1026 935 1096 966 per—

131 968 268 1009 spicuum
281 968 323 1000 est
332 970 416 999 enim
430 988 438 1001 ,
457 978 523 1008 quae
535 967 646 998 timido
656 970 761 997 animo
773 986 781 999 ‚
802 968 934 1000 humili,
954 966 1094 1001 demiffo,

127 1009 282 1052 fra<stoque
295 1009 381 1041 fiant:
393 1010 480 1052 quale
490 1008 590 1040 fuisset
598 1010 707 1050 Reguli
717 1007 830 1039 &Situm
843 1029 852 1042 .
864 1007 884 1038 si
894 1019 942 1039 aut
952 1009 989 1039 de
997 1012 1092 1049 capti—

129 1054 178 1083 vis
188 1073 196 1086 ‚
208 1056 222 1081 3
233 1053 315 1094 quod
325 1050 378 1092 ipfi
389 1061 464 1093 opus
475 1049 533 1081 effe
544 1051 694 1081 videretur
705 1071 713 1084 ‚
725 1060 790 1080 non
800 1050 881 1091 quod
892 1051 1008 1090 reipub.
1020 1061 1094 1081 cen-

69 1123 73 1129 ,
131 1092 232 1126 suifl'et
242 1115 251 1129 ,
265 1104 315 1125 aut
323 1095 411 1125 domi
421 1103 574 1124 remanere
582 1091 738 1123 voluifl‘et:
762 1102 827 1123 non
837 1091 896 1123 efi'e
906 1093 991 1123 utilia
1001 1112 1010 1126 ,
1020 1096 1091 1134 quia

63 1133 91 1185 {3
102 1143 117 1177 3
132 1135 188 1166 fint
199 1135 341 1177 flagitiosa
353 1157 362 1169 ,
382 1135 461 1166 foeda
471 1155 479 1169 ,
498 1137 603 1175 turpia.
646 1133 749 1165 Restat
756 1143 855 1175 quarta
866 1144 930 1175 pars
941 1154 949 1168 ‚
963 1145 1029 1176 quae
1039 1135 1092 1165 de-

131 1188 203 1209 core
213 1198 222 1212 ,
238 1178 445 1209 moderatione
456 1198 465 1211 ,
482 1176 629 1208 modestia
640 1197 648 1210 ,
664 1177 852 1206 continentia
863 1196 870 1210 ‚
887 1179 1092 1216 temperantia,

94 1227 97 1228 ’
126 1222 312 1251 continetur.
331 1219 432 1250 Potest
443 1220 533 1261 igitur
542 1219 707 1260 quidquam
719 1216 776 1248 ess'e
785 1220 871 1252 utile,
883 1219 963 1259 quod
979 1217 1011 1248 sit
1022 1220 1092 1249 huic

129 1262 237 1292 talium
256 1265 402 1293 virtutum
420 1263 515 1292 choro
533 1263 720 1291 contrarium
739 1263 750 1289 ?
772 1262 865 1301 Atqui
884 1261 921 1290 ab
939 1260 1092 1301 Aristippo

130 1306 308 1344 Cyrenaici,
330 1313 416 1345 atque
434 1305 590 1334 Annicerii
607 1302 782 1343 philosophi
800 1303 951 1332 nominati
968 1322 977 1336 ‚
998 1313 1093 1333 omne

129 1346 250 1377 bonum
269 1348 302 1376 in
320 1347 473 1386 voluptate
492 1345 656 1385 posuerunt
673 1355 679 1373 :
702 1351 896 1385 virtutemque
913 1345 1094 1375 censuerunt

128 1387 162 1418 ob
180 1398 242 1417 eam
259 1398 316 1417 rem
334 1388 382 1425 effe
401 1387 590 1421 laudandam,
617 1386 693 1428 qubd
708 1385 823 1427 efficiens
842 1385 903 1423 effer
921 1387 1091 1427 voluptatis.

127 1430 238 1471 quibus
251 1430 395 1461 obsoletis
406 1428 493 1458 floret
505 1431 662 1468 Epicurus,
673 1427 807 1465 ejusdem
818 1427 878 1457 sere
889 1429 1005 1467 adjutor
1017 1449 1024 1461 ‚
1035 1439 1089 1459 au-

126 1472 251 1513 &orque
262 1472 427 1502 sententiat.
448 1472 553 1500 4Cum
568 1471 615 1499 his
628 1470 700 1498 viris
711 1488 719 1501 ,
740 1469 882 1509 equisque
892 1489 901 1503 ‚
922 1479 954 1498 ut
966 1470 1086 1504 dicitur,

125 1512 147 1544 fi
158 1512 343 1544 honestatem
356 1514 433 1543 tueri
442 1531 450 1544 ,
460 1521 494 1542 ac
502 1513 631 1541 retinere
643 1511 785 1540 sententia
794 1509 837 1539 est
849 1529 858 1542 ,
870 1510 1082 1541 decertandum

126 1554 180 1586 est.
204 1565 274 1585 nam
285 1552 304 1584 fi
315 1564 379 1584 nori
388 1553 486 1584 modo
495 1553 607 1583 utilitas
619 1572 627 1585 ‚
649 1551 697 1582 fed
711 1554 770 1581 vita
783 1553 887 1581 omnis
902 1554 981 1582 beata
992 1572 1000 1585 ,
1021 1562 1086 1582 cor-

123 1598 207 1638 poris
217 1595 301 1627 firma
310 1595 539 1628 constitutione,
550 1594 671 1635 ejusque
682 1591 910 1624 constitutionis
922 1593 968 1633 spe
980 1595 1087 1634 explo-

123 1649 182 1671 rata
194 1659 203 1673 .
224 1649 256 1669 ut
266 1639 282 1669 a
294 1637 470 1669 Metrodoro
480 1637 621 1676 scriptum
636 1634 679 1665 est
690 1655 699 1668 ,
718 1636 893 1665 continetur
906 1645 912 1664 :
930 1638 1010 1666 certe
1021 1637 1084 1666 haec

122 1682 255 1714 utilitas,
277 1680 309 1710 &
320 1679 445 1720 quidem
458 1679 576 1709 summa
595 1675 645 1715 (fic
662 1679 746 1706 enim
759 1676 893 1716 censent)
906 1687 976 1706 cun-i
990 1679 1085 1708 hone-

123 1722 194 1754 state
203 1721 358 1763 pugnabit.
383 1730 452 1751 nam
464 1720 516 1750 ubi
526 1717 661 1760 primum
674 1718 839 1758 prudenti-ae
851 1720 936 1748 locus
948 1719 1085 1750 dabitur?

125 1775 164 1796 an
180 1785 189 1798 ,
213 1773 244 1794 ut
263 1765 420 1804 conquirat
441 1762 574 1802 undique
593 1761 749 1790 suavitates
770 1761 780 1788 ?
803 1768 856 1799 Q
868 1769 927 1789 AM
947 1770 974 1790 M
988 1770 1084 1791 isan

121 1809 243 1838 virtutis
254 1804 414 1835 famulatus
428 1825 437 1838 ,
458 1804 614 1834 servientis
625 1802 789 1841 voluptati!
811 1802 892 1841 quod
903 1810 1004 1832 autern
1017 1812 1088 1833 mu-

123 1858 183 1880 nus
193 1846 358 1887 prudentiae
370 1850 379 1875 ?
390 1857 428 1877 an
438 1847 534 1887 legere
546 1845 748 1885 intelligenter
758 1842 943 1883 voluptates?
953 1843 998 1874 fac
1009 1846 1086 1875 nihil

123 1889 182 1921 isto
192 1888 440 1929 ess'ejucundius:
459 1888 532 1928 quid
542 1888 664 1928 cogitari
674 1883 770 1925 potest
778 1887 914 1925 turpius?
934 1886 1003 1927 Jam
1015 1906 1022 1919 ‚
1034 1889 1087 1927 qui

123 1932 264 1963 dolorem
284 1931 441 1961 summum
463 1930 579 1959 malum
599 1928 695 1961 dicat,
715 1926 792 1967 apud
806 1937 876 1957 eum
889 1937 982 1968 quem
1000 1929 1088 1958 habet

121 1973 227 2005 locum
236 1972 385 2003 fortitudo
395 1992 403 2005 ‚
426 1981 491 2013 quae
504 1970 545 2001 est
555 1970 698 2001 dolorum
710 1989 719 2002 ,
736 1968 935 2010 laborumque
945 1979 1086 2000 contem-

122 2017 168 2046 tio
177 2019 188 2038 ²
201 2016 340 2057 quamvis
351 2017 436 2044 enim
448 2024 477 2043 rn
485 2014 554 2043 ultis
567 2015 598 2042 in
615 2013 689 2042 locis
700 2012 777 2041 dicat
788 2012 934 2051 Epicurus
945 2009 1028 2049 (sicut
1038 2011 1086 2043 hic

122 2057 207 2098 dicit)
220 2058 286 2087 satis
294 2055 411 2086 fortiter
421 2055 456 2086 de
469 2055 573 2086 dolore
584 2064 590 2082 :
616 2063 716 2083 tamen
732 2062 754 2082 N
764 2062 782 2081 o
792 2062 812 2081 N
834 2063 844 2082 1
856 2063 877 2082 D
890 2052 1084 2093 spectandum

126 2098 189 2133 est,
209 2098 282 2140 quid
293 2098 390 2131 dicat,
408 2097 457 2128 sed
471 2096 543 2138 quid
559 2097 794 2126 consentaneum
810 2093 842 2125 fit
856 2097 882 2124 ei
897 2096 993 2125 dicere
1005 2115 1014 2129 ,
1032 2098 1085 2138 qui

120 2141 203 2174 bona
216 2141 366 2181 voluptate
381 2139 586 2171 terminaverit
596 2158 605 2173 ‚
625 2138 721 2171 mala,
741 2136 864 2167 dolore:
888 2146 920 2168 ut
933 2157 942 2171 ‚
961 2136 980 2168 si
994 2138 1084 2169 illum

793 93 838 139 Ο
870 104 898 139 12
934 104 962 138 1·-
991 107 1011 139 1
1047 105 1076 138 c
1112 107 1131 139 1
1168 108 1185 139 1
1224 108 1270 141 ει

1123 178 1126 198 r
1140 173 1261 206 audiam
1275 174 1312 206 de
1322 177 1532 210 continentia,
1554 175 1791 217 &temperantia
1803 187 1812 212 3
1833 175 1907 208 dicit
1917 176 1969 208 ille
1978 177 2104 225 quidem

1323 95 1366 142 L
1399 110 1417 142 1
1452 107 1493 140 Β.
1566 95 1658 142 111.
1982 110 2108 161 1253>

1141 217 1235 248 multa
1247 218 1353 248 multis
1362 219 1438 249 iocis
1451 228 1456 247 :
1477 217 1526 248 sed
1537 228 1612 260 aqua
1621 220 1712 250 haeret
1721 239 1730 253 ‚
1745 228 1778 250 ut
1787 219 1879 259 ajunt.
1903 229 1972 250 nam
1983 230 2034 261 qui
2043 229 2104 260 po-

1138 256 1193 289 test
1203 262 1428 299 temperantiam
1441 259 1556 290 laudare
1568 263 1611 294 is,
1632 262 1684 301 qui
1700 270 1792 302 ponat
1810 262 1966 293 summum
1981 261 2100 292 bonurn

1139 301 1170 328 in
1182 300 1356 340 voluptate?
1370 301 1412 332 est
1422 303 1506 332 enirn
1521 313 1540 332 τ
1552 311 1571 331 E
1582 311 1607 332 M
1621 313 1637 332 i>
1647 312 1666 332 ε
1676 313 1695 332 a
1706 312 1728 333 A
1737 313 1758 332 N
1767 314 1786 333 τ
1800 313 1811 333 1
1824 313 1847 333 A
1863 303 2028 335 libidinum
2042 305 2105 333 ini-

1139 343 1233 371 mica:
1253 343 1397 373 libidines
1412 352 1513 374 autem
1525 363 1534 377 ‚
1555 343 1782 376 conseEtatrices
1802 345 1973 385 voluptatis.
1996 348 2098 386 Atque

1139 384 1171 412 in
1184 384 1229 412 his
1242 393 1342 415 tamen
1353 385 1448 415 tribus
1457 386 1616 425 generibus
1629 406 1637 419 ,
1653 396 1778 427 quoquo
1788 386 1883 417 modo
1893 385 2025 427 possunt,
2038 395 2103 417 non

1139 425 1280 455 incallide
1295 427 1537 467 tergiversantur.
1561 427 1754 458 Prudentiam
1769 428 1965 460 introducunt
1976 448 1985 462 2
2003 429 2103 460 scien—

1140 468 1211 497 tiam
1224 466 1460 507 suppeditantem
1472 468 1639 509 voluptates
1651 490 1659 504 ,
1671 470 1875 511 depellentem
1886 471 2020 501 dolores.
2039 469 2104 500 for-

1138 508 1301 539 titudinem
1315 519 1435 550 quoque
1448 511 1549 551 aliquo
1565 511 1659 541 modo
1673 512 1856 552 expediunt,
1880 512 1952 543 cum
1971 512 2104 545 tradunt,

1140 551 1291 581 rationem
1304 552 1488 592 negligendae
1499 555 1604 583 mortis
1616 573 1624 587 ‚
1644 555 1889 595 perpetiendique
1901 554 2025 584 doloris.
2050 557 2103 585 Et-

1139 593 1198 622 iam
1219 597 1446 633 temperantiam
1464 594 1629 628 inducunt,
1652 605 1714 626 non
1728 595 1874 627 facillime
1896 596 1942 626 illi
1961 596 2100 637 quidem,

1141 633 1188 663 sed
1201 643 1300 664 tamen
1311 645 1433 676 quoquo
1444 636 1539 666 modo
1549 635 1680 676 poss'unt.
1703 637 1811 668 dicunt
1821 640 1904 669 enim
1912 658 1920 672 ,
1935 639 2101 678 voluptatis

1119 671 1120 683 ³
1141 676 1383 717 magnitudinem
1397 681 1409 704 5
1421 677 1534 708 doloris
1544 678 1729 709 detrafitione
1740 679 1831 710 finiri.
1841 679 1961 721 Justitia
1969 680 2104 714 vacillat,

1139 718 1187 747 vel
1195 719 1273 758 jacet
1284 722 1386 758 potius
1396 739 1404 753 ,
1416 720 1583 760 omnesque
1593 729 1634 750 eae
1643 722 1767 751 virtutes
1778 741 1786 755 ‚
1804 732 1869 763 quae
1880 723 1913 752 in
1922 722 2104 753 communi-

1139 768 1195 789 tate
1204 769 1368 790 cernuntur
1379 780 1387 793 ,
1397 761 1473 791 &in
1484 761 1620 791 societate
1630 772 1746 802 generis
1756 763 1892 794 humani.
1905 773 2003 805 neque
2012 765 2100 793 enim

1139 801 1258 832 bonitas
1268 822 1276 835 ‚
1292 812 1348 832 nec
1359 802 1516 833 liberalitas
1527 822 1535 835 ‚
1554 813 1610 832 nec
1620 806 1747 834 comitas
1758 803 1815 835 esse
1826 804 1919 845 porest
1930 825 1938 839 ‚
1960 815 2022 836 non
2032 805 2104 846 plus

1136 852 1226 883 quam
1238 845 1368 874 amicitia
1380 864 1388 878 ‚
1411 842 1429 873 si
1441 845 1503 875 haec
1513 855 1576 874 non
1586 854 1637 885 per
1648 845 1675 875 se
1687 855 1861 886 expetantur
1871 867 1880 881 ,
1905 847 1954 878 sed
1965 847 2002 878 ad
2011 847 2104 877 volu-

1136 893 1248 924 ptatem
1269 905 1277 919 ,
1303 887 1502 916 utilitatemve
1521 885 1693 917 reserantur.
1736 887 1934 919 Conferamus
1951 890 2041 931 igitur
2063 890 2100 920 in
2131 904 2134 916 a

1136 937 1234 968 pauca.
1259 937 1329 958 nam
1345 938 1376 958 ut
1390 929 1549 959 utilitatem
1565 929 1680 959 nullam
1696 927 1753 960 effe
1763 929 1925 961 docuimus
1936 950 1944 964 ‚
1963 941 2028 971 quae
2040 931 2100 960 ho—

1136 968 1323 1000 nestatiesset
1332 973 1497 1001 contraria:
1524 969 1561 1000 fic
1585 980 1641 1000 οΜ
1652 980 1672 999 N
1685 980 1701 1000 a
1714 981 1739 1000 M
1760 972 1946 1012 voluptatem
1965 974 2099 1003 dicimus

1136 1010 1282 1041 honestati
1294 1010 1352 1041 ess'e
1363 1015 1554 1042 contrariam.
1575 1022 1637 1052 quo
1649 1017 1743 1053 magis
1754 1015 2019 1053 reprehendendos
2029 1015 2100 1044 Cal-

1134 1053 1305 1093 liphonem‚
1319 1054 1351 1083 &
1362 1055 1592 1085 Dinomachum
1605 1055 1717 1091 judico,
1729 1055 1817 1095 quise
1829 1055 2011 1086 diremtuios
2022 1066 2103 1087 con-

1134 1093 1305 1125 troverfiam
1317 1105 1493 1135 putaverunt
1506 1116 1513 1129 ‚
1526 1094 1545 1125 si
1554 1106 1623 1126 curn
1637 1096 1788 1126 honestate
1800 1098 1985 1137 voluptatem
1997 1118 2006 1131 ,
2017 1106 2098 1128 tam-

1132 1146 1222 1178 quam
1241 1147 1306 1166 cum
1324 1138 1433 1167 homine
1451 1138 1582 1178 pecudem
1600 1158 1608 1170 ‚
1633 1137 1861 1177 copulaviffent.
1897 1142 1972 1169 Non
1994 1141 2100 1179 recipie

1132 1179 1218 1210 istam
1233 1179 1487 1218 commistionem
1503 1179 1641 1209 honestas
1653 1199 1661 1212 ‚
1681 1180 1850 1220 aspernatur
1863 1201 1872 1214 ,
1892 1182 2018 1221 repellit.
2042 1191 2100 1212 nec

1132 1231 1205 1251 vero
1224 1219 1320 1251 ⁶finis
1331 1221 1484 1251 bonorum
1497 1242 1505 1255 ,
1527 1221 1560 1252 δε
1571 1222 1721 1252 malorum
1734 1242 1743 1256 ‚
1763 1224 1816 1262 qui
1832 1222 1959 1264 simplex
1973 1221 2031 1253 esse
2043 1223 2100 1254 de·

1133 1263 1202 1296 bet,
1224 1273 1263 1293 ex
1281 1261 1477 1294 diffimilibus
1496 1264 1583 1294 rebus
1602 1264 1743 1298 misceri,
1761 1264 1794 1294 δε
1814 1267 1970 1306 temperari
1987 1264 2101 1306 potest.

1131 1305 1188 1335 Sed
1206 1305 1243 1335 de
1263 1306 1321 1335 hoc
1332 1306 1452 1347 (magna
1464 1308 1550 1335 enim
1565 1315 1609 1335 res
1623 1304 1678 1346 est)
1692 1306 1753 1336 alio
1764 1306 1831 1337 loco
1841 1307 1987 1347 pluribus.
2010 1317 2097 1338 nunc

1135 1348 1169 1376 ad
1181 1345 1379 1387 propositum.
1403 1347 1672 1388 Qemadmodum
1682 1350 1772 1388 igitur
1783 1368 1791 1382 ,
1805 1347 1825 1378 si
1836 1349 1956 1389 quando
1967 1359 2017 1382 ea,
2030 1359 2099 1390 quae

1133 1390 1284 1419 videretur
1295 1391 1405 1419 utilitas
1415 1410 1423 1423 ‚
1446 1388 1594 1419 honestati
1608 1399 1771 1429 repugnat,
1790 1390 1983 1430 dijudicanda
1992 1400 2038 1421 res
2047 1390 2097 1425 fit.

1132 1431 1198 1460 satis
1208 1430 1250 1460 est
1261 1431 1345 1471 supra
1355 1430 1547 1470 disputatum.
1570 1428 1613 1460 sm
1627 1441 1727 1461 autem
1743 1441 1756 1461 s
1768 1442 1784 1461 1>
1796 1442 1816 1462 ε
1827 1442 1845 1461 c
1861 1443 1870 1462 1
1886 1442 1905 1462 ε
1919 1443 1943 1462 M
1959 1433 2100 1463 utilitatis

1131 1474 1222 1502 etiam
1235 1474 1371 1512 voluptas
1382 1472 1488 1503 habere
1501 1473 1634 1507 dicetur,
1651 1474 1733 1503 nulla
1743 1473 1839 1513 potest
1849 1473 1906 1504 effe
1917 1476 1945 1504 ei
1955 1484 2024 1504 curn
2040 1475 2100 1504 hoe-

1133 1513 1244 1543 nestate
1263 1514 1456 1552 conjunctio.
1479 1524 1548 1544 narn
1561 1534 1569 1547 ,
1591 1524 1622 1544 ut
1633 1515 1799 1544 tribuamus
1809 1515 1923 1555 aliquid
1937 1517 2098 1555 voluptati,

1134 1555 1326 1585 condimenti
1337 1554 1454 1586 fortasse
1465 1556 1623 1588 nonnihil,
1636 1556 1771 1586 utilitatis
1780 1557 1858 1586 certe
1871 1556 1948 1586 nihil
1960 1557 2098 1587 habebit.

1132 1596 1231 1626 Habes
1245 1599 1260 1627 a
1276 1606 1357 1637 patre
1375 1607 1488 1626 munus
1500 1617 1509 1630 ,
1531 1599 1629 1627 Marce
1642 1595 1704 1630 fili,
1727 1607 1793 1627 mea
1803 1597 1927 1637 quidem
1940 1598 2098 1632 sententia,

1132 1648 1159 1667 M
1171 1647 1256 1667 AGN
1269 1648 1291 1668 υ
1304 1649 1331 1668 M
1347 1649 1352 1668 z
1376 1639 1424 1669 sed
1444 1638 1571 1678 perinde
1588 1641 1661 1673 erit,
1681 1647 1713 1670 ut
1731 1642 1886 1680 acceperis.
1909 1650 2098 1681 quamquam

1130 1680 1185 1710 tibi
1200 1681 1232 1710 hi
1246 1689 1304 1710 tres
1319 1681 1405 1714 libri,
1429 1682 1507 1711 inter
1520 1683 1899 1720 Cratippicommentarios
1909 1701 1918 1715 ‚
1940 1691 2097 1723 tamquam

1129 1722 1262 1762 hospites
1273 1741 1280 1755 ‚
1294 1731 1382 1752 erunt
1392 1722 1565 1763 recipiendi.
1589 1722 1643 1752 Sed
1655 1743 1663 1756 ‚
1678 1732 1726 1756 ut,
1739 1721 1758 1752 fi
1770 1723 1831 1762 ipse
1843 1722 1988 1754 veniffem
2002 1725 2098 1755 Athe—

1132 1772 1185 1793 nas
1198 1763 1289 1803 (quod
1308 1764 1432 1804 quidem
1453 1762 1525 1794 ess'et
1542 1762 1656 1794 fatitum
1668 1784 1676 1797 ‚
1700 1763 1755 1794 n-ifi
1776 1774 1825 1794 me
1844 1765 1862 1795 ὲ
1883 1765 1987 1796 medio
2007 1767 2099 1798 cursis

1131 1804 1207 1835 clara
1227 1815 1300 1834 voce
1314 1807 1405 1844 patria
1416 1803 1585 1844 revocasset)
1595 1806 1756 1846 aliquando
1769 1816 1818 1835 me
1827 1816 1948 1848 quoque
1957 1808 2075 1838 audires
2087 1819 2097 1840 ε

1131 1844 1169 1876 fic
1178 1866 1187 1879 ‚
1207 1849 1355 1887 quoniam
1366 1848 1412 1876 his
1424 1847 1637 1877 voluminibus
1648 1848 1682 1877 ad
1697 1856 1725 1877 te
1735 1846 1867 1887 profecffka
1878 1859 1940 1879 vox
1951 1848 1993 1880 est
2005 1859 2071 1880 mea
2083 1871 2096 1885 ,

1131 1888 1242 1917 tribues
1251 1889 1301 1917 his
1309 1908 1317 1922 ‚
1331 1898 1477 1928 temporis
1484 1897 1631 1928 quantum
1643 1891 1770 1928 poteris:
1786 1899 1802 1919 P
1811 1900 1830 1919 0
1840 1900 1860 1920 τ
1870 1900 1888 1920 ε
1899 1900 1920 1920 a
1932 1901 1943 1921 1
1954 1901 1967 1921 s
1979 1901 2095 1927 autem,

1130 1938 1276 1970 quantum
1290 1931 1384 1960 vole&
1407 1929 1478 1960 cum
1491 1929 1564 1959 vcro
1575 1931 1755 1961 intellexero
1764 1951 1777 1965 >
1794 1940 1821 1961 te
1833 1932 1890 1962 hoc
1901 1932 2032 1964 scientiae
2040 1944 2097 1974 ge-

1128 1981 1200 2001 nere
1210 1971 1335 2012 gandere
1346 1992 1354 2006 ‚
1375 1980 1439 2001 tum
1453 1972 1488 2001 ὃς.
1498 1972 1625 2011 praesens
1637 1981 1735 2002 tecum
1749 1973 1924 2014 propediem
1936 1975 1982 2014 (ut
1996 1976 2097 2017 spero)

1131 2013 1164 2042 &
1173 2012 1247 2043 dum
1257 2012 1353 2044 aberis
1367 2034 1375 2047 ,
1387 2014 1490 2044 absens
1499 2016 1612 2054 loquar.
1631 2015 1704 2044 Vale
1714 2017 1805 2055 igitur
1815 2035 1824 2049 ‚
1837 2018 1880 2045 mi
1890 2018 2007 2050 Cicero,
2020 2018 2096 2048 tibi-

1126 2064 1184 2099 que
1194 2055 1335 2095 persuade
1348 2076 1358 2090 ‚
1384 2054 1441 2085 efl'e
1453 2064 1481 2084 te
1491 2056 1614 2096 quidem
1627 2058 1705 2085 mihi
1717 2055 1915 2088 cariffimurn:
1931 2059 1980 2089 sed
1992 2061 2098 2090 multo

1125 2102 1190 2126 tore
1201 2098 1368 2133 cariorem,
1390 2096 1414 2127 fi
1425 2097 1534 2128 talibus
1548 2100 1750 2129 monimentis
1760 2118 1770 2133 ‚
1789 2101 2000 2143 praeceptisque
2012 2102 2097 2133 laeta—

1130 2139 1208 2170 bere·

1819 2186 1891 2232 M.
1927 2185 1977 2231 T
1993 2202 2026 2231 u
2039 2204 2092 2235 t„-

160 2299 184 2317 1.
204 2293 285 2316 Fraus
300 2291 362 2315 em'm
379 2288 530 2322 adstringit]
551 2290 674 2321 Distringit
691 2285 755 2313 editi
767 2285 834 2314 fere.
854 2285 896 2312 sed
907 2286 1021 2314 alterum
1033 2295 1083 2314 ex-

122 2325 209 2354 statin
221 2326 306 2352 Palat.
325 2334 365 2361 pr.
376 2326 401 2350 in
414 2324 568 2350 Fabriciaiio
580 2343 588 2356 ‚
607 2324 633 2350 in
647 2322 789 2358 Langia-nis
801 2341 809 2354 ‚
828 2323 856 2348 8<
868 2322 952 2349 minus
972 2322 1080 2349 auribus

120 2361 282 2390 offensaculo
299 2362 334 2388 est
346 2363 426 2397 quam
445 2360 573 2393 distringit.
592 2358 663 2395 quod
683 2367 769 2385 tamen
789 2367 937 2394 propugnat
956 2358 1080 2386 Gifanius

120 2398 208 2426 noster
217 2400 244 2426 in
255 2395 496 2425 observationibus
507 2396 558 2422 suis
569 2396 682 2431 Linguae
692 2396 795 2421 Latinae
806 2414 814 2426 ,
825 2403 882 2429 qiiae
891 2395 918 2422 in
929 2394 1081 2422 adolescen-

122 2441 180 2462 tum
192 2434 312 2462 manibus
326 2431 470 2459 veriuntur.
490 2432 600 2467 vultque
611 2432 748 2465 distringere
765 2430 900 2457 interdum
922 2431 1008 2457 valere
1027 2441 1078 2458 non

120 2470 273 2507 dirumpere
285 2489 293 2503 ‚
303 2476 348 2496 aut
358 2467 501 2495 dissolvere
511 2487 519 2501 ‚
538 2467 580 2495 sed
590 2467 692 2503 aliquid
703 2467 848 2494 resolutum
858 2467 938 2493 aliter
957 2467 1041 2503 ligare
1047 2477 1081 2496 ac

121 2507 264 2543 stringere.
749 2539 754 2544 .
1065 2540 1070 2545 .

155 2551 184 2568 2.
203 2544 254 2574 Qi
264 2542 370 2574 periculo
387 2540 465 2566 mortio·
483 2538 650 2574 dtffiagifftnu]
672 2538 729 2565 Pal.
748 2538 819 2566 idem
831 2558 840 2571 ‚
856 2542 984 2573 periculum
1002 2547 1082 2567 mortu·

118 2577 256 2612 ffagiffi‘nr.
278 2575 365 2602 nescio
375 2583 433 2601 utra
444 2574 527 2601 leffio
537 2576 625 2611 potior
637 2575 677 2601 fit.

157 2622 185 2649 3.
203 2611 407 2646 Qdit’fiopus]
428 2611 486 2637 Pal.
498 2613 554 2645 fibi.
571 2610 643 2637 idem
654 2612 732 2637 etiam
744 2611 844 2647 primus
864 2611 940 2638 habet
952 2631 961 2644 ,
972 2613 1018 2646 fid
1027 2613 1081 2645 jam

118 2648 348 2686 mmlocifiniefit.
367 2656 401 2676 ex
413 2646 510 2684 quibus
519 2647 586 2677 nihil
597 2648 733 2676 haurimus
746 2666 754 2682 ‚
765 2647 812 2676 nisi
822 2647 938 2676 immane
948 2656 1080 2685 quantum

1124 2287 1225 2315 calamo
1236 2287 1281 2315 suo
1290 2287 1423 2316 indulffll'e
1439 2288 1572 2316 librarios.

1160 2348 1188 2374 4.
1208 2345 1267 2368 Cum
1277 2341 1312 2367 his
1322 2342 1384 2368 viris
1394 2342 1528 2376 eqmfiyua]
1541 2341 1678 2369 Editiones
1690 2341 1781 2368 multae
1790 2342 1851 2368 vesu
1858 2343 1975 2377 equisque.
1990 2342 2032 2370 sed
2043 2343 2089 2370 :il-

1125 2385 1211 2404 terum
1223 2377 1307 2404 exstat
1318 2378 1344 2404 iii
1354 2378 1477 2404 Romana
1487 2377 1610 2410 stcunda,
1622 2388 1706 2414 neque
1717 2379 1795 2404 aliter
1807 2379 1892 2404 Pal-it.
1904 2389 1944 2414 pr.
1955 2388 2013 2407 nam
2025 2380 2091 2407 Gu-

1123 2413 1218 2440 liclinii
1230 2413 1288 2440 mss.
1297 2416 1353 2440 ‘verr'
1359 2414 1503 2448 pcdifiqui55
1523 2415 1692 2450 ignoratione
1703 2414 1801 2441 scilicet
1812 2416 1957 2450 proverbii.

1162 2469 1188 2494 5.
1206 2462 1295 2486 Doloris
1304 2461 1450 2486 dammone
1457 2462 1555 2495 finit-L]
1578 2461 1621 2488 Est
1633 2471 1648 2487 a
1661 2461 1782 2487 Palatino
1793 2470 1833 2495 pr.
1854 2462 1894 2487 cui
1906 2461 2029 2489 secundas
2041 2461 2088 2489 sa·

1122 2496 1160 2523 cit
1179 2496 1263 2523 codex
1277 2504 1350 2523 vetus
1362 2497 1462 2523 Mureti
1474 2515 1483 2529 ‚
1503 2497 1541 2524 uti
1560 2497 1650 2524 videre
1661 2497 1697 2524 est
1715 2497 1742 2524 in
1755 2497 1841 2523 Variis
1860 2498 1938 2533 ipsius
1957 2498 2006 2524 lib.
2017 2508 2087 2526 xiv.
2124 2508 2127 2510 ·

1124 2542 1178 2568 cap.
1191 2540 1217 2568 3.
1228 2532 1299 2568 prius
1311 2532 1446 2568 cusi‚fieri.

1159 2577 1188 2603 6.
1208 2576 1273 2602 Finis
1282 2578 1389 2603 bonorum
1398 2586 1426 2603 ac
1438 2575 1578 2609 malorum]
1596 2577 1720 2603 Muretus
1729 2575 1805 2602 dieto
1816 2575 1875 2602 loro
1886 2585 2006 2605 autumat
2017 2579 2086 2606 duas

1122 2613 1182 2640 illas
1197 2621 1272 2639 voces
1286 2613 1438 2643 &malorum
1455 2612 1488 2639 ab
1499 2611 1649 2639 hominibus
1670 2612 1777 2639 fortass'e
1787 2613 1898 2642 minime
1916 2615 1992 2643 maiis
2007 2634 2018 2648 ‚
2039 2614 2086 2643 ίὲεέ

1123 2652 1196 2677 certe
1207 2657 1259 2676 non
1269 2648 1330 2676 sitis
1340 2647 1566 2685 intelligentibus,
1576 2647 1680 2677 additas
1690 2648 1751 2676 esst.

1459 3061 1653 3100 Ttt,tttt3
2009 3062 2078 3093 Usus
