2295 3400
152 175 250 220 450
557 147 1062 199 M.Tur.1.11

155 253 202 275 tur
212 264 219 277 ,
235 239 315 282 qubd
325 239 398 270 alter
407 236 483 268 mihi
493 233 590 266 affinis
601 241 660 264 erat
671 243 677 263 :
691 233 812 264 alterius
821 231 937 263 causam
948 231 1052 271 capitis
1061 239 1108 260 re-

157 293 291 324 ceperam
304 293 308 310 :
327 283 378 322 qui
396 284 405 299 ¹
417 279 640 318 provinciarum
651 275 761 305 foedere
772 275 877 304 irretiti
888 294 896 306 ‚
909 282 1009 304 totum
1020 272 1110 302 illurn

158 335 272 356 annum
283 322 413 363 querelas
424 321 537 350 senatus
549 339 557 352 ,
578 317 695 348 lustum
714 317 866 347 bonorum
879 335 888 348 ‚
908 315 1002 345 Italiae
1015 315 1111 355 gemi-

159 376 224 398 tum
252 364 446 405 pertulerunt.
478 359 622 390 Kalendis
649 358 723 389 vero
739 359 804 400 Jan.
825 356 1017 397 posteaquam
1043 355 1114 386 orba

159 409 231 447 resp.
242 406 373 436 consulis
385 403 476 434 fidem
488 422 496 435 ,
509 411 648 442 tanquam
660 401 782 441 legitimi
792 407 891 429 tutoris
903 419 911 432 ,
925 398 1111 438 imploravit,

160 452 191 479 P.
204 446 349 478 Lentulus
359 445 480 478 consul,
493 453 597 484 parens
607 463 615 477 ,
635 443 707 472 deus
718 462 726 475 ‚
748 442 823 472 salus
835 439 941 471 nostrae
951 442 1020 470 vitae
1029 459 1038 473 ‚
1050 438 1114 469 for·
1136 451 1137 466 ι

162 499 242 520 tunae
253 510 261 522 ‚
276 489 431 518 memoria:
443 506 451 520 ,
463 487 598 516 nominis
612 505 620 517 ‚
633 483 762 514 simulac
772 483 808 513 de
819 483 960 513 sollemni
970 482 1114 522 religione
1136 501 1138 517 ⁴

157 531 277 564 retulit,
299 529 377 560 nihil
396 530 595 558 humanarum
606 535 703 556 rerum
715 524 767 555 fibi
779 524 880 565 prius,
902 523 993 565 quam
1011 523 1049 553 de
1065 532 1114 551 me
1138 556 1139 570 χ

161 572 310 615 agendum
327 570 481 610 judicavit.
505 572 601 610 Atque
615 578 652 597 eo
666 568 714 598 die
728 566 866 597 confinita
884 576 929 596 res
947 563 1035 597 esset,
1058 562 1112 594 nisi

160 615 186 644 is
205 614 342 644 tribunus
354 612 432 653 pleb.
444 621 535 652 quern
553 620 609 652 ego
627 611 772 640 maximis
789 607 921 646 beneficiis
935 606 1113 649 quaestorem
1138 622 1140 638 η

162 656 267 686 consul
285 663 474 688 ornaveram,
500 662 569 682 cum
588 652 620 681 &
638 650 764 681 cunstus
783 650 877 683 ordo,
901 650 932 679 &
944 650 1114 679 multieum
1139 644 1141 659 ⁸

160 699 273 728 summi
284 698 341 726 viri
352 704 467 726 orarent
479 716 488 728 ‚
509 695 541 724 &
553 696 606 724 Cn.
616 695 730 732 Oppius
740 693 821 722 socer
832 712 839 725 ‚
855 693 988 731 optimus
1000 693 1046 720 vir
1056 710 1064 723 ,
1083 690 1118 719 ad

162 739 254 779 pedes
272 739 335 775 ejus
355 736 430 766 flens
441 737 562 773 jaceret:
581 734 705 764 nolitem
716 733 768 763 sibi
779 733 813 763 ad
825 733 1052 763 deliberandum
1063 741 1119 771 po-

162 778 308 811 stulasset:
328 789 394 820 quae
409 778 584 808 deliberatio
598 787 662 806 non
681 778 712 805 in
734 775 881 805 reddenda
893 795 900 808 ‚
921 773 1122 815 quemadmo—

165 822 238 852 dum
258 821 402 851 nonnulli
419 819 647 850 arbitrabantur:
668 817 715 848 sed
728 837 736 850 ,
756 826 788 846 ut
807 815 988 856 patefaCtum
1007 814 1050 845 est
1060 835 1068 848 ‚
1088 816 1120 843 in

163 863 292 904 augenda
302 862 418 892 mercede
426 861 583 891 consumta
592 859 643 889 est.
668 858 768 889 Postea
782 868 826 887 res
839 857 903 887 aaa
918 856 959 887 est
974 859 1005 886 in
1020 856 1122 886 senatu

164 905 222 935 alia
230 905 332 938 nulla3
348 904 419 934 cum
432 904 520 932 variis
531 901 696 931 rationibus
709 899 904 939 impediretur
913 919 921 932 ,
943 902 957 917 ²
970 898 1001 927 ὃ(
1011 898 1122 927 volun-

168 955 224 977 tate
236 955 334 976 tamen
345 943 474 985 perfefihi
484 944 598 973 senatus
611 942 692 972 causa
703 961 712 974 ,
733 941 768 970 ad
782 950 838 971 vos
850 940 952 970 mense
960 941 1026 980 Jan.
1039 938 1123 968 defe-

167 988 294 1019 rebatur.
318 989 376 1017 Hic
389 995 502 1016 tantuin
515 983 651 1014 interfuit
661 985 736 1012 inter
747 992 796 1012 me
806 1001 814 1015 ,
831 982 1016 1011 &inimicos
1026 989 1122 1011 meos.

169 1033 234 1071 Ego
245 1050 253 1063 ‚
273 1029 344 1059 curn
362 1029 502 1058 homines
518 1028 550 1055 in
563 1025 705 1055 tribunali
719 1023 843 1054 Aurelio
853 1023 953 1064 palam
962 1022 1122 1054 conscribi,

165 1072 384 1111 centuriarique
394 1066 532 1098 vidisl'ern
544 1078 548 1095 z
560 1066 633 1096 cum
642 1066 841 1106 intelligerem
855 1085 863 1098 ,
873 1074 986 1095 veteres
995 1064 1030 1094 ad
1041 1064 1123 1103 spem

167 1113 256 1144 caedis
267 1133 274 1146 ‚
287 1112 420 1142 Catilinae
429 1110 530 1149 copias
539 1107 596 1138 ess'e
606 1117 754 1138 revocatas
768 1117 773 1136 τ
794 1105 866 1137 cum
876 1106 1011 1136 viderem
1024 1126 1032 1138 ‚
1043 1115 1082 1135 ex
1093 1114 1125 1134 ea

169 1164 249 1196 parte
268 1154 408 1183 homines
419 1171 427 1185 ,
447 1151 533 1189 cujus
549 1151 638 1189 partis
654 1159 711 1179 nos
729 1149 775 1179 vel
789 1150 938 1188 principes
948 1147 1126 1177 numeraba-

172 1206 260 1228 mur,
279 1196 386 1234 partim
407 1192 490 1234 quod
508 1193 586 1221 mihi
605 1191 793 1223 inviderent,
811 1192 917 1230 partim
929 1189 1012 1230 quod
1024 1187 1126 1218 sibiti-

174 1245 291 1267 merent
303 1257 310 1268 ,
322 1234 527 1277 autproditores
537 1232 594 1263 effe
605 1253 613 1267 ‚
624 1242 673 1263 aut
682 1233 825 1271 desertores
837 1232 935 1261 salutis
946 1240 1036 1260 meae:
1052 1229 1124 1260 cum

172 1278 234 1309 duo
245 1278 382 1308 consules
393 1297 400 1309 ‚
417 1277 491 1305 emti
501 1274 639 1315 padffione
649 1276 873 1314 provinciarum
883 1272 1018 1303 auetores
1029 1272 1057 1301 se
1067 1273 1127 1300 ini-

171 1321 262 1350 micis
272 1319 398 1358 reipubl.
410 1315 595 1348 t1·adidiss·ent
606 1327 611 1344 2
633 1315 705 1346 cum
716 1314 872 1357 egestatem
884 1334 892 1348 ,
903 1315 1056 1344 avaritiam
1071 1333 1079 1346 ,
1093 1313 1129 1342 li-

171 1362 291 1393 bidines
307 1361 370 1391 suas
387 1359 524 1390 viderent
542 1358 654 1398 expleri
673 1367 736 1387 non
753 1354 834 1396 posse
846 1377 856 1389 ,
875 1355 929 1386 nisi
939 1365 990 1385 me
1000 1354 1129 1385 constri-

175 1403 258 1434 &um
271 1401 444 1432 domesticis
453 1400 588 1430 hostibus
602 1398 762 1430 dediss'ent:
776 1397 846 1428 cum
858 1398 973 1428 senatus
983 1417 991 1430 ‚
1002 1397 1131 1437 equites-

172 1455 233 1486 que
244 1447 377 1475 Roman.
390 1442 460 1473 flere
469 1452 524 1482 pro
535 1452 584 1472 me
594 1462 608 1475 ,.
618 1451 650 1472 ac
660 1461 668 1475 ‚
685 1449 797 1471 mutata
807 1438 886 1470 veste
897 1459 905 1473 ,
919 1440 1008 1470 vobis
1020 1438 1131 1478 suppli-

174 1496 238 1517 care
248 1485 353 1516 ediffls
363 1505 371 1519 ‚
387 1494 473 1526 atque
483 1486 618 1525 imperiis
626 1491 812 1514 vetarentur:
826 1480 898 1511 curn
910 1483 1052 1511 omnium
1063 1490 1132 1520 pro-

175 1529 344 1558 vinciarum
356 1526 509 1567 paffiones
520 1546 528 1560 ‚
550 1524 622 1556 cum
637 1525 744 1555 omnia
757 1533 827 1554 cum
844 1523 988 1552 omnibus
1004 1522 1130 1555 foedera,

178 1570 440 1601 reconciliationes
450 1570 606 1609 gratiarum
618 1587 626 1600 ‚
638 1566 778 1606 sanguine
787 1575 843 1594 meo
850 1565 1046 1604 sancirentur:
1061 1563 1132 1594 cum

179 1621 289 1641 omnes
299 1611 374 1640 boni
384 1620 446 1640 non
457 1609 640 1642 recusarent,
658 1610 733 1649 quin
743 1607 792 1637 vel
802 1616 855 1646 pro
866 1616 915 1636 me
925 1626 933 1639 ‚
950 1607 999 1636 vel
1010 1615 1131 1636 mecum

182 1655 329 1687 perirent:
352 1654 443 1682 armis
457 1651 603 1681 decertare
616 1660 670 1689 pro
688 1659 755 1679 mea
772 1649 863 1679 salute
879 1648 984 1681 nolui,
1003 1647 1084 1688 quod
1102 1648 1134 1676 ὅτ.

177 1691 299 1725 ‘eincere
309 1715 317 1727 ‚
332 1694 364 1724 &
375 1695 457 1724 vinci
469 1691 626 1730 c'usttaoficm
636 1691 806 1730 reipublicae
815 1689 878 1719 fore
888 1692 1000 1729 putavi.
1025 1692 1065 1719 At
1077 1691 1137 1718 ini-

178 1738 253 1767 mici
264 1737 325 1765 mei
336 1736 438 1765 mense
448 1736 514 1776 Jan.
527 1732 599 1763 cum
618 1733 652 1762 de
672 1743 721 1762 me
737 1740 867 1773 ageretur
879 1752 887 1765 ,
906 1731 1082 1771 corporibus
1094 1732 1137 1761 ci-

176 1780 263 1809 vium
282 1777 431 1807 trucidatis
447 1796 454 1809 ‚
472 1775 595 1812 flumine
607 1775 751 1815 fizngtmm
770 1783 874 1803 mcum
894 1773 1025 1803 reditum
1045 1775 1138 1802 inter-

139 1818 160 1849 6
181 1819 364 1851 cludendum
376 1826 564 1857 putaverunt.
608 1819 707 1857 Itaque
718 1815 789 1857 curn
800 1825 854 1856 ego
865 1814 964 1848 abfui,
982 1825 1046 1844 eam
1057 1824 1137 1844 rem-

180 1862 333 1903 publicam
345 1858 487 1889 habuistis
499 1878 506 1892 ,
527 1867 559 1888 ut
572 1868 653 1899 aeque
667 1868 716 1888 me
728 1877 736 1891 ‚
755 1866 842 1897 atque
852 1857 935 1886 illam
946 1876 953 1889 ‚
977 1856 1137 1886 restituen—

183 1904 250 1934 dam
263 1903 410 1942 putaretis.
434 1911 490 1942 ego
503 1909 602 1930 autem
614 1919 623 1933 ,
640 1902 672 1929 in
685 1909 742 1940 qua
751 1901 870 1930 civitate
882 1898 960 1928 nihil
971 1899 1080 1927 valeret
1093 1898 1138 1927 se-

183 1955 268 1975 natus
277 1965 284 1978 ‚
298 1946 401 1974 omnis
411 1941 482 1974 eflet
492 1943 655 1982 impunitas
666 1961 674 1975 ,
694 1940 912 1980 nullajudicia‚
924 1942 970 1970 vis
982 1939 1137 1969 &ferrum

182 1989 215 2017 in
228 1985 294 2016 foro
305 1985 488 2016 verstrentui·
500 1995 505 2012 ε
526 1984 596 2014 cum
608 1985 715 2023 privati
729 1983 757 2012 se
769 1983 910 2022 parietum
916 1981 1035 2023 praefidz'o
1045 2001 1054 2015 ,
1074 1991 1139 2010 non

183 2030 283 2071 legum
297 2036 466 2058 tuerentur:
487 2026 599 2056 tribuni
617 2025 696 2064 pleb.
713 2024 801 2054 vobis
819 2023 1053 2063 inspectantibus
1072 2023 1139 2052 vul—

184 2079 356 2100 nerarentur
367 2089 374 2103 ‚
386 2069 421 2098 ad
434 2067 658 2109 magistratuum
669 2066 778 2097 domos
788 2075 859 2096 cum
871 2064 950 2095 ferro
961 2085 969 2099 ,
986 2065 1140 2095 &facibus

183 2115 274 2143 iretur
286 2132 292 2144 ‚
304 2111 438 2141 consulis
446 2110 536 2140 fasces
545 2108 749 2150 frangerentur
758 2128 766 2141 ‚
780 2108 908 2137 deorum
918 2108 1139 2137 immortalium

183 2154 295 2194 templa
312 2152 558 2183 incenderentur:
577 2150 729 2191 rempubl.
745 2148 802 2179 effe
821 2149 935 2179 nullam
952 2151 1063 2189 putavi.
1086 2151 1140 2179 ita-

184 2205 244 2237 que
261 2204 359 2235 neque
375 2194 478 2234 repub.
492 2195 706 2224 exrerminata‚
728 2193 805 2221 mihi
824 2192 926 2221 locum
947 2193 979 2221 in
998 2192 1050 2221 hac
1068 2191 1142 2220 urbe

188 2235 246 2267 esse
256 2236 330 2266 duxi
343 2247 348 2265 ;
370 2246 439 2269 nec,
466 2234 487 2264 fi
499 2235 548 2264 illa
557 2234 757 2264 restitueretur
768 2253 777 2265 ,
793 2232 926 2263 dubitavi
938 2253 946 2267 ‚
958 2235 1031 2273 quin
1042 2243 1091 2262 me
1101 2233 1143 2262 se-

185 2288 257 2310 cum
269 2278 328 2318 ipsa
339 2277 497 2306 reduceret.
521 2280 570 2306 An
578 2285 634 2317 ego
646 2295 654 2309 ‚
675 2273 747 2304 cum
763 2276 839 2304 mihi
855 2272 925 2304 esl'et
942 2272 1140 2314 exploratissi-

188 2330 275 2351 mum
287 2340 295 2353 ,
307 2319 506 2350 PLentulurn
516 2320 660 2358 proximo
670 2325 749 2347 anno
758 2315 914 2345 consulem
924 2314 1059 2345 futurum
1069 2335 1078 2348 ‚
1090 2317 1142 2355 qui

186 2362 250 2392 illis
268 2359 335 2402 ipsis
351 2362 422 2400 reip.
435 2358 688 2400 periculosissimis
705 2356 889 2396 temporibus
907 2356 1001 2386 aedilis
1016 2358 1140 2389 curulis,

189 2414 239 2434 me
250 2402 372 2434 consule
383 2422 391 2435 ,
405 2403 548 2431 omnium
560 2409 701 2430 meorum
709 2396 904 2429 consiliorum
914 2400 1057 2436 particeps
1067 2417 1076 2430 ‚
1092 2407 1143 2437 pe—

188 2445 413 2484 ticulorumque
425 2444 520 2473 socius
529 2441 645 2472 fuisset:
666 2441 833 2471 dubitarem
847 2460 856 2472 ‚
867 2442 941 2479 quin
954 2441 976 2468 is
989 2449 1038 2481 me
1049 2459 1057 2472 ‚
1071 2448 1144 2468 con-

192 2486 307 2516 fectum
330 2483 520 2525 consularibus
539 2481 720 2516 vulneribus,
740 2481 886 2512 consulari
897 2480 1047 2510 medicina
1057 2480 1091 2510 ad
1103 2481 1144 2509 sa-

193 2529 287 2558 lutem
298 2527 468 2557 reduceret?
491 2529 560 2556 Hoc
571 2526 645 2556 duce
657 2545 665 2558 ,
686 2524 798 2574 collega
808 2532 906 2553 autern
918 2522 981 2562 ejus
993 2542 1000 2555 ‚
1013 2523 1145 2551 clemen-

194 2568 308 2600 tisl'irno
318 2590 326 2603 ‚
348 2578 434 2609 atque
449 2570 568 2608 optimo
580 2569 646 2597 viro
658 2587 669 2600 ,
687 2568 788 2605 primo
799 2575 862 2594 non
871 2564 1041 2595 adversante
1052 2583 1060 2597 ‚
1080 2562 1147 2603 post

194 2613 284 2641 etiam
295 2611 452 2646 adjuvante
465 2630 472 2644 ‚
481 2610 588 2650 reliqui
600 2608 783 2649 magistratus
795 2606 880 2646 paene
891 2616 998 2635 omnes
1009 2626 1017 2639 ,
1029 2605 1149 2635 fuerunt

197 2651 366 2683 defensores
378 2653 476 2682 salutis
494 2661 576 2681 meae.
601 2650 757 2692 exquibus
767 2649 926 2679 excellenti
935 2650 1050 2680 animo,
1068 2650 1080 2673 3
1091 2649 1150 2677 vir—

197 2704 257 2724 tute
268 2714 276 2727 ,
288 2694 458 2723 auctoritate
470 2714 478 2727 ‚
496 2692 629 2733 praesidio
640 2713 648 2726 ,
661 2693 756 2731 copiis
768 2711 775 2724 ,
792 2691 953 2720 T.Annius
964 2710 972 2723 ‚
992 2690 1024 2719 &
1036 2692 1067 2719 P.
1078 2692 1150 2719 Sex-

199 2739 256 2766 tius
266 2756 275 2769 ‚
298 2740 316 2762 4
324 2734 468 2775 praestanti
480 2738 512 2765 in
523 2746 573 2765 me
584 2734 788 2765 benivolentia
798 2753 807 2767 ,
827 2732 859 2762 &
869 2732 976 2762 divino
988 2730 1088 2762 studio
1099 2741 1150 2761 cx-

918 2871 933 2885 X

241 2904 264 2922 r.
284 2898 468 2922 Pro-*intimum
481 2898 686 2932 sxdcreirrcri'ti]
706 2898 789 2924 Vetus
801 2896 932 2932 'impressio
951 2898 1065 2927 irritati,
1104 2896 1157 2922 uod

200 2931 278 2958 etiarn
291 2933 315 2958 in
327 2933 512 2969 plerorumque
525 2933 582 2960 mss'.
594 2935 673 2960 eiiam
689 2933 753 2960 l'all.
769 2934 794 2959 iu
816 2933 908 2968 quibus
932 2940 1018 2959 tamen
1039 2905 1158 2968 quidam,

200 2970 329 3002 irritaque,
341 2978 374 2993 no
385 2978 423 2993 ius
434 2971 497 2994 versi
509 2970 554 2995 ille
565 2973 690 2996 irritatus.
711 2972 738 2995 S.
751 2970 867 2996 Vic‘tons
878 2971 975 2995 irinati.

239 3013 267 3028 τ..
288 3007 318 3029 Ei
332 3006 451 3029 volumnia
462 3012 538 3030 tamen
548 3008 649 3038 φυῇ-ἒβη
659 3010 761 3031 Senatus
772 3007 854 3039 causti,
865 3006 933 3039 &ej
953 3006 993 3030 Ita
1004 3005 1034 3030 1‘.
1044 3003 1159 3030 Vigiorii

201 3038 295 3066 editio.
317 3049 399 3074 uie-itte
418 3039 553 3066 tlirertunt
574 3042 663 3067 nostri.
687 3041 792 3076 vulgata
802 3041 1020 3077 copulam&hoc
1039 3039 1159 3066 loconon

202 3075 326 3106 habac-iz,
338 3075 378 3101 sed
393 3076 475 3102 verbis
487 3084 599 3111 quatuor
612 3077 712 3112 prior-ib
724 3088 742 3103 is
756 3086 763 3105 ς
787 3077 968 3112 retine-batque
987 3078 1114 3109 perspcflm

1142 147 1687 194 C1eERo-N1s

1153 231 1300 263 stiterunt.
1325 228 1492 272 eodemque
1506 234 1538 263 P.
1550 233 1682 263 Lentulo
1698 231 1818 264 auftor‘e
1828 252 1837 267 ,
1857 232 1891 264 &
1906 231 2014 274 pariter
2028 234 2110 266 refe«.

1154 283 1236 304 rente
1256 273 1368 313 collega
1384 291 1393 305 ,
1421 271 1675 313 frequentissimus
1695 275 1806 306 senatus
1821 296 1830 309 ‚
1853 286 1906 305 uno
1924 275 2106 313 diffentiente,

1155 316 1243 346 nullo
1253 313 1470 347 intercedente,
1490 314 1664 355 dignitatem
1675 327 1774 347 meam
1784 317 1893 359 quibus
1903 319 2000 357 potuit
2009 318 2109 348 verbis

1155 355 1346 397 amplissimis
1358 356 1495 385 ornavit:
1508 356 1631 388 salutem
1640 358 1728 388 vobis
1738 379 1745 393 ‚
1758 361 1933 400 municipiis
1942 379 1950 393 ,
1962 360 2110 390 coloniis-

1157 409 1214 440 que
1232 397 1375 429 omnibus
1392 398 1627 429 commendavit.
1652 403 1694 430 Ita
1703 410 1754 430 me
1764 401 1881 431 nudum
1892 401 1906 430 ὲ
1915 403 2111 442 propinquis,

1136 470 1138 485 Ι
1156 441 1240 471 nulla
1252 441 1432 480 cognatione
1448 441 1602 470 munitum
1613 460 1622 475 ,
1641 442 1777 472 consules
1788 462 1797 476 ‚
1819 451 1957 482 praetores
1968 463 1976 476 ,
1995 443 2111 473 tribuni.

1137 520 1138 527 ἵ
1157 482 1233 522 pleb.
1252 482 1365 512 senatus
1376 500 1385 515 ,
1405 481 1488 511 Italia
1497 481 1622 516 cunita,
1644 483 1756 522 semper
1771 483 1787 514 ὲ
1801 484 1889 514 vobis
1901 483 2048 524 deprecata
2058 484 2111 515 est:

1159 525 1289 564 denique
1299 532 1423 556 omnm,
1443 525 1495 563 qui
1509 523 1613 554 vestris
1633 526 1775 554 maximis
1793 523 1947 554 beneficiis
1957 545 1965 558 ‚
1985 527 2112 556 honori-

1160 566 1269 606 busque
1282 565 1348 595 sunt
1358 567 1473 597 ornati,
1498 568 1511 591 5
1520 565 1659 604 produfh
1673 565 1708 596 ad
1722 575 1777 596 vos
1789 566 1824 596 ab
1840 566 1947 596 eodem
1959 587 1967 599 ‚
1989 577 2052 597 non
2063 568 2112 598 so-

1162 607 1228 637 lum
1238 606 1273 637 ad
1283 616 1333 637 me
1342 607 1578 637 conservandum
1590 617 1643 636 vos
1653 609 1797 638 cohortati
1808 608 1875 638 sunt
1884 627 1893 641 ,
1906 608 1952 638 sed
1965 610 2055 638 ctiam
2065 618 2114 639 re-

1140 669 1141 693 ἢ
1161 660 1229 679 rum
1239 658 1373 678 mearum
1384 647 1529 689 gestarum
1539 647 1672 678 autfini-es
1681 669 1690 683 ‚
1701 648 1799 683 testes,
1810 650 1971 680 laudatores
1979 648 2112 680 fuerunt.

1162 694 1302 730 Quorum
1313 691 1448 730 princeps
1459 690 1493 720 ad
1505 690 1704 721 cohortandos
1716 701 1772 721 vos
1784 711 1792 725 ‚
1813 691 1845 721 &
1856 691 1891 721 ad
1900 691 2046 733 rogandos
2056 691 2114 722 fuit

1162 732 1384 772 Cn.Pompejus
1395 751 1403 765 ,
1425 734 1472 761 vir
1489 734 1631 762 omnium
1643 752 1652 766 ‚
1673 734 1725 773 qui
1746 732 1836 767 sunt,
1850 732 1972 763 fuerunt
1983 753 2000 766 ‚.
2015 742 2115 767 erunt,

1162 776 1291 806 virtute,
1313 774 1451 813 sapientia
1462 794 1470 806 ‚
1491 783 1522 803 ac
1539 774 1632 814 gloria
1647 778 1803 815 princeps:
1824 777 1877 815 qui
1887 775 1963 805 mihi
1974 785 2051 805 unus
2061 776 2116 805 uni

1163 818 1277 855 privato
1297 817 1396 845 amico
1414 815 1521 845 eadem
1545 818 1648 845 omnia
1666 816 1768 850 dedit,
1787 826 1852 857 quae
1862 816 2007 847 universae
2016 818 2119 857 reipu-

1166 858 1250 886 blicae
1270 877 1278 890 ‚
1307 857 1430 886 salutem
1449 877 1457 890 ‚
1489 858 1607 890 otium,
1627 857 1815 897 dignitatem.
1845 858 1930 894 cuius
1948 860 2043 888 oratio
2059 858 2120 890 fuit

1164 897 1423 939 quemadmodum
1441 900 1565 938 accepi,
1589 901 1742 938 tripartita.
1774 899 1908 939 primum
1931 909 1985 929 vos
2003 899 2120 933 docuit,

1167 942 1242 969 meis
1259 937 1391 970 consiliis
1413 940 1548 980 rempub.
1569 939 1626 970 esse
1645 941 1787 971 servatam
1801 952 1807 970 :
1824 942 2001 982 causamque
2018 950 2122 971 meam.

1169 991 1239 1011 cum
1252 982 1393 1010 communi
1412 989 1491 1010 amre
1500 982 1663 1018 conjunxit
1677 993 1682 1012 :
1702 983 1889 1023 hortatusque
1900 982 1942 1012 est
1953 1003 1961 1016 ‚
1977 991 2009 1012 ut
2018 981 2123 1013 aufto-

1167 1025 1283 1053 ritatem
1295 1023 1410 1052 senatus
1423 1042 1431 1056 ‚
1450 1022 1554 1053 statum
1569 1025 1699 1054 civitatis
1709 1045 1718 1058 ,
1737 1024 1870 1055 fortunas
1880 1026 1956 1054 civis
1967 1025 2043 1054 bene
2055 1034 2123 1054 me-

1169 1066 1216 1094 riti
1228 1063 1428 1094 defenderetis
1440 1075 1445 1094 :
1462 1074 1527 1094 tum
1539 1067 1570 1095 in
1581 1066 1745 1105 perorando
1753 1067 1853 1106 posuit
1861 1087 1869 1100 ‚
1885 1076 1939 1096 vos
1948 1068 2043 1106 rogari
2053 1066 2069 1096 ὲ
2079 1066 2124 1096 se-

1168 1115 1239 1136 natu
1254 1125 1262 1138 ‚
1284 1107 1379 1146 rogari
1397 1105 1433 1135 ab
1452 1107 1602 1146 equitibus
1620 1109 1714 1138 Rom.
1734 1111 1828 1149 rogari
1848 1109 1884 1138 ab
1902 1108 1987 1138 ltalia
2005 1107 2123 1138 cunstat

1169 1148 1300 1187 denique
1311 1147 1372 1186 ipse
1387 1146 1422 1176 ad
1435 1157 1604 1177 extremum
1618 1159 1672 1188 pro
1686 1159 1752 1179 mea
1764 1160 1819 1179 vos
1834 1150 1924 1179 salute
1937 1160 1998 1179 non
2009 1151 2124 1190 rogavit

1170 1188 1268 1219 solum
1281 1208 1290 1222 ‚
1307 1187 1415 1217 verum
1432 1190 1521 1218 etiarn
1538 1189 1710 1220 obsecravit.
1735 1193 1816 1220 Huic
1826 1201 1880 1230 ego
1892 1192 2012 1220 homini
2023 1211 2032 1224 ‚
2049 1192 2125 1230 Qi-

1170 1232 1258 1264 rites,
1280 1238 1396 1259 tantum
1416 1230 1529 1263 debeo,
1549 1240 1694 1271 quantum
1712 1233 1871 1261 hominem
1888 1232 2008 1262 homini
2018 1232 2131 1262 debere

1170 1275 1223 1302 vix
1233 1271 1276 1301 fas
1288 1270 1341 1301 est.
1367 1271 1467 1309 Hujus
1477 1270 1597 1302 consilia
1608 1293 1616 1305 ,
1629 1275 1658 1303 P.
1668 1274 1790 1303 Lentuli
1801 1273 1978 1304 sententiam
1990 1293 1998 1307 ‚
2011 1274 2130 1303 senatus

1171 1313 1378 1344 austoritatem
1389 1323 1445 1344 vos
1459 1314 1548 1343 secuti
1558 1333 1567 1347 ‚
1588 1316 1620 1344 in
1631 1325 1668 1344 eo
1679 1325 1728 1345 me
1737 1315 1807 1345 loco
1819 1326 1827 1349 ς
1847 1317 1879 1345 in
1890 1325 1951 1356 quo
1961 1314 2064 1345 vestris
2074 1315 2128 1345 be-

1173 1354 1289 1385 neficiis
1298 1353 1433 1388 fueram,
1452 1355 1560 1385 iisdem
1570 1358 1711 1386 centuriis
1721 1376 1729 1389 ,
1749 1357 1859 1397 quibus
1867 1359 2051 1387 collocaratis
2062 1376 2071 1390 ,
2083 1366 2135 1386 re-

1171 1396 1322 1438 posuistis.
1346 1397 1463 1426 Eodem
1473 1406 1607 1437 tempore
1615 1398 1738 1428 audistis
1747 1398 1855 1428 eodem
1866 1408 1904 1429 ex
1915 1401 1981 1428 leco
1994 1399 2133 1428 summos

1175 1441 1255 1469 viros
1266 1458 1275 1472 ,
1295 1436 1495 1468 ornatiffimos
1507 1459 1515 1473 ,
1535 1448 1623 1480 atque
1632 1438 1827 1480 amplislimos
1838 1441 1979 1470 homines
1990 1461 1999 1473 ,
2018 1440 2134 1480 princi-

1174 1490 1225 1521 pes
1235 1480 1364 1510 civitatis
1375 1499 1384 1514 ,
1406 1482 1527 1510 omneis
1537 1481 1737 1516 consulareis,
1758 1484 1878 1512 omneis
1893 1484 2064 1522 praetoriOS,
2085 1490 2134 1510 ea-

1175 1522 1237 1551 dem
1253 1522 1359 1555 dicer«,
1378 1529 1411 1552 ut
1430 1524 1573 1552 omnium
1591 1522 1768 1553 testimonio
1787 1533 1837 1563 per
1854 1534 1903 1553 me
1920 1533 2014 1553 unum
2033 1533 2136 1563 remp,

1175 1564 1379 1594 conservatam
1392 1561 1450 1593 else
1460 1563 1614 1595 constaret·
1636 1568 1738 1605 ltaque
1757 1564 1826 1595 cum
1848 1568 1878 1595 P.
1888 1566 2048 1598 Servilius,
2069 1575 2136 1606 gra-

1178 1604 1312 1636 viffimus
1320 1607 1367 1635 vir
1385 1624 1394 1638 ,
1419 1605 1452 1634 &
1469 1605 1667 1636 ornatissimus
1686 1608 1780 1640 civis,
1801 1606 1939 1641 dixisset,
1961 1617 2049 1647 opera
2067 1616 2140 1637 mea

1182 1647 1332 1687 rempubl.
1345 1647 1532 1677 incolumem
1544 1647 1760 1685 magistratibus
1769 1649 1909 1688 deinceps
1919 1649 2054 1678 traditam
2065 1669 2073 1682 ,
2089 1648 2138 1678 di·-

1179 1698 1288 1719 xerunt
1304 1690 1337 1718 in
1355 1688 1480 1718 eandem
1499 1689 1678 1719 sententiam
1691 1691 1790 1720 ceteri.
1812 1690 1868 1720 Sed
1878 1689 2002 1720 audistis
2011 1700 2047 1719 eo
2059 1699 2141 1719 tem·

1178 1741 1251 1771 pore
1261 1728 1412 1760 clariffimi
1423 1732 1480 1760 viri
1490 1741 1553 1760 non
1565 1730 1662 1761 sinum
1672 1731 1879 1761 au&oritatem
1891 1752 1900 1764 ‚
1920 1731 1969 1761 sed
1983 1733 2072 1761 etiam
2093 1741 2139 1762 te-
2164 1739 2168 1742 ·

1181 1773 1362 1803 stimonium
1382 1773 1416 1801 L.
1429 1772 1538 1801 Gellii:
1558 1775 1628 1813 qui,
1648 1774 1717 1813 quia
1733 1773 1815 1803 suam
1832 1771 1951 1803 clafl'em
1965 1782 2141 1803 attentatam>

1184 1824 1294 1854 magno
1311 1823 1382 1843 cum
1401 1813 1453 1843 suo
1470 1814 1603 1852 periculo
1619 1815 1703 1853 paene
1722 1814 1826 1844 senfin:
1846 1814 1926 1844 dixit
1939 1817 1974 1844 in
1990 1817 2139 1845 concione

1183 1856 1285 1886 vestra:
1302 1854 1322 1884 si
1332 1865 1386 1896 ego
1396 1855 1721 1889 consu1‚cumfui,n0n
1733 1855 2140 1896 fuifl'emnempubfundirm

1182 1898 1367 1928 interituram
1378 1895 1477 1926 fuiss'e.
1502 1900 1548 1928 En
1562 1908 1616 1939 ego
1630 1907 1675 1928 tot
1688 1897 1872 1928 testimoniis
1882 1918 1890 1931 ‚
1910 1900 2043 1939 Qirites
2056 1919 2064 1931 ‚
2085 1901 2141 1928 hac
2158 1903 2177 1938 8

1182 1938 1353 1970 au&oritate
1367 1939 1482 1968 senatus
1491 1959 1500 1972 ‚
1521 1948 1600 1969 tanta
1610 1937 1805 1969 consensione
1815 1941 1908 1970 Italiae
1917 1960 1926 1973 ,
1947 1949 2029 1970 tanto
2040 1939 2147 1970 studio.

1183 1982 1335 2011 bonorum
1355 1982 1498 2010 omnium
1512 2001 1520 2014 ‚
1540 1991 1644 2022 agente
1663 1985 1694 2012 P.
1707 1981 1859 2015 Lentulo,
1880 1982 2142 2012 consentientibus

1183 2024 1289 2054 ceteris
1302 2021 1537 2064 magistratibus,
1558 2024 1729 2063 deprecante
1744 2026 1798 2053 Cn.
1808 2023 1974 2063 Pompeio,
1995 2023 2142 2053 omnibus

1185 2064 1364 2094 hominibus
1372 2063 1546 2094 faventibus
1556 2085 1563 2099 ‚
1575 2065 1633 2095 diis
1642 2065 1770 2106 denique
1779 2064 2149 2105 immortalibus‚frugum

1185 2106 1312 2136 ubertate
1323 2126 1331 2140 ‚
1345 2108 1430 2146 copia
1442 2127 1450 2139 ‚
1465 2107 1578 2137 vilitate
1587 2127 1596 2141 ‚
1608 2107 1738 2137 reditum
1749 2118 1853 2137 meum
1863 2107 2142 2147 comprobantibus,

1189 2150 1289 2182 mihi,
1302 2149 1399 2191 meis,
1411 2149 1524 2188 reipub.
1544 2149 1714 2183 restitutus,
1735 2158 1852 2180 tantuin
1870 2149 1976 2182 vobis,
1995 2157 2144 2190 quantum.

1186 2190 1279 2221 facere
1293 2188 1412 2230 possum
1425 2210 1433 2224 ,
1454 2193 1586 2228 Quirites
1599 2212 1606 2225 ,
1627 2191 1810 2231 pollicebor:
1828 2190 1963 2231 primum
1975 2210 1984 2224 ‚
2007 2200 2064 2230 qua
2078 2189 2144 2220 san-

1188 2230 1308 2262 &iffimi
1337 2233 1478 2262 homines
1495 2234 1602 2272 pietate
1621 2243 1684 2274 erga
1704 2232 1776 2262 deos
1799 2232 2000 2262 immor-taleis
2018 2229 2076 2261 effe
2094 2230 2147 2260 so·
2187 2256 2191 2260 .

1188 2275 1270 2307 lent,
1294 2273 1397 2303 eadem
1410 2284 1459 2303 me
1471 2284 1534 2315 erga
1543 2275 1690 2314 populum
1702 2276 1832 2303 Roman.
1854 2274 1970 2313 semper
1981 2272 2045 2303 fore
2057 2283 2062 2302 :
2086 2282 2146 2302 nu·-

1190 2325 1320 2354 menque
1330 2314 1460 2344 vestrum
1470 2316 1553 2355 aeque
1565 2316 1643 2344 mihi
1653 2324 1738 2356 grave
1746 2334 1754 2347 ‚
1767 2315 1798 2344 &
1808 2314 1942 2345 sanGtum
1953 2334 1961 2348 ‚
1972 2324 2005 2345 ac
2013 2314 2146 2345 deorum·

1187 2356 1408 2385 immortalium
1428 2357 1462 2384 in
1479 2358 1569 2385 omni
1585 2358 1647 2385 vita
1664 2356 1800 2386 futurum
1819 2367 1824 2385 :
1847 2356 1976 2389 deinde,
1995 2358 2145 2397 quoniam

1189 2407 1238 2426 me
1250 2398 1282 2426 in
1299 2397 1451 2426 civitatem
1462 2397 1588 2436 respubl.
1600 2398 1660 2437 ipsa
1670 2398 1808 2431 reduxit,
1830 2398 1916 2427 nullo
1933 2407 1983 2427 me
1999 2399 2068 2428 loco
2086 2398 2146 2427 rei-

1189 2438 1271 2478 publ.
1284 2437 1470 2467 defuturum.
1494 2438 1584 2478 Qod
1604 2438 1622 2468 fi
1639 2440 1706 2479 quis
1725 2439 1964 2472 existimatfme
1974 2439 2144 2469 autvolun-

1190 2489 1245 2510 tate
1263 2478 1321 2509 ess‘e
1341 2489 1452 2509 mutata
1463 2499 1471 2513 ‚
1490 2489 1540 2509 aut
1549 2481 1701 2511 debilitata
1710 2483 1818 2511 virtute
1828 2501 1837 2514 ‚
1858 2491 1907 2511 aut
1918 2483 2024 2511 animo
2037 2480 2147 2514 fraere,

1193 2522 1479 2551 veliementererrat.
1503 2523 1580 2552 mihi
1592 2543 1602 2556 ,
1621 2523 1702 2563 quod
1720 2525 1819 2562 potuit
1835 2525 1899 2557 vis,
1921 2523 2091 2563 &injuria‚
2113 2523 2147 2553 δε

1193 2561 1207 2583 ⁶
1220 2564 1427 2593 sceleratorum
1444 2564 1606 2595 hominum
1617 2566 1700 2594 furor
1710 2565 1860 2594 detrahere
1872 2577 1880 2599 5
1899 2566 2008 2604 eripuit
2020 2585 2029 2597 ,
2049 2563 2150 2594 abstu-

1195 2606 1249 2638 lit,
1271 2604 1432 2644 diffipavir:
1453 2605 1534 2645 quod
1545 2608 1610 2636 viro
1622 2605 1690 2636 forti
1700 2606 1790 2635 adimi
1801 2618 1851 2635 non
1860 2606 1970 2649 potest,
1992 2606 2023 2636 id
2035 2614 2152 2640 manet,

1198 2648 1229 2677 δε
1242 2647 1437 2686 permanebit.
1462 2648 1533 2676 Vidi
1545 2657 1599 2688 ego
1607 2646 1805 2678 fortissimum
1815 2650 1915 2678 virum
1930 2669 1938 2682 ‚
1960 2649 2154 2688 municipem

1199 2699 1303 2718 meum
1316 2709 1324 2722 ‚
1343 2691 1373 2718 C.
1387 2690 1517 2719 Marium
1531 2710 1539 2722 ‚
1560 2692 1705 2730 quoniam
1716 2690 1805 2720 nobis
1816 2689 1893 2730 quafi
1903 2691 1999 2730 aliqua
2008 2689 2088 2719 fatali
2097 2698 2153 2719 ne-

1198 2730 1324 2762 cessit-ite
1335 2751 1344 2765 ,
1363 2741 1427 2762 non
1444 2730 1545 2762 solum
1562 2741 1633 2762 cum
1650 2733 1696 2762 his
1707 2751 1715 2766 ‚
1736 2734 1787 2773 qui
1798 2733 1860 2762 haec
1869 2731 1967 2762 delere
1975 2728 2155 2762 voluiffenr,

2095 2770 2155 2811 ¹sed*

1235 2904 1263 2929 4.
1283 2899 1409 2931 Pratssanri
1417 2901 1442 2923 in
1453 2905 1486 2923 me
1495 2896 1679 2929 benevolentia]
1701 2893 1896 2922 Gemblacenfis
1904 2894 2022 2928 praeftnri,
2033 2893 2104 2930 quod
2116 2893 2158 2922 sii-

1201 2933 1279 2958 livam
1292 2943 1346 2959 mo«
1356 2934 1377 2959 it
1388 2934 1553 2962 uullelmim
1573 2934 1600 2959 ὃ(
1614 2934 1674 2958 νεώ
1688 2932 1751 2957 milii
1764 2931 1841 2957 etiam
1853 2929 1963 2957 arridet.

1240 2978 1264 2997 ς.
1284 2970 1395 2994 Pretium
1414 2971 1495 2995 advos
1513 2970 1543 2994 ab
1553 2968 1651 3001 eodem]
1675 2967 1729 2993 l'al.
1743 2977 1793 2993 non
1814 2965 1937 2992 itcmsec.
1957 2965 2107 2992 &S.Vi&.
2126 2966 2163 2992 ab

1201 3006 1277 3030 erdem
1290 3024 1297 3036 ‚
1318 3006 1396 3032 ltalia
1406 3005 1504 3031 scilicet
1516 3024 1523 3035 ‚
1535 3005 1689 3040 invenitque
1701 3004 1726 3029 in
1739 3003 1787 3029 suis
1799 3002 1955 3029 Lambinus.
1975 3003 2001 3028 8<
2016 3002 2054 3029 ita
2064 3002 2158 3038 legen-

1201 3041 1264 3066 dum
1276 3049 1423 3072 comeret-ut
1436 3041 1567 3067 Heni-icus
1579 3040 1734 3075 Stephanus.

1242 3078 1268 3102 6.
1291 3078 1619 3110 Pri-scelerarorumhominum
1632 3076 1728 3109 finon]
1752 3074 1897 3100 Lambinus
1908 3073 2084 3101 testatursuos
2094 3068 2160 3099 scria

241 3119 266 3144 3.
290 3115 393 3142 Virtute,
404 3115 555 3143 anelat-itate,
565 3113 673 3146 ‚ram-sidio,
684 3115 762 3146 copiis,
772 3115 798 3139 τ’.
809 3116 904 3139 Annim
917 3113 930 3146 ]
960 3112 1072 3138 Rellitui
1088 3119 1160 3138 vete·
1204 3120 1262 3147 ptus
1275 3112 1512 3146 luant-resteleratm.
1524 3120 1637 3147 quatuor
1650 3111 1716 3137 l'all.
1727 3110 1850 3137 meliores
1863 3110 1929 3136 stant
1942 3120 1956 3136 a
1968 3110 2077 3136 viilrrato
2089 3111 2161 3143 (nam

190 3144 259 3177 ,reni
271 3146 412 3173 lethonem
427 3167 434 3178 ‚
454 3157 511 3183 quae
522 3149 548 3173 ὃς
560 3148 586 3173 in
597 3149 711 3182 antiquis
724 3148 783 3174 cdd.
796 3152 821 3174 ἐξ(
835 3149 891 3174 inll‘.
905 3149 1008 3175 uniti-is.
1030 3148 1160 3174 recentio-

204 3191 246 3210 res
256 3182 398 3213 omis-'mut
407 3184 484 3217 capii-s.
506 3183 649 3214 Lanibnius
659 3183 871 3220 iuliipersfaesidio
882 3192 996 3214 mutarat
1006 3184 1143 3218 ins-radul.
1182 3161 1186 3205 l

1204 3156 1259 3213 {1⁸:1⁰
1265 3158 1305 3187 rus
1322 3150 1472 3178 examinare
1483 3157 1536 3177 nou
1547 3147 1623 3183 libet„
1636 3147 1760 3184 idemque
1771 3147 1880 3176 testatur
1891 3145 1923 3174 de
1935 3147 1962 3174 S.
1974 3147 2006 3176 Vi
2037 3145 2090 3173 oris
2100 3145 2158 3171 Gu-

1232 3194 1239 3200 =
1252 3193 1320 3213 nnus
1328 3204 1334 3213 .

2069 3223 2092 3242 1.
2111 3216 2166 3241 Nou
