2301 3395
550 134 646 185 1N
726 121 1058 180 NOVAM
1136 116 1684 169 EDITloNEM

822 220 879 275 O
930 217 972 274 P
1023 216 1069 271 E
1119 214 1177 271 R
1225 211 1288 268 U
1339 213 1409 268 M

311 339 435 423 M.
522 324 1030 418 TULLII
1140 319 1919 408 CICERONIS,

717 491 802 548 Ex
820 483 1195 544 accuratiflima
1217 481 1523 539 recensione

862 590 1136 662 Clarzſjfmi
1165 588 1221 646 V
1232 609 1253 645 1
1270 609 1312 645 R
1324 609 1347 644 1
1361 626 1379 653 ‚

137 711 249 790 D.
301 708 594 792 CORN
626 702 796 782 ELI
863 693 1503 788 SCHREVELI,
1567 689 1804 776 Med.
1844 688 2094 775 Βοᾶ.

356 845 581 920 Illustris
615 840 862 915 Gymnafii
894 837 1064 913 Lagei,
1081 869 1103 880 -
1116 837 1241 893 Eat.
1278 831 1516 889 Refft'orv's
1546 831 1872 889 celeberrimi.

256 1072 276 1102 ,ρ
324 1032 439 1109 ⁸44}ss
475 1070 510 1106 ὃ
528 1028 605 1074 On
621 1023 711 1086 jam
725 1052 739 1075 ‚
766 1023 901 1068 RoM
914 1034 942 1065 A
958 1050 973 1074 ,
997 1015 1114 1063 Tibi
1135 1015 1324 1080 Linguae
1349 1011 1569 1061 Facundia
1589 1009 1669 1058 soli

245 1109 265 1153 ἰ’
280 1116 283 1120 ’
318 1126 342 1168 ί»,
380 1110 440 1178 τιὴ
500 1145 503 1146 ⁷
529 1106 602 1154 Est
631 1105 835 1170 propria,
862 1118 910 1149 ac
935 1098 1065 1147 tantis
1087 1084 1208 1163 capis
1232 1112 1351 1144 arma
1377 1093 1545 1141 invi5ta
1564 1091 1737 1141 lacertis

318 1221 343 1258 5.
365 1190 375 1249 ‘f
395 1233 409 1239 -
436 1182 441 1186 ’
474 1178 507 1280 ξ
537 1187 709 1238 Anton'l
731 1199 884 1233 contra
906 1182 1087 1248 gladios.
1143 1183 1228 1229 Sua
1247 1177 1428 1244 praemia
1448 1176 1569 1225 laudi

244 1278 247 1283 ’
321 1266 352 1288 ³*
371 1271 454 1305 ἕω
474 1272 500 1299 ·”“
537 1272 642 1321 Inde
662 1269 791 1329 etiam
811 1263 945 1314 nostri
968 1264 1150 1330 pulchre
1178 1262 1377 1311 meruere
1404 1262 1441 1307 B
1454 1273 1531 1308 ΛΤ
1548 1275 1622 1309 av
1635 1275 1653 1304 1
1671 1279 1684 1306 :

287 1360 403 1410 Una
421 1356 563 1408 omnis
582 1353 726 1416 jurata
747 1365 927 1403 manus,
956 1345 1146 1412 gensque
1173 1342 1304 1391 obvia
1329 1341 1456 1391 factis

292 1442 353 1490 Et
373 1439 518 1490 sceleri
536 1472 551 1494 ‚
574 1433 793 1489 Catilina,
819 1445 910 1480 tuo.
957 1427 1055 1492 Q
1074 1425 1276 1493 protinus
1302 1442 1434 1474 omne

292 1524 344 1570 In
367 1523 527 1569 vitium
551 1517 725 1571 armati,
757 1514 910 1563 divino
936 1508 1124 1558 fulmine
1150 1507 1307 1556 Suadae

295 1606 410 1653 Rem
435 1601 625 1668 gerimus
640 1633 654 1655 ‚
676 1597 927 1660 tonitruque
952 1592 1027 1659 pio
1045 1605 1125 1654 per
1145 1600 1294 1655 aperta
1314 1586 1515 1637 volantes

297 1684 543 1732 Sternimus
570 1678 750 1729 audaces
771 1676 859 1724 hoc
881 1678 927 1722 O
942 1689 972 1720 R
986 1692 1017 1721 A
1032 1688 1064 1720 τ
1079 1690 1107 1718 o
1122 1685 1197 1719 RE
1227 1667 1472 1733 Cethego&

298 1766 428 1814 Salve
455 1760 707 1811 Romulidae
733 1761 877 1806 Decus
900 1753 1132 1804 indelebile
1156 1749 1333 1806 Gentis,

295 1846 485 1912 Arpinas
512 1842 744 1909 generose!
779 1840 891 1888 Tuo
915 1839 989 1906 qui
1012 1851 1190 1884 munere
1215 1829 1338 1878 fandi

294 1926 494 1975 Stravisti
513 1938 580 1971 tot
603 1924 735 1972 castra
758 1925 932 1969 Ducum
946 1954 962 1977 ‚
990 1916 1209 1980 fortesque
1243 1907 1461 1975 maniplos

291 2004 476 2055 Ausonii
498 2021 577 2069 per
602 2018 738 2067 regna
762 2002 862 2050 fori.
911 2002 1017 2066 Qio
1041 1993 1241 2045 Vindice
1266 1991 1359 2039 solo

296 2086 474 2134 Gaudet
500 2083 699 2131 Libertas
728 2080 771 2128 se
797 2080 908 2146 pura
931 2079 979 2124 in
1004 2076 1102 2122 luce
1127 2072 1305 2123 renasci,

293 2168 369 2213 Ut
393 2164 549 2212 cedant
570 2162 625 2209 fic
647 2178 767 2210 arma
788 2158 952 2223 Togae.
1004 2152 1249 2216 Victorque
1281 2148 1481 2199 Senatus,

291 2250 392 2317 Jam
422 2245 589 2293 dudum
613 2243 720 2291 belli
741 2239 874 2289 furias
898 2233 1051 2285 exosus
1075 2236 1119 2281 &
1141 2233 1242 2286 iraS‚

295 2327 530 2375 Finitimos
553 2324 638 2370 late
663 2320 855 2387 Populos
879 2318 926 2364 in
948 2315 1058 2363 Pace
1080 2312 1313 2378 gubernet·

367 2406 504 2454 Haud
525 2402 669 2470 potuit
690 2401 835 2453 nostro
862 2396 1026 2459 majora
1054 2395 1082 2440 S
1095 2411 1122 2441 c
1134 2411 1168 2442 H
1181 2407 1211 2439 R
1223 2410 1252 2440 E
1263 2407 1295 2437 v
1308 2405 1336 2437 E
1348 2406 1378 2437 1..
1391 2405 1409 2436 1
1422 2405 1455 2437 υ
1469 2403 1489 2435 s
1520 2387 1621 2436 orbi

299 2485 495 2533 Scribere
509 2522 522 2540 ,
553 2482 682 2548 quam
708 2481 926 2530 summum
961 2479 990 2525 S
1003 2492 1031 2524 c
1045 2489 1080 2520 R
1093 2489 1110 2519 1
1124 2490 1150 2520 P
1164 2487 1198 2519 τ
1210 2491 1238 2520 o
1251 2488 1283 2518 R
1294 2487 1322 2519 E
1335 2487 1375 2518 Μ
1409 2469 1593 2520 reddere
1618 2468 1731 2518 Luci

301 2563 526 2627 Majestate
547 2562 633 2610 sua.
678 2564 736 2610 Et
760 2560 970 2610 Gothicas
995 2559 1196 2606 damnare
1220 2552 1421 2601 tenebras

302 2644 478 2710 Eloquii
497 2642 722 2708 splendore
745 2659 865 2690 novo
898 2640 1112 2688 Veterum
1137 2633 1373 2697 Qritfim

304 2724 500 2774 Confilia
519 2757 534 2780 ,
568 2742 618 2772 ac
646 2737 779 2772 tantae
805 2718 1009 2771 miracula
1036 2716 1207 2784 prodita
1230 2715 1355 2779 genti

308 2807 379 2855 Ad
404 2806 514 2855 seros
537 2804 668 2853 etiam
692 2803 914 2853 Batavum
945 2796 1190 2849 transl-‘erre>
1209 2808 1404 2862 nepotes.

1012 2929 1404 2986 anmus
1458 2924 1920 2986 Nmmusms,
1951 2921 2059 2996 JC.

1236 3012 1424 3080 Gymnafti
1445 3015 1562 3061 Alcm.
1589 3016 1733 3060 Βεὶἰον.

1821 3156 1892 3204 M.
1939 3155 2104 3205 Tur.-
