2360 3400
474 91 562 124 DE
640 77 987 125 NAru-RA
1066 78 1404 128 DEORUM
1493 83 1650 129 Lrn-
1710 63 1784 129 '11.
1987 56 2110 147 113'7

143 157 322 203 ‘purulentis
344 157 401 190 iter
421 165 527 188 natura
543 155 692 198 patefecit.
716 160 850 188 Tne-rus
859 165 959 187 autem
971 163 1034 187 toto
1042 167 1111 188 cor-
1133 159 1166 181 ¹¹⁶
1184 161 1321 203 gustandi
1338 182 1348 196 ,
1369 161 1472 193 &arte
1482 162 1624 202 tangendi
1637 171 1742 204 magna
1748 161 1861 202 judicia
1870 160 1946 193 stine.
1970 162 2017 194 Ad
2028 170 2106 204 quos

139 213 229 245 ‚pmc-
239 201 421 244 aequabiliter
438 198 521 230 fusus
543 199 586 230 est
596 219 606 234 ,
628 209 661 230 ut
678 201 799 230 omneis
808 198 886 230 iffils
897 218 907 233 2
928 199 1108 240 omneisque
1149 203 1248 233 sensus
1258 204 1420 244 capiendos
1430 224 1439 238 ‚
1452 204 1486 234 &c
1495 204 1692 244 perfruendos
1708 205 1808 244 plures
1817 206 1906 234 etiam
1917 224 1926 239 ,
1936 204 2028 245 quam
2040 206 2105 235 vel—

149 246 267 286 nimios
283 243 317 274 &
334 241 476 284 frigoris,
496 241 530 272 &
548 242 660 272 caloris
677 241 815 282 appulsus
833 242 940 271 sentire
947 237 1105 286 poffimuS·
1147 245 1208 274 lem
1220 265 1229 279 ‚
1249 254 1325 276 artes
1336 256 1457 286 repertae
1467 247 1543 277 sunt.
1567 247 1758 286 Perspicuum
1773 245 1816 276 est
1827 247 1911 276 enim
1927 266 1935 279 ,
1956 245 2019 287 quo
2030 257 2106 276 com·

131 319 133 321 .
149 289 249 327 Atque
261 304 271 319 2
283 294 315 316 Ut
323 285 352 314 in
363 282 485 322 “1¹2stssst
495 282 644 313 archifeffl
651 290 789 313 avertunt
795 281 832 312 ab
841 281 936 315 06κῖίῦ
946 282 983 314 &⁶
991 281 1106 311 naribus
1142 286 1286 326 positiones
1304 295 1509 327 unguentorum
1521 308 1529 322 ‚
1549 287 1612 329 quo
1619 286 1745 317 ciborum
1756 289 1921 317 conditiones
1931 308 1940 321 ‚
1972 287 2034 330 quo
2045 298 2106 318 cor·

127 328 130 331 ’
149 327 389 362 ἀιήιίηοηιγη,εα,
402 325 660 367 ¹quaeprofluentiae
671 323 814 362 ncceffim‘o
822 321 1109 365 tatriffntaliquid
1143 335 1242 367 porum
1260 328 1395 359 lenocinia
1415 328 1621 369 processerint.
1651 331 1720 372 Jam
1739 329 1810 359 vero
1830 332 1969 360 animum
1989 330 2102 370 ipsum,
2124 344 2168 377 59

148 367 296 400 habitura:
308 366 345 399 fic
353 376 456 399 natura
465 378 510 398 res
520 367 634 399 slmiles
644 366 748 408 procul
758 365 929 400 amandavit
937 365 953 396 a
963 363 1104 396 senfibus.
1145 378 1341 411 mentemque
1351 372 1488 401 hominis
1497 391 1506 406 ‚
1528 373 1675 402 rationem
1688 391 1695 405 ‚
1705 370 1865 402 confilium
1875 391 1882 404 ,
1896 371 2102 411 prudentiam,

86 412 135 454 '57
149 412 225 450 Quis
236 420 310 442 vero
317 409 434 450 opifex,
446 419 552 450 praeter
559 414 704 442 naturam,
717 418 777 450 qua
786 407 860 437 nihil
865 405 959 448 poter}
967 405 1016 445 effi
1025 407 1105 437 caui·
1144 412 1197 450 qui
1214 421 1278 441 non
1295 412 1325 440 di
1330 411 1600 455 vinaecuraperfesta
1607 412 1659 451 effi
1667 413 1819 453 perspicit,
1843 414 1868 443 is
1879 414 1926 443 his
1937 413 2005 453 ipsis
2016 414 2104 450 rebus

147 452 213 483 diu
222 472 231 486 ‚
242 461 357 484 mutam
369 452 518 483 solertiam
531 451 666 492 persequi
678 448 818 490 potuiffet
828 451 862 478 in
874 447 1005 479 senfibus
1017 451 1104 490 ?quae
1144 453 1222 482 mihi
1233 452 1352 483 videtur
1359 464 1464 484 carere.
1489 457 1536 484 De
1546 464 1606 496 quo
1616 455 1690 485 dum
1700 454 1882 494 disputarem
1893 474 1902 489 ,
1929 463 2010 486 tuam
2022 456 2102 486 mihi

145 493 286 535 primum
296 504 419 524 ocuLos
431 494 616 524 membranis
627 490 806 523 tenuiffimis
813 489 982 524 vestivit,&
993 489 1103 531 saepfit:
1143 492 1205 523 dari
1217 495 1311 524 velim
1322 514 1331 528 ‚
1354 497 1440 525 Cotta
1454 515 1463 529 ,
1488 497 1702 537 eloquentiam.
1726 499 1796 535 Quo
1803 498 1889 526 enirn
1901 505 1933 525 tu
1942 497 1993 527 illa
2004 497 2100 528 modo

146 546 221 577 quas
231 535 366 576 primum
377 535 544 576 perlucidas
553 534 626 566 fecit
638 554 647 568 .
665 542 700 564 ut
708 542 759 574 per
770 542 819 563 eas
836 534 919 563 cerni
927 530 1023 572 posset
1035 544 1040 562 :
1052 530 1103 562 fir·
1142 534 1275 566 diceres?
1296 545 1404 576 quanta
1413 536 1547 576 primum
1559 538 1758 578 intelligentia
1772 557 1781 571 ‚
1791 536 1901 568 deinde
1912 539 2100 578 consequen-

148 587 216 609 mas
227 588 338 612 autem,
350 588 382 608 ut
391 580 628 608 continerentur.
650 575 705 607 Sed
716 575 848 606 lubricos
858 575 965 605 oculos
977 573 1060 608 fecit,
1071 574 1105 605 δε
1141 578 1221 606 tium
1231 586 1333 607 rerum
1343 587 1412 607 cum
1423 582 1529 617 primis
1540 580 1608 619 conj
1613 579 1735 613 unbtio,
1749 579 1781 610 &
1791 578 2021 619 comprehensio
2031 579 2101 610 effe:

148 619 304 654 mobileis,
316 630 348 651 ut
360 619 593 653 &declinazenn
605 616 702 659 fiquid
714 625 853 647 noceret:
873 615 1101 656 &adspe&um.
1143 619 1176 647 in
1194 618 1284 648 nobis
1297 628 1352 649 :ex
1369 629 1432 660 quo
1443 620 1583 650 videlicet
1594 641 1602 653 .
1625 620 1697 661 quid
1709 631 1748 651 ex
1757 621 1924 662 quibusque
1935 620 2022 651 rebus
2033 620 2099 651 effi-

136 661 210 702 uno
223 662 355 695 vellent,
367 661 454 692 facile
460 668 684 691 converterent.
706 659 840 699 aciesque
849 658 910 698 ipsa
919 677 928 692 ‚
939 668 998 699 qua
1004 660 1103 688 cerni·
1142 661 1235 690 ciatur
1246 679 1255 694 ,
1277 660 1368 700 idque
1378 663 1492 691 ratione
1503 681 1511 695 ‚
1532 663 1744 692 concludimus
1757 674 1762 692 :
1775 661 1958 704 singulasque
1969 672 2014 693 res
2025 661 2099 692 defi·

133 703 136 706 ⁴
149 713 220 734 mus
229 723 238 738 ,
258 713 324 744 quae
330 703 440 745 pupula
450 711 572 734 vocatur
581 722 589 737 ‚
601 702 642 732 ita
650 711 737 741 parva
750 699 804 734 est.
823 708 856 730 ut
866 709 911 734 ea,
921 709 987 741 quae
994 710 1102 731 nocere
1141 702 1374 735 nimus,circutn
1380 702 1540 743 scripteque
1550 713 1618 733 com
1623 703 1783 743 pleE'timur
1796 715 1801 733 ;
1812 714 1850 735 ex
1858 713 1921 745 quo
1930 714 1983 734 sei
1991 714 2104 734 estun.

147 743 260 787 poffint
271 765 280 779 ,
300 745 389 776 facile
399 747 483 775 vitet.
506 747 765 781 PALPEBRAEQJE
779 762 789 776 ,
799 751 866 782 quae
874 741 944 772 sunt
953 751 1104 783 tegmenta
1141 743 1324 783 intelligitur
1332 753 1422 784 quarn
1435 747 1498 773 vim
1514 744 1617 774 habeat
1629 765 1637 779 ,
1657 746 1752 785 qualis
1763 744 1795 776 fit
1807 757 1812 775 ;
1831 756 1887 787 qua
1897 755 1930 775 ne
1940 746 1969 775 iu
1976 746 2023 776 deo
2032 746 2102 787 qui-

147 787 310 818 oculorum
325 808 334 820 ‚
349 784 536 817 molliffimae
546 784 624 815 tufini
637 805 647 818 ,
667 783 856 815 nelaederent
863 785 959 814 aciem
972 803 981 816 2
994 782 1103 823 aptiff-
1141 784 1203 814 dem
1220 783 1265 815 ef}
1273 795 1313 814 res
1321 786 1379 814 uua
1389 785 1568 827 praestantior.
1592 788 1709 827 Qanta
1719 786 1789 816 verb
1803 789 1851 818 iila
1861 790 1930 818 sunt
1939 807 1948 822 ,
1969 798 2034 829 quae
2046 797 2101 818 vos

148 830 203 860 me
211 828 296 859 faetae
313 829 346 859 &
356 828 392 858 ad
402 827 581 858 claudendas
588 826 732 866 pupulas,
751 835 791 855 ne
799 825 873 866 quid
881 825 1047 859 incideret,
1068 825 1101 855 &
1136 826 1317 865 'Academici
1335 826 1496 858 infirmatis
1508 847 1517 861 ,
1538 828 1571 857 ὃς
1591 829 1701 858 tollitis
1714 847 1722 861 ,
1740 828 1821 869 quod
1842 830 1875 860 &
1890 829 2023 860 sensibus
2035 850 2044 864 ,
2067 830 2101 860 &

145 871 185 901 ad
202 870 390 911 aperiendas:
409 869 499 907 idque
516 869 665 906 providit,
686 877 719 897 ut
736 867 905 896 identidem
925 865 989 896 fieri
1008 865 1104 906 poffct
1142 870 1248 899 animo
1257 879 1300 902 ea,
1311 879 1377 909 qua:
1387 869 1469 900 extra
1479 870 1547 899 sunt
1559 889 1568 902 ,
1589 871 1771 909 percipimus
1782 890 1790 903 ,
1805 881 1889 911 atque
1899 872 2102 912 comprehen—

146 922 220 942 eum
234 913 373 940 maxima
390 910 548 939 celeritate.
581 910 767 948 munitaeque
788 907 856 938 sunt
872 907 1017 947 palpebrae
1037 918 1103 939 tan—
1143 910 1265 940 dimus!
1289 914 1336 941 Ex
1347 911 1456 951 quibus
1464 911 1581 941 collatis
1595 913 1673 941 inter
1684 912 1710 941 se
1721 931 1729 944 ,
1753 912 1971 953 &comparatis
1982 933 1990 947 ‚
2011 915 2099 944 arceis

144 962 237 994 quam
256 952 336 982 vallo
356 950 490 991 pilorum
505 961 510 979 z
522 950 631 990 quibus
643 950 676 980 &
685 950 792 989 apertis
805 950 902 979 oculis
914 969 922 983 ‚
940 948 959 979 fi
970 950 1043 990 quid
1055 960 1102 980 in·
1142 962 1263 993 quoque
1273 951 1423 983 efficimus
1434 973 1442 986 ,
1454 954 1560 993 partim
1571 953 1606 983 ad
1618 953 1700 992 usum
1711 954 1775 982 vita
1784 973 1792 987 ,
1812 957 1920 993 partim
1930 955 1965 985 ad
1976 953 2098 984 obusta--

144 993 269 1027 eiderer,
281 993 481 1033 repelleretur:
493 990 993 1025 ²&s0mnoconniventibus‚cum
1005 993 1102 1022 oculis
1142 995 1246 1023 tionem
1267 993 1446 1025 necessarias.
1466 996 1534 1035 Jam
1554 994 1627 1025 vero
1643 995 1755 1024 domina
1765 1005 1857 1025 rerum
1874 997 1927 1036 (ut
1938 1006 1990 1027 vos
2000 996 2102 1027 soletis

144 1035 183 1072 ad
195 1035 383 1067 cernendum
395 1044 459 1064 non
470 1043 623 1075 egeremus
635 1054 644 1068 ,
666 1034 781 1074 utqui,
800 1033 940 1074 tanquam
955 1034 1100 1068 involuti,
1142 1035 1241 1066 dicere
1253 1037 1262 1076 )
1272 1036 1435 1077 eloquendi
1447 1039 1491 1066 vis
1503 1056 1510 1070 ,
1532 1037 1622 1077 quam
1633 1036 1817 1077 estpraeclara
1827 1057 1836 1071 ‚
1854 1048 2004 1079 quamque
2019 1038 2101 1068 divi-

142 1077 341 1120 quiescerent.
364 1078 473 1106 Latent
492 1085 628 1116 praeterea
638 1076 771 1108 utiliter,
790 1074 823 1104 δε
835 1073 1101 1116 εκεείίῐευῡᾶίςυε
1142 1085 1202 1108 na?
1216 1088 1282 1119 quae
1300 1081 1436 1119 primum
1447 1076 1537 1108 efficit
1554 1099 1563 1112 ,
1583 1087 1616 1108 ut
1626 1088 1659 1109 ea
1670 1099 1677 1113 ,
1697 1082 1950 1120 quaeignoremus
1961 1100 1969 1114 ‚
1985 1080 2097 1119 discere,

142 1119 274 1161 partibus
292 1119 461 1158 saepiuntur.
485 1117 623 1148 Primum
642 1118 726 1147 enim
746 1117 895 1156 superiora
907 1136 917 1150 ,
936 1117 1101 1157 superciliis
1144 1119 1238 1154 &ea,
1259 1130 1326 1160 quae
1335 1121 1465 1153 scimus,
1486 1120 1560 1150 alios
1573 1121 1662 1149 docere
1672 1119 1828 1160 possimus.
1852 1122 1973 1152 Deinde
1984 1123 2037 1152 hac
2045 1132 2098 1152 00-

142 1159 434 1194 obdu&a‚-sudorem
445 1159 460 1189 a
468 1161 562 1199 capite
571 1179 581 1193 ‚
595 1159 627 1189 &
635 1157 735 1189 fronte
743 1157 929 1188 defluentem
936 1159 1098 1199 repellunt.
1141 1163 1300 1193 hortamur
1310 1181 1319 1196 ‚
1330 1163 1384 1193 hac
1392 1161 1615 1202 persuademus,
1626 1163 1679 1192 hac
1687 1163 1880 1193 consolamur
1892 1163 2031 1197 afflidiims,
2045 1164 2096 1194 bac

144 1205 240 1234 Genae
247 1201 359 1232 deinde
375 1202 412 1232 ab
421 1201 566 1231 inferiore
574 1210 652 1241 parte
663 1209 795 1231 tutantur
803 1199 941 1237 subjedhu
952 1221 960 1233 ‚
979 1201 1100 1231 leviter·
1140 1203 1320 1235 deducimus
1329 1205 1498 1244 perterritos
1507 1203 1524 1234 a
1533 1205 1642 1234 timore
1655 1224 1664 1237 ,
1677 1205 1728 1234 hac
1736 1204 1909 1244 gestienteis
1917 1206 2098 1245 comprimi·

141 1254 201 1286 que
223 1247 404 1274 eminentes.
431 1246 444 1271 3
464 1245 571 1273 anus
590 1245 629 1273 ita
645 1243 758 1273 locatus
773 1239 834 1275 est,
853 1251 886 1272 ut
904 1241 983 1284 quasi
993 1252 1099 1273 murus
1142 1255 1230 1279 mus,
1253 1247 1307 1276 hac
1324 1245 1522 1285 cupiditates,
1541 1245 1766 1287 iracundiasque
1784 1245 2011 1287 restinguimus.
2033 1248 2097 1277 haec

142 1286 242 1317 oculis
261 1284 435 1326 interje&us
452 1283 512 1314 effe
529 1284 671 1315 videatur.
696 1286 844 1314 Aumrus
862 1293 963 1315 autem
982 1285 1100 1325 semper
1137 1297 1204 1319 'nos
1217 1289 1313 1327 juris,
1332 1288 1434 1328 legum
1447 1306 1455 1320 ‚
1476 1286 1598 1317 urbium
1616 1287 1755 1318 societate
1765 1287 1924 1318 devinxit:
1943 1287 2029 1319 haeca
2041 1289 2100 1319 vita

141 1337 231 1370 patet.
253 1328 319 1366 ejus
339 1330 423 1357 enim
443 1327 528 1356 sensu
545 1329 636 1357 etiam
656 1326 842 1356 dormientes
852 1335 985 1367 egemus.
1008 1326 1024 1357 ὲ
1033 1336 1095 1367 quo
1141 1330 1272 1359 immani
1286 1348 1295 1363 ,
1307 1329 1409 1359 &fera
1418 1329 1588 1370 segregavit.
1610 1328 1658 1359 Ad
1668 1329 1755 1359 usum
1764 1337 1864 1360 autem
1874 1331 2019 1361 orationis
2030 1349 2040 1363 ‚
2050 1331 2101 1360 in-

141 1370 218 1401 cum
236 1369 328 1400 sonus
345 1368 389 1399 est
404 1376 564 1407 acceptus,
582 1371 671 1398 etiarn
682 1368 698 1397 ὲ
711 1368 822 1413 somno
831 1369 1007 1399 excitamur.
1031 1369 1101 1398 Fle-
1140 1370 1282 1401 credibile
1298 1369 1340 1401 est
1352 1391 1361 1404 ,
1379 1369 1434 1400 nisi
1444 1370 1604 1412 diligenter
1616 1370 1776 1401 attenderis
1786 1390 1795 1405 ,
1815 1380 1925 1412 quanta
1932 1381 2022 1412 opera
2032 1381 2098 1402 ma-

138 1411 275 1443 :tuosum
286 1409 455 1443 iterhabet‚
466 1413 530 1439 *ne
539 1409 611 1448 quid
626 1411 735 1439 intrare
745 1406 851 1448 ponit,
872 1408 892 1439 fi
905 1407 1032 1450 fimplex
1046 1430 1055 1444 ‚
1066 1409 1100 1441 δε
1139 1413 1258 1443 chinata
1275 1419 1381 1443 natura
1400 1411 1445 1442 sit.
1475 1411 1617 1443 Primum
1636 1414 1721 1442 enim
1739 1413 1756 1443 a
1772 1413 1974 1453 pulmonibus
1994 1415 2099 1444 arteria

139 1447 290 1484 dirfflum
300 1460 418 1492 pateret.
440 1451 597 1490 provisum
605 1451 717 1483 etiam«,
737 1458 769 1479 ut
780 1469 789 1484 ,
811 1448 831 1479 fi
839 1460 897 1491 qua
907 1452 1038 1481 minima
1047 1451 1100 1483 be·
1142 1454 1235 1494 usque
1253 1454 1289 1484 ad
1310 1463 1344 1484 os
1360 1455 1507 1484 intimum
1519 1455 1664 1493 pertinet:
1679 1464 1730 1494 per
1737 1463 1830 1494 quam
1842 1464 1904 1485 vox
1912 1456 2097 1494 principium

142 1494 232 1526 stiola
241 1496 255 1520 5
263 1501 421 1524 conaretur
429 1493 606 1531 irrumpere,
621 1493 653 1520 in
662 1490 798 1521 sordibus
805 1500 925 1521 aurium
936 1511 945 1526 ‚
957 1501 1098 1533 tanquam
1140 1495 1155 1526 ὲ
1177 1504 1280 1525 mente
1300 1494 1413 1525 ducens
1424 1514 1433 1529 ‚
1454 1497 1618 1535 percipitur
1627 1514 1636 1529 ,
1657 1495 1691 1525 δε
1701 1494 1848 1525 funditur.
1871 1496 1992 1526 Deinde
2002 1498 2035 1526 in
2046 1505 2098 1525 ore

139 1537 175 1567 in
186 1535 269 1566 visco
278 1554 288 1568 ,
304 1533 518 1565 inhaeresceret.
541 1532 632 1564 Exua
640 1541 741 1562 autem
752 1532 891 1562 eminent
901 1553 910 1567 ‚
924 1543 988 1574 quae
997 1536 1098 1573 appel·
1141 1536 1192 1566 fita
1202 1537 1304 1577 lingua
1313 1535 1366 1570 est,
1378 1534 1464 1571 finita
1474 1536 1624 1566 dentibus.
1648 1539 1690 1566 Ea
1699 1546 1807 1566 vocem
1816 1535 2018 1567 immoderate
2025 1546 2097 1575 pron

137 1576 361 1610 hatur-aurei,
376 1575 416 1605 »δε
430 1575 549 1617 tegendi
571 1574 656 1605 causa
665 1572 751 1604 fassae
767 1594 778 1608 ,
799 1575 976 1617 tutandique
987 1575 1098 1610 sensum
1140 1577 1235 1607 fusam
1248 1597 1256 1610 ,
1277 1576 1378 1617 fingit,
1399 1577 1432 1607 δε
1450 1579 1610 1607 terminat:
1628 1587 1694 1617 quae
1714 1578 1804 1607 sonos
1822 1579 1906 1607 vocis
1925 1577 2095 1610 distinctos,

141 1617 646 1658 &neadjeelaevoceslaberemur,
668 1626 755 1657 atque
766 1625 912 1650 errarent,
925 1616 1098 1658 priusquam
1141 1618 1175 1649 δε
1192 1615 1301 1658 pressos
1321 1617 1434 1652 efficit,
1453 1617 1526 1649 cum
1546 1618 1579 1648 δε
1597 1617 1633 1648 ad
1649 1618 1765 1648 denteis
1776 1637 1785 1651 ,
1808 1618 1841 1648 δε
1861 1618 1897 1649 ad
1910 1619 1981 1649 alias
1990 1621 2098 1660 parteis

141 1659 246 1691 sensus
267 1659 304 1690 ab
323 1661 370 1688 his
379 1659 482 1698 pulsus
491 1657 574 1688 effet.
597 1657 655 1689 Sed
664 1658 776 1691 duros,
799 1657 923 1698 &quasi
935 1659 1097 1690 corneolos
1140 1661 1228 1702 pellit
1244 1661 1316 1691 oris.
1354 1662 1457 1701 Itaque
1471 1658 1573 1702 plesiri
1590 1658 1714 1700 similem
1729 1660 1865 1700 linguam
1884 1659 1979 1691 nostri
1997 1661 2098 1692 solent

139 1701 255 1739 habent
271 1702 433 1734 introitus,
452 1700 617 1740 multisque
635 1709 706 1729 cum
725 1698 856 1729 flexibus
867 1718 877 1732 ‚
895 1700 978 1740 quod
990 1701 1035 1731 his
1044 1711 1097 1732 na-
1140 1702 1254 1733 dicere:
1277 1702 1440 1731 chordarum
1448 1701 1566 1732 denteis
1577 1720 1585 1735 ,
1607 1704 1701 1732 nareis
1710 1700 1899 1734 cormbmiis,
1917 1703 1971 1743 qui
1982 1701 2018 1734 ad
2027 1712 2099 1733 ner-

139 1744 218 1774 turis
233 1744 341 1772 relatus
357 1740 556 1782 amplificatur
565 1741 668 1771 sonus.
690 1741 838 1782 roirca
848 1740 922 1771 &in
933 1739 1045 1773 finibus
1053 1751 1099 1773 te—
1139 1753 1195 1774 vos
1204 1743 1342 1776 resonant
1350 1746 1383 1773 in
1396 1742 1549 1774 cantibus.
1562 1742 1662 1785 Qam
1672 1742 1746 1773 verb
1755 1752 1843 1783 aptas,
1853 1753 2006 1785 quamque
2013 1744 2095 1775 mul-
2113 1744 2133 1777 6
2137 1756 2158 1777 Q

139 1783 261 1816 stedine
279 1784 451 1818 resonatur,
474 1792 524 1814 aut
542 1792 657 1812 cornu:
675 1782 708 1812 &
726 1791 765 1811 ex
781 1781 923 1812 tortuofis
941 1783 1017 1815 locis
1029 1802 1038 1816 1
1062 1783 1096 1814 δε
1139 1793 1235 1815 tarum
1245 1787 1353 1815 artium
1365 1784 1514 1821 ministras
1525 1793 1640 1814 rannus
1649 1793 1751 1815 natura
1761 1785 1886 1815 homini
1895 1784 1997 1816 dedit!
2016 1785 2096 1827 digi-

135 1824 261 1863 inclufis
269 1825 439 1856 referuntur
451 1825 623 1864 ampliores.
645 1823 792 1855 Similiter
802 1831 911 1854 ΝΛΜ-ε
920 1844 930 1859 ,
941 1835 1008 1865 quae
1018 1826 1095 1856 sem-
1139 1835 1241 1856 torum
1251 1827 1336 1856 enim
1346 1825 1515 1857 contraaio
1525 1825 1624 1856 facilis
1636 1845 1645 1859 ‚
1667 1825 1822 1866 facilisque
1830 1825 1982 1866 porreffio
1991 1846 2000 1861 ,
2020 1837 2095 1868 pro-

131 1892 135 1895 ,
159 1878 190 1899 er
207 1877 330 1908 propter
349 1865 520 1897 necessarias
529 1867 795 1905 utilitatespatent,
815 1865 1029 1897 contrastiores
1039 1867 1093 1897 ha·
1137 1875 1201 1908 pter
1212 1867 1336 1897 molleis
1344 1865 1574 1900 commiss’uras,
1596 1866 1629 1897 &
1643 1876 1721 1897 artus
1735 1886 1744 1900 ‚
1764 1868 1851 1898 nullo
1861 1870 1892 1898 in
1911 1877 1999 1899 motu
2010 1868 2095 1900 labo-

135 1877 211 1941 {ent
221 1911 364 1940 introitus
374 1929 383 1943 ,
396 1918 433 1939 ne
447 1908 521 1949 quid
532 1909 564 1938 in
574 1917 620 1938 eas
632 1928 641 1941 ‚
653 1906 734 1948 quod
745 1915 850 1937 noceat
863 1926 872 1939 ‚
893 1906 1095 1949 pofl'itperva—
1140 1917 1192 1940 rat.
1211 1911 1313 1949 Itaque
1323 1908 1358 1939 ad
1369 1908 1570 1949 pingendum,
1580 1908 1616 1938 ad
1627 1907 1803 1950 fingendum
1816 1929 1825 1943 ,
1843 1910 1879 1940 ad
1886 1909 2093 1950 scalpendum,

130 1952 208 1983 dere
220 1952 460 1992 :humoremque
470 1950 587 1990 semper
594 1949 706 1980 habent
715 1948 750 1979 ad
759 1948 928 1989 pulverem,
937 1952 1092 1991 multaque
1135 1951 1171 1981 ad
1195 1960 1358 1981 nervorum
1369 1949 1534 1980 eliciendos
1547 1950 1636 1980 sonos
1647 1969 1655 1984 ,
1681 1960 1713 1981 ac
1723 1950 1864 1982 tibiarum
1878 1972 1887 1985 ,
1908 1961 1974 1992 apta
1983 1962 2091 1983 manus

133 1995 194 2025 alia
204 1992 473 2034 depellenda,non
483 1992 636 2022 inutilem.
659 1993 827 2021 GusrArus
836 1992 974 2030 praeclare
989 1993 1094 2032 saeptus
1132 1991 1194 2026 est,
1217 1992 1395 2023 admotione
1405 1991 1583 2033 digitorum.
1604 1995 1702 2033 Atque
1719 1994 1782 2023 haec
1801 1993 2015 2024 oble&ationis
2027 2005 2032 2023 :
2044 1994 2095 2025 illa

134 2034 190 2066 est.
213 2045 266 2065 ore
285 2037 368 2065 enim
380 2035 553 2065 continetur
569 2053 577 2067 ‚
596 2033 628 2063 &
638 2032 673 2063 ad
682 2033 769 2062 usum
780 2032 845 2072 apte
854 2054 863 2067 ,
883 2035 917 2065 &
929 2033 964 2064 ad
973 2034 1092 2065 incolu·
1134 2033 1325 2065 neceffitatis:
1344 2034 1441 2064 cultus
1452 2034 1520 2064 dico
1530 2044 1668 2074 agrorum
1680 2055 1688 2066 ,
1706 2034 1986 2076 exsti·u&i0nesque
1995 2035 2095 2066 te&o-'

136 2079 252 2108 mitaris
269 2076 450 2107 custodiam.
473 2076 638 2115 Omnisque
656 2074 756 2105 sensus
764 2075 926 2106 hominum
937 2077 1027 2106 multo
1039 2086 1092 2104 an·
1131 2086 1200 2106 rum
1212 2096 1220 2109 ,
1240 2085 1413 2117 tegumenta
1420 2085 1582 2116 corporum
1593 2076 1641 2105 vel
1651 2083 1730 2109 texta
1739 2096 1748 2110 ‚
1760 2078 1807 2107 vel
1816 2077 1887 2111 suta,
1899 2087 2088 2118 omnemque

70 2115 118 2159 58
136 2119 238 2149 recedit
250 2117 372 2159 sensibus
393 2116 551 2154 bestiarum.
574 2115 711 2147 Primum
731 2118 816 2146 enim
840 2119 963 2148 oculiin
973 2120 1011 2148 iis
1022 2119 1091 2148 arti-
1134 2117 1278 2149 fabricam
1300 2120 1387 2152 aeris,
1408 2117 1441 2148 δε
1455 2117 1527 2147 ferri
1549 2128 1554 2147 ι
1576 2128 1614 2148 ex
1630 2127 1692 2160 quo
1709 2118 1890 2160 intelligitur
1902 2139 1911 2152 ,
1929 2118 2090 2151 adinventa

135 2162 211 2195 bus,
230 2170 359 2202 quarum
372 2160 525 2200 judicium
543 2158 586 2189 est
611 2158 770 2189 oculorum
783 2177 792 2192 ‚
812 2161 846 2190 in
864 2158 974 2200 piffis,
999 2158 1088 2194 fietis,
1130 2162 1390 2200 animo‚percepta
1399 2158 1539 2193 sensibus,
1555 2159 1697 2190 adhibitis
1707 2159 1852 2200 opificum
1866 2161 2008 2191 manibus
2018 2171 2087 2191 om-

133 2204 302 2243 caelatisque
311 2201 431 2236 formis,
443 2203 475 2231 in
487 2210 648 2241 corporum
657 2201 748 2230 etiam
759 2203 1000 2242 motione,atque
1007 2200 1091 2242 gestu
1131 2204 1181 2232 nia
1201 2211 1260 2232 nos
1277 2202 1455 2232 consecutos
1465 2222 1474 2234 ‚
1493 2209 1527 2230 ur
1536 2200 1603 2230 teil-i
1617 2221 1626 2235 ‚
1646 2208 1680 2230 ut
1689 2200 1783 2237 vestiti
1793 2221 1802 2235 ,
1821 2202 1941 2242 utflzlvi
1952 2202 2087 2245 effipoff-

131 2246 230 2275 multa
238 2253 366 2275 cernunt
374 2243 524 2274 subtilius.
545 2242 685 2272 colorum
693 2244 797 2277 etiam,
809 2244 842 2273 &
853 2242 1013 2283 figurarum
1023 2252 1090 2274 tum
1130 2253 1213 2273 mus:
1223 2243 1322 2274 urbeis
1333 2263 1341 2277 ‚
1354 2253 1459 2274 muros
1469 2263 1479 2277 ,
1499 2242 1665 2277 domicilia,
1675 2243 1798 2274 delubra
1810 2244 1997 2274 haberemus.
2017 2246 2086 2286 Jatn

129 2285 318 2324 venustatem
332 2306 341 2319 ,
360 2294 447 2326 atque
457 2283 596 2315 ordinem
608 2303 617 2318 ,
638 2283 670 2314 δε
680 2303 690 2317 ,
705 2292 737 2314 ut
746 2285 786 2315 ita
794 2285 891 2316 dicam
902 2305 911 2319 ‚
920 2285 1087 2319 decentiam,
1130 2285 1204 2316 verb
1214 2285 1355 2325 operibus
1365 2286 1530 2316 hominum
1542 2305 1551 2318 ,
1574 2285 1605 2316 id
1615 2284 1657 2315 est
1667 2305 1675 2318 ‚
1688 2284 1828 2316 manibus
1839 2305 1848 2319 ‚
1860 2286 1920 2316 cibi
1932 2288 2023 2316 etiam
2033 2296 2089 2317 va<

130 2329 213 2359 oculi
232 2327 387 2368 judicant:
405 2336 494 2367 atque
516 2328 607 2356 etiam
617 2325 674 2356 alia
684 2326 805 2365 majora.
828 2337 899 2358 nam
912 2327 1087 2362 &virtutes‚
1130 2329 1218 2358 rietas
1238 2329 1413 2361 invenitur,
1432 2326 1466 2357 δε
1484 2329 1581 2369 copia.
1605 2330 1688 2357 Nam
1707 2327 1741 2358 &
1761 2329 1823 2368 agri
1840 2332 1854 2356 7
1872 2328 1967 2358 multa
1982 2327 2086 2359 ferunt

131 2370 167 2400 ὅτ.
176 2369 448 2410 vitiacognostunt
461 2378 468 2397 ε
489 2368 598 2398 iratum
610 2387 618 2401 ,
637 2370 820 2408 propitium:
835 2370 986 2400 laetantem
998 2389 1007 2403 ‚
1031 2369 1088 2399 do-
1130 2379 1224 2400 manu
1241 2367 1359 2410 quaefita
1369 2389 1379 2403 ,
1397 2378 1464 2410 quae
1483 2370 1532 2399 vel
1555 2368 1654 2399 statim
1674 2369 1891 2400 consumantur
1900 2389 1909 2403 ,
1929 2369 1979 2399 vel
2000 2379 2087 2400 man—

129 2411 247 2442 lentem
258 2411 398 2444 :fortem‚
407 2411 550 2451 ignavum
564 2409 732 2443 :audacerm
744 2412 948 2452 timidumque
957 2411 1085 2451 cognos-
1127 2411 1238 2442 dentur
1257 2411 1379 2442 condita
1404 2409 1553 2441 vetustati.
1593 2413 1632 2441 Et
1658 2420 1795 2450 praeterea
1813 2411 1963 2442 vescimur
1983 2411 2086 2442 bestiis

130 2461 216 2484 cunt.
238 2454 428 2492 Auriumque
438 2453 512 2482 item
523 2449 566 2481 est
575 2450 750 2482 admirabile
759 2452 911 2494 quoddam
923 2473 932 2487 ,
943 2452 1086 2483 artificio·
1128 2453 1161 2483 ὅτ.
1179 2455 1305 2486 terrenis
1316 2473 1325 2487 ‚
1349 2453 1383 2483 δε
1402 2452 1582 2494 aquatilibus
1600 2452 1814 2483 &volatilibus
1834 2455 1941 2492 partim
1962 2448 2088 2494 capien-¹

129 2496 260 2536 sumque
273 2494 446 2534 judicium,
466 2502 528 2534 quo
543 2492 777 2532 judicatur&in
789 2497 872 2526 vocis
884 2514 893 2530 ,
913 2495 988 2526 &in
997 2495 1084 2525 tibia·
1121 2495 1184 2529 do,
1211 2497 1319 2535 partim
1339 2494 1458 2525 alendo.
1491 2492 1649 2525 Efficimus
1665 2496 1757 2525 etiam
1774 2494 1885 2524 domitu
1904 2492 1989 2530 nostro
2009 2505 2085 2537 qua-

129 2546 198 2567 rum
211 2556 220 2570 ,
233 2545 456 2576 nervorumque
462 2534 600 2565 cantibus
607 2536 732 2565 varietas
741 2536 884 2567 sonorum
896 2555 905 2572 ‚
918 2536 1083 2570 intervalla,
1122 2536 1292 2578 drupedum
1303 2536 1458 2568 vefflones
1471 2546 1477 2565 2
1495 2545 1625 2577 quorum
1637 2536 1770 2567 celeritas
1781 2556 1789 2569 ,
1808 2546 1894 2577 atque
1904 2538 1950 2566 vis
1961 2557 1970 2570 ,
1992 2537 2085 2567 nobis

125 2576 287 2609 distinffio
297 2597 307 2612 ,
327 2577 565 2618 &vocisgenera
573 2577 736 2616 permulta:
756 2587 903 2608 canorum
913 2598 922 2612 ‚
943 2577 1063 2608 fuscum
1077 2589 1082 2607 z
1124 2577 1192 2618 ipsis
1210 2577 1294 2609 affert
1313 2581 1378 2609 vim
1399 2597 1407 2612 ‚
1438 2578 1473 2608 &
1490 2578 1680 2609 celeritatem.
1705 2580 1773 2608 Nos
1793 2587 1883 2608 onera
1900 2578 2083 2619 quibusdam

125 2620 213 2654 laeve,
222 2619 358 2660 asperum
371 2629 376 2649 :
387 2628 474 2660 grave
483 2637 492 2651 ,
503 2626 624 2648 acutum
636 2616 789 2649 :flexibile
799 2639 807 2653 ‚
820 2619 931 2650 durum
944 2630 950 2649 ε
961 2630 1025 2660 qua:
1035 2620 1083 2649 ho·
1126 2620 1229 2651 bestiis
1238 2640 1247 2654 ,
1274 2630 1329 2650 nos
1339 2621 1408 2661 juga
1419 2620 1611 2659 imponimus
1622 2630 1627 2648 ε
1647 2629 1703 2649 nos
1713 2619 1943 2659 elephantorum
1953 2618 2083 2650 acutiffi-

125 2662 239 2695 minum
261 2660 356 2700 filum
380 2658 688 2701 auribmjudicanrur.
723 2662 914 2703 Nariumque
929 2663 1024 2697 item,
1048 2662 1082 2694 δε
1125 2665 1185 2693 mis
1203 2660 1353 2697 sensibus,
1379 2670 1437 2693 nos
1455 2661 1607 2703 sagacitate
1617 2670 1727 2693 canum
1737 2661 1772 2693 ad
1782 2660 1941 2694 utilitatem
1950 2661 2084 2735 noigram

1983 2714 1999 2735 a
2023 2713 2084 2735 uti-

166 2807 174 2824 ι
183 2816 191 2824 .
208 2799 264 2832 §41ae
270 2800 412 2834 prfflmm'ae
417 2800 552 2833 nuffar-io,
560 2802 633 2832 ratri,
642 2798 711 2833 ἀτη]
730 2799 789 2826 Pal.
799 2803 1031 2836 pr.=quaeprqflucnti
1039 2810 1083 2826 m-
1124 2799 1190 2826 nihil
1201 2799 1347 2826 discederet
1357 2799 1391 2826 de
1402 2799 1542 2827 sententia.

122 2835 234 2868 essii-io,
239 2837 307 2871 tetri,
314 2835 367 2868 &⁶-
385 2834 474 2870 forsirn
485 2833 596 2862 metius.
1074 2866 1075 2869 Ἴ
1162 2845 1176 2869 5
1183 2855 1189 2861 .
1209 2838 1340 2862 conaretur
1357 2836 1520 2870 irrumpere]
1548 2834 1704 2869 Admodum
1725 2833 1912 2862 verosimiliter
1930 2832 2082 2871 corrigebat

160 2878 190 2896 a..
209 2873 243 2897 81
252 2871 330 2904 semo
338 2871 545 2906 conniventiam]
565 2871 622 2898 Pal.
632 2878 697 2899 tert.
708 2873 879 2903 coni-ventibus,
889 2871 1025 2907 quomodo
1037 2880 1082 2898 ve-
1124 2870 1221 2898 Claud.
1234 2873 1377 2903 Puteanus,
1386 2875 1499 2904 irrepere.

124 2911 196 2933 teres
204 2905 253 2933 seri
274 2905 328 2934 fisse
338 2926 348 2940 ‚
365 2907 468 2934 indicio
476 2906 537 2934 sunt
547 2908 642 2943 reliqui
654 2907 710 2934 Pal.
722 2908 748 2935 'in
761 2908 857 2944 quibus
869 2910 1028 2934 contuentibus
1037 2917 1082 2934 nc·
1159 2909 1188 2933 6.
1206 2908 1320 2941 Gustandi
1329 2908 1358 2938 (37-
1367 2914 1419 2934 arte
1427 2909 1540 2941 tangendi
1543 2907 1564 2942 ]
1586 2906 1682 2934 Leffio
1691 2906 1762 2934 sorte
1774 2907 1860 2935 minus
1871 2906 1939 2934 fitia.
1949 2914 2009 2933 nam
2021 2905 2080 2934 Pal.

122 2941 241 2978 cipiet-ite
261 2942 508 2979 ibrarioi.1onguin
518 2952 568 2980 pro
576 2946 596 2970 l.
927 2967 935 2974 ,
976 2951 980 2957 ·
1123 2953 1164 2980 pr.
1175 2943 1202 2969 8(
1215 2943 1264 2971 sec.
1273 2944 1381 2977 &panc
1390 2950 1456 2977 tang.
1467 2953 1553 2980 neque
1562 2943 1641 2970 aliter
1651 2943 1681 2969 Ρ.
1692 2943 1834 2970 Gulielmii
1847 2962 1855 2975 ,
1865 2943 1911 2979 qui
1921 2942 2081 2977 conjiciebat

161 2985 175 3012 3
183 2997 189 3003 .
208 2978 289 3012 Nasus
295 2981 334 3004 im
339 2980 432 3008 luam
437 2980 499 3014 effi]
522 2978 669 3012 misterius,
677 2979 799 3015 Nafiafiue
807 2982 845 3006 ita
852 2982 956 3011 beatur,
966 2978 1038 3007 forte
1049 2989 1081 3006 ne
1116 2980 1202 3012 periti).
1221 2979 1308 3006 Aldus
1318 2986 1391 3015 pater
1400 2979 1526 3016 expreffit
1536 2981 1616 3013 aperie
1627 2998 1636 3011 ,
1646 2980 1738 3015 Nepos
1750 2998 1758 3011 ‚
1765 2980 1873 3012 gustandi
1878 2982 1974 3012 pai-iter
1983 2987 2011 3004 ac
2020 2986 2079 3004 tan·

123 3013 191 3050 quid
201 3013 486 3049 perii-etinventumin
496 3015 554 3044 mss‘.
563 3016 632 3052 ejus.
651 3025 712 3044 nam
724 3015 788 3043 sane
799 3015 908 3052 Palxpr.
917 3025 948 3042 ac
957 3015 1006 3043 see.
1025 3019 1079 3042 Na·
1114 3016 1186 3049 gmdi
1192 3024 1228 3042 ex
1238 3014 1337 3042 Maffaei
1347 3015 1427 3042 libro.
1445 3015 1517 3052 quod
1527 3016 1555 3042 ὅτ
1566 3015 1663 3045 habent
1673 3014 1851 3043 Lambiniaui.
1870 3015 1988 3042 nostrum
1999 3014 2079 3041 exhi-

117 3051 167 3085 [κ
173 3052 257 3084 itaque
265 3050 356 3080 lec-mee
363 3052 410 3077 eff.
439 3070 464 3080 ,,
862 3084 864 3087 Ι
1120 3051 1178 3079 buit
1189 3051 1304 3088 primum
1315 3051 1451 3078 ViCtorius
1463 3070 1472 3084 ,
1491 3058 1522 3079 ut
1529 3058 1606 3088 puto.
1625 3060 1686 3080 nam
1695 3050 1724 3079 id
1732 3051 1823 3079 inveni
1833 3051 1861 3079 in
1871 3050 2080 3085 Cautes-arianis,

158 3093 187 3119 4.
206 3085 480 3121 Nequtidiurarepffe
488 3087 662 3122 afim&
671 3088 783 3121 diraetj‘um
791 3087 917 3122 pateret]
938 3086 1078 3114 Diffiones
1119 3087 1148 3116 in
1159 3088 1331 3120 sturmium,
1341 3088 1396 3114 &c.
2032 3101 2035 3104 Δ

121 3122 239 3161 quinque
248 3121 386 3159 postremae
394 3131 448 3151 non
458 3121 588 3153 iubentur.
597 3124 624 3153 in
635 3123 754 3154 Palfsec.
772 3125 800 3159 βε
811 3124 832 3153 fi
840 3124 956 3156 aberrent
967 3123 1081 3163 omnino
1153 3131 1182 3160 7.
1201 3124 1375 3161 :incluserumt
1381 3123 1586 3188 mmEquaefita]
1608 3123 1666 3156 Pel.
1677 3123 1759 3159 nostri
1770 3131 1823 3154 tres
1833 3122 1948 3158 dirum.
2011 3157 2036 3184 A
2050 3157 2070 3182 t·

1489 3170 1504 3190 e
1512 3169 1528 3189 G
1533 3169 1553 3189 Ο
1560 3169 1575 3189 e
1584 3168 1598 3188 e
1609 3169 1624 3189 e
1978 3166 1989 3184 ¹
1996 3176 2002 3184 ⁴
2038 3165 2047 3183 s
2061 3166 2085 3184 Ι·
