2337 3400
148 596 188 630 17

147 1303 185 1338 18

152 2352 192 2384 ³9

148 2664 192 2687 20

606 122 673 168 M.
745 120 1113 167 'I'ursnrr

204 140 298 169 ”7‘3

204 166 251 186 as

194 216 234 237 ‘as
244 205 330 235 nobi<
339 204 472 233 amicum
483 222 490 235 ,-
502 205 592 233 utiam
603 202 723 232 servum
733 199 792 232 esse
803 200 945 232 maluisti.
971 201 1049 230 Mihi
1060 198 1157 232 crede,

203 257 277 280 tuis,
301 246 428 275 &illius
449 236 552 274 littc'ris
570 243 728 283 pensetis,
748 242 996 286 exsiluigaudio,
1019 241 1162 272 &tibi&

203 298 257 328 ago
273 290 396 328 gratiaS,
416 286 448 316 &
467 286 606 326 gra:u¹or-
629 290 659 317 Si
679 288 764 316 enim
785 287 861 316 mihi
875 286 958 316 Statii
978 283 1104 314 fidelitas
1121 281 1164 313 est

205 339 291 359 tantae
303 329 449 368 voluptati
459 339 463 357 :
473 327 646 369 quantiefle
658 329 688 358 in
698 327 755 359 isto
766 328 829 358 haec
839 327 941 358 eadem
953 327 1033 357 bona
1040 325 1164 358 debent,
1187 351 1189 370 4

204 370 314 401 additis
332 371 439 400 litteris
455 369 488 401 &
506 368 716 405 sermonibus,
737 371 925 401 humanitate
937 390 945 403 ‚
965 378 1031 409 quae
1042 368 1166 400 sunthis
1188 376 1189 380 ¹

204 411 273 453 'ipsis
284 411 457 443 commodis
469 414 605 451 potiora?
627 415 746 443 Amore
756 412 902 442 omnibus
912 409 1055 451 equidem
1068 411 1166 440 maxi-

206 457 266 485 mis
276 454 313 484 dc
322 452 432 487 causis,
449 453 557 484 verum
574 457 664 484 aiam
683 464 802 494 propter
818 455 893 484 hanc
904 474 913 487 ,
934 453 982 482 vel
992 451 1074 492 quod
1085 452 1165 481 mihi

205 496 244 527 fic
255 517 263 530 ,
276 506 308 527 ut
317 495 446 526 debuisti
459 516 469 529 ,
480 495 632 527 nuntiasti.
653 499 698 526 Te
709 506 808 527 totum
818 498 851 527 in
861 497 966 527 litteris
976 494 1050 526 vidi.
1065 494 1168 525 Sabini

204 540 305 580 pueris
316 557 328 573 ‚
337 538 370 568 δε
378 537 501 578 promisi
512 540 616 568 omnia
626 560 633 571 ,
648 539 680 568 Sc
690 538 807 570 faciam-

396 588 467 618 ,M
480 589 517 616 Τ.
532 589 565 618 C.
589 589 801 622 TIRONI,
825 591 853 618 S.
866 590 896 618 P.
908 589 948 617 D.

306 636 383 664 Inito
398 653 406 667 2
424 634 495 674 quic.
509 644 585 674 agas.
608 643 672 664 tuas
684 644 806 675 quoque
816 633 955 675 epistolas
963 632 1010 660 vis
1021 629 1122 660 referri
1134 631 1167 660 in

306 686 474 716 volumina-
505 685 561 716 Sed
581 687 655 716 heus
671 693 728 719 tu·,
751 686 803 727 qui
830 676 927 719 ›tq-vah*
952 681 1009 713 effe
1028 691 1169 712 meorum

205 737 384 776 scriptorum
395 738 470 768 soles
481 758 489 770 ‚
500 736 581 768 unde
593 738 665 767 illuc'
678 747 737 768 tam
753 733 877 770 ῡῑκϋεθν
891 744 1103 764 viimi-immi
1119 743 1169 763 Fi—

206 789 356 809 nizmrza
379 782 631 810 rixiszRvaDo?
653 779 740 809 ‘Inde
751 788 782 808 in
795 774 884 805 istum
897 776 1000 806 locum
1013 796 1021 809 2
1037 785 1171 805 F1DEL1-

207 832 223 850 τ
232 831 282 853 aa.
295 824 380 852 venit
391 824 460 852 ?cui
471 822 565 852 verbo
575 821 645 851 don*
654 822 769 851 icilium
782 817 824 849 cst
836 821 991 858 proprium
1003 821 1036 848 in
1046 816 1149 854 officio
1163 827 1168 846 :

205 866 402 904 migrationes
414 866 446 895 in
455 865 586 894 alienum
600 885 606 892 -,
619 864 732 893 multae.
757 865 837 892 Nam
857 859 1030 890 &doetrina
1041 880 1048 894 =
1070 859 1170 890 &do—

208 914 277 935 mus
289 925 298 939 ‚
310 906 343 936 δε
353 916 397 936 ars
407 926 416 940 ‚
429 906 462 936 (Sc
471 916 486 936 a
508 915 538 935 cr
548 914 636 935 etiam
652 925 660 937 ,
672 903 770 935 fidelis
780 904 838 934 dici
851 901 965 942 potest:
986 912 1018 932 ut
1029 901 1061 932 sit
1071 921 1079 936 ,
1092 911 1168 943 quo-

207 947 302 978 modo
320 949 496 988 Theophras
511 957 529 976 0
547 948 661 986 placet,
686 945 854 977 verecunda
873 945 998 974 tralatio.
1030 944 1087 975 Sed
1107 946 1169 974 haec

205 986 320 1020 coram.
352 992 529 1019 Demetrius
548 998 633 1019 venit
650 989 683 1019 ad
708 999 777 1018 me:
798 997 859 1029 quo
878 986 1003 1028 quidem
1022 988 1170 1016 comitatu

207 1032 431 1078 dprclMiCx
449 1046 455 1065 :
481 1038 547 1069 satis
568 1039 630 1069 scis.
654 1042 704 1069 Tu
724 1049 794 1069 euin
815 1039 950 1069 vidilicet
965 1049 1028 1068 non
1046 1037 1171 1079 potuisti
1192 1057 1193 1063 .

206 1079 321 1111 videre.
343 1090 401 1110 cras
414 1080 515 1111 adem.
531 1081 650 1111 videbis
661 1082 763 1122 igitur.
789 1083 870 1111 Nam
882 1091 938 1121 ego
950 1082 1020 1110 hinc
1030 1080 1172 1119 perendie

208 1121 297 1152 mane
311 1124 420 1163 cogito.
446 1123 590 1153 Valitudo
602 1132 648 1153 tua
661 1134 709 1153 me
720 1122 805 1153 valde
817 1123 971 1153 sollieitat:
986 1123 1033 1152 sed
1046 1122 1166 1151 inservi:

210 1163 294 1194 &fac
305 1166 420 1194 omnia.
446 1174 549 1195 tumre
559 1175 682 1195 mecum
693 1164 761 1199 esse,
773 1174 837 1195 tum
849 1166 927 1194 mihi
937 1162 1169 1194 cumulatissime

208 1205 371 1236 satisfacere
381 1215 495 1245 putat0.
520 1208 632 1248 Cuspio
641 1206 724 1248 quod
735 1217 855 1248 operam
868 1205 973 1236 dedisti
984 1226 993 1240 ‚
1013 1206 1090 1235 mihi
1106 1215 1171 1246 gra-

209 1256 275 1278 tum
288 1247 339 1278 est.
365 1248 459 1278 Valde
470 1251 554 1279 enim
566 1251 630 1289 ejus
642 1250 725 1281 causa
737 1250 818 1279 volo.
838 1249 922 1278 Vale.

390 1301 625 1331 TULLiUS
649 1302 844 1332 TIRONI
865 1302 893 1330 S.
907 1302 987 1330 P.D.

301 1347 371 1375 Uro
388 1346 396 1374 i
420 1346 500 1376 itur?
521 1356 585 1376 non
604 1344 643 1378 sic
661 1349 800 1388 oportet?
824 1345 973 1387 Equidem
993 1345 1100 1375 censeo
1121 1343 1172 1377 sic,

301 1386 396 1418 adden
420 1397 472 1417 um
483 1389 574 1418 etiam
587 1409 594 1422 ,
611 1389 671 1420 suo.
696 1388 756 1422 sed,
769 1387 788 1418 fi
798 1388 904 1429 placet,
919 1387 1035 1418 invidia
1044 1389 1170 1418 vitetur:

206 1448 298 1479 quam
311 1437 437 1479 quidem
456 1430 512 1478 ego
526 1439 599 1479 saepe
616 1438 773 1470 contemsi.
798 1438 871 1470 Tibi
882 1425 1088 1479 -ἎΙφΦόΡηίίν
1102 1447 1172 1479 gau-

208 1481 267 1510 deo
276 1478 426 1520 profuisse.
451 1477 471 1510 si
481 1480 553 1511 vero
563 1482 656 1511 etiam
666 1482 873 1513 Tusculanum
886 1501 897 1513 ‚
910 1479 954 1510 dii
966 1479 1042 1509 boni
1052 1498 1061 1512 ‚
1075 1488 1172 1519 quan-

211 1531 242 1552 to
253 1523 330 1551 mihi
341 1521 417 1552 illud
429 1523 485 1552 erit
494 1522 672 1553 amabilius!
696 1523 752 1554 Sed
764 1544 773 1557 ,
795 1521 814 1552 si
830 1533 880 1553 me
893 1531 972 1552 amas
984 1541 993 1555 ,
1011 1522 1093 1561 quod
1103 1523 1172 1562 qui-

211 1563 282 1604 dem
293 1572 342 1594 aut
352 1562 422 1593 facis
433 1583 441 1595 ,
453 1572 502 1593 aut
512 1565 643 1604 perbelle
653 1564 783 1598 simulas,
794 1564 876 1605 quod
888 1573 988 1595 tamen
998 1565 1030 1593 in
1042 1564 1170 1593 modum

207 1604 360 1646 procedit:
383 1604 432 1635 sed
442 1614 474 1635 ut
484 1614 516 1636 ut
526 1604 580 1639 est,
591 1607 714 1648 indulge
726 1607 887 1637 valitudini
897 1614 970 1636 tuae:
988 1604 1170 1645 cuiquidem

209 1657 241 1678 tu
251 1646 348 1678 adbuc
359 1667 369 1681 ,
394 1646 468 1677 dum
483 1649 562 1678 mihi
574 1649 703 1679 deservis
714 1669 725 1683 ,
747 1648 862 1679 servisti
872 1654 937 1678 non
947 1648 1012 1678 satis
1025 1667 1034 1679 ‚
1053 1657 1087 1677 ea
1097 1647 1172 1688 quid

206 1696 337 1739 postulet
348 1717 357 1732 ‚
372 1707 436 1727 non
445 1698 576 1739 ignoras:
594 1688 708 1736 πὲψῐν,
723 1692 883 1733 οἱίωπὶοω,
894 1690 1070 1731 Ἠελπῑκῖον
1085 1689 1169 1733 σύμ-

207 1740 323 1786 ,ue'lgqr
339 1765 347 1778 ,
363 1739 475 1783 τέρψιν
491 1764 499 1779 ,
513 1740 673 1774 creaverim
688 1742 825 1782 κριλίοις.
856 1750 912 1777 Fac
930 1747 1027 1778 bellus
1046 1756 1176 1777 reverta-
1194 1776 1195 1792 χ

208 1798 250 1819 re.
274 1797 344 1818 non·
357 1787 452 1818 modo
469 1796 497 1818 te
509 1808 518 1822 ‚
539 1788 587 1819 scd
609 1790 698 1819 etiam
719 1789 927 1819 Tusculanum
948 1788 1085 1818 nostrum
1106 1789 1173 1828 plus
1194 1810 1195 1817 .

211 1840 321 1860 amem.
347 1830 528 1860 Parhedrum
542 1832 656 1864 excita,
678 1839 710 1860 ut
724 1832 845 1861 hortum
865 1831 925 1871 ipse
943 1830 1100 1861 conducat.
1124 1833 1171 1860 Sic

209 1873 351 1902 olitorcm
363 1872 458 1911 ipsum
470 1872 695 1902 commovebis.
716 1873 826 1902 Helico
838 1871 1035 1912 nequissimus
1047 1881 1100 1901 1³-s
1113 1882 1172 1902 cio

208 1914 294 1944 dabat
311 1915 399 1944 nullo
413 1924 512 1953 aprico
524 1915 611 1944 horto
622 1935 630 1948 ,
649 1915 736 1944 nullo
747 1913 897 1945 emissario
909 1935 917 1948 ,
937 1914 1021 1944 nulia
1032 1916 1170 1948 maceria,

210 1956 294 1986 milla
304 1957 372 1986 casa.
397 1956 452 1986 Iste
466 1966 520 1986 iios
530 1965 607 1986 tanta
621 1957 756 1996 impensa
766 1956 919 1987 derideat?
938 1957 1047 1987 caliace
1067 1958 1167 1986 homi-

209 2008 280 2028 nem
296 2019 304 2030 ‚
322 2007 355 2028 ut
371 2008 426 2039 ego
438 2000 633 2032 MOtiionem.
658 2001 759 2039 Iraque
768 1998 875 2029 abutor
887 2000 1020 2029 coronis.
1044 2001 1091 2028 De
1102 2001 1173 2028 Cra·
1194 2031 1195 2037 ἵ

210 2041 258 2071 bia
270 2040 342 2081 quid
354 2050 455 2080 agatur
465 2060 473 2074 ‚
486 2039 536 2071 etii
550 2050 630 2071 nunc
639 2040 763 2081 quidem
774 2042 862 2071 etiarn
874 2043 1008 2071 nimium
1020 2039 1062 2070 est
1075 2050 1169 2081 aquae‚

211 2092 311 2112 tamen
321 2083 411 2112 velim
426 2083 506 2113 scire.
531 2083 738 2123 Horologium
755 2085 873 2113 mittam
886 2103 894 2115 ‚
910 2082 1046 2113 &libros
1057 2102 1065 2115 ‚
1087 2081 1105 2111 si
1119 2085 1172 2112 erit

211 2124 329 2156 sudum.
353 2124 409 2154 Sed
419 2134 451 2153 tu
463 2124 602 2155 nuilosne
613 2133 712 2155 recum
727 2125 869 2155 libellos?
887 2135 924 2155 an
938 2127 1043 2164 pangis
1056 2123 1170 2164 aliquid

209 2166 432 2205 Sophoclcuzii?
454 2165 498 2197 fac
513 2176 587 2206 opus
602 2176 744 2206 appareat.
768 2171 804 2197 A.
818 2168 958 2208 Ligurius
969 2186 979 2201 ‚
997 2167 1117 2197 Caesaris
1127 2165 1171 2196 fa-

212 2210 339 2237 miliaris
350 2227 356 2239 ,
373 2217 509 2238 mortuus
521 2207 564 2238 est
573 2229 581 2241 ‚
597 2209 694 2238 bonus
704 2211 801 2239 homo
811 2229 819 2243 ,
831 2206 964 2239 &vobis
974 2210 1099 2238 amicus.
1123 2210 1170 2238 Te
1191 2211 1196 2239 i

209 2249 330 2289 quando
349 2248 557 2290 exspectemus
576 2270 586 2284 ,
614 2250 659 2281 rac
678 2260 711 2282 ut
727 2251 830 2282 sciam.
853 2255 931 2282 Cura
949 2260 977 2281 te
996 2250 1167 2292 diligenter.

212 2292 294 2322 Vale.

427 2340 810 2372 M.T.C.T1RON1,
831 2341 900 2369 S.P.
914 2342 953 2369 D.

290 2385 442 2413 Xsmzcro
460 2392 522 2414 tuas
534 2385 644 2414 litteras
652 2384 689 2414 de
702 2384 808 2414 multis
819 2384 923 2414 rebus:
941 2385 1077 2423 teipsum
1091 2384 1173 2414 mul-

289 2426 322 2461 τὸ
333 2427 437 2466 magis.
451 2428 644 2456 Demetrium
656 2425 745 2456 redde
754 2425 903 2459 nostrum,
918 2426 950 2456 ὃς
960 2424 1172 2466 aliud,siqt1id

209 2465 305 2507 potest
326 2467 409 2497 boni.
443 2469 491 2497 De
502 2467 665 2498 Aufidiano
684 2469 812 2498 nomine
831 2468 908 2497 nihil
927 2477 956 2498 te
977 2469 1086 2497 hortor.
1110 2468 1172 2497 icio

211 2509 264 2539 ubi
275 2518 351 2538 curae
363 2507 431 2539 esse.
455 2509 502 2540 sed
513 2508 640 2540 confice.
666 2512 720 2544 Et,
736 2508 755 2539 si
767 2510 808 2540 ob
819 2519 883 2539 eam
896 2520 958 2540 rem
970 2511 1096 2540 moraris
1108 2530 1115 2541 ‚
1126 2519 1173 2540 ac-

209 2553 289 2590 cipio
299 2551 426 2581 causam.
451 2551 471 2580 si
482 2552 513 2582 id
521 2560 549 2582 te
560 2562 627 2584 non
635 2560 727 2585 tenet,
739 2552 855 2587 advola.
879 2553 1005 2583 Litteras
1015 2561 1077 2582 tuas
1086 2551 1170 2582 valde

211 2591 361 2633 εκΐροέὶο.
386 2594 468 2624 Vale.

425 2646 565 2675 M-T-C·
590 2646 679 2676 TIR
693 2647 811 2678 0N1,.
829 2647 899 2675 ΞΡ.
913 2647 953 2675 D.

268 2693 464 2722 OLLlcxrAT
475 2711 484 2723 ‚
494 2693 534 2722 ita
543 2693 656 2726 vivam,
669 2702 718 2722 me
729 2701 789 2727 tua,
801 2694 847 2721 mi
857 2694 944 2725 Tiro,
957 2691 1092 2722 valitudo
1104 2703 1110 2722 z
1123 2692 1171 2723 sed

268 2732 390 2763 confido
404 2753 412 2766 ‚
428 2731 449 2763 fi
460 2733 649 2774 diligentiam
664 2754 672 2768 ‚
692 2744 783 2774 quam
795 2733 949 2764 instituisti
960 2754 969 2767 ‚
987 2734 1169 2769 adhibueris,

209 2773 271 2805 cito
284 2783 311 2805 te
326 2774 451 2806 firmum
458 2773 534 2806 fote.
558 2775 667 2807 Libros
681 2786 834 2817 compone
844 2796 855 2811 ‚
872 2776 1007 2807 indicem
1017 2776 1090 2808 cum
1101 2779 1170 2807 Me-

250 2888 258 2904 i
268 2899 272 2904 .
291 2880 393 2911 Qorum
403 2883 460 2907 mihi
463 2883 514 2914 sirit
523 2882 642 2908 adventus
661 2882 869 2917 adoptatiffimue]
890 2883 934 2909 Sic
944 2882 1022 2909 habet
1032 2882 1169 2910 Palatinus

209 2924 249 2952 pr.
261 2914 309 2940 sec.
321 2914 408 2942 sextus
422 2936 429 2948 ,
440 2918 560 2944 Vaticani
571 2926 696 2954 excerpta
713 2919 797 2945 editio
807 2918 922 2945 Vistorii
935 2930 940 2945 :
963 2918 1033 2956 quod
1046 2919 1108 2945 licet
1119 2929 1169 2955 pu-

210 2950 295 2977 fillum
309 2970 317 2981 ,
328 2958 415 2991 tamen
427 2953 596 2980 indicandum
608 2954 672 2987 fuit,
682 2964 714 2981 eo
725 2954 795 2990 quod
808 2955 996 2992 Hittorpianiis
1009 2974 1017 2987 ,
1028 2958 1170 2990 exoprastffi.

212 2997 272 3012 mue.
289 2986 418 3013 editiones
439 2989 513 3016 aliae:
536 2991 656 3016 adventus
674 2993 835 3024 optanffimue.
853 2991 940 3018 statim
960 2991 1029 3018 idem
1051 2992 1079 3018 &
1100 2992 1171 3019 Pali.

209 3022 281 3063 sext‘.
298 3032 353 3048 nam
363 3033 413 3048 cnm
423 3028 552 3051 maximam
570 3028 669 3061 ccplffem
678 3029 801 3059 laeritiam5
819 3027 848 3058 ὠ·
856 3029 1010 3062 humamffimi
1023 3029 1053 3059 ὅγ-
1062 3030 1171 3061 τανξθὶκηί

204 3066 284 3092 parm
294 3061 417 3092 epistolam.
440 3061 475 3086 Et
484 3060 581 3087 iterum
593 3062 685 3098 paullo
694 3063 749 3099 post
761 3075 767 3090 ι
779 3066 864 3099 Itaque
873 3067 944 3089 etiam
953 3074 998 3090 non
1004 3066 1141 3097 paenitebat.

247 3114 275 3130 2.
295 3105 351 3130 'Tum
360 3105 600 3139 etlamjucundiffima
610 3109 748 3143 commis]
771 3109 884 3144 Elegaus
904 3109 958 3135 haec
968 3109 1049 3136 leerio
1058 3108 1171 3136 debetur

209 3139 391 3181 Medicaemut
401 3140 511 3168 adnotat
522 3142 652 3176 Egnatius
665 3163 673 3174 ,
684 3144 745 3170 usui·
765 3145 872 3181 :ivitque
883 3152 912 3171 ut
921 3146 1062 3181 genuinam
1074 3144 1171 3172 vieto-

208 3186 262 3204 sius
276 3177 302 3204 in
322 3175 441 3205 editione
450 3175 515 3210 sua3
537 3177 676 3215 posteaque
697 3180 726 3207 iii
758 3190 817 3209 uam
837 3181 1005 3211 transmovit.
1024 3181 1172 3211 Lambinus

1183 119 1724 167 C1cERoNts

1209 199 1332 232 trodoro
1346 198 1482 232 iubebit,
1499 209 1595 241 quum
1606 202 1670 241 ejus
1683 201 1824 233 arbitratu
1840 201 2007 234 vivendum
2020 201 2072 234 est.
2095 213 2169 237 turn

1209 243 1319 273 olitore
1331 249 1383 275 ,ut
1391 240 1520 271 videtur.
1534 244 1583 272 Tu
1593 252 1678 283 potes
1689 245 1835 276 Kalendis
1845 244 1972 286 spec'tare
1982 245 2173 286 gladiatores,

1211 283 1353 326 postridie
1364 282 1458 313 redire
1473 294 1478 311 z
1491 283 1574 313 &ita
1584 285 1699 315 censeo.
1723 289 1838 318 Verum
1848 307 1857 323 ,
1869 297 1900 319 ut
1911 286 2071 318 videbitur.
2095 289 2172 319 Cura

1211 337 1240 357 tc
1250 347 1259 360 ,
1271 324 1292 356 si
1302 335 1352 355 nie
1361 334 1442 355 amas
1453 345 1462 358 ,
1475 324 1644 366 diligenter.
1668 328 1751 359 Vale.

1314 386 1347 413 C.
1371 386 1447 414 FIL.
1473 386 1627 414 TIRONI
1647 388 1731 416 SUO
1746 389 1926 419 DULCISS.
1950 391 2017 419 s.1³.
2031 390 2070 419 D.

1302 438 1361 465 ΗΜ
1373 436 1567 465 vehementer
1578 435 1746 467 tabellarios
1755 438 1954 478 exspeaarem
1966 436 2175 481 quotidiffiali-

1212 499 1230 510 .,
1302 477 1423 517 quando
1432 486 1581 507 venerunt
1591 477 1657 518 post
1667 478 1748 508 diem
1761 489 1804 509 xr.
1816 501 1823 514 ,
1841 481 1873 511 &
1886 492 1933 511 vr.
1957 483 2048 523 quam
2059 481 2075 511 a
2085 481 2176 511 vobis

1213 518 1419 560 discesserant:
1443 523 1452 538 ¹
1463 529 1596 560 quorum
1614 521 1692 550 mihi
1708 520 1766 551 fuit
1776 522 1919 552 adventus
1928 522 2173 564 adoptatiffimus.

1215 564 1294 592 Nam
1315 561 1388 591 cum
1409 563 1578 592 maximam
1598 561 1739 602 cepissem
1754 563 1888 594 laetitiam
1903 574 1940 594 ex
1954 563 2175 597 humanissimi,

1217 604 1249 634 δε
1259 602 1397 634 carissimi
1408 606 1498 643 patris
1508 603 1651 644 epistola:
1671 613 1737 635 turn
1748 605 2046 644 vcrbjucundissimae
2056 616 2112 637 tuae
2123 607 2177 636 lit-

1213 655 1281 676 ter-1:
1290 646 1449 676 cumulum
1463 647 1540 675 mihi
1551 645 1834 687 gaudiiattulcrunt.
1858 650 1959 688 Itaque
1971 650 2092 686 mejam
2109 657 2175 678 non

1213 688 1396 728 poenitebat,
1418 688 1671 728 intercapedinem
1691 689 1838 719 scribendi
1857 689 1956 720 fecifl'e
1976 700 1981 719 z
2006 689 2055 720 sed
2072 689 2174 730 potius

1214 730 1340 760 laetabar.
1353 729 1487 760 simitum
1498 732 1583 760 enim
1595 740 1739 773 magnum
1752 731 1947 762 humanitatis
1957 741 2014 762 tuae
2022 732 2176 771 capiebam

1214 781 1252 802 ex
1264 771 1382 802 silentio
1394 782 1529 803 mearum
1541 773 1715 803 litterarum.
1736 774 1941 803 Vehementer
1950 776 2039 815 igitur
2047 772 2176 815 gaudeo,

1216 823 1244 843 te
1264 824 1363 844 meam
1382 813 1443 844 sine
1454 814 1643 845 dubitatione
1656 813 1796 855 accepifl'e
1807 815 2044 845 excusationem.
2068 817 2176 845 Gratos

1213 856 1266 886 tibi
1277 875 1286 889 ‚
1305 856 1482 897 optatosque
1492 855 1549 886 effe
1561 877 1572 890 ‚
1588 858 1641 897 qui
1653 856 1689 887 de
1702 866 1752 886 me
1764 867 1902 887 rumores
1911 856 2072 895 afferuntur
2082 876 2092 891 ‚
2110 866 2175 887 non

1214 897 1321 928 dubito
1333 918 1343 931 ,
1358 900 1402 928 mi
1412 897 1580 928 dulcissime
1591 900 1668 928 Tiro
1680 908 1686 927 :
1697 898 1899 940 praestaboque
1910 920 1919 934 ,
1932 900 2067 930 &enitar
2078 919 2086 933 ,
2099 900 2175 929 utin

1215 940 1278 970 dies
1290 942 1394 981 magis,
1406 941 1558 981 magisque
1569 941 1631 971 haec
1643 941 1765 971 nascens
1776 941 1812 971 de
1824 951 1874 971 me
1883 941 2050 982 duplicetur
2058 942 2177 981 opinio.

1216 984 1314 1022 Qare
1331 981 1414 1022 quod
1430 982 1582 1022 polliceris
1593 993 1619 1013 te
1631 983 1854 1013 buccinatorem
1865 983 1930 1013 sore
1941 982 2179 1013 existimationis

1214 1033 1290 1054 meae
1301 1044 1309 1057 ‚
1330 1024 1420 1054 firmo
1430 1024 1460 1054 id
1472 1044 1480 1058 ‚
1497 1024 1705 1065 constantique
1714 1027 1819 1055 animo
1830 1025 1918 1056 facias
1934 1026 2013 1055 licet.
2037 1027 2175 1055 Tantum

1215 1067 1298 1095 enim
1313 1067 1390 1095 mihi
1401 1065 1538 1095 dolorem
1551 1086 1559 1099 ,
1576 1069 1801 1107 cruciatumque
1812 1068 1974 1097 attulerunt
1983 1076 2073 1097 errata
2082 1068 2178 1096 aetatis

1215 1116 1289 1137 meae
1301 1128 1309 1140 ,
1330 1116 1361 1137 ut
1376 1117 1440 1137 non
1460 1106 1560 1136 solum
1581 1110 1700 1138 animus
1719 1108 1734 1138 ἐι
1752 1108 1837 1138 fastis
1849 1129 1857 1142 ‚
1877 1109 1926 1139 sed
1938 1118 2020 1139 aures
2030 1118 2150 1149 quoque
2161 1107 2177 1138 a

1213 1150 1509 1178 commemoratione
1526 1149 1712 1179 abhorreant.
1736 1151 1828 1188 Cujus
1846 1159 1872 1180 te
1887 1151 2121 1183 sollicitudinis,
2143 1149 2177 1180 &

1211 1189 1327 1220 doloris
1337 1192 1513 1231 participem
1523 1189 1621 1224 fuisse,
1634 1200 1742 1221 notum
1756 1212 1764 1224 ‚
1776 1192 2024 1233 exploratumque
2034 1191 2078 1222 est
2087 1192 2176 1222 mihi:

1213 1242 1268 1262 nec
1288 1232 1318 1262 id
1340 1234 1463 1262 mirum.
1488 1235 1570 1262 Nam
1589 1233 1660 1263 cum
1683 1235 1789 1265 omnia
1807 1244 1875 1264 mea
1892 1235 1975 1264 causa
1993 1234 2085 1264 velles
2099 1235 2177 1264 mihi

1215 1273 1341 1304 success'a
1351 1285 1356 1304 :
1367 1278 1433 1304 tum
1444 1277 1533 1305 etiam
1543 1284 1603 1305 tua.
1620 1276 1738 1305 socium
1748 1277 1832 1305 enim
1844 1285 1870 1305 te
1882 1285 2021 1306 meorum
2031 1285 2176 1305 commo-

1214 1316 1322 1346 dorum
1333 1317 1449 1357 semper
1458 1315 1516 1347 effe
1526 1317 1623 1347 volui.
1648 1317 1740 1358 Qod
1755 1318 1964 1358 igiturturn-ex
1977 1328 2025 1348 me
2035 1316 2173 1350 doluisti,

1213 1368 1296 1389 nunc
1306 1378 1314 1393 ‚
1328 1368 1361 1389 ut
1371 1358 1541 1399 duplicetur
1550 1368 1636 1389 tuum
1648 1369 1685 1389 ex
1696 1369 1746 1389 me
1755 1359 1897 1400 gaudium
1910 1381 1917 1393 ,
1929 1359 2083 1400 praestabO.
2106 1361 2177 1389 Cra-

1211 1402 1296 1440 tippo
1306 1411 1356 1431 me
1367 1401 1439 1432 scito
1451 1411 1514 1431 non
1525 1410 1558 1431 ut
1569 1401 1749 1441 discipulum
1764 1422 1773 1435 ,
1793 1401 1842 1432 sed
1853 1412 1886 1432 ut
1896 1401 1994 1432 filium
2007 1422 2014 1435 ‚
2033 1400 2091 1431 effe
2102 1410 2178 1431 con-

1210 1441 1445 1483 junktiffirnum.
1470 1453 1541 1473 nam
1550 1443 1622 1474 cum
1634 1443 1666 1473 δε
1675 1443 1767 1473 audio
1781 1445 1870 1474 illum
1881 1444 2009 1474 libenter
2021 1464 2030 1476 ,
2052 1451 2118 1473 tum
2133 1450 2178 1473 et·

1212 1486 1273 1514 iam
1283 1485 1433 1525 propriam
1444 1486 1469 1523 ej
1473 1495 1507 1515 us
1518 1485 1693 1516 suavitatem
1703 1487 1895 1520 vehementer
1903 1485 2077 1526 ampleelor.
2101 1488 2180 1516 Sum

1214 1534 1293 1557 totos
1307 1527 1370 1557 dies
1383 1537 1454 1557 cum
1470 1537 1507 1557 eo
1518 1548 1530 1560 ,,
1546 1527 1704 1568 ηοξὶίῑςυε
1716 1528 1921 1568 saepenumero
1932 1537 2055 1568 partem.
2079 1536 2176 1557 exoro

1214 1570 1317 1602 enim,
1335 1578 1369 1599 ut
1386 1579 1508 1599 mecum
1527 1571 1618 1610 quam
1634 1568 1794 1609 saepissime
1808 1579 1904 1600 cenet.
1930 1567 2177 1600 Hacintrodu&a

1213 1610 1434 1641 consuetudine
1446 1631 1456 1644 ,
1472 1612 1544 1651 saepe
1557 1611 1756 1641 inscientibus
1766 1611 1855 1642 nobis
1866 1632 1874 1645 ,
1889 1612 1922 1641 &
1932 1610 2108 1641 cenantibus
2118 1610 2177 1640 ob-

1213 1654 1289 1692 repit
1310 1673 1318 1686 ,
1347 1653 1517 1693 sublataque
1536 1653 1688 1683 severitate
1707 1653 1904 1694 philosophiae
1923 1673 1932 1687 ‚
1961 1651 2175 1683 humaniffime

1214 1695 1372 1724 nobiscum
1382 1695 1510 1735 jocatur.
1535 1697 1632 1736 Qare
1642 1694 1678 1725 da
1688 1705 1808 1735 operam
1821 1716 1832 1729 ‚
1850 1706 1882 1725 ut
1892 1697 1971 1726 hunc
1981 1696 2088 1726 talem,
2113 1703 2174 1724 tarn

1210 1736 1382 1776 jucundum
1394 1756 1402 1769 ‚
1418 1745 1478 1766 tam
1491 1738 1690 1766 excellentem
1703 1740 1802 1767 virum
1813 1738 1914 1768 Videls
1926 1737 2015 1777 quam
2027 1735 2174 1776 primiim.

1194 1794 1195 1797 =
1214 1780 1296 1808 Nam
1306 1778 1379 1818 quid
1391 1788 1446 1819 ego
1457 1778 1493 1808 de
1506 1780 1608 1808 Brutio
1617 1778 1738 1808 dicam?
1754 1789 1846 1819 quem
1857 1779 1944 1809 nullo
1953 1787 2089 1818 tempore
2098 1777 2114 1808 a
2124 1787 2175 1807 me

1215 1821 1311 1860 patior
1321 1819 1472 1849 discedere
1483 1830 1488 1848 z
1499 1821 1584 1859 cujus
1594 1818 1666 1849 cum
1676 1820 1753 1861 frugi
1765 1840 1773 1853 ,
1785 1820 1941 1862 severaque
1951 1819 1994 1849 est
2003 1822 2074 1853 vita,
2085 1822 2099 1839 ²
2110 1827 2178 1849 tum

1216 1860 1531 1901 etiamjuctindiffima
1540 1860 1705 1892 convifflo.
1729 1872 1793 1893 non
1809 1862 1852 1893 est
1865 1865 1949 1893 enim
1964 1860 2115 1902 sejunctus
2129 1861 2178 1891 lo-

1214 1922 1266 1942 cus
1276 1911 1290 1942 a
1299 1912 1475 1954 philologia,
1489 1912 1522 1942 ὃ(
1532 1912 1707 1954 quotidiana
1721 1904 1885 1953 συζητήστί.
1903 1913 1985 1943 Huic
1998 1922 2054 1954 ego
2068 1911 2174 1942 locum

1215 1956 1246 1984 in
1259 1956 1404 1994 proximo
1414 1954 1569 1989 conduxi,
1583 1955 1615 1985 δε
1627 1975 1635 1989 ,
1650 1963 1684 1984 ut
1692 1952 1811 1995 possum
1824 1974 1832 1988 ‚
1847 1963 1885 1985 ex
1896 1956 1973 1984 meis
1983 1953 2127 1996 angustiis
2137 1954 2178 1983 il-

1214 1996 1272 2026 lius
1285 1995 1417 2026 sustento
1426 1998 1614 2027 tenuitatem.
1638 1998 1780 2027 Praeterea
1790 1995 1979 2027 declamitare
1988 1996 2090 2027 Graece
2100 1994 2179 2036 apud

1194 2072 1196 2079 ‚
1215 2036 1343 2068 Caffium
1357 2037 1489 2068 institui:
1503 2038 1609 2069 Latine
1619 2048 1719 2069 autem
1729 2038 1807 2078 apud
1818 2040 1969 2069 Bruttium
1981 2041 2112 2069 exerceri
2123 2047 2177 2067 vo-

1195 2085 1196 2089 *
1216 2080 1256 2110 lo.
1280 2080 1566 2111 Urorfamiliaribus
1578 2101 1587 2114 ,
1603 2081 1829 2122 &quotidianis
1838 2080 2086 2113 convifiloribus,
2101 2088 2178 2121 quos

1216 2123 1316 2152 secum
1329 2122 1488 2162 Mitylenis
1499 2125 1656 2163 Cratippus
1669 2122 1794 2153 adduxit
1805 2128 1824 2154 ‚¹
1833 2123 2012 2153 hominibus
2023 2122 2055 2152 δε
2065 2120 2177 2154 docilis,

1195 2193 1197 2197 Α
1215 2164 1248 2194 &
1269 2164 1313 2194 illi
1332 2163 1553 2204 probatissimis.
1577 2163 1714 2195 Multum
1724 2166 1816 2195 etiam
1828 2174 1948 2195 mecum
1960 2163 2003 2194 est
2013 2165 2174 2204 Epicrates,

1212 2208 1350 2246 princeps
1361 2206 1609 2246 Atheniensium,
1628 2207 1661 2237 δε
1681 2206 1834 2236 Leonides
1846 2226 1855 2241 ‚
1878 2206 2030 2236 &horum
2041 2206 2131 2236 ceteri
2142 2203 2179 2234 si-

1215 2258 1316 2287 miles.
1340 2249 1382 2282 πὶ
1404 2246 1462 2290 μὴ)
1482 2249 1518 2284 ἐν
1543 2250 1613 2292 »(9ιὸ
1631 2249 1743 2291 tradis,
1766 2244 1845 2283 w‘st
1883 2258 1931 2286 De
1951 2258 2061 2297 Gorgia
2076 2264 2184 2286 autem.

1195 2302 1197 2306 ’
1215 2298 1299 2340 quod
1310 2298 1387 2328 mihi
1399 2297 1502 2328 scribis
1512 2318 1523 2332 ,
1534 2307 1594 2328 erat
1603 2297 1727 2339 quidem
1738 2297 1789 2327 ille
1800 2298 1833 2327 in
1844 2297 2020 2337 quotidiana
2030 2298 2180 2328 declama-

1215 2350 1298 2370 tione
1321 2339 1404 2370 utilis
1422 2349 1428 2368 ;
1460 2340 1509 2370 sed
1528 2342 1632 2370 omnia
1650 2338 1822 2379 postposui,
1843 2339 2016 2370 dummodo
2030 2342 2184 2380 praeceptis

1213 2394 1305 2433 patris
1320 2399 1464 2431 parerem.
1488 2375 1676 2429 Ἄίρᾲῤῥὴὃῖν)
1692 2390 1774 2419 enim
1794 2389 1966 2429 scripserat,
1989 2398 2023 2420 ut
2041 2400 2111 2421 eum
2129 2390 2179 2420 di-

1217 2445 1368 2473 mitterem
1381 2441 1490 2471 statim.
1510 2440 1693 2482 tergiversari
1704 2440 1802 2474 nolui,
1817 2444 1878 2471 3ne
1889 2451 1956 2471 mea
1965 2442 2063 2472 nimia
2073 2427 2179 2469 πδῶῗ

1217 2485 1415 2525 suspicionem
1435 2484 1463 2512 ci
1481 2483 1612 2523 aliquam
1634 2483 1815 2523 importaret.
1851 2483 1972 2513 Deinde
1990 2482 2068 2513 illud
2087 2483 2178 2511 etiam

1196 2547 1197 2552 .
1217 2528 1296 2557 mihi
1308 2525 1491 2557 succurrebat
1500 2545 1508 2559 ‚
1523 2534 1610 2564 grave
1619 2523 1677 2554 effe
1686 2545 1695 2558 ,
1707 2534 1755 2554 me
1766 2524 1803 2554 de
1814 2525 1928 2560 iudicio
1937 2523 2176 2565 patrisjudicare.
2194 2560 2199 2563 ἱ

1216 2571 1322 2600 Tuum
1342 2576 1445 2598 tamen
1464 2566 1596 2597 studium
1609 2585 1618 2600 ,
1638 2564 1861 2600 &confilium,
1879 2576 1994 2608 gratum
2008 2574 2177 2604 acceptum·-

1217 2621 1276 2653 que
1293 2609 1335 2641 est
1351 2610 1439 2639 mihi.
1463 2608 1698 2639 Excusationem
1708 2607 1908 2650 angustiarum
1920 2611 1964 2639 tui
1974 2608 2119 2648 temporis
2128 2615 2178 2636 ac-

1216 2655 1306 2694 cipio.
1330 2653 1392 2682 scio
1412 2652 1497 2681 enim
1509 2671 1517 2686 ‚
1537 2649 1632 2691 quam
1649 2650 1744 2681 soleas
1759 2649 1816 2680 effe
1832 2659 2001 2691 occupatus.
2025 2647 2178 2680 Emiffete

1215 2695 1362 2736 praedium
1382 2694 1577 2723 vehementer
1594 2692 1726 2734 gaudeo:
1745 2692 1931 2733 feliciterque
1942 2692 2000 2722 tibi
2011 2701 2074 2721 rem
2087 2689 2175 2720 istam

1215 2739 1335 2768 evenire
1352 2737 1452 2776 cupio.
1486 2737 1555 2766 Hoc
1574 2735 1642 2765 loco
1660 2744 1710 2765 me
1726 2734 1782 2765 tibi
1799 2735 1956 2774 gratulari,
1977 2733 2044 2763 noli
2062 2733 2175 2762 mirari.

1213 2779 1324 2811 eodem
1342 2780 1428 2809 enim
1446 2776 1510 2808 fere
1531 2777 1602 2807 loco
1614 2796 1624 2809 ‚
1644 2785 1676 2807 tu
1693 2785 1813 2817 quoque
1831 2773 1935 2806 emiffe
1948 2784 1996 2809 te,
2014 2773 2179 2806 fecistimer

2110 2825 2176 2846 cer-

1212 2884 1386 2911 confirmatur·
1402 2883 1456 2917 jain
1477 2880 1541 2907 mihi
1554 2879 1587 2906 de
1607 2880 1739 2915 excerptis
1750 2880 1880 2906 Vaticani.
1901 2880 1977 2906 Alias

1204 2921 1373 2957 jucundlsp‘ma
1382 2919 1518 2952 conjnnHio.
1540 2916 1569 2941 &
1582 2924 1629 2941 cui·
1639 2925 1690 2942 noii
1702 2917 1717 2942 ἐι
1727 2919 1851 2941 εοηνίτενε
1860 2919 1971 2942 eon-nmio
1981 2920 1992 2942 ἓ

1250 2969 1277 2996 3.
1297 2964 1341 2996 Ίζς
1357 2969 1408 2986 mea
1417 2961 1493 2984 nimia
1504 2951 1600 2984 wadii
1608 2953 1760 2991 ficspicionem
1778 2960 1799 2983 ei
1808 2959 1915 2991 aliquam
1931 2957 2094 2992 importaret]
2116 2957 2176 2984 Gu—

1211 2999 1329 3027 lielmius
1341 3008 1374 3025 ex
1387 2998 1470 3024 veteri
1482 2997 1550 3023 libro
1561 3003 1636 3024 notat
1639 2997 1804 3031 fitscepriomm
1815 3017 1823 3029 ‚
1834 2996 1876 3024 sed
1888 3006 1980 3023 revera
1990 2996 2045 3032 leg.
2047 2997 2177 3031 suspali‘ie-

1211 3046 1272 3062 nem.
1292 3043 1350 3070 quae
1361 3043 1413 3061 vox
1424 3035 1453 3060 &
1473 3032 1589 3069 superius
1602 3034 1731 3059 occurrit.
1756 3034 1870 3069 Gorgias
1880 3040 1968 3060 autern
1980 3032 2023 3059 hic
2033 3040 2089 3059 erat
2099 3032 2176 3058 Rhe-

1213 3079 1256 3099 τοι·
1267 3089 1276 3103 ,
1297 3078 1326 3097 ut
1336 3077 1412 3097 notat
1430 3068 1463 3096 ad
1473 3070 1585 3105 primam
1605 3069 1799 3106 impreffioiiem
1816 3070 1945 3105 Egnatius
1957 3088 1966 3101 ,
1986 3078 2065 3104 quem
2077 3067 2175 3095 Cicero

1209 3105 1354 3134 summovit
1365 3107 1380 3132 a
1399 3106 1575 3132 contubernio
1587 3105 1766 3142 convictuque
1775 3105 1824 3132 filii
1836 3115 1845 3136 3
1867 3104 1986 3132 causatus
2000 3124 2008 3137 ,
2028 3103 2099 3140 quod
2109 3103 2174 3130 ado-

1209 3142 1334 3170 lescentes
1345 3142 1486 3179 pelliceret
1495 3142 1528 3171 :td
1539 3142 1689 3180 voluptates
1699 3143 1726 3169 δε
1740 3142 1844 3176 vinum,
1857 3141 1921 3170 teste
1930 3141 2076 3170 Plutarcho
2085 3140 2112 3167 in
2124 3139 2175 3166 Ci—

1210 3187 1318 3208 cetone.

1998 2880 2099 2917 plebeje
2117 2879 2153 2907 est
2165 2888 2172 2905 :

2061 3214 2166 3238 rulia-
