2337 3400
557 112 624 162 M.
708 109 1072 158 Tonnri

161 131 260 182 574

1152 106 1700 159 CicextoN1s

157 201 226 241 quis
239 207 322 228 tuum
333 204 442 237 mtrem
454 194 520 224 ante
532 213 540 226 ‚
560 195 613 232 qui
626 189 697 222 ell'et
708 212 716 225 .
735 200 825 232 quam
837 191 922 227 cujus
931 197 1022 229 gener
1031 184 1112 221 efi'et,
1160 187 1336 220 desideratus
1347 199 1490 231 umquam
1504 190 1521 220 a
1534 201 1563 223 te
1577 191 1619 223 est
1628 213 1637 227 ‚
1658 192 1691 223 &
1701 200 1934 239 nonnumquam
1947 212 1956 229 ,
1975 193 2117 238 obstupe·

161 242 296 271 audivit?
318 239 373 269 Sed
392 245 528 277 quamvis
548 234 678 275 ingrate,
702 234 734 263 Sc
753 233 849 273 impie
871 228 1116 261 ¹necessitudinis
1163 229 1952 276 faffishominibusipsitadmirationecompressusest:
1969 237 2115 270 &fortas-

165 291 282 313 nomen
292 278 478 319 repudiaritis
488 297 496 311 ,
509 287 609 307 tamen
620 276 796 305 inimicitias
807 294 815 307 ,
836 274 980 302 hominum
988 281 1061 301 more
1069 280 1120 312 ge-

165 334 227 353 rere
245 323 384 362 poteratis
396 339 404 353 ‚
425 329 489 349 non
500 317 572 348 sisto
581 315 858 348 c1··imineinse8tari
870 335 878 349 ,
898 324 962 345 non
981 322 1118 353 expetere

164 368 192 394 vi
199 374 256 394 tam
266 383 274 396 ‚
287 372 349 392 non
357 363 461 401 capitis
470 358 619 390 arcessere.
644 358 714 389 Esto
725 357 919 388 :concedatur
928 357 990 385 hazc
998 364 1119 396 quoque

164 405 346 437 acerbitatis,
368 404 400 434 Sc
417 402 482 433 odii
501 401 687 442 magnitudo.
712 400 843 432 adeone,
866 407 898 428 ut
910 400 1001 428 etiam
1014 398 1120 427 omnia

165 456 234 476 vitae
246 466 254 480 ,
274 445 430 486 salutisque
447 446 622 474 communis
635 463 642 476 ‚
661 450 748 483 atque
758 443 849 472 etiam
860 439 1119 484 htaemairitatujura

165 490 338 518 violentur?
349 487 468 517 servum
478 485 636 516 sollicitare
646 486 755 517 verbis,
768 484 826 524 spe,
837 480 1044 523 promissisque
1054 490 1121 511 cor-

166 540 320 570 rumpere:
332 528 475 559 adducere
484 527 626 559 domum,
637 535 739 557 contra
747 526 912 556 dominum
921 533 1050 553 armare:
1063 523 1121 552 hoc

167 571 211 602 est
221 591 230 605 ,
251 581 314 601 non
324 572 377 600 uni
387 573 557 610 propinquo
569 589 576 602 ,
596 569 644 599 sed
654 568 799 598 omnibus
808 566 933 597 familiis
943 565 1057 594 bellum
1069 574 1122 593 ne-

166 612 278 643 farium
298 613 443 643 indicere.
472 621 542 641 nam
565 620 639 640 isi-A
659 618 882 640 CORRUPTELA
900 608 975 637 servi
989 627 996 639 ‚
1019 604 1039 635 si
1057 615 1122 635 non

170 654 266 685 modo
279 656 430 694 impunita
438 653 527 683 fuerit
538 673 548 686 ,
562 652 611 683 sed
622 653 712 682 etiam
722 652 738 681 a
749 660 827 681 tanta
836 649 1009 680 :infirmitate
1018 657 1124 688 appro-

169 698 250 727 bata:
263 697 339 726 nulli
350 700 473 736 parietes
483 694 614 725 nostram
623 694 757 726 salutem,
769 693 860 722 null-x
870 692 959 732 legem
970 690 1125 729 niillajura

169 737 345 769 custodient.
376 737 521 768 ubienim
533 736 563 766 id
575 757 584 769 ,
603 735 684 776 quod
696 737 778 765 intus
794 733 835 764 est
846 753 854 767 ‚
874 742 960 773 atque
974 730 1123 763 nostrum,

168 779 296 820 impune
307 779 425 810 evolare
439 777 535 819 potest
545 798 553 812 ,
571 787 732 817 contraque
746 786 802 806 nos
815 784 942 816 pugnare
957 784 961 802 :
984 772 1017 803 fit
1027 783 1060 802 in
1071 772 1127 820 do:

172 825 289 852 minatu
307 822 430 851 servitus
442 841 450 854 ,
471 822 504 850 in
523 820 662 850 servitute
679 819 863 848 dominatus.
886 819 912 846 O
932 824 1066 855 tempora
1076 834 1084 847 ‚
1107 824 1126 843 o

171 874 274 893 mores
287 866 292 892 ἰ
304 865 523 893 Cn.Domitius
536 862 586 891 ille
596 881 604 895 ‚
616 870 706 901 quem
716 869 772 889 nos
782 860 865 899 pueri
874 857 1044 890 consulem,
1055 866 1127 886 cen-

173 906 284 938 sorem,
293 903 470 945 pontificem
481 905 653 934 maximum
662 901 807 934 vidimus,
817 898 889 930 curn
900 898 1036 929 tribunus
1046 897 1125 938 pleb.

173 950 362 978 MScaurum
374 967 382 979 ‚
403 947 571 986 principem
587 945 716 974 civitatis
728 963 737 977 ,
755 941 945 982 injudicium
954 941 1061 980 populi
1072 949 1127 970 vo-

173 988 261 1019 casset
271 1009 278 1021 ,
299 991 456 1029 Scaurique
466 988 564 1017 servus
573 986 608 1015 ad
618 995 690 1015 eum
699 984 776 1015 clam
789 984 918 1014 domum
930 981 1072 1015 venisset,
1093 981 1127 1011 &

173 1032 295 1060 crimina
307 1031 335 1059 in
346 1031 490 1059 dominum
503 1028 670 1058 delaturum
685 1027 714 1057 se
731 1024 788 1056 effe
801 1024 938 1056 dixisset:
960 1028 974 1043 2
982 1023 1126 1065 prehendi

172 1074 334 1103 hominem
349 1070 433 1111 juss'it
444 1091 452 1103 ‚
472 1070 507 1099 ad
517 1073 719 1109 Scaurumque
731 1067 851 1098 deduci.
874 1067 952 1097 Vide
962 1086 970 1100 ,
991 1065 1064 1107 quid
1080 1067 1128 1094 in-

173 1113 268 1145 tersit:
286 1112 334 1143 etfi
345 1115 447 1153 inique
458 1111 611 1142 Castorem
620 1120 691 1141 cum
703 1111 846 1140 Domitio
856 1118 997 1149 comparo
1010 1118 1015 1137 z
1028 1107 1076 1138 sed
1085 1115 1128 1136 ta-

175 1166 248 1186 men
260 1157 311 1184 ille
321 1156 450 1184 inimico
461 1154 580 1184 servum
590 1150 718 1183 remifit:
737 1161 768 1182 tu
778 1151 813 1181 ab
823 1161 880 1182 avo
890 1149 1059 1181 abduxisti:
1075 1148 1128 1178 ille

171 1199 380 1236 incorruptum
398 1195 499 1226 audire
518 1195 636 1228 noluit,
656 1203 688 1224 tu
701 1192 877 1233 corrupisti:
896 1193 949 1222 ille
962 1192 1127 1231 adjutorem

172 1239 190 1268 s
187 1248 290 1268 ervum
302 1247 406 1269 contra
416 1237 580 1267 dominum
590 1236 774 1276 repudiavit,
789 1245 820 1265 tu
830 1236 921 1264 etiam
930 1233 1128 1263 accusatorem

172 1279 345 1310 adhibuisti.
379 1282 418 1309 At
435 1279 528 1309 semel
545 1278 599 1308 iste
618 1277 661 1308 est
679 1286 834 1317 corruptus
851 1275 867 1306 a
886 1275 994 1306 vobis?
1013 1283 1127 1306 nonne,

175 1325 187 1350 3
201 1332 271 1352 cum
281 1320 352 1352 esset
358 1320 523 1363 procinetus
534 1341 543 1353 ,
557 1320 589 1351 δε
598 1329 669 1350 cum
681 1328 780 1350 tecum
790 1316 889 1348 fuisset
900 1337 909 1351 ,
925 1316 1033 1358 refugit
1041 1315 1076 1345 ad
1088 1315 1131 1345 le-

174 1370 277 1404 ¹gatos?
295 1373 399 1394 nonne
410 1365 502 1393 etiam
513 1362 548 1392 ad
558 1363 639 1392 hunc
649 1364 704 1392 Cn.
714 1362 892 1391 Domitium
903 1361 1008 1390 venit?
1026 1366 1131 1388 nonne

175 1402 316 1436 audzente
334 1406 391 1435 hoc
399 1405 601 1444 Ser.Sulpicio
613 1425 622 1437 ,
642 1401 805 1434 clarifl'imo
815 1403 880 1433 viro
890 1421 899 1436 ‚
918 1403 971 1443 qui
985 1409 1050 1431 tum
1064 1399 1130 1430 casu

175 1447 252 1487 apud
263 1449 438 1477 Domitium
449 1446 571 1477 cenabat
580 1466 589 1480 ,
602 1446 635 1476 δε
644 1446 702 1475 hoc
710 1447 918 1485 T.Torquat0‚
929 1444 1049 1483 optimo
1059 1440 1132 1472 ado-

177 1490 306 1519 lescente
315 1509 324 1522 ‚
343 1489 371 1519 se
381 1488 434 1519 ate
444 1497 617 1528 corruptum
629 1508 638 1523 ,
653 1489 714 1517 tuis
721 1484 875 1527 promissis
884 1486 916 1514 in
925 1484 1061 1515 fraudem
1071 1485 1132 1513 im-

177 1531 297 1572 pulsum
310 1528 368 1560 ess‘e
381 1528 532 1560 confessus
549 1529 611 1560 est?
654 1531 729 1570 Qae
745 1527 789 1558 est
808 1526 863 1558 ista
879 1535 939 1557 tam
958 1525 1130 1566 impudens,

177 1582 238 1603 tam
256 1572 385 1603 crudelis
401 1591 410 1605 ‚
430 1580 490 1602 tam
510 1571 706 1602 immoderata
724 1570 948 1600 inhumanitas?
967 1568 1080 1598 idcirco
1098 1569 1132 1596 in

178 1615 255 1645 hanc
270 1614 375 1644 urbem
388 1612 498 1643 venisti
510 1633 518 1646 ‚
542 1622 575 1643 ut
586 1613 673 1652 hujus
684 1611 764 1642 urbis
772 1612 837 1651 jura
846 1631 855 1645 ‚
877 1610 910 1641 <Sc
919 1609 1058 1649 exempla
1066 1617 1147 1639 cor--

179 1665 333 1696 rumperes
344 1675 353 1689 .
367 1653 613 1695 4d0mesticaque
627 1663 675 1684 tua
689 1655 875 1683 immanitate
887 1651 996 1682 nostrae
1005 1651 1134 1681 civitatis

179 1698 399 1728 humanitatem
410 1698 602 1737 inquinares?
616 1699 655 1725 At
663 1695 753 1736 quam
764 1695 848 1725 acute
856 1694 984 1725 collecta
993 1694 1133 1723 crimina?

181 1740 357 1772 Blesamius,
370 1740 467 1779 inquit
477 1758 485 1771 ‚
498 1738 575 1777 (ejus
586 1740 671 1767 enim
682 1737 810 1767 nomine
821 1756 828 1770 ‚
844 1739 857 1764 5
865 1737 975 1776 optimi
987 1736 1134 1767 hominis,

182 1790 238 1811 nec
248 1780 305 1811 tibi
314 1782 426 1821 ignoti,
441 1779 635 1810 maledicebat
644 1778 712 1818 tibi)
722 1779 757 1809 ad
769 1788 868 1819 regem
879 1778 1003 1808 scribere
1012 1776 1135 1810 solebat,

179 1821 195 1843 ⁶
207 1832 247 1853 τε
264 1832 301 1852 m
319 1830 461 1851 mvmm
481 1820 557 1851 effe:
578 1830 738 1860 tyrannum
753 1820 936 1850 existimari:
955 1818 1045 1849 statua
1061 1820 1136 1847 inter

179 1874 261 1906 reges
271 1862 360 1904 posita
370 1883 378 1896 ,
387 1864 508 1893 animos
518 1864 682 1893 hominum
692 1859 1024 1892 vehementeroffensos
1035 1870 1040 1888 :
1051 1859 1136 1899 plau-

180 1905 212 1936 di
222 1905 276 1935 tibi
287 1914 351 1935 non
362 1905 464 1935 solere.
487 1906 602 1935 Nonne
612 1905 767 1945 intelligis,
780 1904 882 1935 Caesar,
895 1913 933 1933 ex
944 1902 1062 1932 urbanis
1073 1911 1137 1930 ma·-

179 1947 351 1977 levolorum
371 1947 569 1976 sermunculis
587 1947 649 1976 haec
665 1946 701 1975 ab
717 1945 780 1976 istis
797 1943 854 1975 effe
869 1943 1017 1974 colleElm?
1039 1943 1136 1972 Blesa-

181 1990 264 2019 mius
280 1997 442 2028 tyrannum
462 1989 606 2018 Caesarem
624 1988 783 2018 scriberet?
801 1987 971 2016 multorum
989 1986 1074 2015 enim
1094 1986 1137 2014 ci-

182 2033 271 2061 vium
280 2032 375 2070 capita
383 2030 495 2060 viderat
506 2041 511 2058 z
532 2031 646 2060 multos
652 2028 734 2069 juss‘u
745 2029 863 2059 Caesaris
873 2036 995 2058 vexatos
1005 2047 1013 2060 ,
1031 2026 1138 2056 verbe—

182 2082 260 2103 ratos
270 2092 277 2106 ‚
288 2081 424 2102 necatos:
439 2072 552 2102 multas
560 2070 684 2101 afflffitas
695 2091 703 2104 ,
716 2072 749 2101 δε
757 2070 869 2101 eversas
878 2069 1005 2099 domos:
1018 2068 1138 2098 armatis

184 2114 336 2144 militibus
345 2113 488 2144 refertum
498 2112 599 2143 forum
610 2133 619 2147 ‚
639 2123 705 2154 quae
724 2113 839 2152 semper
855 2113 890 2141 in
906 2111 992 2141 civili
1010 2109 1137 2140 vffitoria

183 2154 326 2187 sensimus
337 2175 345 2188 ‚
366 2165 399 2185 ea
409 2164 436 2185 te
448 2154 562 2185 viritore
571 2164 636 2185 non
643 2154 789 2185 vidimus.
812 2154 892 2184 solus
903 2173 911 2186 ‚
931 2155 1053 2193 inquam
1066 2171 1074 2185 ,
1096 2160 1140 2184 es,

183 2197 312 2228 C-Caesar
321 2217 329 2230 ‚
340 2198 425 2236 cujus
434 2198 467 2227 in
476 2196 749 2227 vietoriacec'iderit
758 2205 851 2225 nemo
861 2215 869 2229 ‚
879 2193 933 2225 nisi
943 2203 1085 2225 armatus.
1103 2193 1137 2223 &

186 2248 278 2280 quem
298 2248 352 2268 nos
370 2239 474 2272 liberi,
493 2240 549 2268 7in
562 2239 682 2269 summa
694 2238 799 2277 populi
810 2240 903 2267 Rom.
915 2237 1048 2266 libertate
1064 2236 1136 2268 nati,

186 2290 252 2311 non
261 2279 356 2310 modo
367 2290 430 2309 non
439 2289 600 2319 tyrannum
610 2299 618 2313 ‚
638 2279 688 2309 sed
698 2282 788 2309 etiam
806 2274 1096 2308 8clementissimum
1105 2278 1138 2306 in

186 2321 316 2352 vietoria
327 2321 484 2351 ducimus:
506 2323 532 2351 is
543 2322 691 2352 Blesamio
701 2340 709 2354 ‚
729 2322 781 2360 qui
792 2320 872 2348 vivit
882 2320 998 2359 inregno
1009 2338 1017 2351 ‚
1038 2327 1137 2357 tyran-

187 2373 244 2394 nus
255 2363 350 2394 videri
358 2362 454 2403 potest
466 2366 476 2392 ?
487 2364 568 2393 Nam
578 2362 614 2392 de
625 2361 716 2392 statua
725 2363 793 2402 quis
802 2362 1008 2401 queritur‚una
1018 2359 1139 2398 praeser—

189 2408 246 2435 tim
257 2425 266 2439 ‚
285 2415 355 2435 cum
367 2413 426 2435 tam
437 2405 546 2434 multas
556 2403 675 2434 videat?
694 2403 777 2433 valde
791 2405 874 2432 enim
886 2401 1087 2431 invidendum
1096 2398 1139 2429 est

186 2449 251 2486 ejus
262 2445 381 2479 statuis,
393 2448 478 2486 cujus
493 2448 612 2486 tropaeis
628 2455 690 2475 non
704 2444 890 2475 invidemus.
914 2445 1014 2476 Nam,
1035 2440 1137 2471 siloem

185 2487 271 2519 affert
288 2488 434 2518 invidiam
446 2508 453 2521 ,
476 2487 579 2518 nullus
597 2488 680 2517 locus
697 2485 739 2516 est
752 2486 787 2516 ad
803 2485 925 2516 statuam
939 2484 1062 2525 quidem
1074 2485 1138 2513 Ro-

188 2530 254 2561 stris
267 2530 384 2561 clarior.
408 2532 455 2560 De
465 2530 569 2571 plausu
583 2538 681 2559 autem
699 2528 771 2569 quid
789 2527 1004 2568 respondeam?
1021 2526 1139 2567 quinec

1167 273 1194 303 se
1204 271 1241 302 eo
1251 271 1458 313 praetermiss‘us
1468 293 1476 306 ‚
1489 277 1558 314 quia
1565 276 1769 319 nihilvulgare
1781 287 1809 308 te
1820 278 1945 321 dignum
1956 279 2051 310 videri
2060 289 2116 320 po—

1167 313 1230 345 test.
1275 315 1362 344 Nihil
1376 314 1392 345 a
1410 324 1460 345 me
1479 316 1603 347 arbitror
1619 317 1847 358 praetermissum
1859 339 1867 354 ,
1887 320 1936 351 sed
1953 321 2066 362 aliquid
2079 320 2115 352 ad
2137 331 2177 366 13

1166 365 1332 386 extremam
1344 356 1436 387 causae
1447 364 1560 396 partem
1573 359 1760 390 reservatum.
1783 361 1816 391 id
1825 371 1924 393 autem
1935 362 2048 404 aliquid
2058 362 2113 397 est,

1143 406 1145 447 Ι
1167 407 1194 428 te
1205 407 1236 428 ut
1246 398 1333 438 plane
1345 399 1490 437 Dejotato
1499 400 1673 432 reconciliet
1682 404 1777 433 oratio
1787 412 1864 435 mea.
1887 414 1952 434 non
1962 406 2046 434 enim
2052 406 2118 444 jam

1169 449 1283 473 metuo,
1297 450 1334 470 ne
1345 449 1378 470 tu
1392 439 1437 470 illi
1448 440 1625 476 succenseas,
1640 443 1716 473 illud
1725 453 1880 479 vere0r‚ne
1889 446 1944 476 tibi
1955 446 2043 476 illum
2054 447 2122 476 suc-

1167 482 1285 512 censere
1302 481 1416 522 aliquid
1435 481 1589 522 suspicere.
1619 484 1701 524 quod
1719 484 1800 516 abest
1818 486 1988 529 longiffime
2008 507 2017 522 ‚
2042 489 2122 519 mihi

1167 523 1272 557 crede,
1294 525 1399 554 Caesar.
1421 524 1494 564 quid
1507 526 1591 554 enim
1605 527 1727 557 retineat
1738 536 1790 567 per
1807 536 1834 557 te
1845 548 1854 561 ‚
1873 531 2036 563 meminit,
2056 539 2120 560 non

1167 565 1238 606 quid
1250 566 1398 596 amiserit:
1410 575 1507 606 neque
1518 566 1546 596 se
1555 565 1571 596 a
1582 575 1610 596 te
1622 568 1784 598 multatum
1793 569 1964 600 arbitratur:
1976 571 2036 606 sed,
2047 571 2121 602 cum

1167 606 1352 638 existimaret
1361 606 1458 636 multu
1468 605 1523 636 tibi
1532 607 1626 636 multa
1635 606 1683 645 ff
1692 607 1838 639 tribuenda
1848 630 1856 643 ,
1875 621 1936 652 quo
1950 612 2052 643 minus
2065 613 2080 644 ὲ
2094 613 2124 644 se

1188 651 1219 678 ui
1232 651 1263 679 in
1273 650 1360 679 altera
1368 658 1447 689 parte
1456 647 1602 683 fuiffet‚ea
1611 649 1819 684 sumcres‚non
1829 653 1982 684 recusavit.
1999 656 2123 686 Etenim

1181 701 1189 720 i
1201 693 1369 721 Antiochus
1381 693 1508 732 Magnus
1522 691 1574 720 ille
1584 711 1593 725 ,
1612 701 1665 721 rex
1676 689 1749 722 Afiae
1759 711 1768 726 ,
1786 691 1858 722 curn
1869 712 1878 727 ‚
1898 694 1998 733 postea
2009 706 2098 741 quam
2109 696 2126 726 a

1171 734 1310 772 Scipione
1329 731 1466 763 devictus
1476 753 1485 766 ,
1508 735 1609 763 Tauro
1628 742 1713 763 tenus
1732 744 1852 775 regnare
1868 734 1961 774 juss'us
1980 735 2049 767 esset
2060 756 2069 771 ,
2089 747 2126 767 o-

1171 783 1337 815 mnemque
1345 776 1420 805 hanc
1429 772 1539 808 Asiam,
1550 785 1615 815 quae
1623 773 1666 805 est
1675 785 1757 805 nunc
1764 774 1865 806 nostra
1873 779 2040 816 provincia,
2048 780 2126 808 ami-

1171 814 1263 846 siss'et:
1283 817 1380 847 dicere
1390 815 1433 846 est
1445 816 1551 846 solitus
1562 835 1571 850 ,
1591 817 1725 858 Benigne
1740 815 1793 847 sibi
1806 817 1822 848 a
1834 818 1950 858 populo
1960 821 2056 850 Rom.
2068 818 2127 850 effe

1169 855 1283 888 fadum
1291 878 1299 891 ,
1316 857 1397 898 quod
1408 859 1504 888 nimis
1513 868 1617 899 magna
1621 859 1818 900 procuratione
1829 858 1963 889 liberatm
1973 880 1981 894 ‚
1998 860 2128 891 modicis

1170 901 1254 940 regni
1265 901 1404 930 terminis
1418 908 1548 931 uteretur
1561 911 1566 929 z
1586 899 1683 940 potest
1693 900 1791 930 multo
1799 899 1919 931 facilius
1929 902 1956 932 se
1967 903 2130 943 Dejotarus

1169 941 1330 972 consolari.
1352 942 1408 971 Ille
1418 943 1502 972 enim
1519 940 1653 972 9furoris
1667 943 1794 972 multam
1806 942 1983 974 sustinuerat
1993 964 2001 977 ,
2023 945 2071 974 hic
2081 954 2129 974 er-

1172 984 1256 1013 roris.
1279 985 1384 1014 omnia
1395 992 1427 1013 tu
1437 984 1581 1023 Dejotaro
1590 1004 1598 1018 ,
1611 984 1719 1018 Caesar,
1729 984 1859 1015 tribuisti
1868 1005 1876 1018 ‚
1886 984 1958 1016 curn
1970 984 2064 1026 &ipsi
2075 1006 2084 1019 ,
2097 986 2131 1016 &

1172 1023 1236 1054 filio
1246 1034 1362 1054 nomen
1370 1027 1487 1065 regium
1497 1024 1673 1056 conceffisti.
1700 1027 1758 1056 hoc
1771 1027 1877 1056 nomine
1890 1036 2005 1058 retento
2015 1048 2024 1061 ,
2042 1037 2131 1068 atque

1170 1066 1346 1096 conservato
1357 1086 1366 1100 ‚
1386 1066 1507 1097 nullum
1521 1066 1703 1097 beneficium
1718 1068 1823 1108 populi
1833 1071 1968 1099 Romani
1978 1088 1986 1102 ‚
2007 1070 2130 1100 nullum

1172 1106 1323 1147 judicium
1337 1107 1374 1137 de
1387 1108 1415 1137 se
1430 1108 1545 1138 senatus
1558 1110 1761 1139 imminutum
1772 1119 1870 1149 putat:
1890 1120 2000 1151 magno
2011 1113 2129 1144 animo,

1175 1149 1208 1179 δε
1217 1147 1318 1178 ert-&o
1328 1147 1371 1178 est
1381 1168 1389 1181 ,
1400 1158 1455 1178 nec
1464 1159 1609 1190 umquam
1620 1150 1793 1180 succumbet
1803 1152 1935 1181 inimicis
1946 1171 1954 1184 ‚
1967 1153 2130 1190 nefortunae

1173 1190 1309 1231 quidem.
1348 1190 1445 1220 Multa
1461 1191 1491 1220 se
1505 1191 1661 1221 arbitratur
1682 1191 1715 1221 &
1735 1190 1878 1231 peperifl'e
1899 1192 2053 1223 antefatus
2063 1213 2072 1227 ,
2093 1194 2128 1224 &

1175 1232 1281 1262 habere
1298 1233 1331 1262 in
1348 1233 1473 1264 animo,
1492 1240 1579 1272 atque
1596 1242 1725 1263 virtute:
1746 1243 1811 1273 quae
1829 1233 1917 1264 nullo
1934 1234 2028 1264 modo
2045 1234 2134 1275 poffit

1174 1275 1320 1304 amittere.
1342 1283 1408 1314 quae
1421 1275 1505 1304 enim
1515 1273 1635 1304 fortuna
1645 1295 1654 1308 ‚
1668 1277 1795 1316 autquis
1803 1275 1885 1305 casus
1897 1295 1905 1309 ,
1919 1284 1969 1306 aut
1979 1286 2044 1316 quae
2053 1285 2132 1308 tanta

1174 1314 1260 1356 possit
1278 1316 1387 1355 injuria
1397 1335 1405 1349 2
1425 1317 1568 1346 omnium
1583 1317 1796 1356 imperatorum
1810 1316 1846 1347 de
1856 1317 2001 1356 Dejotaro
2011 1318 2128 1348 decreta

1175 1357 1274 1387 delere
1285 1360 1294 1387 ?
1314 1359 1343 1377 ¹0
1353 1358 1389 1387 ab
1398 1358 1543 1388 omnibus
1553 1359 1637 1387 enim
1647 1358 1694 1387 his
1704 1367 1824 1388 ornatus
1833 1358 1961 1400 est‚‘qui,
1973 1358 2132 1401 postquam

1175 1401 1207 1430 in
1216 1398 1317 1429 castris
1326 1397 1383 1429 este
1393 1401 1492 1439 potuit
1500 1409 1551 1439 per
1559 1407 1675 1430 aetatem
1685 1419 1693 1433 ‚
1703 1401 1736 1430 in
1746 1397 1811 1430 Afia
1820 1419 1830 1434 ‚
1840 1400 2023 1441 Cappadocia
2032 1422 2041 1434 ,
2051 1404 2135 1432 Pon-

1175 1450 1205 1472 to
1216 1461 1224 1474 ,
1238 1441 1343 1472 Cilicia
1352 1461 1360 1474 ,
1375 1442 1474 1481 Syria,
1487 1440 1566 1471 bella
1573 1439 1732 1481 gesserunt.
1755 1444 1877 1472 Senatus
1897 1442 1968 1472 vero
1976 1442 2088 1481 judicia
2097 1443 2136 1474 de

1175 1483 1229 1513 illo
1243 1492 1304 1513 tarn
1319 1484 1412 1513 multa
1422 1503 1431 1517 ,
1452 1492 1572 1523 tamque
1592 1481 1759 1513 honorifica
1777 1502 1785 1516 ,
1806 1493 1871 1524 quae
1886 1483 2016 1524 publicis
2027 1485 2133 1525 populi

1174 1526 1310 1556 Romani
1328 1525 1435 1554 litteris
1449 1544 1458 1558 ,
1480 1525 1750 1566 monumentisque
1767 1522 1936 1567 consignata
1954 1526 2021 1556 sunt
2034 1546 2043 1560 ,
2065 1536 2132 1567 quae

1176 1576 1322 1607 umquam
1339 1565 1466 1597 vetustas
1483 1566 1608 1600 obruet,
1628 1575 1678 1597 aut
1694 1576 1760 1607 quae
1778 1575 1856 1597 tanta
1873 1566 1984 1597 delebit
2001 1567 2134 1598 oblivio?

1177 1608 1260 1650 Qid
1278 1607 1315 1638 de
1331 1610 1440 1638 virtute
1457 1607 1522 1648 ejus
1535 1607 1656 1638 dicam?
1673 1607 1747 1649 quid
1758 1608 1794 1639 de
1805 1608 2013 1650 magnitudine
2022 1611 2133 1644 animi,

1175 1652 1314 1692 gravitate
1326 1669 1335 1684 ,
1353 1649 1540 1680 constantia?
1558 1659 1623 1690 quae
1637 1659 1746 1680 omnes
1759 1649 1841 1681 doffi
1854 1670 1863 1685 ,
1881 1659 1968 1691 atque
1977 1650 2133 1690 sapientes,

1177 1693 1310 1722 summa:
1324 1691 1447 1732 quidam
1458 1693 1548 1722 etiam
1553 1691 1616 1731 Jbla
1627 1690 1697 1721 bona
1707 1690 1764 1721 effe
1774 1692 1918 1722 dixerunt
1929 1702 1936 1721 ε
1951 1692 2055 1733 hisque
2066 1702 2132 1724 non

1177 1732 1273 1764 modo
1288 1733 1325 1763 ad
1343 1733 1419 1763 bene
1435 1753 1443 1766 ‚
1462 1733 1511 1763 sed
1527 1735 1620 1763 etiam
1635 1733 1670 1763 ad
1685 1733 1766 1763 beate
1779 1733 2133 1766 vivendumcontentam

1175 1778 1321 1806 virtutem
1331 1772 1398 1805 effe.
1423 1777 1496 1804 Haec
1506 1774 1559 1804 ille
1568 1783 1706 1813 reputans
1717 1794 1725 1808 ,
1742 1774 1774 1804 δε
1785 1774 1849 1805 dies
1860 1794 1868 1808 ‚
1886 1776 1919 1806 &
1928 1774 2044 1805 n0&eis
2053 1777 2137 1817 cogi-

1178 1827 1243 1848 tans
1255 1836 1263 1850 ‚
1275 1826 1339 1846 non
1349 1814 1443 1846 modo
1454 1815 1509 1846 tibi
1520 1825 1584 1846 non
1595 1816 1759 1850 succenset,
1774 1814 1857 1855 (ess'et
1865 1818 1950 1846 enim
1960 1826 2026 1847 non
2035 1816 2135 1848 solum

1178 1861 1321 1900 ingratus,
1334 1857 1381 1888 sed
1391 1859 1483 1888 etiam
1495 1858 1610 1898 amens)
1621 1867 1725 1888 verum
1737 1867 1865 1888 omnem
1875 1859 2134 1899 tranquillitatem,

1180 1900 1213 1932 δε
1231 1902 1364 1941 quietem
1383 1898 1544 1930 seneEtutis
1562 1919 1571 1934 ‚
1600 1908 1750 1939 acceptam
1771 1898 1861 1930 refert
1877 1900 2046 1931 clementiae
2064 1909 2132 1931 tuae.

1180 1946 1205 1962 ¹¹
1217 1945 1287 1983 Qo
1296 1941 1420 1982 quidem
1430 1943 1535 1971 animo
1544 1939 1616 1971 cum
1626 1950 1710 1971 antea
1719 1940 1857 1975 fuit‚tum
1867 1951 1932 1972 non
1939 1941 2134 1983 dubit0‚quin

1179 1986 1238 2014 tuis
1252 1986 1358 2014 litteris
1368 2003 1376 2016 ‚
1396 1992 1521 2024 quarum
1535 1983 1712 2023 exemplum
1725 1983 1803 2023 legi,
1822 1993 1895 2024 quas
1903 1983 1938 2014 ad
1948 1994 2019 2014 eum
2029 1987 2136 2015 Tarra—

1180 2035 1258 2056 cone
1272 2026 1342 2055 huic
1354 2025 1502 2055 Blesamio
1514 2023 1642 2058 dedisti,
1663 2025 1690 2054 se
1711 2027 1805 2067 magis
1823 2027 1913 2056 etiam
1932 2027 2078 2060 erexerit,
2099 2025 2137 2056 ab

1181 2069 1329 2107 omnique
1342 2066 1547 2097 sollicitudine
1560 2066 1741 2097 abstraxerit.
1764 2067 1851 2107 jubes
1867 2069 1951 2097 enim
1970 2077 2042 2098 eum
2060 2067 2138 2098 bene

1181 2109 1291 2148 sperare
1304 2128 1312 2142 ,
1332 2108 1365 2138 ὃς
1377 2108 1461 2138 bono
1470 2106 1529 2138 effe
1538 2110 1643 2138 animo
1655 2119 1660 2137 :
1681 2108 1761 2149 quod
1773 2109 1833 2139 scio
1844 2117 1871 2139 te
1881 2118 1945 2139 non
1953 2108 2057 2139 frustra
2067 2109 2138 2139 scr'i-

1180 2151 1249 2181 bere
1259 2150 1362 2180 solere.
1385 2151 1516 2180 memini
1526 2152 1610 2179 enim
1619 2149 1727 2180 iisdem
1737 2149 1799 2180 fere
1810 2151 1907 2181 verbis
1916 2150 1952 2180 ad
1961 2160 2011 2180 me
2024 2159 2053 2180 te
2066 2150 2139 2180 scri-

1181 2192 1261 2225 bere,
1274 2201 1382 2233 meque
1393 2194 1453 2222 tuis
1464 2193 1567 2221 litteris
1578 2190 1641 2221 bene
1642 2191 1749 2230 sperare
1758 2201 1822 2221 non
1831 2190 1936 2222 frustra
1944 2190 2002 2221 effe
2009 2191 2020 2230 j
2025 2189 2135 2221 ussum.

1184 2234 1303 2264 Laboro
1314 2233 1456 2274 equidem
1466 2235 1543 2273 regis
1553 2234 1687 2272 Deiotari
1698 2234 1779 2263 causa
1787 2252 1797 2266 ,
1814 2243 1876 2273 quo
1888 2242 1958 2262 cum
1973 2234 2049 2262 mihi
2059 2235 2139 2263 ami-

1180 2278 1282 2306 citiam
1292 2276 1364 2315 resp.
1374 2275 1548 2305 conciliavit
1557 2294 1566 2308 ,
1579 2275 1746 2314 hospitium
1756 2275 1893 2304 voluntas
1903 2275 2054 2315 utriusque
2062 2284 2138 2304 con-

1179 2318 1190 2357 j
1197 2319 1285 2347 unxit
1296 2337 1305 2349 ,
1324 2316 1562 2346 familiaritatem
1572 2315 1757 2345 consuetudo
1767 2315 1866 2345 attulit
1875 2336 1883 2349 ‚
1903 2316 2054 2346 summam
2065 2315 2137 2346 vero

1181 2356 1429 2388 neceffitudinem
1439 2366 1544 2397 magna
1557 2357 1621 2395 ejus
1634 2354 1733 2386 officia
1746 2357 1778 2386 in
1795 2367 1845 2387 me
1857 2377 1866 2390 ‚
1887 2357 1962 2387 &in
1972 2360 2139 2389 exercitum

1184 2409 1289 2429 meum
1298 2397 1478 2428 effecerunt:
1496 2397 1544 2428 sed
1561 2397 1633 2427 cum
1649 2397 1685 2427 de
1699 2397 1754 2427 illo
1768 2398 1890 2433 laboro,
1912 2406 1976 2429 tuni
1987 2399 2024 2429 de
2034 2400 2141 2430 multis

1183 2438 1370 2480 ampliffimis
1381 2440 1453 2469 viris
1464 2459 1473 2472 ‚
1491 2439 1600 2480 quibus
1610 2439 1700 2470 semel
1712 2441 1851 2481 ignotum
1866 2440 1882 2471 a
1895 2449 1923 2471 te
1936 2439 1996 2471 effe
2009 2449 2138 2482 oportet,

1185 2492 1240 2512 nec
1250 2479 1432 2512 beneficium
1443 2489 1530 2511 tuum
1541 2483 1574 2510 in
1583 2481 1712 2511 dubium
1723 2484 1838 2516 vocari,
1848 2492 1903 2512 nec
1911 2483 2022 2513 haerere
2032 2486 2062 2513 in
2074 2484 2140 2514 ani-

1187 2526 1246 2554 mis
1256 2525 1421 2553 hominum
1432 2522 1669 2554 sollicitudinem
1680 2523 1889 2564 sempiternam
1901 2544 1910 2559 ‚
1931 2534 1986 2555 nec
1997 2524 2140 2560 accidere,

2019 2575 2051 2597 ut
2061 2567 2141 2606 quis-

233 2648 255 2664 ι.
276 2640 447 2673 Necrffitudinis
465 2649 544 2665 nomeu
563 2638 806 2672 repudiarixs.]-Sic
820 2638 876 2663 mis.
887 2645 934 2663 aut
951 2636 1142 2669 repudiaverim.

195 2675 269 2710 supra
280 2683 396 2710 quoquc,
406 2675 496 2701 'iisdem
507 2674 672 2705 :iu-fioribus,
684 2673 810 2710 res-tripli,
824 2676 944 2699 evocavit.

233 2719 258 2736 2.
277 2712 392 2736 'Prehendi
402 2712 510 2736 hminem
522 2711 611 2745 yuffit]
636 2712 677 2737 lta
687 2708 880 2740 Coloni-ensem
900 2708 995 2735 melius
1010 2708 1090 2744 quam
1097 2715 1146 2741 pu-

194 2748 307 2772 b.'.¹ramm
316 2748 480 2779 comprehendi.
500 2754 526 2772 at
537 2747 604 2772 Pali.
615 2747 766 2779 afprthendi.

234 2790 258 2815 ς,
278 2786 336 2806 Cum
345 2784 394 2815 effa
401 2784 538 2814 produi‘lus,
548 2783 577 2813 ῥ’
587 2792 637 2807 cum
645 2790 719 2807 tetum
728 2782 833 2816 fuistin]
856 2780 985 2807 Pub'icati
995 2779 1147 2813 adjecerant

194 2823 204 2842 t
214 2820 264 2849 ,βυτ
286 2817 327 2842 sal
338 2827 366 2843 ea
379 2827 428 2844 vox
440 2828 491 2845 non
502 2827 637 2853 comparet
655 2819 680 2844 in
693 2817 749 2844 mis.
761 2819 814 2844 ‘imo
828 2817 885 2843 Pal.
895 2816 944 2843 sec.
964 2817 991 2842 ἃ
1002 2823 1090 2852 quart.
1101 2814 1148 2841 ad-

195 2854 246 2879 huc
260 2852 385 2886 abjiciunt
407 2858 456 2880 trem
469 2875 476 2886 ,
501 2856 611 2881 merline
633 2854 749 2881 volente.
768 2853 912 2881 eorundem
924 2861 1011 2880 tamen
1029 2852 1144 2887 aliquot,

195 2890 331 2921 pcr.x'u[lm.

231 2933 260 2957 4.
280 2927 627 2961 Dumisti'mqueimmanitate]
646 2926 688 2952 Sic
698 2925 779 2952 malui
798 2935 857 2952 cum
868 2924 931 2951 Col.
950 2925 977 2951 ὃ(
989 2924 1102 2951 aliorum
1114 2922 1148 2949 li-

197 2964 250 2991 bri,-
267 2985 274 2997 ‚
291 2974 369 3001 quart.
389 2968 572 2992 inhumanitate.
592 2967 677 2994 neseio
695 2967 765 2993 enim
785 2964 919 3002 quomodo
939 2961 1150 3003 wey-valanda

199 3004 302 3030 iuuriot
313 3004 358 3030 est.

238 3049 262 3072 5·
283 3040 470 3072 optisvu'bomim}
483 3041 568 3074 μὲι]
589 3043 629 3068 Ita
643 3042 710 3068 Pall.
722 3042 801 3069 nostri
813 3042 948 3068 meliores.
967 3050 1025 3068 nam
1037 3039 1148 3067 Lambi-

198 3085 319 3106 ημειιιιη,
330 3078 380 3100 vim
390 3084 565 3108 0;‹11n::,1'eat:.t
577 3085 678 3103 tantum
691 3079 716 3104 iii
728 3086 797 3105 noto:
808 3077 926 3104 secundm
937 3077 1022 3104 libris.

231 3112 259 3137 6⁴
270 3116 297 3137 'Tc
305 3122 330 3137 m
340 3112 435 3137 invi-dia
444 3114 483 3144 effi
495 3119 634 3145 :syrannum
643 3117 783 3146 existimari,
793 3115 860 3149 dun]
873 3114 979 3140 Proestsslt
990 3111 1056 3139 istud
1068 3112 1147 3147 longi:

195 3147 304 3184 vulgato
314 3158 322 3179 3
344 3156 364 3173 :c
374 3150 398 3173 m
406 3149 489 3173 mimse
498 3156 622 3182 tyrannusn-
632 3151 697 3183 cxffl.
713 3149 846 3185 quomodo
857 3151 884 3177 &
895 3150 922 3178 iii
935 3149 1018 3178 tribus
1029 3149 1079 3177 suis
1091 3147 1148 3177 inis·

1187 2635 1251 2669 legi,
1263 2633 1363 2695 diidffiiii
1374 2632 1501 2660 indicavit
1513 2632 1620 2662 Medius
1632 2632 1748 2668 Epistola
1758 2642 1861 2660 cxxxi.
1880 2634 2028 2670 habentque
2038 2634 2143 2670 aliquot

1187 2671 1406 2741 et131nllnafibnma
1418 2706 1498 2738 populi
1506 2705 1586 2739 Rom]
1610 2703 1690 2730 Haud
1700 2704 1778 2731 aliter
1788 2698 1893 2741 quoque
1903 2705 1970 2732 Pall.
1982 2704 2073 2732 nostri.
2093 2704 2141 2731 nis‘i

1188 2741 1258 2778 quod
1269 2742 1369 2778 primus
1388 2751 1441 2768 non
1451 2739 1573 2776 agnoleat
1591 2742 1667 2774 populi
1675 2743 1739 2766 Rom.
1749 2741 1821 2777 prius
1832 2740 1919 2768 cxcufi
1930 2760 1939 2774 ‚
1957 2743 1984 2766 in
2002 2750 2081 2766 umma
2090 2744 2141 2766 ru·-

1183 2780 1252 2812 publ.
1275 2777 1345 2814 quod
1356 2777 1475 2812 alioquin
1488 2786 1540 2803 uon
1552 2776 1704 2812 spreverim.

1224 2815 1251 2841 8.
1271 2816 1467 2848 Ci'emcnnffimum
1475 2815 1501 2839 in
1510 2815 1613 2838 vii‘loria
1623 2812 1754 2846 ducimus]
1777 2813 1820 2838 Sic
1829 2812 1949 2848 plerique
1960 2811 2028 2838 Pali.
2043 2812 2070 2838 Sc
2081 2812 2138 2839 Co-

1187 2850 1298 2878 lonieus.
1309 2859 1368 2877 iiam
1380 2848 1495 2884 vulgati,
1515 2850 1705 2881 clemenrtffmum
1713 2851 1739 2873 in
1750 2851 1854 2874 viHoria
1862 2849 1971 2873 videmur
1980 2848 2067 2873 ducem.

1221 2900 1250 2926 9.
1270 2891 1365 2917 Furoris
1383 2891 1492 2916 mamam
1503 2889 1659 2923 fitstinucrar.
1670 2888 1684 2922 ]
1706 2889 1747 2915 Ita
1766 2889 1888 2915 meliores
1908 2888 1975 2915 1³:111.
1995 2888 2140 2916 deteriores

1188 2929 1260 2954 enini
1271 2929 1381 2953 mamam
1393 2927 1512 2960 subierat.
1534 2932 1560 2951 at
1570 2925 1597 2951 in
1608 2924 1683 2950 nullo
1693 2925 1777 2965 reperi
1789 2924 1991 2951 Lambini-inum
2002 2924 2069 2950 illud
2080 2926 2142 2950 mu!-

1189 2971 1279 2995 mram,
1290 2963 1337 2990 nisi
1348 2963 1374 2988 in
1385 2971 1447 2988 uno.
1469 2960 1630 2987 Gulielmius
1640 2959 1795 2994 conjiciebat
1804 2961 1947 2995 multamfiu'
1955 2963 2056 2993 tulerat,
2070 2959 2142 2996 quod

1187 2998 1325 3026 invenisset
1336 2999 1362 3024 in
1373 2997 1615 3030 Colon.fi‹stulerar.

1231 3040 1311 3066 10.Ab
1322 3039 1427 3064 omnihus
1436 3040 1496 3063 enim
1505 3037 1539 3062 his
1549 3044 1648 3062 ornatur
1657 3036 1716 3071 effi]
1729 3037 1771 3063 Sic
1782 3035 1958 3072 Pall.quidmn
1969 3046 2053 3073 neque
2064 3037 2142 3064 aliter

1190 3074 1343 3103 Colonicns.
1354 3075 1434 3109 quam
1445 3072 1516 3109 quod
1526 3074 1559 3104 is,
1570 3075 1600 3099 ab
1609 3075 1713 3098 omni—'hm
1723 3075 1757 3099 cf!
1766 3075 1826 3098 enim
1835 3074 1863 3098 iis
1872 3080 1981 3098 ornatus.

1229 3121 1238 3138 1
1249 3121 1269 3138 ι.
1287 3112 1336 3143 Q·
1344 3109 1436 3143 quidem
1445 3113 1520 3137 animo
1530 3119 1580 3136 cnm
1591 3116 1662 3136 antea
1674 3110 1752 3144 ficia]
1773 3109 1846 3137 Male
1857 3108 1915 3136 heic
1927 3108 2026 3145 vulgati
2039 3108 2142 3140 ,ji-mir,

1191 3148 1218 3174 ὃς
1231 3154 1323 3174 contra
1335 3144 1394 3173 mis.

2005 3188 2026 3205 t.
2037 3179 2141 3212 Qunam

2155 1957 2201 1991 14
