2347 3385
173 1987 214 2022 13

239 147 334 195 174
664 129 1160 181 MTvLLu

233 217 333 247 lcmus
346 214 452 247 Latine
464 235 472 249 ‚
494 218 502 235 ¹
516 214 618 246 Graece
637 213 824 255 appellantur
842 207 990 248 §tp-alnos.
1022 209 1193 252 Praepofitio

235 261 319 289 enirn
333 269 370 289 m
380 279 388 291 ‚
398 260 494 299 privat
502 258 629 288 verbum
639 267 671 286 ea
680 257 710 286 vi
722 277 730 290 ,
742 255 834 298 quim
845 255 965 286 haberet
973 274 981 288 ,
999 252 1019 283 fi
1031 263 1068 284 {N
1079 263 1195 294 praepo-

234 300 324 332 situm
336 311 398 331 non
410 299 522 330 suiss'et:
536 309 569 330 ut
577 299 701 339 dignitas
712 319 719 331 ,
733 298 906 338 inclignitas3
919 297 1082 325 humanitas
1091 317 1100 329 ,
1113 296 1196 325 inhu-

234 351 360 372 manitas
369 364 377 377 ‚
401 343 433 372 δε
442 351 536 372 cetera
546 342 661 383 generis
672 339 818 379 ejusdcm.
850 342 992 381 Qorum
1009 337 1143 368 metatio
1154 336 1196 367 cst

233 384 351 418 eadem,
362 395 428 426 quae
439 384 637 423 superiorum,
649 392 716 423 quae
725 381 843 412 adversa
852 381 928 412 dixi.
958 383 1040 411 Nam
1049 380 1108 411 alia
1115 390 1193 421 quo-

233 436 292 467 que
303 427 369 457 sunt
377 428 596 456 contrariorum
611 434 734 465 genera,
756 423 839 453 velut
855 434 903 457 ea,
920 433 986 464 quae
1001 432 1073 453 cum
1091 421 1194 463 aliquo

233 467 447 498 conferuntur:
459 466 637 506 utduplum,
648 465 791 506 simplum
804 477 808 494 :
818 466 923 499 multa,
935 475 1025 505 pauca
1035 475 1039 493 :
1049 464 1191 506 longum,

235 509 324 540 breve
335 511 578 548 :niajusffninus¹
603 512 617 527 ²
626 511 702 538 Sunt
712 510 803 538 etiam
814 508 864 539 illa
874 507 960 538 valde
967 507 1192 546 contrai·ia‚quae

233 554 421 594 appellantur
428 555 575 596 negantia.
598 563 631 583 ea
640 549 814 587 ΧπιφειἿωςςὶ
824 554 920 583 Graeci
929 572 937 586 ‚
957 552 1104 582 contraria
1112 551 1195 589 ajeii-

233 596 330 626 tibus:
343 605 391 629 ut,
404 597 495 626 S1l.·oc
505 594 547 625 est
557 616 564 629 ‚
578 594 654 626 illud
666 605 729 625 non
739 594 791 625 est.
816 594 898 636 Qud
908 596 992 624 enim
1004 602 1079 633 opus
1089 601 1194 622 exem-

231 638 286 681 plo
295 637 336 668 est
347 641 358 667 ?
376 637 494 667 tantum
506 637 690 680 intelligutur·
701 658 709 670 ‚
731 633 911 679 argumento
920 635 1082 678 quaerendo
1092 654 1100 668 ‚
1120 643 1195 664 con-

232 682 330 710 trariis
340 690 391 710 om
397 680 486 709 nibus
494 682 642 710 conti-aria
652 689 716 709 non
727 681 903 709 convenire.
928 678 976 708 Ab
983 675 1134 717 adjunCtis
1143 686 1195 705 au-

235 731 297 752 tem
308 722 394 762 posui
404 721 547 762 equidem
557 721 735 761 exemplum
749 721 851 761 paullo
861 720 929 750 ante
943 741 951 753 ,
973 719 1069 749 multa
1086 717 1198 748 scilicet

233 764 356 806 adjungi
368 784 375 797 ,
386 773 452 804 quae
463 763 647 803 suscipienda
657 761 750 792 efl'ent
759 783 767 796 ‚
789 761 808 792 fi
818 760 1018 792 statuiss'emus
1027 781 1035 794 ,
1046 770 1084 790 ex
1094 758 1195 789 edisto

234 806 399 836 secundum
409 815 456 836 eas
465 805 577 836 tabulas
588 803 798 845 possessionem
808 804 880 837 dari,
894 814 966 845 quas
977 805 1001 833 is
1010 799 1192 838 instituisset,

232 849 282 878 cui
301 847 472 878 testamenti
490 846 582 877 factio
602 846 685 876 nulla
700 845 781 876 ess'et.
814 846 869 876 Sed
884 846 967 875 locus
983 846 1032 874 hic
1049 845 1144 884 magis
1162 842 1197 872 ad

231 888 466 928 'comeditur-aleis
476 889 584 922 causas,
594 898 659 930 quae
670 888 822 918 versantur
831 887 1003 927 injudiciis,
1015 886 1093 916 valet
1104 895 1108 913 z
1119 883 1192 915 cum

233 933 394 972 quaeritur,
404 931 476 972 quid
487 939 536 960 aut
544 929 577 960 sit
586 951 593 964 ‚
612 939 662 960 aut
676 932 827 963 evenerit,
847 937 897 959 aut
905 928 1041 959 futurum
1050 925 1084 957 fit
1093 947 1100 960 ‚
1124 936 1174 956 aut
1186 946 1194 960 ‚

228 972 307 1015 *quid
317 975 448 1003 omnino
459 971 523 1002 fieri
532 971 628 1012 poffit.
652 972 759 1001 Atloci
767 971 891 1012 quidem
901 969 990 1011 ipsius
1002 969 1117 1002 forma,
1129 968 1196 998 talis

235 1015 285 1046 est.
305 1015 461 1045 Admonet
469 1023 567 1045 autem
578 1015 626 1044 hic
636 1014 733 1047 locus,
747 1023 778 1043 ut
787 1022 945 1053 quaeratur,
955 1011 1029 1053 quid
1038 1020 1106 1041 ante
1116 1020 1191 1043 rem,

232 1057 307 1099 quid
315 1067 386 1087 cum
397 1066 426 1086 re
436 1076 444 1090 >
456 1056 529 1097 quid
540 1054 607 1096 post
616 1065 680 1085 rem
691 1057 834 1084 evenerit.
858 1054 946 1083 Nihil
963 1056 1011 1083 hoc
1027 1053 1139 1091 adj1153
1159 1051 1194 1082 ad

234 1102 426 1132 Ciceronem,
440 1098 578 1138 inquibat
588 1097 691 1128 Gallus
701 1096 811 1130 noster,
819 1095 838 1126 sl
848 1099 916 1138 quis
927 1095 962 1126 ad
974 1106 1044 1125 eum
1055 1095 1112 1125 tale
1121 1093 1195 1134 quid

232 1141 383 1174 retulerat,
395 1149 427 1170 ut
436 1139 473 1169 de
483 1139 562 1170 {atsto
571 1147 763 1180 quaereretur.
787 1146 928 1168 tutamen
937 1139 1056 1178 patiere,
1070 1136 1191 1166 nullum

231 1182 250 1223 ᾗ
262 1193 312 1212 me
321 1185 391 1212 artis
399 1180 543 1211 institutae
554 1182 657 1211 locum
667 1182 808 1221 praeteriri
821 1201 828 1213 ‚
848 1190 887 1210 ne
898 1178 919 1208 si
929 1179 1025 1211 nihil,
1046 1176 1102 1208 nifi
1111 1177 1194 1217 quod

232 1224 268 1255 ad
279 1233 307 1254 te
317 1225 463 1264 pertineat
473 1244 481 1257 ‚
501 1222 691 1253 scribendum
706 1223 817 1262 putaris
827 1242 835 1255 ,
859 1223 994 1252 nimium
1003 1228 1032 1249 te
1041 1228 1139 1249 amare
1147 1220 1196 1247 vi-

233 1266 330 1297 deare.
362 1263 414 1296 Est
430 1267 521 1306 igitur
531 1275 637 1305 magna
648 1274 685 1294 ex
695 1272 775 1304 parte
785 1263 870 1293 locus
886 1264 934 1292 hic
945 1263 1091 1292 oratorius
1103 1281 1111 1294 ,
1130 1270 1195 1289 non

233 1306 331 1338 modo
350 1318 416 1337 non
433 1307 718 1348 jurisconsultorum
730 1325 738 1339 ‚
762 1304 811 1335 scd
820 1315 857 1334 ne
867 1304 1118 1345 philosophorum
1127 1303 1195 1342 qui-

230 1349 317 1381 dem.
340 1352 427 1378 Ante
443 1359 500 1377 rem
513 1350 595 1378 enim
608 1356 795 1389 quaerunrur,
817 1357 883 1387 quae
892 1346 961 1376 talia
970 1346 1055 1378 sunt,
1077 1354 1194 1384 appani-

232 1401 292 1425 tus,
301 1392 464 1432 colloquia,
477 1391 574 1423 locus,
587 1389 798 1422 constitutum,
811 1390 1002 1419 convivium.
1026 1390 1096 1416 Cum
1105 1396 1132 1415 re
1142 1395 1194 1416 au-

232 1442 296 1464 tem
309 1453 317 1467 ‚
326 1433 439 1473 pedum
448 1434 577 1472 crepitus
588 1453 595 1465 ,
614 1430 752 1471 strepitus
761 1428 926 1460 hominum
936 1449 943 1463 ,
953 1438 1116 1469 corporum
1126 1438 1195 1457 urn-

233 1475 293 1506 brae
304 1495 311 1509 ,
328 1475 360 1505 &
369 1473 389 1504 si
398 1474 471 1515 quid
481 1473 642 1514 ejusmodi.
666 1470 777 1515 Arpos}
788 1483 842 1501 rem
854 1493 862 1506 .
873 1472 981 1505 rubor,
995 1471 1108 1511 pallor,
1123 1472 1196 1500 titu-

233 1517 363 1551 batio‚&
373 1515 452 1557 siqua
458 1516 514 1546 alia
524 1514 601 1557 figna
610 1514 901 1548 conturbationis2&
910 1513 1109 1544 conscientiae:
1121 1522 1196 1552 prae-

234 1567 314 1590 terea
330 1557 488 1588 restineius
498 1559 576 1599 ignis
584 1577 593 1591 ,
603 1556 717 1599 gladius
725 1566 867 1586 cruentus
877 1576 885 1589 ,
895 1563 1059 1596 ceteraque,
1071 1564 1136 1596 quae
1148 1554 1195 1584 su-

232 1598 404 1640 spicionem
414 1598 483 1639 faffi
494 1597 616 1639 poss'unt
625 1608 758 1628 movere.
795 1599 947 1637 Deinceps
956 1596 998 1627 est
1010 1597 1094 1626 locus
1104 1596 1196 1626 diale-

235 1642 386 1673 eticorum
397 1643 535 1682 proprius
545 1651 583 1670 ex
591 1639 846 1681 consequentibus
857 1660 866 1673 ,
887 1639 919 1669 ὃς
934 1638 1177 1670 antecedentibus
1186 1657 1194 1671 ,

232 1682 271 1715 ’δε
281 1683 525 1725 repugnantibus,
537 1684 590 1723 qui
600 1684 690 1713 etiam
699 1682 735 1712 ab
744 1681 779 1712 ad
779 1682 790 1721 j
796 1681 895 1711 unEtis
904 1681 994 1721 longe
1003 1680 1136 1711 diversus
1144 1679 1195 1709 est.

233 1723 309 1757 'nam
317 1724 457 1762 adiunrila
466 1744 474 1758 ,
485 1724 522 1755 de
529 1724 640 1764 quibus
648 1724 750 1764 paullo
758 1723 827 1753 :inte
836 1722 955 1753 dietum
965 1722 1007 1752 est
1015 1743 1022 1756 ,
1044 1731 1109 1752 non
1118 1722 1197 1752 sem—

233 1765 288 1810 ⁵per
296 1769 456 1798 eveniunt:
477 1767 691 1807 consequentia
700 1774 800 1795 autem
813 1765 936 1805 semper.
969 1767 1011 1795 Ea
1028 1766 1113 1794 enirn
1129 1763 1197 1794 dico

233 1809 448 1850 consequentia
460 1829 467 1841 ,
486 1818 552 1849 quae
561 1817 625 1837 rem
635 1805 796 1837 necessario
804 1808 1040 1847 consequuntur.
1063 1807 1199 1846 itemque

235 1850 271 1882 &
281 1850 485 1881 antecedentia
495 1870 502 1884 ‚
516 1850 762 1890 &repugnantia.
785 1848 933 1889 quidquid
950 1850 1034 1878 enim
1051 1847 1200 1877 antecedit

235 1902 389 1934 quamque
397 1902 460 1922 rem
470 1912 478 1926 ‚
496 1891 527 1922 id
535 1892 666 1921 cohaeret
672 1900 743 1921 curn
754 1900 784 1920 re
793 1888 955 1920 necessin-io
966 1901 970 1919 :
988 1889 1021 1920 ὃς
1029 1910 1037 1923 ,
1047 1889 1196 1930 quidquid

235 1942 395 1976 repugnat,
411 1933 442 1964 id
453 1932 603 1973 ejusmodi
620 1931 678 1966 est,
698 1941 732 1962 ut
749 1933 896 1962 cohaerere
913 1941 1083 1973 numquam
1100 1929 1196 1971 possit.

237 1979 317 2007 cum
326 1977 474 2016 tripertito
482 1976 574 2017 igitur
583 1973 775 2004 distribuatur
784 1974 867 2004 locus
877 1975 926 2003 hic
935 1994 944 2007 ‚
965 1976 997 2003 in
1008 1973 1198 2003 consecutio-

237 2029 310 2049 nem
320 2038 329 2052 ,
339 2015 569 2047 anteceffionem
580 2036 588 2049 ,
599 2017 836 2057 repugnantiam,
854 2015 1200 2056 reperiendiargumenti

236 2061 323 2091 locus
335 2058 461 2099 simplex
470 2058 522 2092 est,
535 2057 678 2088 traEuindi
692 2057 808 2097 triplex.
828 2056 980 2097 namquid
990 2055 1197 2090 intercst‚cum

237 2103 297 2133 hoc
307 2101 446 2132 sumseris
455 2120 463 2134 ‚
472 2100 623 2142 pecuniam
637 2107 824 2129 numeratam
835 2099 957 2129 mulieri
967 2098 1082 2132 deberi,
1106 2099 1156 2128 cui
1166 2097 1200 2128 sit

237 2153 334 2174 omne
344 2151 499 2184 argentum
511 2142 640 2182 legatum
652 2161 660 2174 ‚
671 2139 774 2170 utrum
790 2141 847 2170 hoc
863 2139 959 2169 modo
974 2140 1136 2170 concludas
1151 2149 1196 2169 ar-

234 2191 432 2227 gumentum:
444 2184 464 2213 S
468 2184 477 2211 i
482 2183 603 2224 pecunia
614 2181 632 2211 fi
655 2190 730 2215 nata,
741 2189 897 2223 argentum
906 2180 948 2210 est
959 2192 963 2209 :
978 2181 1070 2221 legata
1078 2180 1120 2211 est
1129 2190 1198 2210 rnu-

236 2228 317 2257 lieri.
337 2224 380 2256 est
388 2233 489 2255 autem
496 2226 623 2265 pecunia
632 2193 739 2265 fignata
747 2231 904 2263 argentum
915 2232 920 2250 z
932 2222 1024 2263 legata
1034 2223 1132 2263 igitur.
1151 2224 1200 2251 An

237 2269 294 2300 illo
305 2267 421 2298 modo?
438 2267 471 2296 Si
481 2273 628 2295 numerata
646 2267 773 2305 pecunia
783 2284 791 2298 ‚
814 2274 877 2294 non
894 2263 937 2294 est
953 2265 1061 2304 legata,
1085 2273 1149 2293 non
1160 2262 1201 2292 est

239 2317 398 2341 numerata
414 2309 541 2347 pecunia
551 2316 716 2349 argentum.
742 2305 784 2336 est
793 2314 895 2336 autem
907 2313 1061 2335 numerata
1076 2306 1203 2345 pecunia

237 2360 415 2393 argentum:
434 2350 526 2391 legata
535 2351 626 2390 igitur
634 2348 686 2379 estr
710 2348 824 2378 Anillo
833 2347 942 2377 modo?
958 2349 1022 2376 Non
1035 2346 1202 2387 &legatum

237 2402 398 2435 argentum
408 2391 450 2422 est
460 2412 468 2425 ‚
481 2392 513 2421 δε
521 2401 586 2421 non
596 2389 638 2420 est
646 2391 738 2431 legata
746 2399 900 2419 numerata
908 2390 1035 2429 pecunia
1045 2398 1050 2417 z
1070 2389 1201 2428 legatum

239 2444 341 2467 autern
359 2442 516 2475 argentum
540 2431 582 2463 est
593 2443 597 2461 :
616 2433 709 2473 legata
727 2433 817 2473 igitur
834 2438 990 2461 numerata
1007 2432 1134 2470 pecunia
1148 2429 1201 2459 est.

241 2476 403 2517 Appellant
418 2483 520 2505 autem
531 2473 681 2505 dialefilici
692 2483 756 2503 eam
767 2472 994 2503 conclufionein
1010 2473 1197 2513 argumenti,

240 2520 277 2549 in
285 2528 342 2559 qua
350 2538 360 2551 ‚
371 2515 443 2547 cum
451 2518 587 2557 primum
597 2514 763 2546 ass'umseris
772 2535 780 2549 ‚
790 2515 984 2556 consequitur
998 2514 1028 2544 id
1037 2533 1045 2548 ,
1057 2513 1138 2554 quod
1150 2523 1204 2546 an—

238 2566 361 2591 'nexum
372 2558 415 2589 est
424 2578 432 2592 ,
443 2560 578 2598 primum
587 2555 791 2589 conclusionis
801 2556 939 2586 modum.
963 2555 1042 2586 Cum
1053 2556 1083 2585 id
1093 2575 1101 2589 ‚
1120 2554 1202 2596 quod

239 2600 400 2633 annexum
409 2600 451 2630 est
462 2620 470 2633 ‚
483 2602 597 2642 negaris
607 2619 615 2633 ‚
635 2607 669 2629 ut
677 2598 708 2629 id
719 2609 841 2640 quoque
850 2619 859 2632 ,
878 2600 926 2628 cui
934 2597 1026 2628 fuerit
1035 2606 1200 2630 annexum,

238 2642 419 2685 ‘negandum
437 2640 470 2671 sit
487 2662 495 2675 ‚
514 2641 660 2672 secundus
676 2641 841 2682 appellatur
857 2638 1059 2671 concludendi
1076 2638 1200 2669 modus.

244 2685 326 2716 Cum
337 2692 437 2715 autem
450 2683 548 2725 aliqua
566 2684 730 2723 conjuncta
748 2684 880 2724 negaris,
903 2682 936 2712 &
951 2682 999 2711 his
1014 2682 1070 2712 alia
1087 2682 1205 2722 negatio

243 2727 344 2758 rursus
352 2726 524 2767 adjungitur
533 2745 540 2759 ‚
552 2725 631 2755 &ex
641 2726 688 2754 his
695 2726 831 2764 primurn
843 2724 980 2754 sumseris
988 2743 996 2757 ,
1008 2732 1057 2756 ut,
1067 2723 1149 2764 quod
1159 2732 1206 2752 re-

245 2768 397 2809 linquitur
405 2788 413 2801 ‚
433 2767 606 2797 tollendum
621 2765 670 2797 fit:
687 2768 713 2795 is
722 2768 825 2796 tertius
834 2766 997 2806 appellatur
1004 2763 1207 2795 conclusionis

246 2809 371 2840 modus.
397 2812 444 2840 Ex
461 2810 520 2838 hoc
531 2809 581 2838 illa
591 2809 746 2838 rhetorum
760 2808 827 2838 sunt
837 2818 874 2837 ex
881 2808 1038 2838 contrariis
1048 2806 1188 2837 conclusa
1196 2826 1205 2840 ‚

243 2862 312 2893 quae
324 2850 376 2891 ipsi
386 2851 590 2892 enthymemata
599 2850 748 2890 appellant
758 2860 763 2878 :
787 2860 851 2880 non
859 2847 941 2890 quod
950 2858 1015 2879 non
1025 2850 1129 2879 omnis
1139 2848 1205 2878 sen-

246 2895 340 2924 tentia
348 2913 355 2926 ,
376 2894 497 2933 proprio
514 2893 642 2921 nornine
657 2892 853 2931 enthymema
862 2893 992 2924 dicatur,
1013 2890 1060 2921 sed
1070 2910 1078 2924 ,
1095 2898 1128 2920 ut
1137 2892 1205 2920 Ho-

241 2938 348 2965 'merus
355 2943 476 2975 propter
483 2933 694 2963 excellentiam
704 2953 711 2967 ‚
724 2943 890 2967 commune
899 2934 1056 2974 poetarum
1067 2942 1183 2963 nomen
1193 2953 1202 2968 ,

1240 126 1769 179 C1cnn0n1s

1239 212 1332 245 efficit
1339 215 1416 256 apud
1426 218 1546 247 Graecos
1554 216 1641 247 suum
1653 226 1658 245 :
1676 214 1714 247 fic
1723 236 1731 250 ‚
1753 213 1825 246 cum
1842 211 1946 246 omnis
1962 212 2109 246 sententia
2117 232 2126 249 ‚
2143 221 2200 247 en·

1238 257 1395 297 thymema
1404 258 1518 289 dicatur
1527 279 1535 294 ,
1552 261 1622 300 quia
1631 257 1750 289 videtur
1760 268 1792 288 ea
1802 278 1810 292 ‚
1830 267 1896 298 quae
1908 267 1947 288 ex
1955 258 2113 288 contrariis
2122 267 2198 288 con-

1239 297 1356 330 ficiatur
1365 321 1373 334 ‚
1395 299 1576 335 acutiffima,
1597 301 1657 331 sola
1666 300 1787 341 proprie
1796 309 1913 330 nomen
1925 308 2092 330 commune
2105 297 2197 339 poffi-

1239 340 1299 371 det.
1324 343 1396 382 Ejus
1405 345 1522 383 generis
1532 344 1595 374 haec
1603 343 1680 373 sunt.
1704 362 1725 376 ‚,
1738 344 1820 371 Hunc
1828 349 1958 376 meruere,
1970 341 2091 371 alterum
2101 342 2130 370 in
2139 350 2200 370 me-

1239 390 1272 412 tu
1282 394 1333 413 non
1341 393 1447 427 ponere.
1480 404 1502 419 2,
1516 387 1589 414 Eam
1599 406 1607 419 ‚
1629 394 1718 426 quam
1736 384 1809 413 nihil
1822 384 1934 424 accusas
1944 405 1953 416 ,
1972 384 2107 413 damnas:
2128 385 2202 412 Bene

1238 435 1326 465 quam
1343 427 1475 455 meritam
1493 426 1542 464 effe
1559 434 1694 456 autumas
1703 447 1712 459 ,
1733 425 1798 455 dicis
1806 425 1879 455 male
1889 426 1996 455 mereri.
2028 445 2049 459 ‚,
2060 425 2111 458 Id,
2125 423 2202 466 quod

1232 467 1283 506 scis
1293 488 1300 500 ,
1308 467 1420 509 prodes?
1430 468 1517 497 nihil:
1536 469 1566 498 id
1574 490 1582 502 ‚
1594 468 1670 510 quod
1677 467 1772 507 nescis,
1787 466 1875 497 obest.
1899 469 1969 497 Hoc
1977 466 2137 497 differendi
2147 476 2199 508 ge-

1238 518 1296 538 nus
1305 511 1425 551 attingit
1435 511 1567 540 omnino
1577 510 1685 540 vestras
1693 519 1814 550 quoque
1824 511 1857 539 in
1873 508 2081 549 respondendo
2095 508 2198 549 dispu-

1236 552 1368 587 tationes,
1375 562 1380 581 :
1398 551 1446 582 sed
1454 552 1707 593 philosophorum
1716 552 1812 592 magis
1821 562 1830 585 3
1840 551 1951 591 quibus
1965 549 2008 580 est
2016 560 2088 581 cum
2098 558 2198 581 orato-

1236 592 1318 622 ribus
1326 593 1378 623 illa
1386 603 1424 623 ex
1434 594 1669 635 repugnantibus
1680 593 1836 623 sententiis
1845 593 2023 623 communis
2031 590 2199 627 conclufio,

1238 644 1304 676 quae
1321 634 1337 665 {i
1354 634 1520 665 dialeEticis
1532 638 1636 666 tertius
1647 634 1758 665 modus
1767 654 1775 668 ‚
1796 634 1992 665 arhctoribus
2001 634 2198 674 enthymema

1238 686 1439 717 nuncupatur.
1464 678 1589 719 Reliqui
1599 676 1828 708 dialecticorum
1837 675 2033 716 modiplures
2042 676 2127 710 sunt,
2143 676 2200 717 qui

1238 727 1277 748 ex
1286 718 1342 759 disj
1348 719 1546 750 unffionibus
1555 719 1693 750 constant
1704 730 1711 749 ι
1721 726 1775 748 aut
1783 719 1840 752 hoc,
1851 726 1901 748 aut
1908 717 1986 748 illud
1997 718 2071 748 :hoc
2078 726 2198 748 autem:

1238 769 1303 790 non
1312 762 1401 802 igitur
1409 761 1496 792 illud.
1519 763 1659 803 Itemque
1669 781 1677 795 ‚
1695 768 1749 790 aut
1758 761 1808 790 hoc
1816 781 1825 794 ,
1843 768 1893 790 aut
1901 759 1979 790 illud
1991 770 1997 789 ι
2016 769 2081 789 non
2095 767 2198 790 autem

1239 803 1297 832 hoc
1310 813 1314 831 :
1326 803 1402 833 illud
1413 805 1514 845 igitur.
1529 805 1604 846 Qae
1612 802 1822 834 conclusiones
1832 801 1946 832 idcirco
1955 809 2022 832 ratae
2031 798 2211 842 sunnqubd

1238 846 1276 873 IN
1293 854 1328 874 DI
1336 854 1543 883 sJoNCi-ioNE
1558 846 1625 886 plus
1637 855 1700 876 uno
1710 855 1816 875 verum
1825 842 1882 874 effe
1892 853 1958 874 non
1967 842 2073 884 potest.
2097 845 2200 884 Atque

1237 888 1320 916 exiis
1330 885 1574 922 conclusionibus
1584 897 1656 928 quas
1668 886 1750 927 supra
1762 884 1857 926 scripsi
1868 905 1876 919 ‚
1886 887 1985 926 prior,
1995 894 2117 927 quartus
2127 895 2132 914 :
2143 894 2202 925 po-

1238 926 1352 962 sterior,
1368 930 1493 969 quintus
1503 927 1518 959 a
1528 928 1692 959 dialesticis
1702 929 1813 959 modus
1822 927 1994 968 appellatur,
2016 926 2139 957 Deinde
2147 925 2201 956 ad-

1235 969 1313 1000 dunt
1320 970 1578 1009 conjumffionum
1590 972 1760 1012 negantiam
1770 991 1778 1004 ‚
1792 968 1830 1001 fic
1840 981 1845 999 ;
1861 971 1927 998 Non
1936 969 1971 1002 φ’
1980 969 2038 1000 hoc
2048 967 2090 998 est
2099 988 2110 1002 ,
2119 968 2152 998 ὃς
2161 967 2202 998 11-

1237 1011 1289 1041 lud
1302 1023 1306 1041 :
1325 1013 1384 1043 hoc
1399 1020 1465 1042 aute
1473 1022 1519 1042 m:
1539 1023 1605 1043 non
1615 1015 1706 1054 igitur
1716 1012 1803 1043 illud.
1827 1012 1877 1042 hic
1894 1010 2006 1041 modus
2024 1009 2066 1041 est
2085 1010 2199 1041 sextus.

1235 1055 1388 1093 Septimus
1397 1062 1499 1085 autem
1510 1075 1518 1089 ‚
1543 1057 1607 1083 Non
1619 1055 1653 1087 &a
1663 1055 1738 1088 hoc,
1761 1054 1795 1084 &
1805 1053 1901 1084 illud:
1923 1063 1988 1083 non
2005 1060 2106 1082 autem
2124 1053 2202 1082 hoc:

1235 1095 1311 1125 illud
1323 1097 1424 1136 igitur.
1457 1099 1504 1127 Ex
1513 1097 1560 1126 his
1571 1096 1672 1126 modis
1682 1095 1890 1127 conclusiones
1899 1093 2138 1127 innumerabiles
2147 1102 2203 1124 na-

1236 1137 1372 1170 scuntur,
1389 1139 1422 1174 in
1433 1147 1494 1178 quo
1507 1137 1548 1168 est
1559 1137 1622 1167 fere
1634 1146 1695 1168 tota
1705 1136 1871 1167 dialectica.
1895 1135 1951 1166 Sed
1962 1146 2000 1166 ne
2010 1145 2051 1165 eae
2061 1135 2202 1176 quidem,

1234 1188 1306 1219 quas
1319 1180 1462 1219 exposui,
1476 1179 1511 1209 ad
1522 1180 1599 1210 hanc
1609 1178 1835 1209 institutionem
1845 1178 1914 1209 sunt
1922 1175 2096 1208 necess‘ariae.
2127 1179 2202 1208 Pro-

1235 1221 1341 1249 ximus
1352 1219 1487 1250 estlocus
1503 1230 1605 1250 rerum
1623 1218 1823 1250 efficientium
1835 1240 1842 1253 ‚
1862 1230 1928 1261 quae
1939 1219 2032 1250 caufae
2047 1219 2202 1290 appellan-

1234 1269 1298 1292 tur:
1320 1261 1429 1292 deinde
1442 1272 1543 1292 rerum
1554 1260 1728 1292 effe-&arum
1739 1262 1775 1292 ab
1786 1261 1989 1292 efficientibus
2004 1271 2056 1292 cau
2070 1271 2104 1291 is.
2136 1263 2200 1292 Ha-

1234 1312 1302 1333 rum
1314 1304 1467 1344 exemphr,
1482 1313 1515 1334 ut
1526 1305 1712 1345 reliquorum
1724 1304 1862 1334 locorum
1876 1324 1884 1337 ‚
1902 1303 2005 1343 paullo
2014 1302 2084 1333 ante
2093 1302 2199 1343 posui,

1236 1346 1269 1376 &
1278 1344 1403 1386 quidem
1416 1356 1453 1376 ex
1457 1347 1468 1386 j
1473 1356 1525 1376 ure
1537 1346 1639 1376 civili:
1660 1346 1708 1376 sed
1719 1347 1782 1376 haec
1791 1354 1893 1386 patent
1902 1343 2004 1376 latius.
2037 1345 2198 1375 Causarum

1235 1389 1326 1428 igitur
1330 1397 1440 1437 genera
1450 1408 1458 1422 ‚
1473 1387 1534 1418 duo
1544 1388 1628 1418 sunt:
1645 1390 1754 1418 Unum
1765 1408 1773 1421 ,
1784 1387 1867 1428 quod
1877 1388 1908 1417 vi
1924 1387 1975 1416 sua
1984 1386 2015 1416 id
2024 1406 2033 1421 ,
2053 1386 2136 1428 quod
2145 1386 2200 1418 sub

1235 1439 1267 1459 ea
1278 1428 1446 1469 subjeetum
1457 1428 1499 1460 est
1507 1450 1515 1462 ‚
1528 1429 1608 1460 certe
1616 1428 1711 1460 efficit
1719 1451 1727 1464 ‚
1739 1438 1772 1460 ut
1782 1430 1851 1470 ignis
1858 1428 2009 1459 accendit:
2032 1430 2172 1459 Alterum
2183 1449 2195 1463 ‚

1234 1470 1316 1512 quod
1327 1480 1461 1502 naturam
1473 1470 1626 1502 efficiendi
1636 1481 1700 1502 non
1711 1471 1826 1506 habeat,
1839 1471 1886 1501 sed
1897 1469 1957 1501 fine
1967 1480 2029 1512 quo
2040 1469 2124 1505 effici
2134 1480 2202 1501 non

1233 1511 1321 1553 poffit
1333 1523 1338 1542 :
1350 1521 1393 1547 ut,
1405 1512 1425 1543 fi
1436 1515 1504 1554 quis
1514 1524 1553 1547 ιω,
1561 1514 1677 1544 causam
1688 1512 1788 1544 statuae
1799 1513 1872 1543 velit
1879 1512 1986 1546 dicere,
1998 1512 2082 1553 quod
2093 1511 2154 1543 fine
2163 1522 2203 1542 eo

1235 1564 1300 1585 non
1310 1553 1399 1595 poffit
1409 1555 1497 1586 effici.
1517 1556 1617 1595 Hujus
1625 1557 1741 1597 generis
1750 1553 1980 1588 causarum,sme
1989 1564 2051 1595 quo
2061 1564 2127 1585 non
2135 1552 2203 1585 effi-

1234 1597 1382 1630 citunalia
1389 1598 1457 1628 sunt
1465 1598 1657 1640 quieta‚nihil
1667 1596 1905 1639 agentia‚stolida
1916 1595 2159 1636 quodammodo;
2169 1603 2204 1626 ut

1235 1639 1330 1672 locus,
1343 1647 1462 1680 ternpus
1472 1660 1480 1674 ‚
1493 1641 1634 1673 materiae,
1647 1638 1835 1672 ferramenta,
1849 1638 1881 1668 δε
1892 1648 1987 1669 cetera
1995 1640 2113 1679 generis
2122 1638 2203 1678 ejus-

1237 1681 1307 1711 dem
1321 1691 1326 1710 ε
1345 1681 1413 1712 Alia
1423 1690 1523 1712 autern
1535 1679 1765 1722 praecursionem
1775 1680 1926 1722 quandam
1936 1679 2080 1711 adhibent
2089 1679 2124 1710 ad
2135 1678 2205 1721 effi-

1237 1723 1428 1757 ciendum&
1437 1723 1576 1764 quaedam
1586 1721 1714 1753 afferunt
1722 1723 1811 1763 perse
1820 1720 2062 1762 adjuvantia‚etfi
2072 1732 2138 1751 non
2147 1731 2203 1751 ne·

1236 1763 1362 1798 cessaria,
1373 1773 1406 1795 ut
1413 1766 1510 1795 amori
1522 1763 1686 1806 congressio
1695 1765 1812 1796 causam
1822 1765 1954 1795 attulerit
1964 1783 1972 1798 ‚
1983 1773 2070 1794 amor
2079 1762 2205 1803 flagitio.

1238 1810 1284 1838 Ex
1293 1807 1351 1837 hoc
1361 1816 1469 1848 genere
1480 1807 1643 1840 causarum,
1649 1816 1686 1836 ex
1694 1808 1859 1837 aeternitate
1867 1804 2179 1845 pendentium,fatum
2187 1803 2206 1837 ὲ

1236 1850 1345 1880 Stoicis
1355 1847 1494 1879 nectitur.
1513 1851 1612 1889 Atque
1621 1855 1655 1878 ut
1663 1858 1765 1878 earum
1776 1846 2005 1881 causarum‚fine
2017 1847 2128 1887 quibus
2138 1845 2206 1877 effi-

1236 1892 1263 1922 ci
1274 1900 1339 1920 non
1350 1889 1566 1932 potest‚genera
1573 1888 1710 1924 divisi‚fic
1719 1891 1809 1920 etiam
1819 1887 2019 1919 efficientium
2029 1888 2126 1919 dividi
2133 1888 2206 1929 pol:-

1238 1932 1316 1963 sunt.
1333 1935 1409 1963 Sunt
1418 1935 1502 1962 enim
1513 1933 1578 1963 aliae
1588 1932 1760 1973 causae‚quae
1769 1930 1857 1972 plane
1867 1929 2009 1964 efficiant,
2017 1931 2101 1961 nulla
2111 1940 2142 1960 re
2150 1929 2205 1961 ad-

1235 1975 1245 2014 j
1250 1983 1368 2004 uvante:
1380 1974 1524 2016 aliae‚quae
1533 1974 1667 2014 adjuvari
1677 1974 1782 2004 velint:
1792 1973 1975 2014 utfhpientia
1984 1971 2077 2003 efficit
2086 1972 2202 2012 sapien-

1238 2017 1293 2046 teis
1307 2017 1367 2058 sola
1376 2026 1427 2056 pei·
1437 2017 1583 2046 sezbeatos
1593 2014 1713 2049 efficiat,
1726 2025 1781 2046 nec
1790 2025 1829 2045 ne
1839 2015 1899 2046 sola
1907 2024 1960 2054 per
1968 2013 2136 2054 se‚quaestio
2146 2012 2199 2044 est.

1239 2060 1336 2099 Qare
1353 2054 1424 2087 cum
1443 2060 1476 2088 in
1495 2057 1730 2097 disputationem
1746 2056 1888 2087 inciderit
1899 2056 1982 2087 causa
1993 2054 2128 2086 efficiens
2146 2055 2204 2086 ali-

1238 2099 1312 2140 quid
1323 2098 1484 2129 necessario
1494 2119 1502 2132 ,
1522 2098 1582 2128 fine
1590 2098 1779 2128 dubitatione
1788 2097 1908 2130 licebit,
1927 2096 2010 2137 quod
2019 2095 2149 2127 efficitur
2162 2096 2199 2127 ab

1239 2151 1272 2170 ea
1281 2140 1362 2170 causa
1370 2160 1379 2174 ‚
1389 2140 1579 2170 concludere.
1610 2138 1690 2169 Cum
1699 2147 1798 2169 autem
1809 2140 1865 2168 erit
1875 2138 1942 2169 talis
1958 2137 2042 2168 causa
2052 2158 2060 2172 ‚
2079 2139 2157 2169 utin
2168 2147 2201 2170 ea

1239 2191 1304 2211 non
1320 2180 1353 2211 sit
1363 2179 1517 2212 efficiendi
1535 2179 1685 2210 neceffitas
1696 2191 1701 2209 :
1720 2178 1878 2211 necess'aria
1898 2177 2052 2211 conclusio
2071 2190 2137 2210 non
2155 2180 2201 2210 se-

1239 2224 1350 2263 quitur.
1383 2225 1482 2263 Atque
1497 2221 1575 2252 illud
1585 2221 1710 2263 quidem
1719 2231 1814 2263 genus
1827 2222 1980 2252 causarum
1991 2241 1999 2255 ,
2018 2221 2100 2262 quod
2110 2222 2200 2253 habet

1238 2266 1304 2294 vim
1315 2262 1465 2294 efficiendi
1475 2262 1667 2294 necessariam
1677 2284 1684 2297 ,
1704 2273 1836 2294 errorem
1846 2261 1949 2294 afferre
1960 2273 2025 2294 non
2034 2262 2097 2293 fere
2108 2264 2184 2294 solet
2195 2274 2202 2294 2

1239 2307 1297 2336 hoc
1315 2314 1415 2336 autem
1424 2324 1432 2339 ‚
1454 2304 1514 2335 fine
1532 2315 1594 2346 quo
1613 2315 1678 2335 non
1688 2303 1817 2335 efficitur
1825 2325 1834 2339 ,
1855 2306 1929 2345 saepe
1940 2305 2107 2336 conturbat.
2137 2307 2206 2335 Non

1239 2348 1313 2376 enim
1324 2345 1345 2376 fi
1357 2345 1418 2377 fine
1424 2348 1594 2386 parentibus
1606 2345 1661 2376 filii
1673 2345 1729 2377 effe
1738 2357 1803 2377 non
1812 2346 1884 2387 poss
1881 2355 1946 2381 unt,
1955 2355 2110 2387 propterea
2119 2347 2203 2378 causa

1239 2388 1297 2419 fuit
1307 2390 1339 2419 in
1349 2389 1518 2429 parentibus
1527 2388 1671 2431 gignendi
1681 2387 1848 2419 neceffaria.
1881 2391 1950 2419 Hoc
1961 2391 2062 2430 igitur,
2073 2387 2134 2419 fine
2141 2399 2205 2430 quo

1241 2440 1307 2460 non
1317 2428 1363 2464 fit,
1382 2430 1417 2460 ab
1428 2441 1465 2460 eo
1473 2451 1481 2464 ,
1496 2431 1529 2461 in
1540 2441 1601 2472 quo
1610 2430 1688 2461 certe
1699 2430 1732 2460 fit
1741 2450 1749 2464 ‚
1770 2430 1931 2472 diligenter
1941 2430 1983 2461 est
1993 2430 2199 2470 separandum.

1240 2472 1320 2502 Illud
1341 2474 1426 2502 enim
1441 2472 1483 2503 est
1500 2482 1652 2513 tamquam
1662 2492 1671 2506 ‚
1690 2473 1857 2502 Utinamne
1867 2472 1895 2501 in
1905 2482 2009 2502 nemore
2018 2473 2091 2502 Pelio
2095 2472 2207 2511 ficari-

1242 2513 1291 2543 bus
1315 2534 1322 2547 ‚
1329 2535 1336 2547 ‚
1348 2515 1425 2544 Caesa
1437 2514 1570 2552 cecidiffit
1578 2513 1696 2554 abiegna
1705 2514 1744 2543 ad
1750 2519 1853 2544 terram
1863 2512 1961 2544 trabes.
1985 2512 2051 2544 Nisi
2061 2515 2144 2544 enim
2156 2523 2206 2544 ce-

1240 2554 1356 2586 cidiss'et
1371 2556 1494 2597 abiegna
1511 2556 1546 2586 ad
1556 2565 1664 2586 terram
1675 2556 1770 2586 trabes
1779 2576 1788 2590 ,
1810 2559 1891 2597 Argo
1901 2556 1952 2586 illa
1961 2554 2038 2586 faeta
2046 2565 2113 2586 non
2123 2553 2205 2586 eflet.

1242 2608 1298 2628 nec
1307 2606 1409 2627 tamen
1421 2597 1479 2627 fuit
1491 2599 1524 2627 in
1535 2599 1583 2627 his
1594 2598 1727 2628 trabibus
1743 2596 1896 2629 efficiendi
1905 2600 1951 2627 vis
1962 2595 2132 2627 necessaria.
2165 2599 2207 2630 At

1241 2638 1314 2670 cum
1332 2641 1364 2669 in
1376 2640 1474 2679 Ajacis
1492 2641 1596 2670 navim
1615 2639 1802 2679 crispifiilcans
1813 2640 1926 2681 igneum
1934 2639 2047 2678 fulmen
2057 2637 2208 2678 injefiium

1244 2681 1286 2711 est
1296 2701 1304 2715 ‚
1323 2681 1529 2712 inflammatur
1538 2683 1623 2712 navis
1639 2680 1813 2712 neceflario.
1844 2684 1884 2711 At
1906 2691 1943 2711 ue
1953 2682 2044 2711 etiam
2055 2680 2098 2711 est
2106 2680 2206 2711 causa-

1243 2733 1311 2752 rum
1321 2721 1532 2754 diffiniilitudo
1541 2743 1550 2758 ,
1571 2722 1653 2764 quod
1663 2723 1727 2753 aliae
1739 2724 1808 2754 sunt
1816 2743 1827 2757 ,
1839 2731 1871 2753 ut
1904 2733 1942 2753 ne
1952 2723 2013 2753 ulla
2023 2723 2209 2762 appetitione

1245 2765 1341 2795 animi
1353 2785 1361 2798 ,
1385 2764 1445 2795 fine
1455 2766 1610 2795 voluntate
1620 2785 1628 2798 ,
1642 2763 1702 2794 fine
1712 2767 1860 2805 opinione
1869 2785 1877 2798 ‚
1892 2765 1979 2795 suurn
1989 2763 2068 2805 quafi
2077 2773 2154 2804 opus
2163 2763 2209 2794 ef-

1246 2805 1348 2837 ficiant
1357 2827 1364 2840 ‚
1376 2807 1460 2837 velut
1470 2828 1478 2840 ‚
1494 2816 1526 2837 ut
1536 2817 1612 2835 omne
1622 2808 1745 2837 intereat
1755 2826 1763 2840 ,
1782 2806 1864 2847 quod
1876 2815 1976 2836 ortum
1988 2805 2039 2836 est.
2071 2807 2147 2835 Aliae
2156 2815 2209 2836 au-

1246 2856 1306 2878 tern
1315 2858 1365 2878 aut
1373 2849 1528 2879 voluntate
1539 2847 1712 2878 efficiuntur
1720 2868 1728 2882 ‚
1738 2857 1788 2878 aut
1797 2848 2019 2888 perturbatione
2029 2848 2126 2877 animi
2135 2866 2143 2881 ‚
2156 2854 2208 2878 aut

1247 2890 1349 2921 habitu
1360 2911 1367 2924 ‚
1381 2899 1430 2921 aut
1441 2899 1542 2920 natura
1551 2910 1559 2925 ,
1577 2899 1626 2920 aut
1635 2898 1695 2919 arte
1704 2909 1713 2923 ‚
1733 2898 1783 2919 aut
1793 2890 1868 2919 casu.
1898 2889 2064 2919 Voluntate
2073 2908 2083 2923 ‚
2104 2897 2138 2918 ut
2153 2897 2185 2918 tu
2194 2908 2204 2922 s

1247 2932 1319 2963 cum
1336 2934 1417 2963 hunc
1433 2933 1573 2963 libellum
1591 2932 1674 2974 legis.
1706 2931 1930 2962 Pei-turbatione
1940 2950 1949 2965 ,
1967 2939 1999 2960 ut
2010 2929 2030 2960 fi
2039 2932 2107 2971 quis
2116 2940 2208 2961 even-

2139 2981 2208 3003 tum

286 3062 295 3080 1
304 3074 310 3080 .
330 3055 404 3079 62an
413 3055 560 3087 appellantur
570 3049 732 3090 mpfflmffl]
757 3054 879 3090 Histoi-p,
891 3054 919 3079 δε
931 3053 998 3080 liber
1009 3052 1056 3079 ms.
1067 3052 1112 3088 qui
1123 3052 1149 3079 in
1161 3052 1207 3079 Bi-

1284 3064 1312 3081 2.
1332 3059 1391 3080 Str-st
1401 3058 1471 3080 eiiam
1481 3056 1521 3080 illa
1530 3054 1603 3080 valde
1612 3055 1734 3079 contraria
1745 3071 1753 3085 ‚
1771 3052 1838 3086 ὡς]
1858 3053 1900 3078 Ita
1911 3051 2034 3087 Hittorp.
2053 3060 2138 3087 neque
2153 3049 2209 3077 alio

242 3093 377 3121 «bliotheca
388 3094 474 3129 Regia
484 3093 516 3119 ad
527 3093 629 3120 fontem
640 3093 838 3130 Bellaqucnsem
853 3113 860 3125 ,
882 3093 1005 3129 cujusque
1024 3093 1152 3120 le6fiones
1164 3112 1173 3125 ,
1193 3093 1208 3119 ξι
1249 3092 1297 3119 situ
1310 3091 1444 3118 Palatinus
1459 3110 1466 3122 ,
1486 3091 1531 3126 qui
1551 3097 1639 3116 tamen
1658 3088 1779 3118 firmabat
1796 3089 1951 3125 scripturam
1974 3088 2107 3125 vulgatam
2123 3096 2133 3119 3
2147 3087 2209 3123 ficu?

246 3130 397 3157 Gulielniio
407 3130 536 3156 Fornerio
546 3129 716 3161 enotatas‚ad
727 3129 872 3156 stiffi-idum
885 3130 955 3156 milit
965 3139 1034 3156 anno
1045 3130 1158 3158 Ch.i.xv
1166 3138 1176 3157 1
1184 3138 1193 3156 ι
1201 3149 1207 3156 .

241 3167 331 3203 1⁴1qu
341 3166 446 3195 Bletius
458 3185 467 3200 ,
476 3165 589 3195 habebat
600 3168 672 3196 Graeca'
681 3167 809 3201 appuliam.
830 3165 918 3194 forsan
929 3165 1035 3194 melius.

1249 3131 1320 3155 etlam
1330 3127 1401 3155 valde
1412 3130 1532 3154 contraria
1542 3129 1592 3154 alla
1603 3146 1611 3159 ‚
1622 3126 1672 3158 &c-

2119 3202 2144 3222 ι.
2155 3195 2201 3222 Hoc
