2297 3389
701 147 828 194 LIB.
873 146 931 195 V.
982 165 1050 196 IN
1098 148 1156 198 C.
1191 149 1480 200 VERREM.

118 233 228 268 dicant.
246 230 407 274 producam
419 226 508 260 etiam
519 220 650 257 Gosanos
661 245 670 259 ‚
685 227 946 265 municipesillius
955 247 963 260 ,
976 235 1010 257 ac
1021 237 1075 257 ne-

118 275 254 307 cessarios
264 294 272 308 ‚
283 276 335 315 qui
346 282 373 303 te
386 280 466 301 nunc
476 267 539 299 sero
549 269 684 300 doceant,
701 268 707 304 ι’
712 267 813 297 udices
824 278 888 298 non
900 267 974 301 sero,
984 270 1074 299 illum

72 332 74 334 >
118 320 152 348 P.
166 318 296 347 Gavium
306 335 315 348 ,
326 323 417 355 quem
429 321 462 341 tu
472 312 505 340 in
515 320 634 340 crucem
644 308 744 350 egisti,
764 312 863 339 civem
875 312 1052 354 Romanum
1062 330 1071 343 ‚

119 359 153 389 δι
168 359 356 396 municipem
373 354 544 385 Cosanum,
564 361 628 382 non
645 351 858 391 speculatorem
875 353 1074 391 rugitivorum

56 395 104 435 64
118 399 216 430 fuisse.
239 398 316 429 Cum
335 398 396 426 haec
416 394 538 427 omnia,
557 403 623 434 quae
641 392 805 433 polliceor,
825 396 834 411 ¹
847 392 996 422 cumulate
1016 394 1074 421 tuis

117 441 266 482 proximis
275 439 361 478 plana
371 436 469 467 fecero
481 446 486 464 :
505 444 571 465 tum
582 434 657 465 istuc
666 434 765 474 ipsum
779 433 888 464 tenebo
899 454 907 466 ,
933 433 1015 475 quod
1026 434 1078 463 abs

81 504 86 509 -
117 492 147 514 te
163 483 241 512 mihi
257 480 350 510 datur.
383 488 421 508 eo
429 486 609 508 contentum
624 486 673 506 me
684 473 741 505 effe
752 475 860 506 dicam.
890 475 971 515 Qd
990 477 1075 504 enim

118 533 214 563 nuper
227 521 329 561 tuipse
339 541 348 554 ,
358 519 429 550 cum
440 519 546 559 populi
556 519 692 549 Romani
701 517 832 548 clamore
841 537 849 551 ,
865 526 951 558 atque
960 519 1076 556 impetu

115 563 301 606 perturbatus
312 561 453 592 exfiluisti
465 581 473 594 ,
486 560 558 601 quid
570 580 578 593 ,
599 562 723 600 inquam
734 579 743 592 ,
762 560 880 588 locutus
890 562 942 588 es?
960 559 1054 588 Illum
1066 577 1075 591 ,

117 604 201 648 quod
210 613 318 634 moram
322 603 460 645 supplicio
471 610 602 643 quereret
611 622 619 635 ,
641 600 711 631 ideo
722 598 883 630 clamitasse
894 620 904 633 ‚
923 601 951 630 se
965 599 1023 630 esse
1033 601 1076 629 ci-

117 657 188 679 vem
199 649 392 677 Romanum:
412 644 460 674 sed
471 645 682 683 speculatorem
701 640 800 671 fuiss‘e.
820 643 888 682 Jam
909 644 971 671 mei
989 640 1074 671 testes

117 691 179 720 veri
194 689 272 718 sunt.
295 687 377 727 Qd
395 688 479 715 enim
493 685 655 715 dicit-aliud
668 687 699 714 C.
712 684 927 713 Numitorius?
946 682 1018 724 quid
1030 685 1074 712 M.

117 732 152 762 &
161 733 191 761 P.
202 730 306 761 Cottii,
318 726 497 758 nobilissimi
511 728 663 759 homines,
681 735 718 755 ex
727 735 794 766 agro
805 726 1075 754 Taurominitano?

116 772 189 815 quid
199 771 338 811 QLucej
344 780 376 800 us
387 790 395 803 ‚
415 771 467 810 qui
479 771 670 810 argentariam
680 768 791 807 Rhegii
802 768 970 797 maximam
980 765 1050 796 fecit
1063 770 1075 795 ,²

116 813 189 856 quid
204 814 316 843 ceteri?
338 811 446 841 Adhuc
457 813 541 840 enim
553 809 638 839 testes
650 818 687 838 ex
698 818 733 837 eo
742 818 850 849 genere
860 807 875 838 a
887 818 936 837 me
947 808 1014 838 sunt
1025 808 1074 837 da-

115 859 150 890 ti,
160 865 224 885 non
234 856 286 895 qui
295 851 411 884 noviffe
421 854 561 884 Gavium,
574 850 622 881 sed
632 852 683 891 qui
693 850 722 879 se
731 848 837 879 vidisse
849 849 991 883 dicerent,
1002 849 1074 879 cum

117 899 144 928 is
153 917 162 931 ,
182 898 238 937 qui
250 897 278 926 se
288 897 386 925 civem
398 896 574 924 Romanum
587 891 643 922 esse
657 892 797 921 clamaret
806 911 814 925 ‚
836 893 869 921 in
879 901 998 921 crucem
1009 902 1074 932 age-

117 948 213 970 retur.-
233 940 301 967 Hoc
313 946 343 967 tu
355 957 363 969 ‚
380 938 485 965 Verres
495 954 503 968 ‚
524 933 606 964 idem
617 934 691 963 dicis
703 944 708 962 2
729 934 788 963 hoc
799 942 831 963 tu
841 932 995 963 confiteris
1007 953 1016 965 ,
1037 933 1075 978 il-

117 981 184 1011 lum
193 977 354 1009 clamitass'e
364 997 372 1011 ‚
384 978 411 1007 se
422 979 520 1006 civem
530 973 586 1005 ess'e
597 977 787 1005 Romanum:
805 974 880 1014 apud
892 984 918 1004 te
928 985 1021 1004 nomen
1033 985 1073 1003 cz—

117 1022 218 1051 vitatis
233 1031 272 1050 ne
287 1029 402 1049 tantum
433 1018 537 1047 uidem
547 1015 684 1050 valuisse,
706 1020 720 1035 ²
733 1025 766 1046 ut
781 1016 1000 1046 dubitationem
1020 1016 1075 1046 ali-

118 1072 207 1104 quam
219 1074 228 1096 3
240 1070 272 1091 ut
283 1061 408 1091 crudelii
421 1061 488 1092 imi,
501 1060 712 1099 taeterrimique
722 1058 859 1097 supplicii
869 1058 997 1098 aliquam
1008 1068 1072 1098 par-

117 1114 186 1135 vam
197 1112 314 1133 moram
325 1102 426 1132 saltem
440 1099 534 1141 pofl'et
550 1098 662 1130 afferre.
697 1102 765 1130 Hoc
778 1109 867 1130 teneo
878 1120 886 1134 ‚
905 1099 952 1130 hic
963 1101 1072 1133 haereo,

115 1145 232 1188 judices
242 1164 251 1178 ‚
263 1145 320 1174 hoc
330 1144 397 1176 sum
407 1151 566 1173 contentus
577 1152 638 1171 uno
651 1152 656 1171 :
676 1144 787 1171 omitto
798 1161 806 1175 ‚
824 1151 856 1171 ac
865 1142 985 1182 negligo
995 1151 1073 1171 cete-

117 1197 164 1219 ra:
177 1187 226 1217 sua
237 1184 421 1216 confeffione
434 1184 589 1217 induatur,
601 1193 632 1214 ac
640 1184 803 1224 juguletur,
816 1182 930 1213 necess‘e
940 1182 992 1213 est.
1011 1185 1071 1225 Qi

117 1227 206 1262 effer,
219 1227 395 1269 ignorabas?
414 1226 627 1266 speculatorem
638 1224 696 1255 ess'e
704 1224 883 1264 suspicabare
894 1230 903 1255 ἲ
914 1235 978 1254 non
992 1235 1072 1265 quse-

115 1280 152 1301 ro
161 1287 170 1304 ‚
191 1280 246 1310 qua
257 1269 421 1308 suspicione
433 1279 439 1296 z
456 1277 506 1297 tua
516 1277 543 1296 te
553 1267 656 1297 accuso
665 1268 810 1297 oratione.
841 1268 947 1297 Civem
958 1269 1073 1297 Roma-

115 1321 193 1342 nurn
206 1309 264 1340 efl'e
273 1310 396 1340 dicebat.
419 1312 448 1340 Si
459 1317 490 1339 tu
499 1309 574 1348 apud
586 1308 701 1341 Persas,
721 1316 771 1338 aut
789 1310 823 1337 in
841 1317 974 1338 extrema
988 1308 1072 1338 India

115 1352 315 1393 deprehensus
325 1372 333 1385 ,
351 1354 456 1381 Verres
466 1370 474 1384 ,
494 1350 528 1380 ad
539 1350 718 1390 supplicium
730 1349 867 1379 ducerere
880 1360 885 1378 :
905 1349 977 1390 quid
991 1349 1072 1380 aliud

116 1395 283 1425 clamitares
292 1413 301 1427 ‚
318 1392 371 1423 nifi
382 1403 409 1423 te
423 1395 520 1422 civem
532 1390 590 1421 efl'e
599 1394 776 1421 Romanum
788 1393 799 1420 ?
817 1391 850 1421 &
860 1411 868 1424 ‚
882 1389 902 1420 si
914 1391 968 1421 tibi
979 1392 1071 1432 ignoto

115 1436 192 1477 apud
203 1436 308 1476 ignotos
319 1454 328 1469 ,
347 1434 423 1474 apud
435 1433 571 1464 barbaros
579 1453 588 1466 ‚
609 1433 686 1473 apud
703 1433 844 1462 homines
862 1434 894 1462 in
905 1435 1049 1463 exrrcmis
1060 1453 1069 1467 ,

114 1487 202 1518 atque
213 1478 327 1507 ultimis
336 1476 473 1518 gentibus
482 1473 592 1515 positos
601 1494 609 1508 ‚
622 1474 737 1509 nobile,
750 1473 904 1504 &illustre
915 1474 992 1514 apud
1002 1485 1071 1505 om-

115 1522 182 1550 neis
199 1528 315 1548 nomen
331 1527 388 1548 tuae
405 1519 532 1548 civitatis
551 1515 709 1557 profuiffet
723 1527 728 1545 :
747 1516 799 1546 ille
810 1535 818 1549 ,
840 1516 974 1557 quisquis
991 1526 1069 1551 erat,

115 1570 207 1602 quem
217 1568 249 1590 tu
258 1562 292 1590 in
301 1569 420 1590 crucem
431 1558 561 1599 rapiebas
572 1579 580 1592 ,
593 1560 645 1599 qui
656 1558 712 1588 tibi
722 1556 793 1588 effer
802 1560 934 1598 ignotus,
945 1557 1016 1588 cum
1027 1561 1070 1589 ci-

116 1612 188 1633 vem
198 1602 226 1632 se
235 1604 412 1632 Romanum
421 1600 479 1631 ess'e
489 1600 614 1631 diceret:
629 1599 705 1640 apud
716 1609 744 1629 te
753 1609 912 1639 praetorem
922 1598 943 1629 fi
953 1610 1016 1630 non
1026 1599 1071 1630 ef-

117 1643 235 1686 fugium
245 1663 254 1677 ‚
266 1653 305 1673 ne
315 1653 423 1673 moram
452 1642 555 1672 uidem
566 1645 672 1672 mortis
683 1662 693 1675 ‚
707 1644 865 1672 mentione
874 1661 882 1675 ,
891 1650 978 1683 atque
988 1642 1070 1672 usur-

52 1686 76 1720 6
79 1695 100 1726 5
117 1687 237 1726 parione
247 1686 377 1715 civitatis
388 1706 398 1719 ,
408 1695 424 1715 a
449 1683 516 1725 'equi
525 1685 645 1724 potuit?
678 1686 835 1713 Homini-:s
850 1693 978 1714 TENUES
990 1703 999 1717 ‚
1015 1683 1071 1714 ob-

115 1727 200 1758 scuro
210 1727 279 1757 loco
291 1728 510 1769 nati‚navigant
519 1737 524 1755 z
534 1725 644 1756 adeunt
652 1726 687 1755 ad
699 1735 732 1756 ea
742 1726 894 1766 loca‚‘quae
903 1735 1071 1766 numquam

115 1777 200 1800 antea
207 1768 348 1799 viderunt
359 1779 364 1797 :
381 1769 434 1798 ubi
443 1778 540 1809 neque
550 1770 616 1797 noti
626 1766 683 1797 effe
693 1769 730 1797 iis
741 1787 750 1801 ‚
763 1777 824 1809 quo
834 1777 983 1797 venerunt
991 1787 1000 1801 ‚
1018 1778 1070 1797 ne-

114 1820 172 1855 que
181 1810 298 1850 semper
305 1820 377 1840 cum
387 1809 590 1851 cognitoribus
601 1807 658 1839 esse
668 1807 800 1849 poss'unt.
827 1811 890 1839 Hac
900 1819 959 1839 una
970 1819 1072 1839 tamen

117 1851 226 1882 fiducia
234 1853 361 1882 civitatis
372 1861 435 1881 non
446 1850 540 1882 modo
549 1851 625 1891 apud
636 1850 753 1881 nostros
761 1850 947 1891 magistratus
956 1871 964 1884 ,
974 1854 1025 1892 qui
1036 1851 1069 1881 &

116 1893 267 1936 legum‚&
278 1892 510 1923 existimationis
519 1894 652 1932 periculo
663 1895 872 1922 continentur:
889 1903 985 1933 neque
994 1892 1071 1932 apud

113 1936 208 1965 civeis
217 1933 316 1965 solum
326 1937 485 1965 Romanos
495 1955 503 1968 ,
515 1934 610 1974 qui&
620 1934 767 1964 sermonis
778 1954 786 1967 ,
799 1934 914 1973 &juris
922 1953 930 1967 ,
948 1934 980 1964 δε
990 1935 1071 1964 mul-

115 1985 214 2007 tarum
233 1985 332 2006 rerum
352 1977 487 2006 societate
500 1974 601 2015 juncti
619 1973 685 2005 sunt
695 1995 703 2008 ,
724 1975 789 2005 fore
802 1975 830 2005 se
841 1983 921 2005 tutos
930 1976 1072 2005 arbitran-

115 2026 182 2048 tur:
198 2017 247 2047 sed
258 2037 266 2051 ,
288 2027 467 2058 quocunque
477 2018 633 2050 venerint,
654 2018 731 2046 hanc
741 2015 794 2046 sibi
803 2026 867 2046 rem
881 2016 997 2060 praefia'io
1009 2017 1073 2056 spe-

115 2067 181 2089 rant
190 2057 337 2089 futurum.
361 2060 452 2089 Tolle
462 2060 537 2088 hanc
547 2058 628 2097 spem
642 2078 651 2090 ‚
667 2058 740 2088 tolle
750 2059 808 2087 hoc
818 2057 985 2097 praelidium
996 2060 1073 2088 civi-

116 2100 173 2130 bus
183 2102 344 2130 Romanis:
363 2099 511 2130 constitue
521 2099 599 2129 nihil
610 2097 666 2128 effe
677 2101 742 2139 opis
752 2101 785 2129 in
795 2100 848 2129 hac
857 2109 931 2129 voce
942 2119 949 2133 ‚
969 2102 1065 2130 Curis

114 2139 282 2172 Romanus
297 2152 375 2171 suM:
392 2140 475 2181 pofl'e
483 2141 610 2181 impune
621 2150 790 2180 praerorem,
802 2149 851 2171 aut
860 2141 954 2171 aliurn
963 2151 1071 2182 quem-

113 2183 208 2215 libet,
221 2183 400 2223 supplicium
410 2202 418 2216 ‚
435 2182 516 2228 quod
525 2183 599 2212 velit
610 2202 618 2215 ‚
638 2185 671 2212 in
683 2192 753 2212 eum
764 2181 942 2212 constituere
952 2202 960 2216 ‚
979 2185 1030 2223 qui
1042 2183 1070 2212 se

113 2226 213 2255 civem
223 2226 400 2255 Romanum
410 2224 466 2254 efie
477 2223 554 2254 dicat
563 2243 571 2257 ‚
587 2227 600 2251 3
613 2224 694 2264 quod
703 2226 769 2264 quis
778 2226 908 2265 ignoret:
929 2225 991 2263 jam
1002 2234 1070 2253 om-

114 2268 180 2297 neis
189 2268 358 2306 provincias
368 2286 377 2300 ‚
385 2267 448 2305 jam
458 2268 563 2296 omnia
573 2275 660 2306 regna
670 2286 679 2299 ,
695 2267 758 2305 jam
771 2266 891 2295 omneis
904 2265 1010 2296 liberas
1025 2268 1067 2295 ci-

113 2309 219 2339 vitares
237 2327 246 2341 ,
262 2308 327 2348 jam
345 2316 473 2337 omnem
490 2307 594 2337 orbem
614 2316 756 2337 terrarum
773 2326 781 2340 ,
806 2309 859 2347 qui
878 2306 993 2347 semper
1012 2317 1068 2337 no-

115 2348 180 2380 stris
190 2349 365 2380 hominibus
383 2351 518 2379 maxime
536 2350 631 2389 patuit
640 2369 649 2381 ‚
670 2349 786 2378 civibus
796 2351 945 2379 Romanis
954 2348 1007 2379 ista
1016 2350 1068 2379 de-

72 2421 79 2427 ,
113 2389 248 2422 fenfione
264 2391 455 2431 praecluseris.
485 2392 567 2432 Qid
578 2410 586 2424 ‚
609 2388 630 2419 si
640 2393 676 2421 L.
687 2392 819 2421 Pretium
833 2412 842 2424 ,
860 2392 992 2431 equitem
1004 2394 1068 2421 Ro-

115 2441 240 2463 manum
250 2453 258 2466 ‚
275 2435 350 2474 4qui
362 2442 428 2462 tum
437 2437 469 2462 in
478 2433 578 2463 Sicilia
589 2452 597 2465 ‚
612 2432 811 2462 nominabat?
823 2434 954 2462 etiamne
963 2433 994 2463 id
1004 2442 1068 2463 ma-

83 2474 85 2476 ’
114 2483 206 2516 gnum
224 2474 284 2504 fuit
292 2494 300 2507 ,
321 2478 504 2505 Panormum
519 2474 629 2504 litteras
646 2476 787 2503 mittere?
805 2472 955 2504 asservaffe
965 2476 1067 2505 homi—

113 2525 185 2546 nem
198 2519 209 2544 ?
226 2515 367 2546 custodiis
378 2517 630 2546 Mamertinorum
640 2525 762 2546 tuorum
772 2515 925 2549 Vintium,
934 2517 1067 2546 clausum

94 2556 99 2560 ’
114 2556 245 2588 habuisse
255 2577 263 2590 ,
284 2557 357 2587 dum
368 2560 517 2587 Panormo
527 2559 640 2587 Pretius
648 2559 785 2588 veniret?
807 2558 996 2598 cognosceret
1011 2559 1067 2587 ho—

115 2599 248 2629 minem:
264 2599 378 2640 aliquid
388 2598 424 2629 de
434 2599 555 2629 summo
565 2599 710 2639 supplicio
719 2601 896 2629 remitteres⁴
918 2597 939 2628 si
950 2602 1067 2640 ignora-

128 2696 132 2700 '
153 2704 177 2722 1.
195 2694 317 2721 cumulati
334 2695 381 2721 tuis
393 2695 505 2727 proximis
518 2696 598 2727 plana
610 2695 713 2728 fitero]
727 2693 870 2721 Lambinus
883 2694 970 2721 censet
982 2696 1068 2722 locum

115 2730 332 2767 corruptum,cui
343 2729 443 2757 accedit
454 2730 555 2766 Lipfius
567 2730 614 2756 lib.
627 2740 661 2756 ii.
672 2731 774 2756 Variar.
789 2730 852 2756 left.
863 2740 920 2767 cap.
934 2739 975 2765 ¹9·
995 2739 1074 2767 negat

115 2767 283 2794 Hotomanus
295 2766 341 2792 lib.
355 2775 396 2792 ix.
407 2765 546 2792 Observat.
557 2775 613 2802 cap.
630 2775 664 2792 11.
676 2767 703 2792 δε
716 2766 799 2792 reSte.
811 2770 911 2799 proximi
920 2768 989 2793 enim
1002 2769 1074 2799 lunt,

104 2801 263 2829 defensores
274 2802 364 2828 Verris
378 2821 386 2833 ,
406 2802 449 2837 qui
460 2803 528 2828 circa
538 2802 621 2838 ipsum
632 2802 833 2830 familiarissime
847 2802 1011 2830 versarentur
1024 2823 1032 2837 ,
1044 2805 1071 2830 ὅ(

119 2845 183 2871 uero
192 2845 255 2865 tunc
267 2838 337 2864 forti:
348 2838 445 2864 starent
455 2838 477 2863 ei
488 2838 519 2864 :id
532 2838 611 2864 latus.

153 2882 182 2900 2.
202 2877 231 2899 Ut
239 2875 405 2899 dubitationem
416 2875 531 2907 affluam,-
540 2882 566 2899 ut
577 2874 666 2899 crudeli
692 2875 748 2909 mi.]
761 2875 869 2901 Secutus
882 2874 936 2901 snm
948 2875 1004 2902 fere
1016 2875 1073 2902 mss.

117 2909 216 2936 nostros
226 2910 253 2935 &
265 2909 408 2936 editionem
420 2910 553 2936 exoletam
568 2929 576 2941 ‚
596 2910 621 2937 in
634 2911 729 2946 quibus
740 2918 830 2946 aperte
841 2920 849 2941 3
869 2919 897 2936 ut
906 2912 1076 2938 dubitationem

117 2947 222 2979 aliquam
232 2964 240 2976 ‚
251 2946 395 2979 crudeiiffimi
406 2965 413 2977 ‚
425 2947 474 2976 &c.
495 2946 592 2972 exinde
603 2955 670 2972 natae
679 2946 814 2973 obtruiere
826 2947 900 2973 nobis
913 2966 921 2978 ‚
939 2954 967 2973 ut
975 2948 1073 2974 dilatio-

114 2990 166 3009 nem
175 2983 281 3015 aliquam
289 2984 381 3014 cnucis5
400 2990 425 3007 ut
436 2983 523 3008 crudel.
545 2981 629 3008 nestio
642 2992 722 3018 quam
741 2983 817 3010 benc.
839 2983 993 3010 dubitationis
1013 2993 1076 3011 voce

116 3015 216 3044 iterum
227 3017 313 3043 utitur
324 3026 371 3052 pro
381 3018 487 3044 Caecina
500 3027 554 3054 cap.
565 3027 593 3044 2.
604 3027 631 3054 p.

1126 237 1184 259 ret:
1197 238 1263 260 tum
1275 229 1295 260 fi
1306 232 1345 261 ita
1355 231 1411 262 tibi
1420 231 1580 274 videretur,
1597 233 1654 264 hoc
1661 232 1736 276 juris
1747 233 1778 265 in
1793 234 1913 266 omneis
1925 235 2090 267 constitue-

1125 281 1187 304 res,
1211 274 1277 306 Ur,
1299 282 1357 312 Ψ]
1374 283 1485 315 NEQn
1497 285 1570 305 Tim
1586 286 1676 306 notus
1686 275 1774 311 effer,
1788 287 1884 317 neque
1894 280 2084 320 cognitorem

1126 313 1308 352 locupletem
1327 316 1427 349 daret,
1451 320 1589 358 quamvis
1606 320 1681 348 civis
1703 321 1799 349 Rom.
1813 318 1902 354 estet,
1922 322 1954 350 in
1965 330 2085 350 crucem

1126 354 1287 384 tolleretur.
1307 356 1361 386 Sed
1375 358 1448 397 quid
1458 368 1512 399 ego
1521 360 1604 398 plina
1614 359 1649 390 de
1660 360 1857 408 Gavioiquafi
1868 370 1899 392 tu
1910 364 2008 392 Gavio
2018 371 2084 392 tum
2105 364 2152 398 66

1126 396 1218 424 tueris
1228 395 1352 426 infestus
1365 418 1372 431 ‚
1397 409 1429 429 ac
1439 409 1502 429 non
1513 403 1635 431 nomini
1647 422 1655 435 ‚
1675 412 1777 442 generi
1790 404 1867 442 ,juri
1878 405 1988 432 civium
1997 403 2084 440 hostia!

1126 445 1190 465 non
1201 437 1245 465 illi
1257 457 1265 469 ,
1287 440 1411 478 inquam
1423 460 1430 473 ‚
1452 442 1592 476 homini,
1613 443 1660 473 sed
1672 444 1762 475 causae
1771 447 1930 475 communi
1940 446 2086 476 libertatis

1125 478 1268 507 inimicus
1277 477 1370 509 fuisti.
1402 482 1482 522 Qid
1491 485 1575 513 enim
1584 487 1721 519 attinuit,
1743 486 1814 516 cum
1827 489 2003 517 Mamertini
2015 498 2084 517 mo-

1125 528 1154 547 re
1166 538 1173 551 ‚
1186 528 1272 559 atque
1282 520 1421 551 instituto
1433 524 1484 553 suo
1495 534 1613 554 crucem
1624 525 1756 558 fixissent
1765 527 1831 568 post
1843 529 1947 559 urbem
1959 549 1967 562 ‚
1990 532 2021 559 in
2036 531 2084 560 via

1125 561 1268 600 Pompeja
1280 571 1285 589 2
1306 570 1332 591 te
1340 562 1443 601 jubere
1454 566 1485 593 in
1496 575 1528 595 ea
1537 575 1616 605 parte
1625 567 1711 609 figere
1722 589 1729 602 ‚
1752 580 1817 610 quae
1836 570 1871 601 ad
1891 570 2002 600 fretum
2016 571 2080 611 spe-

1125 600 1234 632 ctaret:
1258 602 1291 632 &
1308 603 1368 633 hoc
1386 604 1510 639 addere,
1539 608 1620 647 quod
1639 620 1743 649 negare
1762 612 1849 641 nullo
1869 612 1963 642 modo
1983 622 2081 652 potes,

1124 643 1204 684 quod
1215 644 1358 674 omnibus
1369 645 1558 677 audientibus
1569 649 1670 679 dixisti
1683 648 1778 689 palam
1790 673 1798 686 ‚
1821 662 1848 683 te
1870 654 1980 684 idcirco
1990 655 2081 684 illum

1124 685 1229 714 locum
1240 686 1378 725 deligere,
1394 688 1484 717 utille
1496 708 1503 721 ‚
1517 690 1608 728 quise
1622 693 1719 722 civem
1731 695 1823 723 Rom.
1834 694 1892 725 ess'e
1903 695 2012 725 diceret
2024 716 2032 729 ‚
2048 706 2085 725 ea:

1125 737 1201 755 cruce
1210 727 1331 756 Italiam
1341 738 1451 762 cernere,
1462 740 1492 759 ac
1503 730 1631 761 domum
1643 733 1722 763 suam
1734 736 1898 775 prospicere
1908 735 2013 776 poss'et?
2024 740 2084 768 Ita-

1124 778 1181 808 que
1193 769 1244 798 illa
1254 778 1328 798 crux
1339 770 1409 803 sola,
1419 771 1535 810 judices
1546 792 1554 805 ‚
1567 772 1633 812 post
1642 775 1795 806 conditam
1808 776 1971 808 Mess'anam
1982 780 2035 808 illo
2047 781 2080 810 in

1123 810 1192 839 loco
1204 808 1260 840 fixa
1269 810 1319 840 est.
1344 812 1437 842 Italiae
1450 813 1626 852 conspectus
1640 815 1676 845 ad
1685 826 1750 846 earn
1761 828 1824 847 rern
1834 819 1869 848 ab
1879 819 1936 849 isto
1947 820 2084 851 deiectus

1123 850 1176 884 est,
1190 860 1222 881 ut
1232 852 1283 881 ille
1294 854 1327 882 in
1337 852 1451 888 dolore,
1463 857 1651 896 cruciatuque
1660 861 1991 902 morien5‚pcrangiist0
2001 861 2080 892 fretu

1123 893 1225 927 divisa,
1238 894 1387 924 servitutis
1399 905 1432 925 ac
1442 895 1583 926 libertatis
1592 899 1656 936 jura
1665 901 1872 940 cognosceret:
1889 903 1970 932 Italia
1979 912 2081 933 autem

1121 936 1281 965 alumnum
1291 936 1377 966 suum
1388 957 1396 970 ‚
1409 937 1557 968 servitutis
1569 947 1706 970 extremo
1717 961 1725 974 ‚
1742 942 1922 983 summoque
1932 944 2082 984 supplicio

1120 980 1133 1002 5
1149 975 1274 1007 affixum
1292 977 1418 1008 videret.
1450 982 1596 1010 FAcmus
1620 991 1698 1015 Esr,
1719 985 1830 1013 vinciri
1848 987 1946 1014 civem
1962 988 2081 1016 Roma-

1122 1029 1197 1048 num
1209 1030 1214 1048 z
1234 1019 1327 1049 scelus
1339 1039 1346 1052 ‚
1359 1020 1504 1051 verberari
1520 1033 1524 1050 :
1541 1026 1633 1061 prope
1643 1024 1836 1063 parricidium
1848 1045 1856 1059 ‚
1867 1028 1982 1056 necari:
2003 1027 2077 1067 quid

1121 1060 1219 1090 dicam
1231 1062 1263 1090 in
1272 1071 1392 1091 crucem
1404 1062 1530 1092 tollere?
1551 1065 1643 1094 verbo
1661 1066 1727 1095 satis
1739 1066 1831 1107 digno
1842 1076 1901 1097 tam
1914 1067 2026 1098 nefaria
2034 1078 2082 1098 res

1121 1103 1260 1142 appellari
1279 1103 1365 1133 nullo
1384 1104 1478 1134 modo
1495 1105 1600 1143 potest.
1624 1109 1698 1137 Non
1715 1107 1774 1138 fuit
1794 1109 1839 1138 his
1861 1109 2004 1140 omnibus
2022 1109 2081 1140 iste

1121 1153 1290 1174 contentus.
1316 1144 1449 1184 Spthct,
1466 1147 1574 1187 inquit,
1587 1150 1726 1187 patriam:
1753 1152 1783 1180 in
1793 1150 1953 1190 conspeetu
1964 1152 2080 1191 legum,

1122 1185 1321 1227 libertatisque
1333 1189 1488 1217 moriatur.
1523 1191 1597 1218 Non
1608 1199 1637 1219 tu
1650 1191 1784 1221 hocloco
1795 1194 1926 1222 Gavium
1938 1213 1946 1226 ‚
1968 1195 2080 1223 nonn-

1120 1237 1196 1256 num
1207 1228 1366 1257 hominem
1379 1248 1387 1262 ,
1399 1230 1499 1259 neseio
1511 1240 1600 1270 quem
1612 1251 1620 1265 ‚
1629 1234 1726 1261 civem
1742 1235 1834 1263 Rom-
1847 1234 1895 1264 sed
1905 1244 2080 1263 communem

1123 1269 1275 1302 libertatis,
1288 1270 1456 1300 &civitatis
1468 1272 1581 1310 caufizm
1590 1275 1622 1302 in
1635 1273 1722 1303 illum
1734 1276 1944 1308 cruciatum&
1953 1286 2077 1306 crucem

1121 1310 1212 1351 egisti.
1244 1312 1313 1352 Jarn
1332 1311 1405 1341 vero
1424 1314 1523 1343 videte
1542 1315 1680 1344 hominis
1693 1316 1856 1346 audaciam.
1880 1320 1993 1347 Nonne
2004 1327 2078 1347 eum

1118 1353 1244 1392 graviter
1262 1351 1358 1382 tuliss'e
1368 1354 1573 1389 arbitramini,
1593 1354 1675 1397 quod
1685 1358 1767 1387 iilam
1778 1359 1894 1388 civibus
1905 1361 2000 1389 Rom.
2011 1369 2080 1389 cru-

1119 1404 1185 1424 cem
1194 1404 1257 1424 non
1269 1393 1364 1434 poss'et
1373 1398 1404 1426 in
1415 1395 1482 1426 foro
1494 1416 1502 1429 ‚
1516 1407 1580 1427 non
1593 1400 1626 1428 in
1636 1401 1765 1429 comitio
1776 1420 1783 1434 ‚
1795 1410 1859 1430 non
1870 1402 1902 1430 in
1912 1400 2013 1430 rostris
2021 1400 2075 1430 de-

1121 1435 1230 1476 figere?
1252 1434 1267 1455 ⁶
1276 1436 1358 1477 quod
1367 1439 1451 1467 enim
1461 1439 1508 1468 his
1517 1439 1591 1469 locis
1605 1441 1638 1470 in
1649 1443 1804 1479 provincia
1814 1442 1863 1472 sua
1876 1462 1883 1475 ,
1907 1442 2080 1472 celebritate

1119 1477 1311 1508 simillimum
1324 1498 1332 1511 ,
1344 1481 1467 1519 regione
1477 1482 1652 1520 proximum
1663 1484 1777 1522 potuit,
1794 1484 1893 1525 elegit.
1915 1494 2079 1513 monumen·-

1119 1528 1182 1549 tum
1190 1520 1310 1559 sceleris,
1336 1520 1520 1562 audaciaeque
1537 1523 1594 1552 suae
1612 1525 1710 1554 voluit
1728 1523 1785 1554 effe
1803 1526 1835 1554 in
1848 1524 2008 1565 conspeetu
2019 1528 2079 1555 Ita-

1119 1562 1175 1595 lice,
1188 1561 1337 1592 vestibulo
1345 1563 1453 1593 Siciliae
1463 1583 1471 1596 ,
1489 1565 1733 1603 praeterveffione
1745 1569 1886 1596 omnium
1899 1587 1906 1600 ,
1919 1569 1969 1608 qui
1980 1565 2072 1600 ultro,

1118 1605 1253 1643 citroque
1262 1605 1442 1643 navigarent.
1474 1608 1504 1635 Si
1514 1606 1576 1636 haec
1592 1617 1656 1637 non
1665 1607 1699 1637 ad
1710 1609 1802 1637 civeis
1812 1611 1970 1638 Romanos
1980 1629 1988 1642 ‚
2010 1619 2074 1639 non
2096 1609 2117 1642 6
2124 1618 2142 1653 7

1117 1645 1153 1675 ad
1162 1646 1278 1686 aliquos
1287 1648 1401 1676 amicos
1412 1645 1518 1676 nostrae
1529 1650 1658 1678 civitatis
1669 1669 1676 1681 ‚
1696 1659 1761 1679 non
1770 1649 1805 1679 ad
1817 1659 1867 1679 eos
1883 1669 1892 1683 ,
1909 1652 1962 1690 qui
1976 1660 2075 1690 popu-

1120 1687 1141 1716 li
1152 1689 1192 1717 R.
1203 1696 1320 1716 nomen
1330 1686 1489 1717 audissent:
1508 1688 1651 1730 denique,-
1664 1689 1684 1719 sl
1697 1701 1759 1720 non
1768 1690 1803 1721 ad
1813 1692 2078 1726 homines,verum

1121 1728 1156 1758 ad
1168 1727 1281 1762 bestias,
1293 1738 1343 1759 aut
1351 1731 1452 1762 etiam,
1468 1739 1499 1760 ut
1509 1731 1628 1772 longius
1637 1732 1822 1773 progrediar,
1844 1731 1905 1763 siin
1915 1734 2013 1774 aliqua
2022 1734 2077 1764 de-

1121 1768 1272 1800 sertisfima
1282 1770 1455 1805 solitudine,
1467 1771 1502 1802 ad
1514 1772 1579 1803 saxa
1591 1793 1599 1807 ‚
1613 1773 1645 1803 &
1655 1774 1689 1803 ad
1701 1774 1837 1814 scopulos
1849 1775 1910 1805 haec
1918 1777 2075 1816 conqueri,

1122 1812 1154 1842 δε
1165 1812 1318 1852 deplorare
1327 1813 1437 1843 vellem
1452 1824 1457 1842 :
1472 1822 1573 1844 tamen
1584 1818 1690 1845 omnia
1700 1820 1714 1843 7
1726 1825 1821 1849 muta,
1833 1825 1920 1857 atque
1929 1819 2078 1852 inanima,

1119 1862 1197 1883 tanta
1207 1873 1216 1888 ‚
1240 1854 1272 1883 ὃς
1286 1863 1346 1884 tarn
1369 1854 1492 1896 indigna
1511 1866 1612 1886 rerum
1630 1859 1780 1887 atrocitate
1798 1867 2078 1889 commoverentur.

1121 1897 1214 1925 Nunc
1222 1894 1295 1925 vero
1307 1894 1376 1925 cum
1387 1896 1489 1937 loquar
1497 1897 1574 1936 apud
1584 1898 1731 1927 senatores
1739 1899 1844 1938 populi
1856 1901 1894 1930 R.
1907 1900 2018 1941 legum,
2026 1901 2079 1940 ju-

1120 1936 1342 1977 diciorumque,
1356 1938 1388 1967 &
1405 1938 1410 1973 j
1416 1940 1476 1967 uris
1486 1938 1631 1971 auctores,
1645 1941 1749 1969 timere
1759 1950 1823 1970 non
1833 1940 1928 1970 debeo
1940 1961 1948 1974 ‚
1961 1952 1998 1971 ne
2011 1951 2077 1972 non

1121 1988 1198 2007 unus
1212 1977 1265 2007 iste
1278 1980 1352 2008 civis
1362 1981 1402 2009 R.
1415 1980 1464 2009 illa
1470 1990 1555 2010 cruce
1565 1980 1672 2021 dignus
1688 2001 1697 2013 ,
1709 1983 1798 2011 ceteri
1808 1991 1916 2011 omnes
1926 1981 2016 2012 simili
2023 1993 2078 2023 pe·-

1121 2020 1216 2049 riculo
1228 2018 1425 2060 indignissimi
1432 2021 1612 2059 judicentur.
1636 2022 1740 2052 Paullo
1750 2023 1965 2063 ante‚judices‚
1981 2025 2076 2064 lacry-

1121 2062 1226 2091 masin
1238 2070 1337 2091 morte
1347 2062 1463 2095 misera,
1475 2071 1560 2102 atque
1570 2062 1773 2104 indigniffima
1782 2066 1998 2095 navarchorum
2010 2076 2074 2097 non

1120 2102 1294 2132 tenebamus
1304 2115 1313 2137 3
1333 2102 1469 2137 &1·e6te‚
1490 2114 1523 2134 ac
1532 2103 1641 2134 merito
1649 2105 1786 2144 simiorum
1795 2106 1982 2136 innocentium
1992 2106 2076 2147 mise-

1118 2145 1163 2172 ria
1178 2143 1417 2173 commovebamur
1426 2158 1437 2175 .-
1459 2145 1533 2185 quid
1548 2149 1672 2176 nuncin
1684 2146 1786 2177 nostro
1798 2148 1938 2189 sanguine
1950 2148 2073 2180 tandem

1117 2184 1213 2215 facere
1223 2185 1386 2218 debemus?
1405 2196 1475 2216 narn
1493 2189 1609 2217 civium
1629 2190 1670 2218 R.
1690 2189 1804 2230 sanguis
1812 2190 1994 2229 conjunc-stus
2006 2193 2074 2220 exi—-

1118 2226 1283 2256 stimandus
1292 2226 1351 2257 est:
1368 2230 1514 2268 quoniam
1526 2228 1556 2258 id
1567 2229 1599 2259 δε
1619 2230 1718 2260 salutis
1736 2233 1880 2261 omnium
1897 2233 1989 2265 ratio,
2011 2228 2070 2263 8&

1116 2272 1221 2299 veritas
1238 2272 1381 2299 omniurn
1400 2269 1536 2310 postulat.
1559 2280 1665 2301 ornnes
1684 2272 1742 2302 hoc
1763 2273 1831 2303 loco
1840 2274 1919 2303 cives
1930 2276 2025 2304 Rom.
2038 2275 2074 2305 δε

1115 2311 1169 2381 qui
1187 2310 1291 2340 adsunt
1302 2330 1310 2344 ,
1333 2311 1365 2340 &
1384 2313 1435 2352 qui
1450 2312 1631 2353 ubicumque
1643 2314 1728 2347 sunt,
1745 2314 1874 2344 vestram
1885 2315 2074 2347 severitatem

1137 2350 1279 2381 esiderant
1289 2372 1298 2386 ,
1319 2352 1446 2383 vestram
1467 2352 1560 2383 fidem
1577 2355 1756 2394 implorant,
1776 2355 1909 2386 vestrum
1919 2358 2071 2389 auxilium

1116 2397 1287 2434 requirunt:
1308 2396 1414 2425 omnia
1423 2396 1471 2425 sua
1483 2397 1560 2431 iura,
1578 2397 1740 2427 commoda
1751 2417 1760 2431 ‚
1774 2398 1897 2430 auxilia,
1910 2408 2003 2428 totam
2015 2399 2069 2430 de-

1116 2437 1208 2476 nique
1218 2435 1384 2466 libertatem
1394 2439 1426 2466 in
1436 2436 1539 2467 vestris
1552 2438 1705 2468 sententiis
1715 2440 1821 2470 versari
1830 2440 2014 2470 arbitrantur.
2041 2444 2075 2472 A

1116 2487 1177 2510 me,
1192 2476 1304 2507 tametsi
1314 2479 1380 2508 satis
1391 2479 1517 2512 habent,
1528 2483 1544 2505 9
1555 2489 1656 2509 tamen
1666 2479 1686 2509 fi
1697 2490 1742 2510 res
1753 2482 1836 2510 aliter
1844 2481 1991 2515 acciderit,
2003 2482 2073 2521 plus

1116 2519 1268 2549 habebunt
1281 2518 1409 2553 fortasse,
1421 2520 1510 2561 quam
1522 2520 1681 2560 postulant.
1696 2531 1766 2551 narn
1784 2522 1815 2552 &
1826 2520 1910 2563 fiqua
1920 2524 1965 2553 vis
1974 2523 2069 2554 istum

1120 2563 1148 2579 ¹0
1156 2560 1191 2590 de
1201 2560 1294 2590 vestra
1305 2561 1454 2591 severitate
1466 2564 1615 2601 eripuerit,
1626 2562 1656 2592 id
1667 2563 1746 2603 quod
1756 2573 1852 2603 neque
1864 2573 1979 2598 metuo,
1988 2565 2073 2604 judi-

1116 2612 1164 2632 ces
1177 2623 1186 2636 ‚
1206 2613 1304 2644 neque
1323 2604 1387 2633 ullo
1405 2603 1500 2634 modo
1519 2602 1583 2633 fieri
1592 2602 1675 2646 posse
1686 2604 1791 2634 video:
1817 2604 1865 2635 sed
1876 2603 1897 2635 sl
1907 2607 2007 2637 inhoc
2017 2617 2070 2639 me

1995 2658 2073 2680 ratio

1155 2707 1181 2731 5.
1200 2701 1315 2732 cAfflwim
1333 2700 1452 2733 viderem]
1472 2699 1514 2725 sic
1523 2699 1603 2725 etiam
1615 2708 1705 2726 ornnes
1725 2700 1884 2727 membranae
1895 2699 2076 2730 Bibliotheca-

1118 2743 1188 2764 rum,
1201 2735 1246 2761 nisi
1258 2734 1328 2770 quod
1339 2736 1406 2761 l'all.
1417 2737 1526 2769 cas-'scum
1537 2746 1543 2759 :
1559 2735 1590 2761 fic
1601 2735 1661 2761 edd.
1672 2736 1787 2773 antiquae
1799 2756 1807 2769 ‚
1817 2737 1898 2764 etiam
1910 2737 2076 2766 Victori-uia,

1120 2771 1280 2797 recentiores
1293 2771 1409 2796 maluere
1421 2790 1428 2802 ,
1443 2771 1550 2803 affrHum
1560 2772 1662 2797 viderer.

1155 2806 1181 2831 6.
1200 2807 1268 2840 ,Θρῃκί
1279 2807 1383 2832 enimhis
1392 2808 1443 2832 locis
1453 2811 1478 2832 in
1487 2808 1662 2840 provincia-lira
1674 2826 1681 2838 ,
1699 2807 1766 2841 ,fij-c]
1789 2807 2074 2845 Leistioreceptullttis

1119 2842 1134 2868 ἐι
1146 2841 1169 2868 se
1181 2843 1250 2868 clara
1260 2844 1287 2868 ὃ(
1297 2850 1402 2877 arguta.
1424 2843 1531 2869 malleni
1544 2850 1629 2869 tamen
1645 2842 1728 2869 abesse
1739 2843 1805 2869 illud
1817 2848 1887 2870 enim.

1154 2886 1182 2911 7.
1202 2882 1292 2906 emma
1302 2879 1513 2913 atisin-munima]
1526 2878 1625 2905 Recte.
1638 2878 1757 2906 rideatur
1768 2880 1894 2913 Pichena,
1906 2882 1987 2908 Notis
1999 2882 2029 2908 ad
2042 2883 2077 2910 li-

1119 2913 1195 2939 brum
1212 2923 1233 2940 1.
1248 2914 1317 2940 Hist.
1329 2923 1406 2949 cap.,.

1156 2950 1182 2976 8,
1202 2953 1234 2975 Et
1245 2954 1337 2975 vetitas
1347 2952 1446 2975 omnium
1458 2951 1582 2985 postulat]
1603 2949 1679 2977 Libri
1691 2951 1770 2978 nostri
1783 2951 1914 2979 addebant
1924 2957 2032 2980 omnium.
2055 2954 2075 2982 si

1120 2986 1160 3011 cui
1181 2994 1269 3012 tamen
1289 2986 1404 3021 placeret
1423 2993 1526 3013 mutare
1543 2987 1570 3013 in
1590 2989 1706 3013 hominum
1715 3007 1723 3020 ‚
1745 2997 1803 3015 ecce
1822 2998 1864 3015 nie
1875 2990 1897 3015 ei
1909 2989 2083 3026 adstipulato-

1124 3030 1192 3048 rem.

131 3074 134 3077 .
153 3060 181 3087 3.
199 3053 265 3085 Qud
272 3053 443 3087 quisigmrct]
457 3054 562 3080 Scilicet
572 3063 604 3081 au
617 3063 707 3081 verum
720 3054 750 3081 sit
760 3064 808 3082 nec
819 3065 862 3082 ne.

126 3113 130 3118 ,
153 3094 182 3119 4.
201 3088 248 3120 Q}
258 3095 306 3112 tum
315 3091 340 3113 in
349 3091 440 3121 Sicilia,
455 3091 590 3116 nominabat
603 3090 636 3124 ἓ]
648 3090 759 3117 Necesse
771 3091 846 3118 habi-i
859 3090 992 3117 adliaerere
1003 3091 1072 3118 Pau.

116 3118 181 3148 item
193 3122 256 3148 olim
266 3122 329 3149 cufis
342 3142 350 3154 ‚
360 3123 386 3150 in
397 3124 492 3159 quibus
505 3125 591 3156 isthaec
601 3125 694 3156 leffio.
713 3126 835 3164 deinceps
853 3127 952 3164 vulgati
964 3146 973 3161 ‚
994 3129 1076 3154 Sicilia

117 3160 291 3193 negotiabatur.
309 3161 455 3188 nominabat.

1155 3066 1184 3091 9.
1204 3057 1302 3091 Yamctst
1310 3067 1345 3082 res
1357 3060 1427 3082 aliter
1437 3058 1574 3093 acciderit]
1586 3058 1715 3086 Usitatins
1728 3059 1769 3092 sit,
1780 3061 1806 3087 S:
1817 3060 1924 3088 fortasse
1936 3062 2082 3093 verius‚in-

1120 3094 1178 3128 quit
1189 3093 1362 3124 Gulielmius,
1380 3094 1495 3120 ceciderit.

1161 3137 1202 3153 10.
1222 3132 1255 3154 De
1267 3129 1481 3164 vistrafivcrimte
1492 3132 1629 3168 eripiam-in]
1650 3131 1774 3161 Lambin.
1787 3132 1898 3162 inclinat
1910 3132 1996 3170 legere
2008 3134 2089 3166 v‘stm

1116 3162 1255 3197 smera-ni.

1215 3200 1217 3202 ’
1979 3212 1999 3228 ι.
2012 3205 2087 3236 siqui
