<?xml version="1.0" encoding="UTF-8"?>
<!DOCTYPE html PUBLIC "-//W3C//DTD XHTML 1.0 Transitional//EN"
    "http://www.w3.org/TR/xhtml1/DTD/xhtml1-transitional.dtd">
<html xmlns="http://www.w3.org/1999/xhtml" xml:lang="en" lang="en">
 <head>
  <title>
</title>
<meta http-equiv="Content-Type" content="text/html;charset=utf-8" />
  <meta name='ocr-system' content='tesseract 3.04.00' />
  <meta name='ocr-capabilities' content='ocr_page ocr_carea ocr_par ocr_line ocrx_word'/>
</head>
<body>
  <div class='ocr_page' id='page_1' title='image "./mtuliiciceroniso00cice_1058.png"; bbox 0 0 2337 3400; ppageno 0'>
   <div class='ocr_carea' id='block_1_1' title="bbox 176 89 1094 161">
    <p class='ocr_par' dir='ltr' id='par_1_1' title="bbox 176 89 1094 161">
     <span class='ocr_line' id='line_1_1' title="bbox 176 89 1094 161; baseline -0.032 0"><span class='ocrx_word' id='word_1_1' title='bbox 176 111 274 161; x_wconf 75' lang='lat'>954</span> <span class='ocrx_word' id='word_1_2' title='bbox 570 89 1094 139; x_wconf 75' lang='lat' dir='ltr'>M.Tur.1.11</span> 
     </span>
    </p>
   </div>
   <div class='ocr_carea' id='block_1_2' title="bbox 158 169 1176 2806">
    <p class='ocr_par' dir='ltr' id='par_1_2' title="bbox 158 169 1176 2806">
     <span class='ocr_line' id='line_1_2' title="bbox 173 169 1136 218; baseline -0.013 -10"><span class='ocrx_word' id='word_1_3' title='bbox 173 177 265 218; x_wconf 72' lang='lat' dir='ltr'>quarn</span> <span class='ocrx_word' id='word_1_4' title='bbox 284 185 336 206; x_wconf 86' lang='lat' dir='ltr'>eos</span> <span class='ocrx_word' id='word_1_5' title='bbox 344 176 435 205; x_wconf 82' lang='lat' dir='ltr'>civeis</span> <span class='ocrx_word' id='word_1_6' title='bbox 447 192 455 206; x_wconf 83' lang='lat'><em>‚</em></span> <span class='ocrx_word' id='word_1_7' title='bbox 475 172 526 212; x_wconf 82' lang='lat' dir='ltr'>qui</span> <span class='ocrx_word' id='word_1_8' title='bbox 550 172 608 201; x_wconf 87' lang='lat' dir='ltr'>hoc</span> <span class='ocrx_word' id='word_1_9' title='bbox 618 169 702 200; x_wconf 89' lang='lat' dir='ltr'>bello</span> <span class='ocrx_word' id='word_1_10' title='bbox 711 178 814 199; x_wconf 83' lang='lat' dir='ltr'>contra</span> <span class='ocrx_word' id='word_1_11' title='bbox 824 169 946 208; x_wconf 82' lang='lat' dir='ltr'>patriam</span> <span class='ocrx_word' id='word_1_12' title='bbox 959 176 1041 198; x_wconf 83' lang='lat' dir='ltr'>arma</span> <span class='ocrx_word' id='word_1_13' title='bbox 1050 174 1136 206; x_wconf 83' lang='lat' dir='ltr'>cepe-</span> 
     </span>
     <span class='ocr_line' id='line_1_3' title="bbox 177 206 1135 257; baseline -0.013 -8"><span class='ocrx_word' id='word_1_14' title='bbox 177 228 263 249; x_wconf 80' lang='lat' dir='ltr'>runt:</span> <span class='ocrx_word' id='word_1_15' title='bbox 287 226 362 257; x_wconf 86' lang='lat' dir='ltr'>quos</span> <span class='ocrx_word' id='word_1_16' title='bbox 380 214 505 256; x_wconf 88' lang='lat' dir='ltr'>quidem</span> <span class='ocrx_word' id='word_1_17' title='bbox 521 223 576 254; x_wconf 90' lang='lat' dir='ltr'>ego</span> <span class='ocrx_word' id='word_1_18' title='bbox 595 211 740 242; x_wconf 90' lang='lat' dir='ltr'>omnibus</span> <span class='ocrx_word' id='word_1_19' title='bbox 760 211 915 241; x_wconf 79' lang='lat' dir='ltr'>sententiis</span> <span class='ocrx_word' id='word_1_20' title='bbox 937 209 1082 242; x_wconf 86' lang='lat' dir='ltr'>ulciscor,</span> <span class='ocrx_word' id='word_1_21' title='bbox 1102 206 1135 237; x_wconf 71' lang='grc' dir='ltr'>δε</span> 
     </span>
     <span class='ocr_line' id='line_1_4' title="bbox 177 249 1136 299; baseline -0.01 -11"><span class='ocrx_word' id='word_1_22' title='bbox 177 259 337 299; x_wconf 83' lang='lat' dir='ltr'>persequor</span> <span class='ocrx_word' id='word_1_23' title='bbox 350 276 358 290; x_wconf 89' lang='lat'>,</span> <span class='ocrx_word' id='word_1_24' title='bbox 386 255 531 286; x_wconf 90' lang='lat' dir='ltr'>omnibus</span> <span class='ocrx_word' id='word_1_25' title='bbox 551 254 640 284; x_wconf 91' lang='lat' dir='ltr'>bonis</span> <span class='ocrx_word' id='word_1_26' title='bbox 658 252 903 292; x_wconf 82' lang='lat' dir='ltr'>approbantibus.</span> <span class='ocrx_word' id='word_1_27' title='bbox 933 254 983 283; x_wconf 87' lang='lat' dir='ltr'>Tu</span> <span class='ocrx_word' id='word_1_28' title='bbox 1004 250 1078 291; x_wconf 81' lang='lat' dir='ltr'>quid</span> <span class='ocrx_word' id='word_1_29' title='bbox 1099 249 1136 279; x_wconf 84' lang='lat' dir='ltr'>de</span> 
     </span>
     <span class='ocr_line' id='line_1_5' title="bbox 180 291 1136 335; baseline -0.007 -7"><span class='ocrx_word' id='word_1_30' title='bbox 180 303 234 329; x_wconf 84' lang='lat' dir='ltr'>hac</span> <span class='ocrx_word' id='word_1_31' title='bbox 254 309 282 328; x_wconf 86' lang='lat' dir='ltr'>re</span> <span class='ocrx_word' id='word_1_32' title='bbox 302 299 425 330; x_wconf 59' lang='lat' dir='ltr'>sentin,</span> <span class='ocrx_word' id='word_1_33' title='bbox 448 298 490 327; x_wconf 92' lang='lat' dir='ltr'>tui</span> <span class='ocrx_word' id='word_1_34' title='bbox 511 294 681 335; x_wconf 82' lang='lat' dir='ltr'>judiciiest.</span> <span class='ocrx_word' id='word_1_35' title='bbox 705 297 769 335; x_wconf 88' lang='lat' dir='ltr'>Ego</span> <span class='ocrx_word' id='word_1_36' title='bbox 780 292 817 324; x_wconf 86' lang='lat' dir='ltr'>sic</span> <span class='ocrx_word' id='word_1_37' title='bbox 827 295 923 324; x_wconf 88' lang='lat' dir='ltr'>sentio</span> <span class='ocrx_word' id='word_1_38' title='bbox 938 313 948 326; x_wconf 85' lang='lat'>,</span> <span class='ocrx_word' id='word_1_39' title='bbox 974 295 1066 323; x_wconf 90' lang='lat' dir='ltr'>trium</span> <span class='ocrx_word' id='word_1_40' title='bbox 1078 291 1136 322; x_wconf 82' lang='lat' dir='ltr'>fra-</span> 
     </span>
     <span class='ocr_line' id='line_1_6' title="bbox 180 334 1134 372; baseline -0.007 -2"><span class='ocrx_word' id='word_1_41' title='bbox 180 350 258 370; x_wconf 90' lang='lat' dir='ltr'>trum</span> <span class='ocrx_word' id='word_1_42' title='bbox 271 349 360 369; x_wconf 89' lang='lat' dir='ltr'>unam</span> <span class='ocrx_word' id='word_1_43' title='bbox 375 359 384 372; x_wconf 93' lang='lat'>‚</span> <span class='ocrx_word' id='word_1_44' title='bbox 407 339 439 369; x_wconf 93' lang='lat'>&amp;</span> <span class='ocrx_word' id='word_1_45' title='bbox 449 337 575 369; x_wconf 85' lang='lat' dir='ltr'>eandem</span> <span class='ocrx_word' id='word_1_46' title='bbox 591 336 648 367; x_wconf 83' lang='lat' dir='ltr'>esse</span> <span class='ocrx_word' id='word_1_47' title='bbox 657 336 784 366; x_wconf 81' lang='lat' dir='ltr'>causam.</span> <span class='ocrx_word' id='word_1_48' title='bbox 809 335 955 366; x_wconf 88' lang='lat' dir='ltr'>Consules</span> <span class='ocrx_word' id='word_1_49' title='bbox 964 334 1040 368; x_wconf 89' lang='lat' dir='ltr'>duos</span> <span class='ocrx_word' id='word_1_50' title='bbox 1051 354 1060 368; x_wconf 91' lang='lat'>,</span> <span class='ocrx_word' id='word_1_51' title='bbox 1080 334 1134 364; x_wconf 93' lang='lat' dir='ltr'>bo-</span> 
     </span>
     <span class='ocr_line' id='line_1_7' title="bbox 178 376 1136 421; baseline -0.004 -11"><span class='ocrx_word' id='word_1_52' title='bbox 178 390 235 411; x_wconf 85' lang='lat' dir='ltr'>nos</span> <span class='ocrx_word' id='word_1_53' title='bbox 247 381 371 421; x_wconf 87' lang='lat' dir='ltr'>quidem</span> <span class='ocrx_word' id='word_1_54' title='bbox 384 401 392 414; x_wconf 95' lang='lat'>,</span> <span class='ocrx_word' id='word_1_55' title='bbox 406 380 453 411; x_wconf 76' lang='lat' dir='ltr'>sed</span> <span class='ocrx_word' id='word_1_56' title='bbox 464 380 610 411; x_wconf 84' lang='lat' dir='ltr'>duntaxat</span> <span class='ocrx_word' id='word_1_57' title='bbox 621 378 719 408; x_wconf 88' lang='lat' dir='ltr'>bonos</span> <span class='ocrx_word' id='word_1_58' title='bbox 730 397 738 410; x_wconf 90' lang='lat'>‚</span> <span class='ocrx_word' id='word_1_59' title='bbox 749 376 914 409; x_wconf 88' lang='lat' dir='ltr'>amisimus.</span> <span class='ocrx_word' id='word_1_60' title='bbox 939 379 1056 406; x_wconf 83' lang='lat' dir='ltr'>Hirtius</span> <span class='ocrx_word' id='word_1_61' title='bbox 1069 378 1136 417; x_wconf 88' lang='lat' dir='ltr'>qui-</span> 
     </span>
     <span class='ocr_line' id='line_1_8' title="bbox 177 418 1138 462; baseline -0.005 -9"><span class='ocrx_word' id='word_1_62' title='bbox 177 422 247 453; x_wconf 88' lang='lat' dir='ltr'>dem</span> <span class='ocrx_word' id='word_1_63' title='bbox 260 433 290 452; x_wconf 95' lang='lat' dir='ltr'>in</span> <span class='ocrx_word' id='word_1_64' title='bbox 302 423 361 462; x_wconf 67' lang='lat' dir='ltr'>ipsa</span> <span class='ocrx_word' id='word_1_65' title='bbox 369 421 498 452; x_wconf 66' lang='lat' dir='ltr'>viStoria</span> <span class='ocrx_word' id='word_1_66' title='bbox 507 420 703 454; x_wconf 73' lang='lat' dir='ltr'>occidit,csim</span> <span class='ocrx_word' id='word_1_67' title='bbox 713 421 815 460; x_wconf 87' lang='lat' dir='ltr'>paucis</span> <span class='ocrx_word' id='word_1_68' title='bbox 823 418 928 449; x_wconf 87' lang='lat' dir='ltr'>diebus</span> <span class='ocrx_word' id='word_1_69' title='bbox 939 428 1049 460; x_wconf 87' lang='lat' dir='ltr'>magno</span> <span class='ocrx_word' id='word_1_70' title='bbox 1059 428 1138 459; x_wconf 87' lang='lat' dir='ltr'>proe·</span> 
     </span>
     <span class='ocr_line' id='line_1_9' title="bbox 175 460 1134 501; baseline -0.004 -7"><span class='ocrx_word' id='word_1_71' title='bbox 175 465 220 494; x_wconf 88' lang='lat' dir='ltr'>lio</span> <span class='ocrx_word' id='word_1_72' title='bbox 231 464 299 495; x_wconf 75' lang='lat' dir='ltr'>ante</span> <span class='ocrx_word' id='word_1_73' title='bbox 312 463 436 495; x_wconf 83' lang='lat' dir='ltr'>vicisset.</span> <span class='ocrx_word' id='word_1_74' title='bbox 462 466 543 497; x_wconf 86' lang='lat' dir='ltr'>Nam</span> <span class='ocrx_word' id='word_1_75' title='bbox 558 463 646 494; x_wconf 84' lang='lat' dir='ltr'>Pansa</span> <span class='ocrx_word' id='word_1_76' title='bbox 656 461 768 501; x_wconf 82' lang='lat' dir='ltr'>fugerat</span> <span class='ocrx_word' id='word_1_77' title='bbox 778 482 786 494; x_wconf 92' lang='lat'>‚</span> <span class='ocrx_word' id='word_1_78' title='bbox 809 460 986 493; x_wconf 84' lang='lat' dir='ltr'>vulneribus</span> <span class='ocrx_word' id='word_1_79' title='bbox 998 463 1134 501; x_wconf 85' lang='lat' dir='ltr'>acceptis,</span> 
     </span>
     <span class='ocr_line' id='line_1_10' title="bbox 176 502 1160 547; baseline -0.005 -10"><span class='ocrx_word' id='word_1_80' title='bbox 176 516 242 547; x_wconf 84' lang='lat' dir='ltr'>quae</span> <span class='ocrx_word' id='word_1_81' title='bbox 256 506 333 537; x_wconf 75' lang='lat' dir='ltr'>ferre</span> <span class='ocrx_word' id='word_1_82' title='bbox 345 516 406 536; x_wconf 91' lang='lat' dir='ltr'>non</span> <span class='ocrx_word' id='word_1_83' title='bbox 418 507 525 546; x_wconf 88' lang='lat' dir='ltr'>potuit.</span> <span class='ocrx_word' id='word_1_84' title='bbox 550 505 706 545; x_wconf 81' lang='lat' dir='ltr'>Reliquias</span> <span class='ocrx_word' id='word_1_85' title='bbox 720 502 855 534; x_wconf 88' lang='lat' dir='ltr'>hostium</span> <span class='ocrx_word' id='word_1_86' title='bbox 866 505 973 533; x_wconf 88' lang='lat' dir='ltr'>Brutus</span> <span class='ocrx_word' id='word_1_87' title='bbox 984 504 1136 545; x_wconf 84' lang='lat' dir='ltr'>persequi·</span> <span class='ocrx_word' id='word_1_88' title='bbox 1157 523 1160 541; x_wconf 55' lang='lat' dir='ltr'>i</span> 
     </span>
     <span class='ocr_line' id='line_1_11' title="bbox 177 545 1138 585; baseline -0.003 -7"><span class='ocrx_word' id='word_1_89' title='bbox 177 557 243 582; x_wconf 88' lang='lat' dir='ltr'>tur,</span> <span class='ocrx_word' id='word_1_90' title='bbox 265 549 296 579; x_wconf 91' lang='lat'>&amp;</span> <span class='ocrx_word' id='word_1_91' title='bbox 314 549 415 578; x_wconf 80' lang='lat' dir='ltr'>Caesar.</span> <span class='ocrx_word' id='word_1_92' title='bbox 442 547 551 578; x_wconf 88' lang='lat' dir='ltr'>Hostes</span> <span class='ocrx_word' id='word_1_93' title='bbox 562 556 661 577; x_wconf 85' lang='lat' dir='ltr'>autem</span> <span class='ocrx_word' id='word_1_94' title='bbox 672 545 931 584; x_wconf 84' lang='lat' dir='ltr'>omnesjudicati‚</span> <span class='ocrx_word' id='word_1_95' title='bbox 951 548 1002 585; x_wconf 89' lang='lat' dir='ltr'>qui</span> <span class='ocrx_word' id='word_1_96' title='bbox 1014 548 1058 575; x_wconf 91' lang='lat' dir='ltr'>M.</span> <span class='ocrx_word' id='word_1_97' title='bbox 1075 550 1138 576; x_wconf 80' lang='lat' dir='ltr'>An·</span> 
     </span>
     <span class='ocr_line' id='line_1_12' title="bbox 178 588 1139 629; baseline -0.002 -9"><span class='ocrx_word' id='word_1_98' title='bbox 178 593 259 620; x_wconf 92' lang='lat' dir='ltr'>tonii</span> <span class='ocrx_word' id='word_1_99' title='bbox 279 590 387 620; x_wconf 60' lang='lat' dir='ltr'>sedlam</span> <span class='ocrx_word' id='word_1_100' title='bbox 402 590 492 620; x_wconf 87' lang='lat' dir='ltr'>secuti</span> <span class='ocrx_word' id='word_1_101' title='bbox 505 589 580 619; x_wconf 88' lang='lat' dir='ltr'>sunt.</span> <span class='ocrx_word' id='word_1_102' title='bbox 604 590 701 629; x_wconf 86' lang='lat' dir='ltr'>itaque</span> <span class='ocrx_word' id='word_1_103' title='bbox 715 588 743 618; x_wconf 90' lang='lat' dir='ltr'>id</span> <span class='ocrx_word' id='word_1_104' title='bbox 756 599 779 618; x_wconf 88' lang='lat' dir='ltr'>s.</span> <span class='ocrx_word' id='word_1_105' title='bbox 796 597 824 617; x_wconf 85' lang='lat' dir='ltr'>c.</span> <span class='ocrx_word' id='word_1_106' title='bbox 848 588 982 628; x_wconf 88' lang='lat' dir='ltr'>plerique</span> <span class='ocrx_word' id='word_1_107' title='bbox 992 590 1139 628; x_wconf 76' lang='lat' dir='ltr'>interpre-</span> 
     </span>
     <span class='ocr_line' id='line_1_13' title="bbox 179 628 1138 670; baseline -0.005 -8"><span class='ocrx_word' id='word_1_108' title='bbox 179 641 276 662; x_wconf 87' lang='lat' dir='ltr'>tantur</span> <span class='ocrx_word' id='word_1_109' title='bbox 286 634 396 666; x_wconf 69' lang='lat' dir='ltr'>,etiam</span> <span class='ocrx_word' id='word_1_110' title='bbox 406 631 440 662; x_wconf 87' lang='lat' dir='ltr'>ad</span> <span class='ocrx_word' id='word_1_111' title='bbox 450 641 516 661; x_wconf 85' lang='lat' dir='ltr'>tuos</span> <span class='ocrx_word' id='word_1_112' title='bbox 530 651 537 664; x_wconf 88' lang='lat'>,</span> <span class='ocrx_word' id='word_1_113' title='bbox 550 629 608 660; x_wconf 80' lang='lat' dir='ltr'>five</span> <span class='ocrx_word' id='word_1_114' title='bbox 615 632 759 670; x_wconf 88' lang='lat' dir='ltr'>captivos,</span> <span class='ocrx_word' id='word_1_115' title='bbox 775 628 832 659; x_wconf 89' lang='lat' dir='ltr'>sive</span> <span class='ocrx_word' id='word_1_116' title='bbox 842 629 996 660; x_wconf 73' lang='lat' dir='ltr'>dedititios</span> <span class='ocrx_word' id='word_1_117' title='bbox 1006 633 1138 669; x_wconf 85' lang='lat' dir='ltr'>pertine-</span> 
     </span>
     <span class='ocr_line' id='line_1_14' title="bbox 178 671 1136 715; baseline -0.002 -11"><span class='ocrx_word' id='word_1_118' title='bbox 178 684 218 704; x_wconf 88' lang='lat' dir='ltr'>re.</span> <span class='ocrx_word' id='word_1_119' title='bbox 244 674 390 715; x_wconf 77' lang='lat' dir='ltr'>Equidem</span> <span class='ocrx_word' id='word_1_120' title='bbox 407 674 486 703; x_wconf 87' lang='lat' dir='ltr'>nihil</span> <span class='ocrx_word' id='word_1_121' title='bbox 501 671 752 706; x_wconf 65' lang='lat' dir='ltr'>differ-uiduiii‘is,</span> <span class='ocrx_word' id='word_1_122' title='bbox 776 671 847 702; x_wconf 75' lang='lat' dir='ltr'>cum</span> <span class='ocrx_word' id='word_1_123' title='bbox 861 673 1044 701; x_wconf 77' lang='lat' dir='ltr'>nominatim</span> <span class='ocrx_word' id='word_1_124' title='bbox 1056 672 1092 702; x_wconf 89' lang='lat' dir='ltr'>de</span> <span class='ocrx_word' id='word_1_125' title='bbox 1104 674 1136 702; x_wconf 89' lang='lat' dir='ltr'>C.</span> 
     </span>
     <span class='ocr_line' id='line_1_15' title="bbox 178 713 1141 755; baseline -0.002 -9"><span class='ocrx_word' id='word_1_126' title='bbox 178 720 316 746; x_wconf 82' lang='lat' dir='ltr'>Antonio</span> <span class='ocrx_word' id='word_1_127' title='bbox 327 716 518 746; x_wconf 78' lang='lat' dir='ltr'><strong>decernerem</strong></span> <span class='ocrx_word' id='word_1_128' title='bbox 531 735 539 748; x_wconf 90' lang='lat'>‚</span> <span class='ocrx_word' id='word_1_129' title='bbox 561 713 644 755; x_wconf 74' lang='lat' dir='ltr'>quod</span> <span class='ocrx_word' id='word_1_130' title='bbox 654 717 694 745; x_wconf 89' lang='lat' dir='ltr'>ita</span> <span class='ocrx_word' id='word_1_131' title='bbox 704 713 857 745; x_wconf 86' lang='lat' dir='ltr'>statueram</span> <span class='ocrx_word' id='word_1_132' title='bbox 869 734 878 747; x_wconf 88' lang='lat'>,</span> <span class='ocrx_word' id='word_1_133' title='bbox 899 713 915 743; x_wconf 74' lang='lat' dir='ltr'>a</span> <span class='ocrx_word' id='word_1_134' title='bbox 925 722 952 742; x_wconf 91' lang='lat' dir='ltr'>te</span> <span class='ocrx_word' id='word_1_135' title='bbox 961 715 1141 754; x_wconf 79' lang='lat' dir='ltr'>cognoscere</span> 
     </span>
     <span class='ocr_line' id='line_1_16' title="bbox 178 755 1006 798; baseline -0.006 -10"><span class='ocrx_word' id='word_1_136' title='bbox 178 758 294 789; x_wconf 71' lang='lat' dir='ltr'>caus-im</span> <span class='ocrx_word' id='word_1_137' title='bbox 313 760 377 798; x_wconf 77' lang='lat' dir='ltr'>ejus</span> <span class='ocrx_word' id='word_1_138' title='bbox 396 759 532 787; x_wconf 88' lang='lat' dir='ltr'>senatum</span> <span class='ocrx_word' id='word_1_139' title='bbox 544 765 690 796; x_wconf 80' lang='lat' dir='ltr'>oportere.</span> <span class='ocrx_word' id='word_1_140' title='bbox 716 767 747 786; x_wconf 81' lang='lat' dir='ltr'>x.</span> <span class='ocrx_word' id='word_1_141' title='bbox 760 755 887 786; x_wconf 85' lang='lat' dir='ltr'>Kalend.</span> <span class='ocrx_word' id='word_1_142' title='bbox 903 755 1006 795; x_wconf 87' lang='lat' dir='ltr'>Majas.</span> 
     </span>
     <span class='ocr_line' id='line_1_17' title="bbox 374 799 944 830; baseline -0.009 -1"><span class='ocrx_word' id='word_1_143' title='bbox 374 801 588 830; x_wconf 85' lang='lat' dir='ltr'>BRUTUS</span> <span class='ocrx_word' id='word_1_144' title='bbox 617 799 894 830; x_wconf 78' lang='lat' dir='ltr'>CICERONI,</span> <span class='ocrx_word' id='word_1_145' title='bbox 917 799 944 827; x_wconf 92' lang='lat' dir='ltr'>S.</span> 
     </span>
     <span class='ocr_line' id='line_1_18' title="bbox 273 838 1143 880; baseline 0 -11"><span class='ocrx_word' id='word_1_146' title='bbox 273 844 400 871; x_wconf 75' lang='lat' dir='ltr'>UANTA</span> <span class='ocrx_word' id='word_1_147' title='bbox 421 839 473 870; x_wconf 86' lang='lat' dir='ltr'>fim</span> <span class='ocrx_word' id='word_1_148' title='bbox 485 841 586 871; x_wconf 85' lang='lat' dir='ltr'>laetitia</span> <span class='ocrx_word' id='word_1_149' title='bbox 594 838 716 870; x_wconf 70' lang='lat' dir='ltr'>affe&amp;us</span> <span class='ocrx_word' id='word_1_150' title='bbox 727 859 735 873; x_wconf 89' lang='lat'>,</span> <span class='ocrx_word' id='word_1_151' title='bbox 755 840 884 880; x_wconf 88' lang='lat' dir='ltr'>cognitis</span> <span class='ocrx_word' id='word_1_152' title='bbox 895 838 983 869; x_wconf 88' lang='lat' dir='ltr'>rebus</span> <span class='ocrx_word' id='word_1_153' title='bbox 991 840 1074 870; x_wconf 80' lang='lat' dir='ltr'>Bruti</span> <span class='ocrx_word' id='word_1_154' title='bbox 1085 849 1143 869; x_wconf 90' lang='lat' dir='ltr'>no-</span> 
     </span>
     <span class='ocr_line' id='line_1_19' title="bbox 274 879 1142 922; baseline -0.002 -9"><span class='ocrx_word' id='word_1_155' title='bbox 274 882 323 913; x_wconf 82' lang='lat' dir='ltr'>stri</span> <span class='ocrx_word' id='word_1_156' title='bbox 338 903 346 917; x_wconf 91' lang='lat'>,</span> <span class='ocrx_word' id='word_1_157' title='bbox 358 883 391 913; x_wconf 90' lang='lat'>&amp;</span> <span class='ocrx_word' id='word_1_158' title='bbox 400 882 562 913; x_wconf 89' lang='lat' dir='ltr'>consulum</span> <span class='ocrx_word' id='word_1_159' title='bbox 575 902 582 915; x_wconf 91' lang='lat'>‚</span> <span class='ocrx_word' id='word_1_160' title='bbox 595 880 714 911; x_wconf 83' lang='lat' dir='ltr'>facilius</span> <span class='ocrx_word' id='word_1_161' title='bbox 726 880 832 911; x_wconf 87' lang='lat' dir='ltr'>esttibi</span> <span class='ocrx_word' id='word_1_162' title='bbox 845 879 1015 911; x_wconf 88' lang='lat' dir='ltr'>existimare</span> <span class='ocrx_word' id='word_1_163' title='bbox 1027 902 1036 915; x_wconf 88' lang='lat'>,</span> <span class='ocrx_word' id='word_1_164' title='bbox 1051 882 1142 922; x_wconf 78' lang='lat' dir='ltr'>quam</span> 
     </span>
     <span class='ocr_line' id='line_1_20' title="bbox 181 922 1140 964; baseline -0.003 -9"><span class='ocrx_word' id='word_1_165' title='bbox 181 927 259 955; x_wconf 86' lang='lat' dir='ltr'>mihi</span> <span class='ocrx_word' id='word_1_166' title='bbox 280 925 414 955; x_wconf 86' lang='lat' dir='ltr'>scribere.</span> <span class='ocrx_word' id='word_1_167' title='bbox 439 924 518 954; x_wconf 83' lang='lat' dir='ltr'>Cum</span> <span class='ocrx_word' id='word_1_168' title='bbox 538 924 593 954; x_wconf 86' lang='lat' dir='ltr'>alia</span> <span class='ocrx_word' id='word_1_169' title='bbox 603 923 712 956; x_wconf 86' lang='lat' dir='ltr'>laudo,</span> <span class='ocrx_word' id='word_1_170' title='bbox 734 922 889 964; x_wconf 80' lang='lat' dir='ltr'>&amp;gaudeo</span> <span class='ocrx_word' id='word_1_171' title='bbox 899 922 1053 956; x_wconf 76' lang='lat' dir='ltr'>accidisse,</span> <span class='ocrx_word' id='word_1_172' title='bbox 1075 933 1140 953; x_wconf 89' lang='lat' dir='ltr'>tum</span> 
     </span>
     <span class='ocr_line' id='line_1_21' title="bbox 179 962 1142 1008; baseline -0.002 -12"><span class='ocrx_word' id='word_1_173' title='bbox 179 967 262 1008; x_wconf 77' lang='lat' dir='ltr'>quod</span> <span class='ocrx_word' id='word_1_174' title='bbox 273 969 354 997; x_wconf 76' lang='lat' dir='ltr'>Bruti</span> <span class='ocrx_word' id='word_1_175' title='bbox 376 969 493 1006; x_wconf 78' lang='lat' dir='ltr'>eruptio</span> <span class='ocrx_word' id='word_1_176' title='bbox 510 975 574 995; x_wconf 91' lang='lat' dir='ltr'>non</span> <span class='ocrx_word' id='word_1_177' title='bbox 584 963 745 1005; x_wconf 74' lang='lat' dir='ltr'>solumipfi</span> <span class='ocrx_word' id='word_1_178' title='bbox 756 962 973 998; x_wconf 76' lang='lat' dir='ltr'>salutarisfuir,</span> <span class='ocrx_word' id='word_1_179' title='bbox 992 965 1142 995; x_wconf 88' lang='lat' dir='ltr'>sedetiam</span> 
     </span>
     <span class='ocr_line' id='line_1_22' title="bbox 181 1004 1141 1045; baseline -0.002 -7"><span class='ocrx_word' id='word_1_180' title='bbox 181 1011 319 1040; x_wconf 85' lang='lat' dir='ltr'>maximo</span> <span class='ocrx_word' id='word_1_181' title='bbox 340 1008 375 1038; x_wconf 88' lang='lat' dir='ltr'>ad</span> <span class='ocrx_word' id='word_1_182' title='bbox 394 1007 556 1037; x_wconf 65' lang='lat' dir='ltr'>vic‘toriam</span> <span class='ocrx_word' id='word_1_183' title='bbox 578 1006 768 1045; x_wconf 77' lang='lat' dir='ltr'>adjumento.</span> <span class='ocrx_word' id='word_1_184' title='bbox 792 1004 883 1044; x_wconf 70' lang='lat' dir='ltr'>Quod</span> <span class='ocrx_word' id='word_1_185' title='bbox 903 1006 1025 1040; x_wconf 86' lang='lat' dir='ltr'>scribis,</span> <span class='ocrx_word' id='word_1_186' title='bbox 1050 1009 1141 1037; x_wconf 89' lang='lat' dir='ltr'>trium</span> 
     </span>
     <span class='ocr_line' id='line_1_23' title="bbox 178 1047 1144 1090; baseline -0.005 -8"><span class='ocrx_word' id='word_1_187' title='bbox 178 1053 385 1082; x_wconf 86' lang='lat' dir='ltr'>Antoniorum</span> <span class='ocrx_word' id='word_1_188' title='bbox 406 1059 498 1079; x_wconf 77' lang='lat' dir='ltr'>uniim</span> <span class='ocrx_word' id='word_1_189' title='bbox 513 1069 521 1083; x_wconf 88' lang='lat'>‚</span> <span class='ocrx_word' id='word_1_190' title='bbox 540 1058 626 1089; x_wconf 89' lang='lat' dir='ltr'>atque</span> <span class='ocrx_word' id='word_1_191' title='bbox 642 1048 768 1078; x_wconf 85' lang='lat' dir='ltr'>eandem</span> <span class='ocrx_word' id='word_1_192' title='bbox 781 1048 897 1079; x_wconf 82' lang='lat' dir='ltr'>causam</span> <span class='ocrx_word' id='word_1_193' title='bbox 909 1047 984 1078; x_wconf 81' lang='lat' dir='ltr'>effe:</span> <span class='ocrx_word' id='word_1_194' title='bbox 1004 1049 1078 1090; x_wconf 91' lang='lat' dir='ltr'>quid</span> <span class='ocrx_word' id='word_1_195' title='bbox 1089 1058 1144 1089; x_wconf 84' lang='lat' dir='ltr'>ego</span> 
     </span>
     <span class='ocr_line' id='line_1_24' title="bbox 179 1088 1142 1131; baseline -0.004 -8"><span class='ocrx_word' id='word_1_196' title='bbox 179 1093 325 1125; x_wconf 88' lang='lat' dir='ltr'>sentiam,</span> <span class='ocrx_word' id='word_1_197' title='bbox 346 1089 608 1131; x_wconf 80' lang='lat' dir='ltr'>meijudiciiess&#39;e:</span> <span class='ocrx_word' id='word_1_198' title='bbox 632 1089 727 1120; x_wconf 84' lang='lat' dir='ltr'>statuo</span> <span class='ocrx_word' id='word_1_199' title='bbox 737 1091 814 1120; x_wconf 87' lang='lat' dir='ltr'>nihil</span> <span class='ocrx_word' id='word_1_200' title='bbox 827 1111 835 1123; x_wconf 90' lang='lat'>,</span> <span class='ocrx_word' id='word_1_201' title='bbox 858 1088 1142 1123; x_wconf 72' lang='lat' dir='ltr'>nifihoczsenatus,</span> 
     </span>
     <span class='ocr_line' id='line_1_25' title="bbox 158 1130 1144 1175; baseline -0.005 -10"><span class='ocrx_word' id='word_1_202' title='bbox 158 1141 225 1165; x_wconf 66' lang='lat' dir='ltr'>‘aiit</span> <span class='ocrx_word' id='word_1_203' title='bbox 235 1134 339 1175; x_wconf 88' lang='lat' dir='ltr'>populi</span> <span class='ocrx_word' id='word_1_204' title='bbox 350 1135 444 1164; x_wconf 90' lang='lat' dir='ltr'>Rom.</span> <span class='ocrx_word' id='word_1_205' title='bbox 466 1132 618 1172; x_wconf 83' lang='lat' dir='ltr'>judicium</span> <span class='ocrx_word' id='word_1_206' title='bbox 632 1130 689 1162; x_wconf 77' lang='lat' dir='ltr'>effe</span> <span class='ocrx_word' id='word_1_207' title='bbox 700 1132 735 1162; x_wconf 87' lang='lat' dir='ltr'>de</span> <span class='ocrx_word' id='word_1_208' title='bbox 746 1134 783 1162; x_wconf 92' lang='lat' dir='ltr'>iis</span> <span class='ocrx_word' id='word_1_209' title='bbox 794 1130 910 1162; x_wconf 87' lang='lat' dir='ltr'>civibus</span> <span class='ocrx_word' id='word_1_210' title='bbox 921 1151 929 1164; x_wconf 90' lang='lat'>,</span> <span class='ocrx_word' id='word_1_211' title='bbox 951 1134 1001 1172; x_wconf 86' lang='lat' dir='ltr'>qui</span> <span class='ocrx_word' id='word_1_212' title='bbox 1010 1139 1144 1173; x_wconf 77' lang='lat' dir='ltr'>pugnan-</span> 
     </span>
     <span class='ocr_line' id='line_1_26' title="bbox 176 1173 1141 1214; baseline -0.003 -8"><span class='ocrx_word' id='word_1_213' title='bbox 176 1183 216 1206; x_wconf 79' lang='lat' dir='ltr'>tes</span> <span class='ocrx_word' id='word_1_214' title='bbox 233 1186 296 1206; x_wconf 91' lang='lat' dir='ltr'>non</span> <span class='ocrx_word' id='word_1_215' title='bbox 318 1176 495 1205; x_wconf 78' lang='lat' dir='ltr'>interierint.</span> <span class='ocrx_word' id='word_1_216' title='bbox 520 1178 559 1204; x_wconf 84' lang='lat' dir='ltr'>At</span> <span class='ocrx_word' id='word_1_217' title='bbox 578 1175 636 1204; x_wconf 89' lang='lat' dir='ltr'>hoc</span> <span class='ocrx_word' id='word_1_218' title='bbox 646 1174 742 1213; x_wconf 88' lang='lat' dir='ltr'>ipsum</span> <span class='ocrx_word' id='word_1_219' title='bbox 755 1194 762 1208; x_wconf 96' lang='lat'>,</span> <span class='ocrx_word' id='word_1_220' title='bbox 781 1174 920 1214; x_wconf 88' lang='lat' dir='ltr'>inquies,</span> <span class='ocrx_word' id='word_1_221' title='bbox 942 1174 1046 1214; x_wconf 75' lang='lat' dir='ltr'>inique</span> <span class='ocrx_word' id='word_1_222' title='bbox 1058 1173 1141 1206; x_wconf 75' lang='lat' dir='ltr'>facis,</span> 
     </span>
     <span class='ocr_line' id='line_1_27' title="bbox 175 1216 1144 1258; baseline -0.004 -10"><span class='ocrx_word' id='word_1_223' title='bbox 175 1228 229 1258; x_wconf 90' lang='lat' dir='ltr'>qui</span> <span class='ocrx_word' id='word_1_224' title='bbox 240 1217 357 1248; x_wconf 78' lang='lat' dir='ltr'>hostilis</span> <span class='ocrx_word' id='word_1_225' title='bbox 368 1218 464 1247; x_wconf 88' lang='lat' dir='ltr'>animi</span> <span class='ocrx_word' id='word_1_226' title='bbox 474 1219 507 1246; x_wconf 92' lang='lat' dir='ltr'>in</span> <span class='ocrx_word' id='word_1_227' title='bbox 518 1225 613 1256; x_wconf 87' lang='lat' dir='ltr'>remp.</span> <span class='ocrx_word' id='word_1_228' title='bbox 635 1216 779 1246; x_wconf 86' lang='lat' dir='ltr'>homines</span> <span class='ocrx_word' id='word_1_229' title='bbox 791 1235 798 1249; x_wconf 91' lang='lat'>‚</span> <span class='ocrx_word' id='word_1_230' title='bbox 812 1216 905 1245; x_wconf 81' lang='lat' dir='ltr'>civeis</span> <span class='ocrx_word' id='word_1_231' title='bbox 916 1217 1055 1256; x_wconf 78' lang='lat' dir='ltr'>appelles.</span> <span class='ocrx_word' id='word_1_232' title='bbox 1079 1217 1144 1244; x_wconf 85' lang='lat' dir='ltr'>Im-</span> 
     </span>
     <span class='ocr_line' id='line_1_28' title="bbox 175 1257 1143 1300; baseline -0.004 -10"><span class='ocrx_word' id='word_1_233' title='bbox 175 1259 232 1290; x_wconf 78' lang='lat' dir='ltr'>mo</span> <span class='ocrx_word' id='word_1_234' title='bbox 247 1257 417 1300; x_wconf 77' lang='lat' dir='ltr'>justissime.</span> <span class='ocrx_word' id='word_1_235' title='bbox 441 1258 531 1297; x_wconf 90' lang='lat' dir='ltr'>Quod</span> <span class='ocrx_word' id='word_1_236' title='bbox 556 1259 640 1288; x_wconf 89' lang='lat' dir='ltr'>enim</span> <span class='ocrx_word' id='word_1_237' title='bbox 655 1257 795 1288; x_wconf 87' lang='lat' dir='ltr'>nondum</span> <span class='ocrx_word' id='word_1_238' title='bbox 807 1258 921 1287; x_wconf 83' lang='lat' dir='ltr'>senatus</span> <span class='ocrx_word' id='word_1_239' title='bbox 932 1257 1065 1290; x_wconf 87' lang='lat' dir='ltr'>censuit,</span> <span class='ocrx_word' id='word_1_240' title='bbox 1087 1266 1143 1286; x_wconf 86' lang='lat' dir='ltr'>nec</span> 
     </span>
     <span class='ocr_line' id='line_1_29' title="bbox 174 1298 1142 1342; baseline -0.004 -11"><span class='ocrx_word' id='word_1_241' title='bbox 174 1303 305 1342; x_wconf 85' lang='lat' dir='ltr'>populus</span> <span class='ocrx_word' id='word_1_242' title='bbox 320 1303 451 1331; x_wconf 86' lang='lat' dir='ltr'>Roman.</span> <span class='ocrx_word' id='word_1_243' title='bbox 472 1298 554 1339; x_wconf 85' lang='lat' dir='ltr'>juffit</span> <span class='ocrx_word' id='word_1_244' title='bbox 565 1320 573 1334; x_wconf 87' lang='lat'>,</span> <span class='ocrx_word' id='word_1_245' title='bbox 593 1299 623 1330; x_wconf 90' lang='lat' dir='ltr'>id</span> <span class='ocrx_word' id='word_1_246' title='bbox 634 1309 804 1341; x_wconf 68' lang='lat' dir='ltr'>arroganter</span> <span class='ocrx_word' id='word_1_247' title='bbox 814 1308 877 1329; x_wconf 92' lang='lat' dir='ltr'>non</span> <span class='ocrx_word' id='word_1_248' title='bbox 888 1299 1071 1339; x_wconf 79' lang='lat' dir='ltr'>praejudico,</span> <span class='ocrx_word' id='word_1_249' title='bbox 1086 1308 1142 1328; x_wconf 81' lang='lat' dir='ltr'>ne-</span> 
     </span>
     <span class='ocr_line' id='line_1_30' title="bbox 176 1341 1141 1385; baseline -0.005 -11"><span class='ocrx_word' id='word_1_250' title='bbox 176 1354 234 1385; x_wconf 88' lang='lat' dir='ltr'>que</span> <span class='ocrx_word' id='word_1_251' title='bbox 255 1353 365 1374; x_wconf 86' lang='lat' dir='ltr'>revoco</span> <span class='ocrx_word' id='word_1_252' title='bbox 379 1343 415 1373; x_wconf 89' lang='lat' dir='ltr'>ad</span> <span class='ocrx_word' id='word_1_253' title='bbox 426 1342 587 1372; x_wconf 76' lang='lat' dir='ltr'>arbitrium</span> <span class='ocrx_word' id='word_1_254' title='bbox 601 1351 716 1371; x_wconf 89' lang='lat' dir='ltr'>meum.</span> <span class='ocrx_word' id='word_1_255' title='bbox 740 1341 821 1371; x_wconf 86' lang='lat' dir='ltr'>Illud</span> <span class='ocrx_word' id='word_1_256' title='bbox 832 1341 954 1381; x_wconf 88' lang='lat' dir='ltr'>quidem</span> <span class='ocrx_word' id='word_1_257' title='bbox 967 1350 1030 1371; x_wconf 89' lang='lat' dir='ltr'>non</span> <span class='ocrx_word' id='word_1_258' title='bbox 1041 1349 1141 1374; x_wconf 88' lang='lat' dir='ltr'>muto,</span> 
     </span>
     <span class='ocr_line' id='line_1_31' title="bbox 174 1383 1142 1426; baseline -0.004 -11"><span class='ocrx_word' id='word_1_259' title='bbox 174 1385 257 1426; x_wconf 77' lang='lat' dir='ltr'>quod</span> <span class='ocrx_word' id='word_1_260' title='bbox 282 1387 308 1415; x_wconf 89' lang='lat' dir='ltr'>ei</span> <span class='ocrx_word' id='word_1_261' title='bbox 320 1405 329 1419; x_wconf 90' lang='lat'>,</span> <span class='ocrx_word' id='word_1_262' title='bbox 346 1394 437 1426; x_wconf 90' lang='lat' dir='ltr'>quem</span> <span class='ocrx_word' id='word_1_263' title='bbox 454 1394 503 1414; x_wconf 89' lang='lat' dir='ltr'>me</span> <span class='ocrx_word' id='word_1_264' title='bbox 513 1383 648 1414; x_wconf 88' lang='lat' dir='ltr'>occidere</span> <span class='ocrx_word' id='word_1_265' title='bbox 657 1393 703 1414; x_wconf 86' lang='lat' dir='ltr'>res</span> <span class='ocrx_word' id='word_1_266' title='bbox 715 1393 778 1413; x_wconf 91' lang='lat' dir='ltr'>non</span> <span class='ocrx_word' id='word_1_267' title='bbox 793 1384 883 1424; x_wconf 65' lang='lat' dir='ltr'>co&#39;c‘gir</span> <span class='ocrx_word' id='word_1_268' title='bbox 895 1403 902 1417; x_wconf 92' lang='lat'>,</span> <span class='ocrx_word' id='word_1_269' title='bbox 926 1393 1022 1424; x_wconf 87' lang='lat' dir='ltr'>neque</span> <span class='ocrx_word' id='word_1_270' title='bbox 1033 1383 1142 1413; x_wconf 84' lang='lat' dir='ltr'>crude—</span> 
     </span>
     <span class='ocr_line' id='line_1_32' title="bbox 174 1422 1141 1468; baseline -0.005 -10"><span class='ocrx_word' id='word_1_271' title='bbox 174 1428 243 1458; x_wconf 84' lang='lat' dir='ltr'>liter</span> <span class='ocrx_word' id='word_1_272' title='bbox 260 1426 426 1468; x_wconf 85' lang='lat' dir='ltr'>quidquam</span> <span class='ocrx_word' id='word_1_273' title='bbox 444 1428 540 1466; x_wconf 86' lang='lat' dir='ltr'>eripui</span> <span class='ocrx_word' id='word_1_274' title='bbox 555 1446 563 1459; x_wconf 89' lang='lat'>,</span> <span class='ocrx_word' id='word_1_275' title='bbox 583 1435 678 1466; x_wconf 89' lang='lat' dir='ltr'>neque</span> <span class='ocrx_word' id='word_1_276' title='bbox 701 1423 839 1455; x_wconf 75' lang='lat' dir='ltr'>dissolute</span> <span class='ocrx_word' id='word_1_277' title='bbox 855 1425 1020 1466; x_wconf 79' lang='lat' dir='ltr'>quidquam</span> <span class='ocrx_word' id='word_1_278' title='bbox 1031 1422 1141 1455; x_wconf 90' lang='lat' dir='ltr'>remisi:</span> 
     </span>
     <span class='ocr_line' id='line_1_33' title="bbox 176 1466 1142 1510; baseline -0.003 -11"><span class='ocrx_word' id='word_1_279' title='bbox 176 1469 327 1510; x_wconf 82' lang='lat' dir='ltr'>habuique</span> <span class='ocrx_word' id='word_1_280' title='bbox 338 1471 372 1498; x_wconf 88' lang='lat' dir='ltr'>in</span> <span class='ocrx_word' id='word_1_281' title='bbox 384 1478 449 1498; x_wconf 88' lang='lat' dir='ltr'>mea</span> <span class='ocrx_word' id='word_1_282' title='bbox 459 1467 601 1508; x_wconf 81' lang='lat' dir='ltr'>potestate</span> <span class='ocrx_word' id='word_1_283' title='bbox 614 1488 622 1502; x_wconf 94' lang='lat'>,</span> <span class='ocrx_word' id='word_1_284' title='bbox 634 1467 730 1507; x_wconf 90' lang='lat' dir='ltr'>quoad</span> <span class='ocrx_word' id='word_1_285' title='bbox 742 1466 858 1497; x_wconf 85' lang='lat' dir='ltr'>bellum</span> <span class='ocrx_word' id='word_1_286' title='bbox 868 1467 937 1497; x_wconf 76' lang='lat' dir='ltr'>fuit.</span> <span class='ocrx_word' id='word_1_287' title='bbox 963 1468 1063 1497; x_wconf 87' lang='lat' dir='ltr'>Multo</span> <span class='ocrx_word' id='word_1_288' title='bbox 1073 1468 1142 1507; x_wconf 88' lang='lat' dir='ltr'>qui-</span> 
     </span>
     <span class='ocr_line' id='line_1_34' title="bbox 177 1506 1143 1549; baseline -0.004 -8"><span class='ocrx_word' id='word_1_289' title='bbox 177 1511 248 1541; x_wconf 83' lang='lat' dir='ltr'>dem</span> <span class='ocrx_word' id='word_1_290' title='bbox 272 1510 424 1541; x_wconf 88' lang='lat' dir='ltr'>honestius</span> <span class='ocrx_word' id='word_1_291' title='bbox 439 1509 544 1549; x_wconf 80' lang='lat' dir='ltr'>judico</span> <span class='ocrx_word' id='word_1_292' title='bbox 556 1529 564 1543; x_wconf 90' lang='lat'>‚</span> <span class='ocrx_word' id='word_1_293' title='bbox 599 1510 752 1549; x_wconf 77' lang='lat' dir='ltr'>magisque</span> <span class='ocrx_word' id='word_1_294' title='bbox 770 1509 852 1548; x_wconf 89' lang='lat' dir='ltr'>quod</span> <span class='ocrx_word' id='word_1_295' title='bbox 874 1508 1038 1539; x_wconf 78' lang='lat' dir='ltr'>concedere</span> <span class='ocrx_word' id='word_1_296' title='bbox 1057 1506 1143 1548; x_wconf 72' lang='lat' dir='ltr'>pouit</span> 
     </span>
     <span class='ocr_line' id='line_1_35' title="bbox 175 1549 1144 1592; baseline -0.003 -10"><span class='ocrx_word' id='word_1_297' title='bbox 175 1553 248 1592; x_wconf 84' lang='lat' dir='ltr'>resp.</span> <span class='ocrx_word' id='word_1_298' title='bbox 274 1561 481 1582; x_wconf 64' lang='lat' dir='ltr'>misakonem</span> <span class='ocrx_word' id='word_1_299' title='bbox 501 1551 654 1581; x_wconf 81' lang='lat' dir='ltr'>fortunam</span> <span class='ocrx_word' id='word_1_300' title='bbox 677 1560 743 1580; x_wconf 86' lang='lat' dir='ltr'>non</span> <span class='ocrx_word' id='word_1_301' title='bbox 764 1549 923 1584; x_wconf 66' lang='lat' dir='ltr'>inseerari,</span> <span class='ocrx_word' id='word_1_302' title='bbox 943 1550 1035 1591; x_wconf 69' lang='lat' dir='ltr'>quam</span> <span class='ocrx_word' id='word_1_303' title='bbox 1051 1549 1144 1580; x_wconf 73' lang='lat' dir='ltr'>¹infi-</span> 
     </span>
     <span class='ocr_line' id='line_1_36' title="bbox 175 1591 1144 1633; baseline -0.003 -9"><span class='ocrx_word' id='word_1_304' title='bbox 175 1594 241 1624; x_wconf 75' lang='lat' dir='ltr'>nite</span> <span class='ocrx_word' id='word_1_305' title='bbox 262 1593 393 1624; x_wconf 85' lang='lat' dir='ltr'>tribuere</span> <span class='ocrx_word' id='word_1_306' title='bbox 409 1593 600 1633; x_wconf 82' lang='lat' dir='ltr'>potentibus,</span> <span class='ocrx_word' id='word_1_307' title='bbox 622 1602 688 1633; x_wconf 68' lang='lat' dir='ltr'>quae</span> <span class='ocrx_word' id='word_1_308' title='bbox 705 1591 903 1631; x_wconf 82' lang='lat' dir='ltr'>cupiditatem</span> <span class='ocrx_word' id='word_1_309' title='bbox 916 1612 925 1625; x_wconf 92' lang='lat'>,</span> <span class='ocrx_word' id='word_1_310' title='bbox 952 1592 986 1622; x_wconf 64' lang='grc' dir='ltr'>ὃς</span> <span class='ocrx_word' id='word_1_311' title='bbox 1005 1601 1144 1632; x_wconf 82' lang='lat' dir='ltr'>arrogan-</span> 
     </span>
     <span class='ocr_line' id='line_1_37' title="bbox 176 1631 1144 1674; baseline -0.001 -9"><span class='ocrx_word' id='word_1_312' title='bbox 176 1631 249 1666; x_wconf 85' lang='lat' dir='ltr'>tiam</span> <span class='ocrx_word' id='word_1_313' title='bbox 261 1635 420 1665; x_wconf 81' lang='lat' dir='ltr'>incendere</span> <span class='ocrx_word' id='word_1_314' title='bbox 431 1633 548 1674; x_wconf 86' lang='lat' dir='ltr'>poffint.</span> <span class='ocrx_word' id='word_1_315' title='bbox 573 1637 639 1672; x_wconf 89' lang='lat' dir='ltr'>Qua</span> <span class='ocrx_word' id='word_1_316' title='bbox 649 1636 681 1663; x_wconf 90' lang='lat' dir='ltr'>in</span> <span class='ocrx_word' id='word_1_317' title='bbox 694 1643 723 1663; x_wconf 84' lang='lat' dir='ltr'>re</span> <span class='ocrx_word' id='word_1_318' title='bbox 735 1653 744 1666; x_wconf 86' lang='lat'>,</span> <span class='ocrx_word' id='word_1_319' title='bbox 772 1635 879 1664; x_wconf 87' lang='lat' dir='ltr'>Cicero</span> <span class='ocrx_word' id='word_1_320' title='bbox 891 1653 898 1667; x_wconf 91' lang='lat'>‚</span> <span class='ocrx_word' id='word_1_321' title='bbox 911 1634 957 1664; x_wconf 85' lang='lat' dir='ltr'>vir</span> <span class='ocrx_word' id='word_1_322' title='bbox 967 1635 1081 1672; x_wconf 88' lang='lat' dir='ltr'>optime</span> <span class='ocrx_word' id='word_1_323' title='bbox 1092 1654 1101 1667; x_wconf 84' lang='lat'><em>‚</em></span> <span class='ocrx_word' id='word_1_324' title='bbox 1114 1643 1144 1664; x_wconf 84' lang='lat' dir='ltr'>ac</span> 
     </span>
     <span class='ocr_line' id='line_1_38' title="bbox 176 1675 1144 1717; baseline -0.002 -10"><span class='ocrx_word' id='word_1_325' title='bbox 176 1675 334 1707; x_wconf 79' lang='lat' dir='ltr'>fortiffime</span> <span class='ocrx_word' id='word_1_326' title='bbox 346 1697 355 1710; x_wconf 88' lang='lat'>‚</span> <span class='ocrx_word' id='word_1_327' title='bbox 379 1678 516 1717; x_wconf 80' lang='lat' dir='ltr'>mihique</span> <span class='ocrx_word' id='word_1_328' title='bbox 527 1679 638 1706; x_wconf 84' lang='lat' dir='ltr'>merito</span> <span class='ocrx_word' id='word_1_329' title='bbox 651 1695 660 1709; x_wconf 86' lang='lat'>,</span> <span class='ocrx_word' id='word_1_330' title='bbox 673 1676 705 1705; x_wconf 74' lang='grc' dir='ltr'>δε</span> <span class='ocrx_word' id='word_1_331' title='bbox 718 1685 788 1704; x_wconf 88' lang='lat' dir='ltr'>meo</span> <span class='ocrx_word' id='word_1_332' title='bbox 799 1677 928 1705; x_wconf 86' lang='lat' dir='ltr'>nomine</span> <span class='ocrx_word' id='word_1_333' title='bbox 939 1695 947 1708; x_wconf 93' lang='lat'>,</span> <span class='ocrx_word' id='word_1_334' title='bbox 958 1675 990 1705; x_wconf 74' lang='grc' dir='ltr'>δε</span> <span class='ocrx_word' id='word_1_335' title='bbox 1000 1677 1072 1715; x_wconf 86' lang='lat' dir='ltr'>reip.</span> <span class='ocrx_word' id='word_1_336' title='bbox 1095 1685 1144 1706; x_wconf 87' lang='lat' dir='ltr'>ca-</span> 
     </span>
     <span class='ocr_line' id='line_1_39' title="bbox 176 1716 1146 1757; baseline -0.002 -8"><span class='ocrx_word' id='word_1_337' title='bbox 176 1717 289 1749; x_wconf 88' lang='lat' dir='ltr'>rissime</span> <span class='ocrx_word' id='word_1_338' title='bbox 301 1738 309 1752; x_wconf 89' lang='lat'>,</span> <span class='ocrx_word' id='word_1_339' title='bbox 324 1720 419 1748; x_wconf 88' lang='lat' dir='ltr'>nimis</span> <span class='ocrx_word' id='word_1_340' title='bbox 429 1717 547 1748; x_wconf 88' lang='lat' dir='ltr'>credere</span> <span class='ocrx_word' id='word_1_341' title='bbox 560 1717 669 1747; x_wconf 89' lang='lat' dir='ltr'>videris</span> <span class='ocrx_word' id='word_1_342' title='bbox 680 1717 740 1756; x_wconf 85' lang='lat' dir='ltr'>spei</span> <span class='ocrx_word' id='word_1_343' title='bbox 751 1726 817 1747; x_wconf 86' lang='lat' dir='ltr'>tuae:</span> <span class='ocrx_word' id='word_1_344' title='bbox 831 1716 989 1757; x_wconf 82' lang='lat' dir='ltr'>statimque</span> <span class='ocrx_word' id='word_1_345' title='bbox 999 1737 1007 1750; x_wconf 87' lang='lat'>‚</span> <span class='ocrx_word' id='word_1_346' title='bbox 1021 1726 1053 1746; x_wconf 88' lang='lat' dir='ltr'>ut</span> <span class='ocrx_word' id='word_1_347' title='bbox 1063 1717 1146 1757; x_wconf 86' lang='lat' dir='ltr'>quis-</span> 
     </span>
     <span class='ocr_line' id='line_1_40' title="bbox 175 1758 1145 1802; baseline -0.003 -11"><span class='ocrx_word' id='word_1_348' title='bbox 175 1771 235 1802; x_wconf 79' lang='lat' dir='ltr'>que</span> <span class='ocrx_word' id='word_1_349' title='bbox 243 1760 357 1801; x_wconf 88' lang='lat' dir='ltr'>aliquid</span> <span class='ocrx_word' id='word_1_350' title='bbox 369 1759 448 1790; x_wconf 66' lang='lat' dir='ltr'>rcc‘te</span> <span class='ocrx_word' id='word_1_351' title='bbox 460 1759 563 1789; x_wconf 82' lang='lat' dir='ltr'>fecerit</span> <span class='ocrx_word' id='word_1_352' title='bbox 574 1779 581 1792; x_wconf 89' lang='lat'>,</span> <span class='ocrx_word' id='word_1_353' title='bbox 595 1761 700 1788; x_wconf 86' lang='lat' dir='ltr'>omnia</span> <span class='ocrx_word' id='word_1_354' title='bbox 710 1758 789 1791; x_wconf 84' lang='lat' dir='ltr'>dare,</span> <span class='ocrx_word' id='word_1_355' title='bbox 801 1768 834 1787; x_wconf 84' lang='lat' dir='ltr'>ac</span> <span class='ocrx_word' id='word_1_356' title='bbox 845 1761 1026 1797; x_wconf 82' lang='lat' dir='ltr'>permittere:</span> <span class='ocrx_word' id='word_1_357' title='bbox 1039 1768 1124 1797; x_wconf 77' lang='lat' dir='ltr'>QAs</span> <span class='ocrx_word' id='word_1_358' title='bbox 1133 1769 1145 1788; x_wconf 93' lang='lat'>1</span> 
     </span>
     <span class='ocr_line' id='line_1_41' title="bbox 180 1799 1145 1841; baseline -0.003 -9"><span class='ocrx_word' id='word_1_359' title='bbox 180 1813 246 1832; x_wconf 66' lang='lat' dir='ltr'>Nox</span> <span class='ocrx_word' id='word_1_360' title='bbox 269 1810 396 1832; x_wconf 69' lang='lat' dir='ltr'><strong>chEAT</strong></span> <span class='ocrx_word' id='word_1_361' title='bbox 418 1801 530 1830; x_wconf 71' lang='lat' dir='ltr'>traduci</span> <span class='ocrx_word' id='word_1_362' title='bbox 548 1800 585 1829; x_wconf 84' lang='lat' dir='ltr'>ad</span> <span class='ocrx_word' id='word_1_363' title='bbox 602 1799 800 1839; x_wconf 71' lang='lat' dir='ltr'>mas&#39;.ic07fii&#39;1a</span> <span class='ocrx_word' id='word_1_364' title='bbox 810 1807 971 1841; x_wconf 77' lang='lat' dir='ltr'>corruptum</span> <span class='ocrx_word' id='word_1_365' title='bbox 980 1799 1145 1840; x_wconf 71' lang='lat' dir='ltr'>largitioni—</span> 
     </span>
     <span class='ocr_line' id='line_1_42' title="bbox 179 1841 1144 1882; baseline -0.002 -9"><span class='ocrx_word' id='word_1_366' title='bbox 179 1843 229 1873; x_wconf 74' lang='lat' dir='ltr'>bus</span> <span class='ocrx_word' id='word_1_367' title='bbox 249 1854 386 1873; x_wconf 71' lang='lat' dir='ltr'>animum.</span> <span class='ocrx_word' id='word_1_368' title='bbox 410 1845 484 1881; x_wconf 77' lang='lat' dir='ltr'>Quae</span> <span class='ocrx_word' id='word_1_369' title='bbox 496 1852 544 1880; x_wconf 81' lang='lat' dir='ltr'>tua</span> <span class='ocrx_word' id='word_1_370' title='bbox 555 1841 597 1872; x_wconf 85' lang='lat' dir='ltr'>est</span> <span class='ocrx_word' id='word_1_371' title='bbox 608 1843 777 1871; x_wconf 85' lang='lat' dir='ltr'>humanitas</span> <span class='ocrx_word' id='word_1_372' title='bbox 788 1861 797 1874; x_wconf 89' lang='lat'>,</span> <span class='ocrx_word' id='word_1_373' title='bbox 820 1851 906 1882; x_wconf 71' lang='lat' dir='ltr'>aequo</span> <span class='ocrx_word' id='word_1_374' title='bbox 915 1843 1021 1871; x_wconf 86' lang='lat' dir='ltr'>animo</span> <span class='ocrx_word' id='word_1_375' title='bbox 1037 1851 1064 1871; x_wconf 88' lang='lat' dir='ltr'>te</span> <span class='ocrx_word' id='word_1_376' title='bbox 1075 1851 1144 1871; x_wconf 90' lang='lat' dir='ltr'>mo-</span> 
     </span>
     <span class='ocr_line' id='line_1_43' title="bbox 178 1882 1144 1926; baseline -0.003 -10"><span class='ocrx_word' id='word_1_377' title='bbox 178 1888 240 1916; x_wconf 82' lang='lat' dir='ltr'>neri</span> <span class='ocrx_word' id='word_1_378' title='bbox 264 1888 381 1926; x_wconf 79' lang='lat' dir='ltr'>patieris</span> <span class='ocrx_word' id='word_1_379' title='bbox 393 1906 401 1918; x_wconf 84' lang='lat'>,</span> <span class='ocrx_word' id='word_1_380' title='bbox 421 1885 583 1924; x_wconf 68' lang='lat' dir='ltr'>pracsertim</span> <span class='ocrx_word' id='word_1_381' title='bbox 596 1883 632 1914; x_wconf 86' lang='lat' dir='ltr'>de</span> <span class='ocrx_word' id='word_1_382' title='bbox 641 1884 802 1913; x_wconf 88' lang='lat' dir='ltr'>communi</span> <span class='ocrx_word' id='word_1_383' title='bbox 813 1883 921 1913; x_wconf 86' lang='lat' dir='ltr'>salute:</span> <span class='ocrx_word' id='word_1_384' title='bbox 943 1882 1033 1913; x_wconf 83' lang='lat' dir='ltr'>facies</span> <span class='ocrx_word' id='word_1_385' title='bbox 1044 1892 1144 1913; x_wconf 89' lang='lat' dir='ltr'>tamen</span> 
     </span>
     <span class='ocr_line' id='line_1_44' title="bbox 177 1924 1146 1969; baseline -0.002 -11"><span class='ocrx_word' id='word_1_386' title='bbox 177 1928 259 1969; x_wconf 88' lang='lat' dir='ltr'>quod</span> <span class='ocrx_word' id='word_1_387' title='bbox 270 1928 325 1958; x_wconf 88' lang='lat' dir='ltr'>tibi</span> <span class='ocrx_word' id='word_1_388' title='bbox 334 1927 433 1958; x_wconf 90' lang='lat' dir='ltr'>visum</span> <span class='ocrx_word' id='word_1_389' title='bbox 445 1925 544 1957; x_wconf 84' lang='lat' dir='ltr'>fuerit:</span> <span class='ocrx_word' id='word_1_390' title='bbox 555 1927 646 1955; x_wconf 89' lang='lat' dir='ltr'>etiam</span> <span class='ocrx_word' id='word_1_391' title='bbox 657 1935 723 1966; x_wconf 86' lang='lat' dir='ltr'>ego,</span> <span class='ocrx_word' id='word_1_392' title='bbox 735 1924 807 1954; x_wconf 74' lang='lat' dir='ltr'>curn</span> <span class='ocrx_word' id='word_1_393' title='bbox 817 1935 866 1955; x_wconf 87' lang='lat' dir='ltr'>ine</span> <span class='ocrx_word' id='word_1_394' title='bbox 877 1925 1025 1956; x_wconf 75' lang='lat' dir='ltr'>docueris.</span> <span class='ocrx_word' id='word_1_395' title='bbox 1039 1927 1146 1960; x_wconf 89' lang='lat' dir='ltr'>Nunc,</span> 
     </span>
     <span class='ocr_line' id='line_1_45' title="bbox 177 1965 1147 2010; baseline -0.004 -10"><span class='ocrx_word' id='word_1_396' title='bbox 177 1972 284 2000; x_wconf 83' lang='lat' dir='ltr'>Cicero</span> <span class='ocrx_word' id='word_1_397' title='bbox 295 1989 303 2003; x_wconf 90' lang='lat'>,</span> <span class='ocrx_word' id='word_1_398' title='bbox 326 1979 408 1999; x_wconf 90' lang='lat' dir='ltr'>nunc</span> <span class='ocrx_word' id='word_1_399' title='bbox 416 1968 566 2010; x_wconf 85' lang='lat' dir='ltr'>agendum</span> <span class='ocrx_word' id='word_1_400' title='bbox 577 1967 620 1997; x_wconf 90' lang='lat' dir='ltr'>est</span> <span class='ocrx_word' id='word_1_401' title='bbox 630 1988 638 2000; x_wconf 89' lang='lat'>,</span> <span class='ocrx_word' id='word_1_402' title='bbox 667 1978 704 1997; x_wconf 88' lang='lat' dir='ltr'>ne</span> <span class='ocrx_word' id='word_1_403' title='bbox 719 1966 824 1997; x_wconf 74' lang='lat' dir='ltr'>frustra</span> <span class='ocrx_word' id='word_1_404' title='bbox 833 1965 1003 2008; x_wconf 74' lang='lat' dir='ltr'>oppress’um</span> <span class='ocrx_word' id='word_1_405' title='bbox 1016 1965 1073 1997; x_wconf 80' lang='lat' dir='ltr'>esse</span> <span class='ocrx_word' id='word_1_406' title='bbox 1082 1970 1147 1997; x_wconf 82' lang='lat' dir='ltr'>An-</span> 
     </span>
     <span class='ocr_line' id='line_1_46' title="bbox 176 2009 1147 2052; baseline -0.002 -11"><span class='ocrx_word' id='word_1_407' title='bbox 176 2014 298 2042; x_wconf 82' lang='lat' dir='ltr'>tonium</span> <span class='ocrx_word' id='word_1_408' title='bbox 319 2009 408 2052; x_wconf 82' lang='lat' dir='ltr'>gavisi</span> <span class='ocrx_word' id='word_1_409' title='bbox 419 2009 509 2040; x_wconf 89' lang='lat' dir='ltr'>simus</span> <span class='ocrx_word' id='word_1_410' title='bbox 520 2030 529 2043; x_wconf 91' lang='lat'>,</span> <span class='ocrx_word' id='word_1_411' title='bbox 552 2020 610 2039; x_wconf 84' lang='lat' dir='ltr'>neu</span> <span class='ocrx_word' id='word_1_412' title='bbox 624 2010 739 2049; x_wconf 83' lang='lat' dir='ltr'>semper</span> <span class='ocrx_word' id='word_1_413' title='bbox 748 2010 840 2048; x_wconf 90' lang='lat' dir='ltr'>primi</span> <span class='ocrx_word' id='word_1_414' title='bbox 853 2010 995 2050; x_wconf 88' lang='lat' dir='ltr'>cujusque</span> <span class='ocrx_word' id='word_1_415' title='bbox 1009 2009 1081 2038; x_wconf 83' lang='lat' dir='ltr'>mali</span> <span class='ocrx_word' id='word_1_416' title='bbox 1094 2019 1147 2039; x_wconf 87' lang='lat' dir='ltr'>ex-</span> 
     </span>
     <span class='ocr_line' id='line_1_47' title="bbox 177 2050 1146 2091; baseline -0.003 -8"><span class='ocrx_word' id='word_1_417' title='bbox 177 2053 298 2084; x_wconf 76' lang='lat' dir='ltr'>cidendi</span> <span class='ocrx_word' id='word_1_418' title='bbox 320 2053 401 2083; x_wconf 83' lang='lat' dir='ltr'>causa</span> <span class='ocrx_word' id='word_1_419' title='bbox 413 2050 446 2082; x_wconf 83' lang='lat' dir='ltr'>sit</span> <span class='ocrx_word' id='word_1_420' title='bbox 459 2072 468 2086; x_wconf 88' lang='lat'>,</span> <span class='ocrx_word' id='word_1_421' title='bbox 489 2062 519 2082; x_wconf 86' lang='lat' dir='ltr'>ur</span> <span class='ocrx_word' id='word_1_422' title='bbox 531 2051 613 2082; x_wconf 86' lang='lat' dir='ltr'>aliud</span> <span class='ocrx_word' id='word_1_423' title='bbox 623 2052 787 2081; x_wconf 81' lang='lat' dir='ltr'>renascatur</span> <span class='ocrx_word' id='word_1_424' title='bbox 797 2051 852 2081; x_wconf 91' lang='lat' dir='ltr'>illo</span> <span class='ocrx_word' id='word_1_425' title='bbox 864 2052 959 2091; x_wconf 81' lang='lat' dir='ltr'>pejus.</span> <span class='ocrx_word' id='word_1_426' title='bbox 987 2051 1146 2091; x_wconf 86' lang='lat' dir='ltr'>Niliiljam</span> 
     </span>
     <span class='ocr_line' id='line_1_48' title="bbox 176 2091 1147 2135; baseline -0.003 -10"><span class='ocrx_word' id='word_1_427' title='bbox 176 2105 275 2135; x_wconf 87' lang='lat' dir='ltr'>neque</span> <span class='ocrx_word' id='word_1_428' title='bbox 289 2095 485 2135; x_wconf 79' lang='lat' dir='ltr'>opinantibus</span> <span class='ocrx_word' id='word_1_429' title='bbox 497 2114 504 2126; x_wconf 86' lang='lat'>‚</span> <span class='ocrx_word' id='word_1_430' title='bbox 523 2103 572 2124; x_wconf 88' lang='lat' dir='ltr'>aut</span> <span class='ocrx_word' id='word_1_431' title='bbox 582 2093 765 2133; x_wconf 83' lang='lat' dir='ltr'>patientibus</span> <span class='ocrx_word' id='word_1_432' title='bbox 775 2113 783 2126; x_wconf 89' lang='lat'>,</span> <span class='ocrx_word' id='word_1_433' title='bbox 808 2093 896 2123; x_wconf 75' lang='lat' dir='ltr'>nobis</span> <span class='ocrx_word' id='word_1_434' title='bbox 907 2091 1017 2123; x_wconf 89' lang='lat' dir='ltr'>adversi</span> <span class='ocrx_word' id='word_1_435' title='bbox 1027 2095 1147 2123; x_wconf 84' lang='lat' dir='ltr'>evenire</span> 
     </span>
     <span class='ocr_line' id='line_1_49' title="bbox 177 2135 1147 2177; baseline -0.003 -10"><span class='ocrx_word' id='word_1_436' title='bbox 177 2136 293 2177; x_wconf 72' lang='lat' dir='ltr'>pooest‚</span> <span class='ocrx_word' id='word_1_437' title='bbox 315 2139 348 2166; x_wconf 91' lang='lat' dir='ltr'>in</span> <span class='ocrx_word' id='word_1_438' title='bbox 368 2146 429 2177; x_wconf 87' lang='lat' dir='ltr'>quo</span> <span class='ocrx_word' id='word_1_439' title='bbox 453 2146 516 2166; x_wconf 87' lang='lat' dir='ltr'>non</span> <span class='ocrx_word' id='word_1_440' title='bbox 540 2135 611 2165; x_wconf 77' lang='lat' dir='ltr'>cum</span> <span class='ocrx_word' id='word_1_441' title='bbox 634 2136 777 2165; x_wconf 86' lang='lat' dir='ltr'>omnium</span> <span class='ocrx_word' id='word_1_442' title='bbox 792 2135 898 2175; x_wconf 80' lang='lat' dir='ltr'>culpa,</span> <span class='ocrx_word' id='word_1_443' title='bbox 921 2136 1147 2175; x_wconf 71' lang='lat' dir='ltr'>tumpiaecipue</span> 
     </span>
     <span class='ocr_line' id='line_1_50' title="bbox 178 2176 1147 2217; baseline -0.003 -8"><span class='ocrx_word' id='word_1_444' title='bbox 178 2189 228 2209; x_wconf 85' lang='lat' dir='ltr'>tua</span> <span class='ocrx_word' id='word_1_445' title='bbox 236 2177 334 2208; x_wconf 85' lang='lat' dir='ltr'>sutura</span> <span class='ocrx_word' id='word_1_446' title='bbox 344 2176 390 2208; x_wconf 86' lang='lat' dir='ltr'>sit:</span> <span class='ocrx_word' id='word_1_447' title='bbox 411 2179 496 2212; x_wconf 82' lang='lat' dir='ltr'>cuius</span> <span class='ocrx_word' id='word_1_448' title='bbox 507 2186 618 2207; x_wconf 81' lang='lat' dir='ltr'>tantam</span> <span class='ocrx_word' id='word_1_449' title='bbox 631 2176 838 2207; x_wconf 69' lang='lat' dir='ltr'>auc&#39;toritatem</span> <span class='ocrx_word' id='word_1_450' title='bbox 851 2177 964 2206; x_wconf 82' lang='lat' dir='ltr'>senatus</span> <span class='ocrx_word' id='word_1_451' title='bbox 975 2197 983 2210; x_wconf 91' lang='lat'>,</span> <span class='ocrx_word' id='word_1_452' title='bbox 1005 2187 1036 2207; x_wconf 91' lang='lat' dir='ltr'>ac</span> <span class='ocrx_word' id='word_1_453' title='bbox 1046 2187 1147 2217; x_wconf 88' lang='lat' dir='ltr'>popu-</span> 
     </span>
     <span class='ocr_line' id='line_1_51' title="bbox 179 2218 1149 2259; baseline -0.002 -9"><span class='ocrx_word' id='word_1_454' title='bbox 179 2222 224 2250; x_wconf 89' lang='lat' dir='ltr'>lus</span> <span class='ocrx_word' id='word_1_455' title='bbox 234 2223 366 2250; x_wconf 80' lang='lat' dir='ltr'>Roman.</span> <span class='ocrx_word' id='word_1_456' title='bbox 391 2230 452 2250; x_wconf 90' lang='lat' dir='ltr'>non</span> <span class='ocrx_word' id='word_1_457' title='bbox 463 2220 564 2249; x_wconf 68' lang='lat' dir='ltr'>soli‘im</span> <span class='ocrx_word' id='word_1_458' title='bbox 577 2218 635 2249; x_wconf 84' lang='lat' dir='ltr'>ess&#39;e</span> <span class='ocrx_word' id='word_1_459' title='bbox 645 2221 752 2259; x_wconf 85' lang='lat' dir='ltr'>patitur</span> <span class='ocrx_word' id='word_1_460' title='bbox 766 2237 774 2251; x_wconf 72' lang='lat'><em>2</em></span> <span class='ocrx_word' id='word_1_461' title='bbox 786 2219 834 2249; x_wconf 76' lang='lat' dir='ltr'>sed</span> <span class='ocrx_word' id='word_1_462' title='bbox 846 2220 935 2249; x_wconf 85' lang='lat' dir='ltr'>ctiam</span> <span class='ocrx_word' id='word_1_463' title='bbox 947 2220 1041 2259; x_wconf 86' lang='lat' dir='ltr'>cupit,</span> <span class='ocrx_word' id='word_1_464' title='bbox 1054 2229 1149 2259; x_wconf 78' lang='lat' dir='ltr'>quan—</span> 
     </span>
     <span class='ocr_line' id='line_1_52' title="bbox 181 2258 1147 2301; baseline -0.002 -9"><span class='ocrx_word' id='word_1_465' title='bbox 181 2272 207 2292; x_wconf 89' lang='lat' dir='ltr'>ta</span> <span class='ocrx_word' id='word_1_466' title='bbox 219 2264 355 2292; x_wconf 87' lang='lat' dir='ltr'>maxima</span> <span class='ocrx_word' id='word_1_467' title='bbox 365 2263 396 2291; x_wconf 89' lang='lat' dir='ltr'>in</span> <span class='ocrx_word' id='word_1_468' title='bbox 408 2262 499 2291; x_wconf 84' lang='lat' dir='ltr'>libera</span> <span class='ocrx_word' id='word_1_469' title='bbox 507 2262 629 2291; x_wconf 52' lang='lat' dir='ltr'>“civitate</span> <span class='ocrx_word' id='word_1_470' title='bbox 640 2263 729 2290; x_wconf 89' lang='lat' dir='ltr'>unius</span> <span class='ocrx_word' id='word_1_471' title='bbox 740 2258 796 2290; x_wconf 84' lang='lat' dir='ltr'>ess&#39;e</span> <span class='ocrx_word' id='word_1_472' title='bbox 805 2260 918 2300; x_wconf 87' lang='lat' dir='ltr'>potest:</span> <span class='ocrx_word' id='word_1_473' title='bbox 938 2271 1028 2301; x_wconf 74' lang='lat' dir='ltr'>quam</span> <span class='ocrx_word' id='word_1_474' title='bbox 1043 2270 1073 2290; x_wconf 88' lang='lat' dir='ltr'>ru</span> <span class='ocrx_word' id='word_1_475' title='bbox 1085 2271 1147 2291; x_wconf 90' lang='lat' dir='ltr'>non</span> 
     </span>
     <span class='ocr_line' id='line_1_53' title="bbox 181 2302 1145 2340; baseline -0.002 -6"><span class='ocrx_word' id='word_1_476' title='bbox 181 2303 282 2334; x_wconf 74' lang='lat' dir='ltr'>solum</span> <span class='ocrx_word' id='word_1_477' title='bbox 304 2304 380 2333; x_wconf 88' lang='lat' dir='ltr'>bene</span> <span class='ocrx_word' id='word_1_478' title='bbox 392 2303 548 2333; x_wconf 82' lang='lat' dir='ltr'>sentiendo</span> <span class='ocrx_word' id='word_1_479' title='bbox 564 2323 572 2336; x_wconf 89' lang='lat'>,</span> <span class='ocrx_word' id='word_1_480' title='bbox 594 2302 641 2332; x_wconf 82' lang='lat' dir='ltr'>sed</span> <span class='ocrx_word' id='word_1_481' title='bbox 653 2304 742 2332; x_wconf 81' lang='lat' dir='ltr'>ctiam</span> <span class='ocrx_word' id='word_1_482' title='bbox 754 2302 934 2340; x_wconf 80' lang='lat' dir='ltr'>prudenter,</span> <span class='ocrx_word' id='word_1_483' title='bbox 956 2305 1032 2332; x_wconf 83' lang='lat' dir='ltr'>tueri</span> <span class='ocrx_word' id='word_1_484' title='bbox 1046 2302 1145 2332; x_wconf 85' lang='lat' dir='ltr'>debes.</span> 
     </span>
     <span class='ocr_line' id='line_1_54' title="bbox 178 2343 1148 2384; baseline -0.003 -7"><span class='ocrx_word' id='word_1_485' title='bbox 178 2345 339 2377; x_wconf 80' lang='lat' dir='ltr'>Prudentia</span> <span class='ocrx_word' id='word_1_486' title='bbox 357 2344 446 2384; x_wconf 77' lang='lat' dir='ltr'>porro</span> <span class='ocrx_word' id='word_1_487' title='bbox 461 2365 469 2378; x_wconf 92' lang='lat'>,</span> <span class='ocrx_word' id='word_1_488' title='bbox 491 2354 556 2384; x_wconf 82' lang='lat' dir='ltr'>quae</span> <span class='ocrx_word' id='word_1_489' title='bbox 575 2344 628 2373; x_wconf 92' lang='lat' dir='ltr'>tibi</span> <span class='ocrx_word' id='word_1_490' title='bbox 641 2343 769 2383; x_wconf 85' lang='lat' dir='ltr'>superest</span> <span class='ocrx_word' id='word_1_491' title='bbox 780 2364 788 2377; x_wconf 88' lang='lat'>,</span> <span class='ocrx_word' id='word_1_492' title='bbox 810 2345 892 2374; x_wconf 89' lang='lat' dir='ltr'>nulla</span> <span class='ocrx_word' id='word_1_493' title='bbox 904 2345 954 2374; x_wconf 85' lang='lat' dir='ltr'>abs</span> <span class='ocrx_word' id='word_1_494' title='bbox 966 2354 993 2374; x_wconf 92' lang='lat' dir='ltr'>te</span> <span class='ocrx_word' id='word_1_495' title='bbox 1005 2343 1148 2374; x_wconf 80' lang='lat' dir='ltr'>desidera-</span> 
     </span>
     <span class='ocr_line' id='line_1_55' title="bbox 179 2384 1150 2422; baseline -0.002 -4"><span class='ocrx_word' id='word_1_496' title='bbox 179 2396 245 2422; x_wconf 90' lang='lat' dir='ltr'>tur,</span> <span class='ocrx_word' id='word_1_497' title='bbox 265 2385 320 2417; x_wconf 85' lang='lat' dir='ltr'>nifi</span> <span class='ocrx_word' id='word_1_498' title='bbox 340 2386 434 2416; x_wconf 72' lang='lat' dir='ltr'>modus</span> <span class='ocrx_word' id='word_1_499' title='bbox 457 2388 490 2416; x_wconf 94' lang='lat' dir='ltr'>in</span> <span class='ocrx_word' id='word_1_500' title='bbox 511 2386 678 2416; x_wconf 86' lang='lat' dir='ltr'>tribuendis</span> <span class='ocrx_word' id='word_1_501' title='bbox 691 2386 872 2415; x_wconf 82' lang='lat' dir='ltr'>honoribus.</span> <span class='ocrx_word' id='word_1_502' title='bbox 896 2387 987 2416; x_wconf 86' lang='lat' dir='ltr'>²Alia</span> <span class='ocrx_word' id='word_1_503' title='bbox 996 2388 1101 2416; x_wconf 79' lang='lat' dir='ltr'>omnia</span> <span class='ocrx_word' id='word_1_504' title='bbox 1112 2384 1150 2416; x_wconf 90' lang='lat' dir='ltr'>sic</span> 
     </span>
     <span class='ocr_line' id='line_1_56' title="bbox 180 2427 1149 2467; baseline -0.002 -8"><span class='ocrx_word' id='word_1_505' title='bbox 180 2429 300 2460; x_wconf 74' lang='lat' dir='ltr'>abunde</span> <span class='ocrx_word' id='word_1_506' title='bbox 317 2428 422 2459; x_wconf 85' lang='lat' dir='ltr'>adsunt</span> <span class='ocrx_word' id='word_1_507' title='bbox 435 2440 443 2461; x_wconf 72' lang='lat'>3</span> <span class='ocrx_word' id='word_1_508' title='bbox 467 2437 498 2458; x_wconf 88' lang='lat' dir='ltr'>ut</span> <span class='ocrx_word' id='word_1_509' title='bbox 516 2437 587 2458; x_wconf 89' lang='lat' dir='ltr'>cum</span> <span class='ocrx_word' id='word_1_510' title='bbox 602 2427 944 2467; x_wconf 87' lang='lat' dir='ltr'>quolibetantiquorum</span> <span class='ocrx_word' id='word_1_511' title='bbox 959 2431 972 2454; x_wconf 85' lang='lat'><em>3</em></span> <span class='ocrx_word' id='word_1_512' title='bbox 984 2429 1149 2467; x_wconf 87' lang='lat' dir='ltr'>comparari</span> 
     </span>
     <span class='ocr_line' id='line_1_57' title="bbox 180 2469 1148 2512; baseline -0.002 -12"><span class='ocrx_word' id='word_1_513' title='bbox 180 2469 291 2512; x_wconf 80' lang='lat' dir='ltr'>poffint</span> <span class='ocrx_word' id='word_1_514' title='bbox 310 2480 368 2501; x_wconf 82' lang='lat' dir='ltr'>tuae</span> <span class='ocrx_word' id='word_1_515' title='bbox 387 2472 523 2502; x_wconf 80' lang='lat' dir='ltr'>virtutes.</span> <span class='ocrx_word' id='word_1_516' title='bbox 549 2479 644 2499; x_wconf 86' lang='lat' dir='ltr'>unum</span> <span class='ocrx_word' id='word_1_517' title='bbox 664 2469 742 2501; x_wconf 82' lang='lat' dir='ltr'>hoc,</span> <span class='ocrx_word' id='word_1_518' title='bbox 763 2478 846 2509; x_wconf 85' lang='lat' dir='ltr'>grato</span> <span class='ocrx_word' id='word_1_519' title='bbox 856 2469 1148 2509; x_wconf 86' lang='lat' dir='ltr'>animoliberalique</span> 
     </span>
     <span class='ocr_line' id='line_1_58' title="bbox 181 2510 1150 2554; baseline -0.003 -11"><span class='ocrx_word' id='word_1_520' title='bbox 181 2511 355 2554; x_wconf 56' lang='lat' dir='ltr'>profestum</span> <span class='ocrx_word' id='word_1_521' title='bbox 370 2533 379 2545; x_wconf 92' lang='lat'>,</span> <span class='ocrx_word' id='word_1_522' title='bbox 398 2513 563 2542; x_wconf 86' lang='lat' dir='ltr'>cautiorem</span> <span class='ocrx_word' id='word_1_523' title='bbox 583 2520 615 2541; x_wconf 90' lang='lat' dir='ltr'>ac</span> <span class='ocrx_word' id='word_1_524' title='bbox 627 2510 861 2540; x_wconf 83' lang='lat' dir='ltr'>moderatiorem</span> <span class='ocrx_word' id='word_1_525' title='bbox 876 2511 1085 2541; x_wconf 80' lang='lat' dir='ltr'>liberalitatem</span> <span class='ocrx_word' id='word_1_526' title='bbox 1097 2511 1150 2540; x_wconf 89' lang='lat' dir='ltr'>de-</span> 
     </span>
     <span class='ocr_line' id='line_1_59' title="bbox 181 2551 1149 2593; baseline -0.003 -8"><span class='ocrx_word' id='word_1_527' title='bbox 181 2553 294 2585; x_wconf 77' lang='lat' dir='ltr'>siderat.</span> <span class='ocrx_word' id='word_1_528' title='bbox 320 2557 432 2584; x_wconf 78' lang='lat' dir='ltr'>Nii—ur.</span> <span class='ocrx_word' id='word_1_529' title='bbox 451 2555 535 2584; x_wconf 88' lang='lat' dir='ltr'>enim</span> <span class='ocrx_word' id='word_1_530' title='bbox 556 2553 672 2583; x_wconf 87' lang='lat' dir='ltr'>senatus</span> <span class='ocrx_word' id='word_1_531' title='bbox 692 2554 831 2592; x_wconf 86' lang='lat' dir='ltr'>cuiquam</span> <span class='ocrx_word' id='word_1_532' title='bbox 852 2552 918 2583; x_wconf 78' lang='lat' dir='ltr'>dare</span> <span class='ocrx_word' id='word_1_533' title='bbox 939 2553 1048 2586; x_wconf 90' lang='lat' dir='ltr'>debet,</span> <span class='ocrx_word' id='word_1_534' title='bbox 1067 2551 1149 2593; x_wconf 89' lang='lat' dir='ltr'>quod</span> 
     </span>
     <span class='ocr_line' id='line_1_60' title="bbox 184 2592 1150 2638; baseline -0.004 -11"><span class='ocrx_word' id='word_1_535' title='bbox 184 2597 265 2627; x_wconf 79' lang='lat' dir='ltr'>male</span> <span class='ocrx_word' id='word_1_536' title='bbox 277 2597 478 2638; x_wconf 88' lang='lat' dir='ltr'>cogitantibus</span> <span class='ocrx_word' id='word_1_537' title='bbox 489 2595 634 2635; x_wconf 86' lang='lat' dir='ltr'>exemplo</span> <span class='ocrx_word' id='word_1_538' title='bbox 647 2616 655 2628; x_wconf 83' lang='lat'>,</span> <span class='ocrx_word' id='word_1_539' title='bbox 667 2603 716 2624; x_wconf 85' lang='lat' dir='ltr'>aut</span> <span class='ocrx_word' id='word_1_540' title='bbox 728 2592 863 2634; x_wconf 80' lang='lat' dir='ltr'>praefidio</span> <span class='ocrx_word' id='word_1_541' title='bbox 875 2593 917 2625; x_wconf 89' lang='lat' dir='ltr'>sit.</span> <span class='ocrx_word' id='word_1_542' title='bbox 943 2598 1046 2635; x_wconf 87' lang='lat' dir='ltr'>Itaque</span> <span class='ocrx_word' id='word_1_543' title='bbox 1057 2598 1150 2625; x_wconf 85' lang='lat' dir='ltr'>timeo</span> 
     </span>
     <span class='ocr_line' id='line_1_61' title="bbox 182 2635 1150 2677; baseline -0.003 -8"><span class='ocrx_word' id='word_1_544' title='bbox 182 2638 220 2669; x_wconf 87' lang='lat' dir='ltr'>de</span> <span class='ocrx_word' id='word_1_545' title='bbox 240 2639 393 2669; x_wconf 86' lang='lat' dir='ltr'>consulatu</span> <span class='ocrx_word' id='word_1_546' title='bbox 407 2659 415 2672; x_wconf 93' lang='lat'>,</span> <span class='ocrx_word' id='word_1_547' title='bbox 440 2648 478 2668; x_wconf 87' lang='lat' dir='ltr'>ne</span> <span class='ocrx_word' id='word_1_548' title='bbox 489 2637 579 2668; x_wconf 73' lang='lat' dir='ltr'>Caesar</span> <span class='ocrx_word' id='word_1_549' title='bbox 603 2647 671 2668; x_wconf 88' lang='lat' dir='ltr'>tuus</span> <span class='ocrx_word' id='word_1_550' title='bbox 679 2636 768 2667; x_wconf 75' lang='lat' dir='ltr'>altius</span> <span class='ocrx_word' id='word_1_551' title='bbox 777 2636 804 2666; x_wconf 86' lang='lat' dir='ltr'>se</span> <span class='ocrx_word' id='word_1_552' title='bbox 814 2635 996 2667; x_wconf 68' lang='lat' dir='ltr'>adscendisse</span> <span class='ocrx_word' id='word_1_553' title='bbox 1007 2646 1089 2677; x_wconf 84' lang='lat' dir='ltr'>putet</span> <span class='ocrx_word' id='word_1_554' title='bbox 1099 2636 1150 2666; x_wconf 89' lang='lat' dir='ltr'>de-</span> 
     </span>
     <span class='ocr_line' id='line_1_62' title="bbox 184 2677 1149 2721; baseline -0.005 -10"><span class='ocrx_word' id='word_1_555' title='bbox 184 2683 338 2711; x_wconf 87' lang='lat' dir='ltr'>cretistuis</span> <span class='ocrx_word' id='word_1_556' title='bbox 353 2700 361 2714; x_wconf 92' lang='lat'>‚</span> <span class='ocrx_word' id='word_1_557' title='bbox 381 2679 471 2721; x_wconf 68' lang='lat' dir='ltr'>quiim</span> <span class='ocrx_word' id='word_1_558' title='bbox 481 2679 552 2710; x_wconf 89' lang='lat' dir='ltr'>inde</span> <span class='ocrx_word' id='word_1_559' title='bbox 567 2700 574 2713; x_wconf 89' lang='lat'>‚</span> <span class='ocrx_word' id='word_1_560' title='bbox 597 2678 617 2709; x_wconf 85' lang='lat' dir='ltr'>si</span> <span class='ocrx_word' id='word_1_561' title='bbox 631 2679 737 2710; x_wconf 89' lang='lat' dir='ltr'>consul</span> <span class='ocrx_word' id='word_1_562' title='bbox 748 2677 905 2713; x_wconf 70' lang='lat' dir='ltr'>fa&amp;usfir‚</span> <span class='ocrx_word' id='word_1_563' title='bbox 925 2679 1149 2710; x_wconf 84' lang='lat' dir='ltr'>descensurum.</span> 
     </span>
     <span class='ocr_line' id='line_1_63' title="bbox 185 2719 1150 2764; baseline -0.003 -11"><span class='ocrx_word' id='word_1_564' title='bbox 185 2721 276 2764; x_wconf 74' lang='lat' dir='ltr'>Qod</span> <span class='ocrx_word' id='word_1_565' title='bbox 292 2721 314 2752; x_wconf 65' lang='lat' dir='ltr'>&#39;fi</span> <span class='ocrx_word' id='word_1_566' title='bbox 337 2724 488 2753; x_wconf 83' lang='lat' dir='ltr'>Antonius</span> <span class='ocrx_word' id='word_1_567' title='bbox 503 2742 512 2755; x_wconf 88' lang='lat'>,</span> <span class='ocrx_word' id='word_1_568' title='bbox 531 2721 567 2752; x_wconf 88' lang='lat' dir='ltr'>ab</span> <span class='ocrx_word' id='word_1_569' title='bbox 578 2722 638 2752; x_wconf 90' lang='lat' dir='ltr'>alio</span> <span class='ocrx_word' id='word_1_570' title='bbox 650 2719 792 2751; x_wconf 70' lang='lat' dir='ltr'>reli&amp;um</span> <span class='ocrx_word' id='word_1_571' title='bbox 806 2723 888 2763; x_wconf 84' lang='lat' dir='ltr'>regni</span> <span class='ocrx_word' id='word_1_572' title='bbox 898 2720 1150 2754; x_wconf 81' lang='lat' dir='ltr'>instrumentum,</span> 
     </span>
     <span class='ocr_line' id='line_1_64' title="bbox 183 2762 1176 2806; baseline -0.001 -12"><span class='ocrx_word' id='word_1_573' title='bbox 183 2763 373 2795; x_wconf 81' lang='lat' dir='ltr'>occasionem</span> <span class='ocrx_word' id='word_1_574' title='bbox 391 2764 536 2806; x_wconf 84' lang='lat' dir='ltr'>regnandi</span> <span class='ocrx_word' id='word_1_575' title='bbox 554 2764 677 2795; x_wconf 84' lang='lat' dir='ltr'>habuit:</span> <span class='ocrx_word' id='word_1_576' title='bbox 696 2773 831 2804; x_wconf 87' lang='lat' dir='ltr'>quonam</span> <span class='ocrx_word' id='word_1_577' title='bbox 848 2765 953 2796; x_wconf 85' lang='lat' dir='ltr'>animo</span> <span class='ocrx_word' id='word_1_578' title='bbox 970 2762 1036 2793; x_wconf 79' lang='lat' dir='ltr'>fore</span> <span class='ocrx_word' id='word_1_579' title='bbox 1056 2772 1152 2804; x_wconf 84' lang='lat' dir='ltr'>putas,</span> <span class='ocrx_word' id='word_1_580' title='bbox 1172 2784 1176 2805; x_wconf 45' lang='grc' dir='ltr'><strong>ι</strong></span> 
     </span>
    </p>
   </div>
   <div class='ocr_carea' id='block_1_3' title="bbox 1162 432 1170 1495">
    <p class='ocr_par' dir='ltr' id='par_1_3' title="bbox 1162 432 1170 1495">
     <span class='ocr_line' id='line_1_65' title="bbox 1162 432 1170 1495; baseline 0 0"><span class='ocrx_word' id='word_1_581' title='bbox 1162 432 1170 1495; x_wconf 95' lang='lat' dir='ltr'> </span> 
     </span>
    </p>
   </div>
   <div class='ocr_carea' id='block_1_4' title="bbox 193 2850 316 2858">
    <p class='ocr_par' dir='ltr' id='par_1_4' title="bbox 193 2850 316 2858">
     <span class='ocr_line' id='line_1_66' title="bbox 193 2850 316 2858; baseline 0 542"><span class='ocrx_word' id='word_1_582' title='bbox 193 2850 316 2858; x_wconf 95' lang='lat' dir='ltr'> </span> 
     </span>
    </p>
   </div>
   <div class='ocr_carea' id='block_1_5' title="bbox 187 2866 1174 3086">
    <p class='ocr_par' dir='ltr' id='par_1_5' title="bbox 193 2866 1152 2941">
     <span class='ocr_line' id='line_1_67' title="bbox 229 2866 1152 2902; baseline 0.002 -11"><span class='ocrx_word' id='word_1_583' title='bbox 229 2875 237 2891; x_wconf 86' lang='lat'>1</span> <span class='ocrx_word' id='word_1_584' title='bbox 246 2886 251 2891; x_wconf 99' lang='lat'>.</span> <span class='ocrx_word' id='word_1_585' title='bbox 271 2870 364 2900; x_wconf 72' lang='lat' dir='ltr'>Infinire</span> <span class='ocrx_word' id='word_1_586' title='bbox 375 2869 504 2902; x_wconf 65' lang='lat' dir='ltr'>tribuere]</span> <span class='ocrx_word' id='word_1_587' title='bbox 529 2867 609 2895; x_wconf 73' lang='lat' dir='ltr'>Haud</span> <span class='ocrx_word' id='word_1_588' title='bbox 619 2868 696 2895; x_wconf 80' lang='lat' dir='ltr'>aliter</span> <span class='ocrx_word' id='word_1_589' title='bbox 706 2868 790 2895; x_wconf 79' lang='lat' dir='ltr'>editio</span> <span class='ocrx_word' id='word_1_590' title='bbox 801 2870 819 2895; x_wconf 90' lang='lat' dir='ltr'>V</span> <span class='ocrx_word' id='word_1_591' title='bbox 825 2867 916 2895; x_wconf 68' lang='grc' dir='ltr'>ἰξὶοϊίἰ</span> <span class='ocrx_word' id='word_1_592' title='bbox 929 2886 936 2899; x_wconf 83' lang='lat'>,</span> <span class='ocrx_word' id='word_1_593' title='bbox 953 2866 1152 2894; x_wconf 77' lang='lat' dir='ltr'>adsentiuntur-</span> 
     </span>
     <span class='ocr_line' id='line_1_68' title="bbox 193 2902 758 2941; baseline 0.005 -14"><span class='ocrx_word' id='word_1_594' title='bbox 193 2910 244 2938; x_wconf 76' lang='lat' dir='ltr'>que</span> <span class='ocrx_word' id='word_1_595' title='bbox 257 2902 321 2928; x_wconf 73' lang='lat' dir='ltr'>Pali.</span> <span class='ocrx_word' id='word_1_596' title='bbox 334 2905 423 2931; x_wconf 86' lang='lat' dir='ltr'>nostri.</span> <span class='ocrx_word' id='word_1_597' title='bbox 445 2905 530 2931; x_wconf 79' lang='lat' dir='ltr'>Aldus</span> <span class='ocrx_word' id='word_1_598' title='bbox 541 2905 640 2941; x_wconf 76' lang='lat' dir='ltr'>aliique</span> <span class='ocrx_word' id='word_1_599' title='bbox 650 2907 758 2939; x_wconf 79' lang='lat' dir='ltr'>infinita.</span> 
     </span>
    </p>

    <p class='ocr_par' dir='ltr' id='par_1_6' title="bbox 188 2939 1151 3012">
     <span class='ocr_line' id='line_1_69' title="bbox 226 2939 1151 2976; baseline 0.003 -13"><span class='ocrx_word' id='word_1_600' title='bbox 226 2946 255 2963; x_wconf 83' lang='lat'>2.</span> <span class='ocrx_word' id='word_1_601' title='bbox 275 2941 346 2965; x_wconf 73' lang='lat' dir='ltr'>cAlia</span> <span class='ocrx_word' id='word_1_602' title='bbox 355 2942 469 2974; x_wconf 73' lang='lat' dir='ltr'>omniafic</span> <span class='ocrx_word' id='word_1_603' title='bbox 479 2942 570 2967; x_wconf 62' lang='lat' dir='ltr'>abunde</span> <span class='ocrx_word' id='word_1_604' title='bbox 580 2941 692 2974; x_wconf 52' lang='lat' dir='ltr'>adsimu]</span> <span class='ocrx_word' id='word_1_605' title='bbox 714 2941 740 2966; x_wconf 86' lang='lat' dir='ltr'>Si</span> <span class='ocrx_word' id='word_1_606' title='bbox 752 2940 886 2976; x_wconf 79' lang='lat' dir='ltr'>sequimur</span> <span class='ocrx_word' id='word_1_607' title='bbox 899 2939 957 2967; x_wconf 76' lang='lat' dir='ltr'>Pal.</span> <span class='ocrx_word' id='word_1_608' title='bbox 966 2948 1005 2976; x_wconf 85' lang='lat' dir='ltr'>pr.</span> <span class='ocrx_word' id='word_1_609' title='bbox 1022 2940 1050 2966; x_wconf 63' lang='grc' dir='ltr'>ὃς</span> <span class='ocrx_word' id='word_1_610' title='bbox 1062 2947 1151 2975; x_wconf 75' lang='lat' dir='ltr'>quart.</span> 
     </span>
     <span class='ocr_line' id='line_1_70' title="bbox 188 2972 910 3012; baseline 0.003 -11"><span class='ocrx_word' id='word_1_611' title='bbox 188 2972 305 3000; x_wconf 66' lang='lat' dir='ltr'>abundat</span> <span class='ocrx_word' id='word_1_612' title='bbox 315 2976 415 3006; x_wconf 57' lang='lat' dir='ltr'>abunda,</span> <span class='ocrx_word' id='word_1_613' title='bbox 427 2986 510 3011; x_wconf 83' lang='lat' dir='ltr'>neque</span> <span class='ocrx_word' id='word_1_614' title='bbox 521 2975 640 3012; x_wconf 67' lang='lat' dir='ltr'>agnoscit</span> <span class='ocrx_word' id='word_1_615' title='bbox 652 2976 805 3003; x_wconf 58' lang='lat' dir='ltr'>Victoriana</span> <span class='ocrx_word' id='word_1_616' title='bbox 816 2976 910 3003; x_wconf 83' lang='lat' dir='ltr'>editio.</span> 
     </span>
    </p>

    <p class='ocr_par' dir='ltr' id='par_1_7' title="bbox 187 3011 1174 3086">
     <span class='ocr_line' id='line_1_71' title="bbox 226 3011 1174 3049; baseline 0.004 -15"><span class='ocrx_word' id='word_1_617' title='bbox 226 3017 254 3045; x_wconf 81' lang='lat'>3.</span> <span class='ocrx_word' id='word_1_618' title='bbox 273 3012 496 3044; x_wconf 76' lang='lat' dir='ltr'>Compararipoffint</span> <span class='ocrx_word' id='word_1_619' title='bbox 506 3021 548 3038; x_wconf 73' lang='lat' dir='ltr'>me</span> <span class='ocrx_word' id='word_1_620' title='bbox 557 3013 689 3047; x_wconf 46' lang='lat' dir='ltr'>virtutem]</span> <span class='ocrx_word' id='word_1_621' title='bbox 712 3014 742 3038; x_wconf 90' lang='lat' dir='ltr'>P.</span> <span class='ocrx_word' id='word_1_622' title='bbox 755 3014 891 3040; x_wconf 82' lang='lat' dir='ltr'>Manutius</span> <span class='ocrx_word' id='word_1_623' title='bbox 903 3011 1008 3039; x_wconf 70' lang='lat' dir='ltr'>delevit</span> <span class='ocrx_word' id='word_1_624' title='bbox 1028 3011 1093 3038; x_wconf 81' lang='lat' dir='ltr'>duas</span> <span class='ocrx_word' id='word_1_625' title='bbox 1103 3021 1150 3049; x_wconf 82' lang='lat' dir='ltr'>po·</span> <span class='ocrx_word' id='word_1_626' title='bbox 1172 3020 1174 3043; x_wconf 59' lang='lat' dir='ltr'>i</span> 
     </span>
     <span class='ocr_line' id='line_1_72' title="bbox 187 3045 1173 3086; baseline 0.002 -14"><span class='ocrx_word' id='word_1_627' title='bbox 187 3045 295 3078; x_wconf 69' lang='lat' dir='ltr'>stremqs</span> <span class='ocrx_word' id='word_1_628' title='bbox 309 3054 402 3076; x_wconf 66' lang='lat' dir='ltr'>voces÷</span> <span class='ocrx_word' id='word_1_629' title='bbox 423 3046 575 3086; x_wconf 64' lang='lat' dir='ltr'>seeutuique</span> <span class='ocrx_word' id='word_1_630' title='bbox 587 3049 642 3082; x_wconf 77' lang='lat' dir='ltr'>ejus</span> <span class='ocrx_word' id='word_1_631' title='bbox 662 3048 850 3076; x_wconf 60' lang='lat' dir='ltr'>auctoritatem</span> <span class='ocrx_word' id='word_1_632' title='bbox 868 3048 1024 3076; x_wconf 83' lang='lat' dir='ltr'>Lambinus.</span> <span class='ocrx_word' id='word_1_633' title='bbox 1044 3057 1094 3084; x_wconf 81' lang='lat' dir='ltr'>ego</span> <span class='ocrx_word' id='word_1_634' title='bbox 1104 3047 1151 3074; x_wconf 80' lang='lat' dir='ltr'>ad-</span> <span class='ocrx_word' id='word_1_635' title='bbox 1171 3053 1173 3069; x_wconf 60' lang='grc' dir='ltr'><em>ἰ</em></span> 
     </span>
    </p>
   </div>
   <div class='ocr_carea' id='block_1_6' title="bbox 186 3080 1173 3148">
    <p class='ocr_par' dir='ltr' id='par_1_8' title="bbox 186 3080 1173 3148">
     <span class='ocr_line' id='line_1_73' title="bbox 187 3080 1173 3141; baseline 0.004 -35"><span class='ocrx_word' id='word_1_636' title='bbox 187 3080 239 3107; x_wconf 89' lang='lat' dir='ltr'>huc</span> <span class='ocrx_word' id='word_1_637' title='bbox 250 3081 353 3121; x_wconf 46' lang='lat' dir='ltr'>limi-eof</span> <span class='ocrx_word' id='word_1_638' title='bbox 372 3091 498 3123; x_wconf 65' lang='lat' dir='ltr'>qupuiani</span> <span class='ocrx_word' id='word_1_639' title='bbox 509 3094 551 3111; x_wconf 76' lang='lat' dir='ltr'>eas</span> <span class='ocrx_word' id='word_1_640' title='bbox 564 3085 649 3121; x_wconf 83' lang='lat' dir='ltr'>reperi</span> <span class='ocrx_word' id='word_1_641' title='bbox 658 3085 686 3113; x_wconf 85' lang='lat' dir='ltr'>in</span> <span class='ocrx_word' id='word_1_642' title='bbox 697 3085 821 3116; x_wconf 77' lang='lat' dir='ltr'>omuibus</span> <span class='ocrx_word' id='word_1_643' title='bbox 831 3085 917 3115; x_wconf 70' lang='lat' dir='ltr'>Palat.</span> <span class='ocrx_word' id='word_1_644' title='bbox 938 3084 986 3114; x_wconf 78' lang='lat' dir='ltr'>etsi</span> <span class='ocrx_word' id='word_1_645' title='bbox 1003 3085 1031 3113; x_wconf 81' lang='lat' dir='ltr'>in</span> <span class='ocrx_word' id='word_1_646' title='bbox 1042 3083 1151 3121; x_wconf 84' lang='lat' dir='ltr'>quibus·</span> <span class='ocrx_word' id='word_1_647' title='bbox 1169 3094 1173 3141; x_wconf 58' lang='grc' dir='ltr'><em>ι</em></span> 
     </span>
     <span class='ocr_line' id='line_1_74' title="bbox 186 3116 501 3148; baseline 0.013 -4"><span class='ocrx_word' id='word_1_648' title='bbox 186 3116 249 3146; x_wconf 73' lang='lat' dir='ltr'>dam</span> <span class='ocrx_word' id='word_1_649' title='bbox 257 3117 310 3147; x_wconf 74' lang='lat' dir='ltr'>alia</span> <span class='ocrx_word' id='word_1_650' title='bbox 319 3117 501 3148; x_wconf 71' lang='lat' dir='ltr'>distinetione.</span> 
     </span>
    </p>
   </div>
   <div class='ocr_carea' id='block_1_7' title="bbox 1167 1674 1177 3089">
    <p class='ocr_par' dir='ltr' id='par_1_9' title="bbox 1167 1674 1177 3089">
     <span class='ocr_line' id='line_1_75' title="bbox 1167 1674 1177 3089; baseline 0 0"><span class='ocrx_word' id='word_1_651' title='bbox 1167 1674 1177 3089; x_wconf 95' lang='lat' dir='ltr'> </span> 
     </span>
    </p>
   </div>
   <div class='ocr_carea' id='block_1_8' title="bbox 1181 90 1723 139">
    <p class='ocr_par' dir='ltr' id='par_1_10' title="bbox 1181 90 1723 139">
     <span class='ocr_line' id='line_1_76' title="bbox 1181 90 1723 139; baseline 0.009 -5"><span class='ocrx_word' id='word_1_652' title='bbox 1181 90 1723 139; x_wconf 74' lang='lat' dir='ltr'>CicERoN1s</span> 
     </span>
    </p>
   </div>
   <div class='ocr_carea' id='block_1_9' title="bbox 1172 165 2138 662">
    <p class='ocr_par' dir='ltr' id='par_1_11' title="bbox 1172 165 2138 662">
     <span class='ocr_line' id='line_1_77' title="bbox 1176 165 2130 214; baseline 0.008 -17"><span class='ocrx_word' id='word_1_653' title='bbox 1176 165 1196 198; x_wconf 92' lang='lat' dir='ltr'>si</span> <span class='ocrx_word' id='word_1_654' title='bbox 1205 169 1272 209; x_wconf 88' lang='lat' dir='ltr'>quis</span> <span class='ocrx_word' id='word_1_655' title='bbox 1283 188 1291 201; x_wconf 83' lang='lat'>,</span> <span class='ocrx_word' id='word_1_656' title='bbox 1310 167 1430 199; x_wconf 65' lang='lat' dir='ltr'>aueiore</span> <span class='ocrx_word' id='word_1_657' title='bbox 1439 188 1447 202; x_wconf 85' lang='lat'><strong>‚</strong></span> <span class='ocrx_word' id='word_1_658' title='bbox 1471 179 1534 200; x_wconf 87' lang='lat' dir='ltr'>non</span> <span class='ocrx_word' id='word_1_659' title='bbox 1547 179 1674 210; x_wconf 82' lang='lat' dir='ltr'>tyranno</span> <span class='ocrx_word' id='word_1_660' title='bbox 1685 171 1844 203; x_wconf 62' lang='lat' dir='ltr'>inrerfmsto</span> <span class='ocrx_word' id='word_1_661' title='bbox 1855 193 1864 207; x_wconf 89' lang='lat'>,</span> <span class='ocrx_word' id='word_1_662' title='bbox 1876 172 1923 204; x_wconf 84' lang='lat' dir='ltr'>sed</span> <span class='ocrx_word' id='word_1_663' title='bbox 1938 173 2002 214; x_wconf 75' lang='lat' dir='ltr'>ipso</span> <span class='ocrx_word' id='word_1_664' title='bbox 2013 173 2130 210; x_wconf 72' lang='lat' dir='ltr'>senatu,</span> 
     </span>
     <span class='ocr_line' id='line_1_78' title="bbox 1174 210 2130 257; baseline 0.007 -18"><span class='ocrx_word' id='word_1_665' title='bbox 1174 219 1256 254; x_wconf 77' lang='lat' dir='ltr'>putet</span> <span class='ocrx_word' id='word_1_666' title='bbox 1278 210 1306 240; x_wconf 89' lang='lat' dir='ltr'>se</span> <span class='ocrx_word' id='word_1_667' title='bbox 1325 212 1814 254; x_wconf 85' lang='lat' dir='ltr'>imperiaquaelibetconcupiscere</span> <span class='ocrx_word' id='word_1_668' title='bbox 1831 213 1911 255; x_wconf 77' lang='lat' dir='ltr'>poss‘e</span> <span class='ocrx_word' id='word_1_669' title='bbox 1926 218 1936 244; x_wconf 88' lang='lat'>?</span> <span class='ocrx_word' id='word_1_670' title='bbox 1955 218 2130 257; x_wconf 75' lang='lat' dir='ltr'>Qareturn</span> 
     </span>
     <span class='ocr_line' id='line_1_79' title="bbox 1177 252 2133 297; baseline 0.007 -17"><span class='ocrx_word' id='word_1_671' title='bbox 1177 252 1209 281; x_wconf 91' lang='lat'>&amp;</span> <span class='ocrx_word' id='word_1_672' title='bbox 1219 252 1406 285; x_wconf 81' lang='lat' dir='ltr'>relicitatem,</span> <span class='ocrx_word' id='word_1_673' title='bbox 1421 252 1452 281; x_wconf 91' lang='lat'>&amp;</span> <span class='ocrx_word' id='word_1_674' title='bbox 1461 253 1681 291; x_wconf 86' lang='lat' dir='ltr'>providentiam</span> <span class='ocrx_word' id='word_1_675' title='bbox 1693 256 1818 286; x_wconf 88' lang='lat' dir='ltr'>laudabo</span> <span class='ocrx_word' id='word_1_676' title='bbox 1828 267 1909 287; x_wconf 90' lang='lat' dir='ltr'>tuam</span> <span class='ocrx_word' id='word_1_677' title='bbox 1921 277 1929 290; x_wconf 89' lang='lat'>‚</span> <span class='ocrx_word' id='word_1_678' title='bbox 1940 257 2011 287; x_wconf 70' lang='lat' dir='ltr'>ci‘im</span> <span class='ocrx_word' id='word_1_679' title='bbox 2024 257 2133 297; x_wconf 88' lang='lat' dir='ltr'>explo-</span> 
     </span>
     <span class='ocr_line' id='line_1_80' title="bbox 1175 294 2131 340; baseline 0.006 -17"><span class='ocrx_word' id='word_1_680' title='bbox 1175 303 1269 323; x_wconf 86' lang='lat' dir='ltr'>ratum</span> <span class='ocrx_word' id='word_1_681' title='bbox 1282 294 1387 324; x_wconf 88' lang='lat' dir='ltr'>habere</span> <span class='ocrx_word' id='word_1_682' title='bbox 1398 303 1517 333; x_wconf 88' lang='lat' dir='ltr'>coepero</span> <span class='ocrx_word' id='word_1_683' title='bbox 1528 313 1536 327; x_wconf 91' lang='lat'>‚</span> <span class='ocrx_word' id='word_1_684' title='bbox 1556 295 1702 325; x_wconf 83' lang='lat' dir='ltr'>Caesarem</span> <span class='ocrx_word' id='word_1_685' title='bbox 1718 298 1882 328; x_wconf 85' lang='lat' dir='ltr'>honoribus</span> <span class='ocrx_word' id='word_1_686' title='bbox 1893 319 1901 332; x_wconf 94' lang='lat'>,</span> <span class='ocrx_word' id='word_1_687' title='bbox 1922 309 1997 340; x_wconf 87' lang='lat' dir='ltr'>quos</span> <span class='ocrx_word' id='word_1_688' title='bbox 2010 308 2131 339; x_wconf 84' lang='lat' dir='ltr'>accepe-</span> 
     </span>
     <span class='ocr_line' id='line_1_81' title="bbox 1172 334 2134 380; baseline 0.005 -15"><span class='ocrx_word' id='word_1_689' title='bbox 1172 337 1230 368; x_wconf 90' lang='lat' dir='ltr'>rit,</span> <span class='ocrx_word' id='word_1_690' title='bbox 1241 337 1486 366; x_wconf 75' lang='lat' dir='ltr'>extraordinariis</span> <span class='ocrx_word' id='word_1_691' title='bbox 1497 334 1561 365; x_wconf 83' lang='lat' dir='ltr'>fore</span> <span class='ocrx_word' id='word_1_692' title='bbox 1569 345 1759 367; x_wconf 85' lang='lat' dir='ltr'>contentum.</span> <span class='ocrx_word' id='word_1_693' title='bbox 1770 339 1882 368; x_wconf 59' lang='lat' dir='ltr'>Alienae</span> <span class='ocrx_word' id='word_1_694' title='bbox 1893 342 1992 380; x_wconf 80' lang='lat' dir='ltr'>igitur,</span> <span class='ocrx_word' id='word_1_695' title='bbox 2004 342 2134 380; x_wconf 84' lang='lat' dir='ltr'>inquies,</span> 
     </span>
     <span class='ocr_line' id='line_1_82' title="bbox 1174 376 2134 421; baseline 0.005 -14"><span class='ocrx_word' id='word_1_696' title='bbox 1174 378 1268 417; x_wconf 81' lang='lat' dir='ltr'>culpa:</span> <span class='ocrx_word' id='word_1_697' title='bbox 1289 387 1339 407; x_wconf 90' lang='lat' dir='ltr'>me</span> <span class='ocrx_word' id='word_1_698' title='bbox 1350 387 1436 407; x_wconf 87' lang='lat' dir='ltr'>reum</span> <span class='ocrx_word' id='word_1_699' title='bbox 1460 376 1569 407; x_wconf 83' lang='lat' dir='ltr'>facies?</span> <span class='ocrx_word' id='word_1_700' title='bbox 1589 377 1708 408; x_wconf 85' lang='lat' dir='ltr'>Prorsus</span> <span class='ocrx_word' id='word_1_701' title='bbox 1718 379 1820 410; x_wconf 88' lang='lat' dir='ltr'>alienae</span> <span class='ocrx_word' id='word_1_702' title='bbox 1832 401 1840 413; x_wconf 92' lang='lat'>,</span> <span class='ocrx_word' id='word_1_703' title='bbox 1863 380 1883 410; x_wconf 87' lang='lat' dir='ltr'>fi</span> <span class='ocrx_word' id='word_1_704' title='bbox 1902 383 2055 421; x_wconf 85' lang='lat' dir='ltr'>provideri</span> <span class='ocrx_word' id='word_1_705' title='bbox 2077 391 2134 421; x_wconf 93' lang='lat' dir='ltr'>po-</span> 
     </span>
     <span class='ocr_line' id='line_1_83' title="bbox 1177 416 2134 462; baseline 0.006 -14"><span class='ocrx_word' id='word_1_706' title='bbox 1177 421 1234 448; x_wconf 90' lang='lat' dir='ltr'>tuit</span> <span class='ocrx_word' id='word_1_707' title='bbox 1244 439 1252 452; x_wconf 90' lang='lat'>‚</span> <span class='ocrx_word' id='word_1_708' title='bbox 1277 429 1314 448; x_wconf 91' lang='lat' dir='ltr'>ne</span> <span class='ocrx_word' id='word_1_709' title='bbox 1325 416 1484 449; x_wconf 77' lang='lat' dir='ltr'>exsisteret.</span> <span class='ocrx_word' id='word_1_710' title='bbox 1507 418 1588 460; x_wconf 87' lang='lat' dir='ltr'>quod</span> <span class='ocrx_word' id='word_1_711' title='bbox 1600 421 1714 449; x_wconf 88' lang='lat' dir='ltr'>utinam</span> <span class='ocrx_word' id='word_1_712' title='bbox 1725 421 1884 460; x_wconf 63' lang='lat' dir='ltr'>inspeEkare</span> <span class='ocrx_word' id='word_1_713' title='bbox 1893 421 1980 462; x_wconf 86' lang='lat' dir='ltr'>poffis</span> <span class='ocrx_word' id='word_1_714' title='bbox 1990 426 2134 453; x_wconf 86' lang='lat' dir='ltr'>timorem</span> 
     </span>
     <span class='ocr_line' id='line_1_84' title="bbox 1176 460 2135 501; baseline 0.005 -11"><span class='ocrx_word' id='word_1_715' title='bbox 1176 460 1212 490; x_wconf 89' lang='lat' dir='ltr'>de</span> <span class='ocrx_word' id='word_1_716' title='bbox 1230 460 1284 490; x_wconf 89' lang='lat' dir='ltr'>illo</span> <span class='ocrx_word' id='word_1_717' title='bbox 1306 470 1420 491; x_wconf 87' lang='lat' dir='ltr'>meum.</span> <span class='ocrx_word' id='word_1_718' title='bbox 1445 463 1502 491; x_wconf 86' lang='lat' dir='ltr'>His</span> <span class='ocrx_word' id='word_1_719' title='bbox 1521 463 1626 490; x_wconf 87' lang='lat' dir='ltr'>litteris</span> <span class='ocrx_word' id='word_1_720' title='bbox 1647 461 1758 501; x_wconf 84' lang='lat' dir='ltr'>scriptis</span> <span class='ocrx_word' id='word_1_721' title='bbox 1773 481 1781 495; x_wconf 92' lang='lat'>,</span> <span class='ocrx_word' id='word_1_722' title='bbox 1803 471 1830 492; x_wconf 89' lang='lat' dir='ltr'>te</span> <span class='ocrx_word' id='word_1_723' title='bbox 1851 465 2006 495; x_wconf 89' lang='lat' dir='ltr'>consulem</span> <span class='ocrx_word' id='word_1_724' title='bbox 2019 464 2135 495; x_wconf 56' lang='lat' dir='ltr'>facium</span> 
     </span>
     <span class='ocr_line' id='line_1_85' title="bbox 1176 501 2135 546; baseline 0.004 -14"><span class='ocrx_word' id='word_1_725' title='bbox 1176 502 1359 532; x_wconf 88' lang='lat' dir='ltr'>audivimus.</span> <span class='ocrx_word' id='word_1_726' title='bbox 1382 512 1446 533; x_wconf 90' lang='lat' dir='ltr'>tum</span> <span class='ocrx_word' id='word_1_727' title='bbox 1470 501 1542 533; x_wconf 73' lang='lat' dir='ltr'>vero</span> <span class='ocrx_word' id='word_1_728' title='bbox 1553 503 1695 542; x_wconf 85' lang='lat' dir='ltr'>incipiam</span> <span class='ocrx_word' id='word_1_729' title='bbox 1707 512 1874 543; x_wconf 85' lang='lat' dir='ltr'>proponere</span> <span class='ocrx_word' id='word_1_730' title='bbox 1884 507 1959 535; x_wconf 82' lang='lat' dir='ltr'>mihi</span> <span class='ocrx_word' id='word_1_731' title='bbox 1970 516 2064 546; x_wconf 90' lang='lat' dir='ltr'>remp.</span> <span class='ocrx_word' id='word_1_732' title='bbox 2087 507 2135 544; x_wconf 80' lang='lat' dir='ltr'>ju-</span> 
     </span>
     <span class='ocr_line' id='line_1_86' title="bbox 1178 543 2136 584; baseline 0.004 -10"><span class='ocrx_word' id='word_1_733' title='bbox 1178 544 1251 574; x_wconf 76' lang='lat' dir='ltr'>stam</span> <span class='ocrx_word' id='word_1_734' title='bbox 1265 564 1273 577; x_wconf 83' lang='lat'>,</span> <span class='ocrx_word' id='word_1_735' title='bbox 1293 544 1325 574; x_wconf 85' lang='lat'>&amp;</span> <span class='ocrx_word' id='word_1_736' title='bbox 1341 546 1403 584; x_wconf 84' lang='lat' dir='ltr'>jam</span> <span class='ocrx_word' id='word_1_737' title='bbox 1415 544 1474 574; x_wconf 87' lang='lat' dir='ltr'>suis</span> <span class='ocrx_word' id='word_1_738' title='bbox 1486 546 1635 574; x_wconf 86' lang='lat' dir='ltr'>nitentem</span> <span class='ocrx_word' id='word_1_739' title='bbox 1647 546 1780 578; x_wconf 91' lang='lat' dir='ltr'>viribus,</span> <span class='ocrx_word' id='word_1_740' title='bbox 1807 543 1827 574; x_wconf 89' lang='lat' dir='ltr'>si</span> <span class='ocrx_word' id='word_1_741' title='bbox 1839 545 1932 576; x_wconf 86' lang='lat' dir='ltr'>isthuc</span> <span class='ocrx_word' id='word_1_742' title='bbox 1945 548 2060 578; x_wconf 86' lang='lat' dir='ltr'>videro.</span> <span class='ocrx_word' id='word_1_743' title='bbox 2084 549 2136 578; x_wconf 89' lang='lat' dir='ltr'>Fi-</span> 
     </span>
     <span class='ocr_line' id='line_1_87' title="bbox 1178 586 2138 628; baseline 0.004 -13"><span class='ocrx_word' id='word_1_744' title='bbox 1178 587 1235 615; x_wconf 82' lang='lat' dir='ltr'>lius</span> <span class='ocrx_word' id='word_1_745' title='bbox 1248 587 1325 616; x_wconf 83' lang='lat' dir='ltr'>valet</span> <span class='ocrx_word' id='word_1_746' title='bbox 1337 606 1345 619; x_wconf 82' lang='lat'>‚</span> <span class='ocrx_word' id='word_1_747' title='bbox 1368 588 1442 617; x_wconf 83' lang='lat' dir='ltr'>&amp;in</span> <span class='ocrx_word' id='word_1_748' title='bbox 1453 586 1665 617; x_wconf 79' lang='lat' dir='ltr'>Macedoniam</span> <span class='ocrx_word' id='word_1_749' title='bbox 1674 596 1746 616; x_wconf 90' lang='lat' dir='ltr'>cum</span> <span class='ocrx_word' id='word_1_750' title='bbox 1757 588 1891 628; x_wconf 82' lang='lat' dir='ltr'>equitatu</span> <span class='ocrx_word' id='word_1_751' title='bbox 1901 587 2070 628; x_wconf 77' lang='lat' dir='ltr'>praemissus</span> <span class='ocrx_word' id='word_1_752' title='bbox 2080 588 2138 622; x_wconf 83' lang='lat' dir='ltr'>est.</span> 
     </span>
     <span class='ocr_line' id='line_1_88' title="bbox 1178 627 1572 662; baseline -0.003 -4"><span class='ocrx_word' id='word_1_753' title='bbox 1178 628 1279 658; x_wconf 75' lang='lat' dir='ltr'>Idibus</span> <span class='ocrx_word' id='word_1_754' title='bbox 1291 630 1380 658; x_wconf 85' lang='lat' dir='ltr'>Maiis</span> <span class='ocrx_word' id='word_1_755' title='bbox 1390 648 1399 662; x_wconf 89' lang='lat'><em>,</em></span> <span class='ocrx_word' id='word_1_756' title='bbox 1412 638 1450 658; x_wconf 85' lang='lat' dir='ltr'>ex</span> <span class='ocrx_word' id='word_1_757' title='bbox 1460 627 1572 658; x_wconf 85' lang='lat' dir='ltr'>castris.</span> 
     </span>
    </p>
   </div>
   <div class='ocr_carea' id='block_1_10' title="bbox 1186 685 1900 804">
    <p class='ocr_par' dir='ltr' id='par_1_12' title="bbox 1186 685 1900 804">
     <span class='ocr_line' id='line_1_89' title="bbox 1186 685 1900 804; baseline 0 -90"><span class='ocrx_word' id='word_1_758' title='bbox 1186 728 1267 804; x_wconf 76' lang='lat' dir='ltr'><strong>A</strong></span> <span class='ocrx_word' id='word_1_759' title='bbox 1409 685 1596 714; x_wconf 86' lang='lat' dir='ltr'>CICERO</span> <span class='ocrx_word' id='word_1_760' title='bbox 1635 685 1835 718; x_wconf 88' lang='lat' dir='ltr'><strong>BRUTO,</strong></span> <span class='ocrx_word' id='word_1_761' title='bbox 1869 686 1900 715; x_wconf 92' lang='lat' dir='ltr'>S.</span> 
     </span>
    </p>
   </div>
   <div class='ocr_carea' id='block_1_11' title="bbox 1181 728 2170 2648">
    <p class='ocr_par' dir='ltr' id='par_1_13' title="bbox 1181 728 2170 2648">
     <span class='ocr_line' id='line_1_90' title="bbox 1324 728 2137 772; baseline 0.002 -13"><span class='ocrx_word' id='word_1_762' title='bbox 1324 732 1364 759; x_wconf 93' lang='lat' dir='ltr'>D.</span> <span class='ocrx_word' id='word_1_763' title='bbox 1385 739 1414 759; x_wconf 92' lang='lat' dir='ltr'>v.</span> <span class='ocrx_word' id='word_1_764' title='bbox 1427 729 1575 760; x_wconf 77' lang='lat' dir='ltr'>Kalendas</span> <span class='ocrx_word' id='word_1_765' title='bbox 1595 731 1688 768; x_wconf 64' lang='lat' dir='ltr'>Maias</span> <span class='ocrx_word' id='word_1_766' title='bbox 1707 728 1780 759; x_wconf 75' lang='lat' dir='ltr'>curn</span> <span class='ocrx_word' id='word_1_767' title='bbox 1800 729 1836 759; x_wconf 89' lang='lat' dir='ltr'>de</span> <span class='ocrx_word' id='word_1_768' title='bbox 1854 731 1889 760; x_wconf 82' lang='lat' dir='ltr'>&#39;iis</span> <span class='ocrx_word' id='word_1_769' title='bbox 1909 750 1919 763; x_wconf 83' lang='lat'><em>‚</em></span> <span class='ocrx_word' id='word_1_770' title='bbox 1956 731 2008 772; x_wconf 89' lang='lat' dir='ltr'>qui</span> <span class='ocrx_word' id='word_1_771' title='bbox 2036 729 2137 761; x_wconf 85' lang='lat' dir='ltr'>hostes</span> 
     </span>
     <span class='ocr_line' id='line_1_91' title="bbox 1284 771 2139 812; baseline 0.002 -11"><span class='ocrx_word' id='word_1_772' title='bbox 1284 771 1436 811; x_wconf 76' lang='lat' dir='ltr'>ojudicati</span> <span class='ocrx_word' id='word_1_773' title='bbox 1463 772 1531 801; x_wconf 86' lang='lat' dir='ltr'>sunt</span> <span class='ocrx_word' id='word_1_774' title='bbox 1562 791 1571 805; x_wconf 90' lang='lat'>‚</span> <span class='ocrx_word' id='word_1_775' title='bbox 1600 771 1681 800; x_wconf 90' lang='lat' dir='ltr'>bello</span> <span class='ocrx_word' id='word_1_776' title='bbox 1708 771 1919 812; x_wconf 81' lang='lat' dir='ltr'>persequendis</span> <span class='ocrx_word' id='word_1_777' title='bbox 1941 791 1950 806; x_wconf 89' lang='lat'>,</span> <span class='ocrx_word' id='word_1_778' title='bbox 1984 773 2139 803; x_wconf 68' lang='lat' dir='ltr'>sententiae</span> 
     </span>
     <span class='ocr_line' id='line_1_92' title="bbox 1181 812 2139 848; baseline 0.002 -5"><span class='ocrx_word' id='word_1_779' title='bbox 1181 812 1368 846; x_wconf 85' lang='lat' dir='ltr'>dicerentur,</span> <span class='ocrx_word' id='word_1_780' title='bbox 1399 814 1477 843; x_wconf 89' lang='lat' dir='ltr'>dixit</span> <span class='ocrx_word' id='word_1_781' title='bbox 1504 814 1649 843; x_wconf 85' lang='lat' dir='ltr'>Servilius</span> <span class='ocrx_word' id='word_1_782' title='bbox 1677 816 1766 843; x_wconf 88' lang='lat' dir='ltr'>etiam</span> <span class='ocrx_word' id='word_1_783' title='bbox 1798 813 1835 843; x_wconf 88' lang='lat' dir='ltr'>de</span> <span class='ocrx_word' id='word_1_784' title='bbox 1864 813 2031 848; x_wconf 83' lang='lat' dir='ltr'>Ventidio,</span> <span class='ocrx_word' id='word_1_785' title='bbox 2054 814 2087 844; x_wconf 88' lang='lat'>&amp;</span> <span class='ocrx_word' id='word_1_786' title='bbox 2103 822 2139 845; x_wconf 83' lang='lat' dir='ltr'>ut</span> 
     </span>
     <span class='ocr_line' id='line_1_93' title="bbox 1184 853 2141 896; baseline 0.001 -11"><span class='ocrx_word' id='word_1_787' title='bbox 1184 853 1291 885; x_wconf 87' lang='lat' dir='ltr'>Caffius</span> <span class='ocrx_word' id='word_1_788' title='bbox 1302 855 1523 896; x_wconf 83' lang='lat' dir='ltr'>persequeretur</span> <span class='ocrx_word' id='word_1_789' title='bbox 1544 855 1746 885; x_wconf 84' lang='lat' dir='ltr'>Dolabellam.</span> <span class='ocrx_word' id='word_1_790' title='bbox 1780 857 1835 884; x_wconf 90' lang='lat' dir='ltr'>Cui</span> <span class='ocrx_word' id='word_1_791' title='bbox 1849 854 1920 885; x_wconf 67' lang='lat' dir='ltr'>esim</span> <span class='ocrx_word' id='word_1_792' title='bbox 1941 854 2034 885; x_wconf 83' lang='lat' dir='ltr'>essem</span> <span class='ocrx_word' id='word_1_793' title='bbox 2044 853 2141 886; x_wconf 82' lang='lat' dir='ltr'>affen-</span> 
     </span>
     <span class='ocr_line' id='line_1_94' title="bbox 1185 895 2140 938; baseline 0 -11"><span class='ocrx_word' id='word_1_794' title='bbox 1185 897 1233 927; x_wconf 88' lang='lat' dir='ltr'>sus</span> <span class='ocrx_word' id='word_1_795' title='bbox 1244 916 1252 930; x_wconf 91' lang='lat'>‚</span> <span class='ocrx_word' id='word_1_796' title='bbox 1273 896 1392 927; x_wconf 83' lang='lat' dir='ltr'>decrevi</span> <span class='ocrx_word' id='word_1_797' title='bbox 1403 898 1454 926; x_wconf 85' lang='lat' dir='ltr'>hoc</span> <span class='ocrx_word' id='word_1_798' title='bbox 1466 896 1588 937; x_wconf 70' lang='lat' dir='ltr'>amplam</span> <span class='ocrx_word' id='word_1_799' title='bbox 1599 916 1607 929; x_wconf 87' lang='lat'>‚</span> <span class='ocrx_word' id='word_1_800' title='bbox 1621 906 1653 926; x_wconf 91' lang='lat' dir='ltr'>ut</span> <span class='ocrx_word' id='word_1_801' title='bbox 1663 905 1693 926; x_wconf 89' lang='lat' dir='ltr'>tu</span> <span class='ocrx_word' id='word_1_802' title='bbox 1705 917 1713 929; x_wconf 90' lang='lat'>‚</span> <span class='ocrx_word' id='word_1_803' title='bbox 1725 900 1741 923; x_wconf 83' lang='lat'>4</span> <span class='ocrx_word' id='word_1_804' title='bbox 1752 895 1772 925; x_wconf 87' lang='lat' dir='ltr'>fi</span> <span class='ocrx_word' id='word_1_805' title='bbox 1783 896 1951 927; x_wconf 88' lang='lat' dir='ltr'>arbitrarere</span> <span class='ocrx_word' id='word_1_806' title='bbox 1964 898 2050 930; x_wconf 84' lang='lat' dir='ltr'>utile,</span> <span class='ocrx_word' id='word_1_807' title='bbox 2062 907 2140 938; x_wconf 88' lang='lat' dir='ltr'>eque</span> 
     </span>
     <span class='ocr_line' id='line_1_95' title="bbox 1182 937 2143 980; baseline 0.001 -12"><span class='ocrx_word' id='word_1_808' title='bbox 1182 948 1242 978; x_wconf 88' lang='lat' dir='ltr'>rep.</span> <span class='ocrx_word' id='word_1_809' title='bbox 1263 937 1338 972; x_wconf 81' lang='lat' dir='ltr'>effe,</span> <span class='ocrx_word' id='word_1_810' title='bbox 1359 939 1563 980; x_wconf 81' lang='lat' dir='ltr'>persequerere</span> <span class='ocrx_word' id='word_1_811' title='bbox 1585 938 1665 968; x_wconf 87' lang='lat' dir='ltr'>bello</span> <span class='ocrx_word' id='word_1_812' title='bbox 1677 938 1890 968; x_wconf 82' lang='lat' dir='ltr'>Dolabellam:</span> <span class='ocrx_word' id='word_1_813' title='bbox 1916 938 1959 968; x_wconf 75' lang='lat' dir='ltr'>5si</span> <span class='ocrx_word' id='word_1_814' title='bbox 1980 939 2084 969; x_wconf 77' lang='lat' dir='ltr'>minus</span> <span class='ocrx_word' id='word_1_815' title='bbox 2106 938 2143 969; x_wconf 79' lang='lat' dir='ltr'>id</span> 
     </span>
     <span class='ocr_line' id='line_1_96' title="bbox 1183 978 2153 1020; baseline 0 -10"><span class='ocrx_word' id='word_1_816' title='bbox 1183 980 1349 1010; x_wconf 91' lang='lat' dir='ltr'>commodo</span> <span class='ocrx_word' id='word_1_817' title='bbox 1375 983 1447 1020; x_wconf 86' lang='lat' dir='ltr'>reip.</span> <span class='ocrx_word' id='word_1_818' title='bbox 1475 980 1569 1010; x_wconf 86' lang='lat' dir='ltr'>facere</span> <span class='ocrx_word' id='word_1_819' title='bbox 1596 978 1712 1019; x_wconf 85' lang='lat' dir='ltr'>poffes,</span> <span class='ocrx_word' id='word_1_820' title='bbox 1747 978 1804 1010; x_wconf 84' lang='lat' dir='ltr'>five</span> <span class='ocrx_word' id='word_1_821' title='bbox 1821 990 1886 1010; x_wconf 87' lang='lat' dir='ltr'>non</span> <span class='ocrx_word' id='word_1_822' title='bbox 1914 980 2099 1011; x_wconf 87' lang='lat' dir='ltr'>existimares</span> <span class='ocrx_word' id='word_1_823' title='bbox 2118 980 2153 1010; x_wconf 69' lang='grc' dir='ltr'>ὲΑ</span> 
     </span>
     <span class='ocr_line' id='line_1_97' title="bbox 1184 1021 2140 1062; baseline 0 -11"><span class='ocrx_word' id='word_1_824' title='bbox 1184 1023 1284 1062; x_wconf 81' lang='lat' dir='ltr'>repub.</span> <span class='ocrx_word' id='word_1_825' title='bbox 1313 1021 1392 1056; x_wconf 79' lang='lat' dir='ltr'>ess&#39;e·‚</span> <span class='ocrx_word' id='word_1_826' title='bbox 1424 1024 1507 1052; x_wconf 90' lang='lat' dir='ltr'>utin</span> <span class='ocrx_word' id='word_1_827' title='bbox 1534 1021 1641 1051; x_wconf 89' lang='lat' dir='ltr'>iisdem</span> <span class='ocrx_word' id='word_1_828' title='bbox 1671 1023 1750 1055; x_wconf 80' lang='lat' dir='ltr'>locis</span> <span class='ocrx_word' id='word_1_829' title='bbox 1766 1024 1933 1052; x_wconf 86' lang='lat' dir='ltr'>exercitum</span> <span class='ocrx_word' id='word_1_830' title='bbox 1954 1024 2140 1053; x_wconf 86' lang='lat' dir='ltr'>contineres.</span> 
     </span>
     <span class='ocr_line' id='line_1_98' title="bbox 1185 1062 2139 1105; baseline 0 -12"><span class='ocrx_word' id='word_1_831' title='bbox 1185 1064 1275 1094; x_wconf 87' lang='lat' dir='ltr'>Nihil</span> <span class='ocrx_word' id='word_1_832' title='bbox 1286 1062 1541 1093; x_wconf 83' lang='lat' dir='ltr'>honorificentius</span> <span class='ocrx_word' id='word_1_833' title='bbox 1555 1062 1757 1102; x_wconf 84' lang='lat' dir='ltr'>potuitfacere</span> <span class='ocrx_word' id='word_1_834' title='bbox 1769 1064 1894 1098; x_wconf 83' lang='lat' dir='ltr'>senatus,</span> <span class='ocrx_word' id='word_1_835' title='bbox 1906 1067 1994 1105; x_wconf 73' lang='lat' dir='ltr'>quam</span> <span class='ocrx_word' id='word_1_836' title='bbox 2007 1073 2038 1094; x_wconf 90' lang='lat' dir='ltr'>ut</span> <span class='ocrx_word' id='word_1_837' title='bbox 2048 1073 2139 1094; x_wconf 84' lang='lat' dir='ltr'>tuum</span> 
     </span>
     <span class='ocr_line' id='line_1_99' title="bbox 1183 1104 2142 1146; baseline 0.001 -12"><span class='ocrx_word' id='word_1_838' title='bbox 1183 1104 1254 1136; x_wconf 79' lang='lat' dir='ltr'>effet</span> <span class='ocrx_word' id='word_1_839' title='bbox 1266 1105 1439 1145; x_wconf 73' lang='lat' dir='ltr'>Judicium,</span> <span class='ocrx_word' id='word_1_840' title='bbox 1466 1104 1541 1145; x_wconf 85' lang='lat' dir='ltr'>qnid</span> <span class='ocrx_word' id='word_1_841' title='bbox 1560 1105 1695 1134; x_wconf 79' lang='lat' dir='ltr'>maxime</span> <span class='ocrx_word' id='word_1_842' title='bbox 1717 1104 1884 1135; x_wconf 87' lang='lat' dir='ltr'>conducere</span> <span class='ocrx_word' id='word_1_843' title='bbox 1911 1117 1982 1146; x_wconf 90' lang='lat' dir='ltr'>reip.</span> <span class='ocrx_word' id='word_1_844' title='bbox 2008 1106 2065 1136; x_wconf 89' lang='lat' dir='ltr'>tibi</span> <span class='ocrx_word' id='word_1_845' title='bbox 2092 1107 2142 1135; x_wconf 86' lang='lat' dir='ltr'>vi-</span> 
     </span>
     <span class='ocr_line' id='line_1_100' title="bbox 1184 1144 2139 1187; baseline 0.001 -11"><span class='ocrx_word' id='word_1_846' title='bbox 1184 1147 1308 1176; x_wconf 85' lang='lat' dir='ltr'>deretur.</span> <span class='ocrx_word' id='word_1_847' title='bbox 1334 1146 1486 1187; x_wconf 84' lang='lat' dir='ltr'>Equidem</span> <span class='ocrx_word' id='word_1_848' title='bbox 1501 1144 1538 1176; x_wconf 91' lang='lat' dir='ltr'>sic</span> <span class='ocrx_word' id='word_1_849' title='bbox 1557 1146 1653 1176; x_wconf 87' lang='lat' dir='ltr'>sentio</span> <span class='ocrx_word' id='word_1_850' title='bbox 1665 1166 1673 1179; x_wconf 93' lang='lat'>,</span> <span class='ocrx_word' id='word_1_851' title='bbox 1695 1144 1716 1175; x_wconf 83' lang='lat' dir='ltr'>si</span> <span class='ocrx_word' id='word_1_852' title='bbox 1735 1156 1860 1177; x_wconf 89' lang='lat' dir='ltr'>manum</span> <span class='ocrx_word' id='word_1_853' title='bbox 1881 1148 1986 1181; x_wconf 83' lang='lat' dir='ltr'>habet,</span> <span class='ocrx_word' id='word_1_854' title='bbox 2008 1146 2139 1180; x_wconf 65' lang='lat' dir='ltr'>sicastra.</span> 
     </span>
     <span class='ocr_line' id='line_1_101' title="bbox 1184 1186 2143 1228; baseline 0.001 -10"><span class='ocrx_word' id='word_1_855' title='bbox 1184 1187 1204 1218; x_wconf 89' lang='lat' dir='ltr'>si</span> <span class='ocrx_word' id='word_1_856' title='bbox 1224 1188 1275 1218; x_wconf 89' lang='lat' dir='ltr'>ubi</span> <span class='ocrx_word' id='word_1_857' title='bbox 1291 1187 1430 1218; x_wconf 89' lang='lat' dir='ltr'>consistat</span> <span class='ocrx_word' id='word_1_858' title='bbox 1457 1188 1572 1228; x_wconf 84' lang='lat' dir='ltr'>uspiam</span> <span class='ocrx_word' id='word_1_859' title='bbox 1594 1187 1771 1218; x_wconf 87' lang='lat' dir='ltr'>Dolabella:</span> <span class='ocrx_word' id='word_1_860' title='bbox 1797 1188 1832 1218; x_wconf 88' lang='lat' dir='ltr'>ad</span> <span class='ocrx_word' id='word_1_861' title='bbox 1855 1186 1946 1218; x_wconf 82' lang='lat' dir='ltr'>fidem</span> <span class='ocrx_word' id='word_1_862' title='bbox 1959 1209 1967 1222; x_wconf 90' lang='lat'>,</span> <span class='ocrx_word' id='word_1_863' title='bbox 1988 1189 2020 1219; x_wconf 89' lang='lat'>&amp;</span> <span class='ocrx_word' id='word_1_864' title='bbox 2043 1189 2078 1219; x_wconf 90' lang='lat' dir='ltr'>ad</span> <span class='ocrx_word' id='word_1_865' title='bbox 2094 1189 2143 1218; x_wconf 89' lang='lat' dir='ltr'>di-</span> 
     </span>
     <span class='ocr_line' id='line_1_102' title="bbox 1181 1229 2142 1270; baseline 0.001 -11"><span class='ocrx_word' id='word_1_866' title='bbox 1181 1232 1327 1270; x_wconf 85' lang='lat' dir='ltr'>gnitatem</span> <span class='ocrx_word' id='word_1_867' title='bbox 1346 1238 1425 1260; x_wconf 84' lang='lat' dir='ltr'>tuam</span> <span class='ocrx_word' id='word_1_868' title='bbox 1446 1231 1593 1270; x_wconf 86' lang='lat' dir='ltr'>pertinere</span> <span class='ocrx_word' id='word_1_869' title='bbox 1612 1239 1682 1259; x_wconf 90' lang='lat' dir='ltr'>eum</span> <span class='ocrx_word' id='word_1_870' title='bbox 1703 1229 1847 1270; x_wconf 85' lang='lat' dir='ltr'>persequi.</span> <span class='ocrx_word' id='word_1_871' title='bbox 1880 1233 1928 1260; x_wconf 87' lang='lat' dir='ltr'>De</span> <span class='ocrx_word' id='word_1_872' title='bbox 1951 1229 2142 1260; x_wconf 79' lang='lat' dir='ltr'>Caffiinostri.</span> 
     </span>
     <span class='ocr_line' id='line_1_103' title="bbox 1181 1271 2142 1312; baseline 0 -11"><span class='ocrx_word' id='word_1_873' title='bbox 1181 1273 1277 1311; x_wconf 89' lang='lat' dir='ltr'>copiis</span> <span class='ocrx_word' id='word_1_874' title='bbox 1298 1272 1377 1301; x_wconf 88' lang='lat' dir='ltr'>nihil</span> <span class='ocrx_word' id='word_1_875' title='bbox 1393 1272 1566 1302; x_wconf 82' lang='lat' dir='ltr'>sciebamus.</span> <span class='ocrx_word' id='word_1_876' title='bbox 1591 1281 1688 1312; x_wconf 82' lang='lat' dir='ltr'>neque</span> <span class='ocrx_word' id='word_1_877' title='bbox 1706 1273 1790 1301; x_wconf 88' lang='lat' dir='ltr'>enim</span> <span class='ocrx_word' id='word_1_878' title='bbox 1808 1271 1844 1301; x_wconf 91' lang='lat' dir='ltr'>ab</span> <span class='ocrx_word' id='word_1_879' title='bbox 1863 1272 1926 1312; x_wconf 89' lang='lat' dir='ltr'>ipso</span> <span class='ocrx_word' id='word_1_880' title='bbox 1946 1272 2014 1302; x_wconf 79' lang='lat' dir='ltr'>ullae</span> <span class='ocrx_word' id='word_1_881' title='bbox 2025 1272 2142 1306; x_wconf 73' lang='lat' dir='ltr'>litterae,</span> 
     </span>
     <span class='ocr_line' id='line_1_104' title="bbox 1182 1313 2146 1355; baseline 0 -12"><span class='ocrx_word' id='word_1_882' title='bbox 1182 1323 1278 1355; x_wconf 88' lang='lat' dir='ltr'>neque</span> <span class='ocrx_word' id='word_1_883' title='bbox 1297 1314 1491 1344; x_wconf 85' lang='lat' dir='ltr'>nuntiabatur</span> <span class='ocrx_word' id='word_1_884' title='bbox 1511 1313 1678 1354; x_wconf 89' lang='lat' dir='ltr'>quidquam</span> <span class='ocrx_word' id='word_1_885' title='bbox 1693 1333 1702 1347; x_wconf 86' lang='lat'>‚</span> <span class='ocrx_word' id='word_1_886' title='bbox 1732 1313 1815 1354; x_wconf 90' lang='lat' dir='ltr'>quod</span> <span class='ocrx_word' id='word_1_887' title='bbox 1834 1323 1887 1353; x_wconf 91' lang='lat' dir='ltr'>pro</span> <span class='ocrx_word' id='word_1_888' title='bbox 1915 1323 1997 1344; x_wconf 85' lang='lat' dir='ltr'>certo</span> <span class='ocrx_word' id='word_1_889' title='bbox 2019 1314 2146 1344; x_wconf 80' lang='lat' dir='ltr'>habere-</span> 
     </span>
     <span class='ocr_line' id='line_1_105' title="bbox 1181 1353 2145 1398; baseline -0.001 -13"><span class='ocrx_word' id='word_1_890' title='bbox 1181 1365 1261 1385; x_wconf 86' lang='lat' dir='ltr'>mus.</span> <span class='ocrx_word' id='word_1_891' title='bbox 1292 1358 1482 1398; x_wconf 85' lang='lat' dir='ltr'>Qantopere</span> <span class='ocrx_word' id='word_1_892' title='bbox 1492 1364 1591 1386; x_wconf 90' lang='lat' dir='ltr'>autem</span> <span class='ocrx_word' id='word_1_893' title='bbox 1622 1353 1736 1385; x_wconf 85' lang='lat' dir='ltr'>interfit</span> <span class='ocrx_word' id='word_1_894' title='bbox 1757 1375 1766 1389; x_wconf 88' lang='lat'>,</span> <span class='ocrx_word' id='word_1_895' title='bbox 1790 1357 1923 1395; x_wconf 90' lang='lat' dir='ltr'>opprimi</span> <span class='ocrx_word' id='word_1_896' title='bbox 1947 1356 2145 1387; x_wconf 83' lang='lat' dir='ltr'>Dolabellam.</span> 
     </span>
     <span class='ocr_line' id='line_1_106' title="bbox 1181 1396 2148 1439; baseline 0 -12"><span class='ocrx_word' id='word_1_897' title='bbox 1181 1396 1318 1438; x_wconf 54' lang='lat' dir='ltr'>profem</span> <span class='ocrx_word' id='word_1_898' title='bbox 1339 1398 1483 1439; x_wconf 86' lang='lat' dir='ltr'>intelligis</span> <span class='ocrx_word' id='word_1_899' title='bbox 1497 1409 1506 1432; x_wconf 73' lang='lat'>3</span> <span class='ocrx_word' id='word_1_900' title='bbox 1527 1397 1599 1428; x_wconf 79' lang='lat' dir='ltr'>cum</span> <span class='ocrx_word' id='word_1_901' title='bbox 1611 1406 1644 1427; x_wconf 92' lang='lat' dir='ltr'>ut</span> <span class='ocrx_word' id='word_1_902' title='bbox 1657 1397 1774 1427; x_wconf 82' lang='lat' dir='ltr'>sceleris</span> <span class='ocrx_word' id='word_1_903' title='bbox 1783 1406 1886 1437; x_wconf 81' lang='lat' dir='ltr'>poenas</span> <span class='ocrx_word' id='word_1_904' title='bbox 1897 1397 2043 1437; x_wconf 86' lang='lat' dir='ltr'>persolvat</span> <span class='ocrx_word' id='word_1_905' title='bbox 2054 1416 2062 1430; x_wconf 90' lang='lat'>‚</span> <span class='ocrx_word' id='word_1_906' title='bbox 2075 1406 2148 1427; x_wconf 82' lang='lat' dir='ltr'>tuin-</span> 
     </span>
     <span class='ocr_line' id='line_1_107' title="bbox 1182 1438 2148 1481; baseline -0.001 -12"><span class='ocrx_word' id='word_1_907' title='bbox 1182 1450 1220 1469; x_wconf 88' lang='lat' dir='ltr'>ne</span> <span class='ocrx_word' id='word_1_908' title='bbox 1232 1438 1284 1473; x_wconf 63' lang='grc' dir='ltr'>(ιτ)</span> <span class='ocrx_word' id='word_1_909' title='bbox 1306 1438 1368 1480; x_wconf 74' lang='lat' dir='ltr'>quo</span> <span class='ocrx_word' id='word_1_910' title='bbox 1383 1440 1411 1470; x_wconf 86' lang='lat' dir='ltr'>se</span> <span class='ocrx_word' id='word_1_911' title='bbox 1434 1441 1589 1470; x_wconf 87' lang='lat' dir='ltr'>latronum</span> <span class='ocrx_word' id='word_1_912' title='bbox 1599 1439 1689 1469; x_wconf 87' lang='lat' dir='ltr'>duces</span> <span class='ocrx_word' id='word_1_913' title='bbox 1709 1449 1748 1469; x_wconf 85' lang='lat' dir='ltr'>ex</span> <span class='ocrx_word' id='word_1_914' title='bbox 1770 1438 1936 1469; x_wconf 86' lang='lat' dir='ltr'>Mutinensi</span> <span class='ocrx_word' id='word_1_915' title='bbox 1953 1439 2022 1481; x_wconf 83' lang='lat' dir='ltr'>fuga</span> <span class='ocrx_word' id='word_1_916' title='bbox 2039 1438 2148 1470; x_wconf 87' lang='lat' dir='ltr'>confe-</span> 
     </span>
     <span class='ocr_line' id='line_1_108' title="bbox 1182 1480 2147 1521; baseline -0.001 -10"><span class='ocrx_word' id='word_1_917' title='bbox 1182 1491 1256 1511; x_wconf 84' lang='lat' dir='ltr'>rant.</span> <span class='ocrx_word' id='word_1_918' title='bbox 1280 1484 1378 1521; x_wconf 84' lang='lat' dir='ltr'>Atque</span> <span class='ocrx_word' id='word_1_919' title='bbox 1390 1483 1449 1512; x_wconf 89' lang='lat' dir='ltr'>hoc</span> <span class='ocrx_word' id='word_1_920' title='bbox 1462 1482 1539 1511; x_wconf 83' lang='lat' dir='ltr'>milii</span> <span class='ocrx_word' id='word_1_921' title='bbox 1554 1481 1618 1521; x_wconf 80' lang='lat' dir='ltr'>jam</span> <span class='ocrx_word' id='word_1_922' title='bbox 1636 1482 1703 1511; x_wconf 75' lang='lat' dir='ltr'>ante</span> <span class='ocrx_word' id='word_1_923' title='bbox 1720 1480 1859 1520; x_wconf 83' lang='lat' dir='ltr'>placuiffe</span> <span class='ocrx_word' id='word_1_924' title='bbox 1873 1502 1881 1515; x_wconf 96' lang='lat'>,</span> <span class='ocrx_word' id='word_1_925' title='bbox 1899 1491 1984 1521; x_wconf 89' lang='lat' dir='ltr'>potes</span> <span class='ocrx_word' id='word_1_926' title='bbox 2002 1491 2039 1511; x_wconf 89' lang='lat' dir='ltr'>ex</span> <span class='ocrx_word' id='word_1_927' title='bbox 2059 1481 2147 1521; x_wconf 86' lang='lat' dir='ltr'>supe-</span> 
     </span>
     <span class='ocr_line' id='line_1_109' title="bbox 1183 1522 2149 1564; baseline 0 -12"><span class='ocrx_word' id='word_1_928' title='bbox 1183 1523 1312 1553; x_wconf 87' lang='lat' dir='ltr'>rioribus</span> <span class='ocrx_word' id='word_1_929' title='bbox 1334 1523 1414 1553; x_wconf 87' lang='lat' dir='ltr'>meis</span> <span class='ocrx_word' id='word_1_930' title='bbox 1431 1523 1537 1552; x_wconf 82' lang='lat' dir='ltr'>litteris</span> <span class='ocrx_word' id='word_1_931' title='bbox 1551 1522 1697 1553; x_wconf 83' lang='lat' dir='ltr'>recordari</span> <span class='ocrx_word' id='word_1_932' title='bbox 1711 1533 1715 1550; x_wconf 93' lang='lat'>:</span> <span class='ocrx_word' id='word_1_933' title='bbox 1739 1532 1921 1563; x_wconf 89' lang='lat' dir='ltr'>quamquam</span> <span class='ocrx_word' id='word_1_934' title='bbox 1939 1532 2004 1554; x_wconf 85' lang='lat' dir='ltr'>tum</span> <span class='ocrx_word' id='word_1_935' title='bbox 2025 1522 2149 1564; x_wconf 59' lang='lat' dir='ltr'>&amp;fugae</span> 
     </span>
     <span class='ocr_line' id='line_1_110' title="bbox 1182 1562 2144 1604; baseline 0 -10"><span class='ocrx_word' id='word_1_936' title='bbox 1182 1573 1286 1604; x_wconf 89' lang='lat' dir='ltr'>portus</span> <span class='ocrx_word' id='word_1_937' title='bbox 1303 1572 1364 1594; x_wconf 82' lang='lat' dir='ltr'>erat</span> <span class='ocrx_word' id='word_1_938' title='bbox 1383 1566 1416 1594; x_wconf 92' lang='lat' dir='ltr'>in</span> <span class='ocrx_word' id='word_1_939' title='bbox 1443 1563 1633 1600; x_wconf 75' lang='lat' dir='ltr'>tuiscastris‚</span> <span class='ocrx_word' id='word_1_940' title='bbox 1665 1564 1698 1594; x_wconf 88' lang='lat'>&amp;</span> <span class='ocrx_word' id='word_1_941' title='bbox 1718 1562 1880 1594; x_wconf 86' lang='lat' dir='ltr'>subfidium</span> <span class='ocrx_word' id='word_1_942' title='bbox 1902 1565 2004 1595; x_wconf 89' lang='lat' dir='ltr'>salutis</span> <span class='ocrx_word' id='word_1_943' title='bbox 2038 1566 2071 1594; x_wconf 90' lang='lat' dir='ltr'>in</span> <span class='ocrx_word' id='word_1_944' title='bbox 2090 1573 2144 1594; x_wconf 87' lang='lat' dir='ltr'>tuo</span> 
     </span>
     <span class='ocr_line' id='line_1_111' title="bbox 1182 1606 2146 1646; baseline 0 -11"><span class='ocrx_word' id='word_1_945' title='bbox 1182 1607 1326 1636; x_wconf 88' lang='lat' dir='ltr'>exercitu.</span> <span class='ocrx_word' id='word_1_946' title='bbox 1349 1616 1410 1646; x_wconf 86' lang='lat' dir='ltr'>quo</span> <span class='ocrx_word' id='word_1_947' title='bbox 1426 1608 1519 1646; x_wconf 84' lang='lat' dir='ltr'>magis</span> <span class='ocrx_word' id='word_1_948' title='bbox 1539 1615 1622 1636; x_wconf 86' lang='lat' dir='ltr'>nunc</span> <span class='ocrx_word' id='word_1_949' title='bbox 1646 1606 1785 1639; x_wconf 85' lang='lat' dir='ltr'>liberati,</span> <span class='ocrx_word' id='word_1_950' title='bbox 1807 1607 1852 1644; x_wconf 80' lang='lat' dir='ltr'>(ur</span> <span class='ocrx_word' id='word_1_951' title='bbox 1876 1606 1969 1646; x_wconf 87' lang='lat' dir='ltr'>spero)</span> <span class='ocrx_word' id='word_1_952' title='bbox 1991 1606 2146 1645; x_wconf 87' lang='lat' dir='ltr'>periculis,</span> 
     </span>
     <span class='ocr_line' id='line_1_112' title="bbox 1185 1645 2150 1688; baseline 0 -11"><span class='ocrx_word' id='word_1_953' title='bbox 1185 1650 1216 1677; x_wconf 89' lang='lat' dir='ltr'>in</span> <span class='ocrx_word' id='word_1_954' title='bbox 1245 1647 1403 1677; x_wconf 84' lang='lat' dir='ltr'>Dolabella</span> <span class='ocrx_word' id='word_1_955' title='bbox 1424 1647 1628 1688; x_wconf 87' lang='lat' dir='ltr'>opprimendo</span> <span class='ocrx_word' id='word_1_956' title='bbox 1649 1650 1783 1687; x_wconf 84' lang='lat' dir='ltr'>occupati</span> <span class='ocrx_word' id='word_1_957' title='bbox 1809 1645 1866 1678; x_wconf 86' lang='lat' dir='ltr'>effe</span> <span class='ocrx_word' id='word_1_958' title='bbox 1891 1648 2046 1678; x_wconf 78' lang='lat' dir='ltr'>debemus.</span> <span class='ocrx_word' id='word_1_959' title='bbox 2089 1646 2150 1677; x_wconf 85' lang='lat' dir='ltr'>sed</span> 
     </span>
     <span class='ocr_line' id='line_1_113' title="bbox 1185 1687 2147 1730; baseline -0.002 -10"><span class='ocrx_word' id='word_1_960' title='bbox 1185 1691 1248 1720; x_wconf 76' lang='lat' dir='ltr'>hare</span> <span class='ocrx_word' id='word_1_961' title='bbox 1267 1689 1412 1730; x_wconf 85' lang='lat' dir='ltr'>cogitabis</span> <span class='ocrx_word' id='word_1_962' title='bbox 1423 1688 1602 1730; x_wconf 77' lang='lat' dir='ltr'>diligentius</span> <span class='ocrx_word' id='word_1_963' title='bbox 1612 1709 1621 1723; x_wconf 90' lang='lat'>‚</span> <span class='ocrx_word' id='word_1_964' title='bbox 1636 1688 1742 1719; x_wconf 80' lang='lat' dir='ltr'>statues</span> <span class='ocrx_word' id='word_1_965' title='bbox 1753 1689 1905 1728; x_wconf 85' lang='lat' dir='ltr'>sapienter.</span> <span class='ocrx_word' id='word_1_966' title='bbox 1937 1687 1952 1709; x_wconf 83' lang='lat'><strong><em>⁶</em></strong></span> <span class='ocrx_word' id='word_1_967' title='bbox 1963 1691 2062 1720; x_wconf 81' lang='lat' dir='ltr'>Facies</span> <span class='ocrx_word' id='word_1_968' title='bbox 2073 1699 2147 1723; x_wconf 76' lang='lat' dir='ltr'>nos,</span> 
     </span>
     <span class='ocr_line' id='line_1_114' title="bbox 1188 1730 2151 1771; baseline 0 -11"><span class='ocrx_word' id='word_1_969' title='bbox 1188 1730 1270 1771; x_wconf 84' lang='lat' dir='ltr'>quod</span> <span class='ocrx_word' id='word_1_970' title='bbox 1289 1730 1499 1764; x_wconf 86' lang='lat' dir='ltr'>constitueris,</span> <span class='ocrx_word' id='word_1_971' title='bbox 1527 1731 1560 1760; x_wconf 88' lang='lat'>&amp;</span> <span class='ocrx_word' id='word_1_972' title='bbox 1577 1730 1650 1770; x_wconf 78' lang='lat' dir='ltr'>quid</span> <span class='ocrx_word' id='word_1_973' title='bbox 1662 1740 1725 1771; x_wconf 83' lang='lat' dir='ltr'>agas</span> <span class='ocrx_word' id='word_1_974' title='bbox 1743 1750 1751 1764; x_wconf 87' lang='lat'>‚</span> <span class='ocrx_word' id='word_1_975' title='bbox 1774 1730 1808 1769; x_wconf 83' lang='lat' dir='ltr'>(fi</span> <span class='ocrx_word' id='word_1_976' title='bbox 1827 1731 1882 1761; x_wconf 90' lang='lat' dir='ltr'>tibi</span> <span class='ocrx_word' id='word_1_977' title='bbox 1902 1731 2064 1771; x_wconf 85' lang='lat' dir='ltr'>videbitur)</span> <span class='ocrx_word' id='word_1_978' title='bbox 2085 1740 2151 1760; x_wconf 86' lang='lat' dir='ltr'>cei·-</span> 
     </span>
     <span class='ocr_line' id='line_1_115' title="bbox 1185 1771 2152 1813; baseline 0.001 -11"><span class='ocrx_word' id='word_1_979' title='bbox 1185 1781 1286 1802; x_wconf 90' lang='lat' dir='ltr'>tiores.</span> <span class='ocrx_word' id='word_1_980' title='bbox 1310 1774 1489 1802; x_wconf 84' lang='lat' dir='ltr'>Ciceronem</span> <span class='ocrx_word' id='word_1_981' title='bbox 1509 1771 1645 1802; x_wconf 87' lang='lat' dir='ltr'>nostrum</span> <span class='ocrx_word' id='word_1_982' title='bbox 1661 1775 1692 1801; x_wconf 90' lang='lat' dir='ltr'>in</span> <span class='ocrx_word' id='word_1_983' title='bbox 1711 1771 1843 1802; x_wconf 88' lang='lat' dir='ltr'>vestrum</span> <span class='ocrx_word' id='word_1_984' title='bbox 1854 1773 2016 1813; x_wconf 84' lang='lat' dir='ltr'>collegium</span> <span class='ocrx_word' id='word_1_985' title='bbox 2028 1782 2152 1812; x_wconf 84' lang='lat' dir='ltr'>coopta-</span> 
     </span>
     <span class='ocr_line' id='line_1_116' title="bbox 1185 1812 2154 1853; baseline 0 -9"><span class='ocrx_word' id='word_1_986' title='bbox 1185 1815 1209 1844; x_wconf 89' lang='lat' dir='ltr'>ri</span> <span class='ocrx_word' id='word_1_987' title='bbox 1230 1813 1312 1844; x_wconf 85' lang='lat' dir='ltr'>volo.</span> <span class='ocrx_word' id='word_1_988' title='bbox 1346 1812 1640 1844; x_wconf 84' lang='lat' dir='ltr'>Existimoomnino</span> <span class='ocrx_word' id='word_1_989' title='bbox 1664 1812 1823 1853; x_wconf 63' lang='lat' dir='ltr'>absentium</span> <span class='ocrx_word' id='word_1_990' title='bbox 1852 1816 1998 1844; x_wconf 90' lang='lat' dir='ltr'>rationem</span> <span class='ocrx_word' id='word_1_991' title='bbox 2019 1834 2030 1848; x_wconf 86' lang='lat'>‚</span> <span class='ocrx_word' id='word_1_992' title='bbox 2059 1815 2154 1844; x_wconf 84' lang='lat' dir='ltr'>saeer-</span> 
     </span>
     <span class='ocr_line' id='line_1_117' title="bbox 1186 1853 2153 1895; baseline -0.001 -9"><span class='ocrx_word' id='word_1_993' title='bbox 1186 1856 1293 1886; x_wconf 85' lang='lat' dir='ltr'>dotum</span> <span class='ocrx_word' id='word_1_994' title='bbox 1306 1857 1441 1885; x_wconf 88' lang='lat' dir='ltr'>comitiis</span> <span class='ocrx_word' id='word_1_995' title='bbox 1467 1853 1548 1895; x_wconf 82' lang='lat' dir='ltr'>poffe</span> <span class='ocrx_word' id='word_1_996' title='bbox 1567 1855 1678 1886; x_wconf 88' lang='lat' dir='ltr'>haberi.</span> <span class='ocrx_word' id='word_1_997' title='bbox 1703 1865 1774 1885; x_wconf 88' lang='lat' dir='ltr'>narn</span> <span class='ocrx_word' id='word_1_998' title='bbox 1793 1857 1883 1886; x_wconf 89' lang='lat' dir='ltr'>etiam</span> <span class='ocrx_word' id='word_1_999' title='bbox 1902 1854 2020 1886; x_wconf 69' lang='lat' dir='ltr'>fa&amp;um</span> <span class='ocrx_word' id='word_1_1000' title='bbox 2038 1855 2080 1885; x_wconf 89' lang='lat' dir='ltr'>est</span> <span class='ocrx_word' id='word_1_1001' title='bbox 2096 1865 2153 1886; x_wconf 85' lang='lat' dir='ltr'>an-</span> 
     </span>
     <span class='ocr_line' id='line_1_118' title="bbox 1186 1896 2151 1938; baseline -0.002 -10"><span class='ocrx_word' id='word_1_1002' title='bbox 1186 1906 1240 1928; x_wconf 88' lang='lat' dir='ltr'>tea.</span> <span class='ocrx_word' id='word_1_1003' title='bbox 1262 1900 1294 1927; x_wconf 94' lang='lat' dir='ltr'>C.</span> <span class='ocrx_word' id='word_1_1004' title='bbox 1307 1899 1392 1927; x_wconf 90' lang='lat' dir='ltr'>enirn</span> <span class='ocrx_word' id='word_1_1005' title='bbox 1403 1899 1517 1927; x_wconf 87' lang='lat' dir='ltr'>Marius</span> <span class='ocrx_word' id='word_1_1006' title='bbox 1529 1916 1537 1931; x_wconf 88' lang='lat'>‚</span> <span class='ocrx_word' id='word_1_1007' title='bbox 1559 1907 1630 1928; x_wconf 89' lang='lat' dir='ltr'>cum</span> <span class='ocrx_word' id='word_1_1008' title='bbox 1653 1899 1685 1927; x_wconf 94' lang='lat' dir='ltr'>in</span> <span class='ocrx_word' id='word_1_1009' title='bbox 1696 1896 1880 1937; x_wconf 87' lang='lat' dir='ltr'>Cappadocia</span> <span class='ocrx_word' id='word_1_1010' title='bbox 1898 1896 1986 1931; x_wconf 83' lang='lat' dir='ltr'>esset,</span> <span class='ocrx_word' id='word_1_1011' title='bbox 2007 1898 2070 1938; x_wconf 88' lang='lat' dir='ltr'>lege</span> <span class='ocrx_word' id='word_1_1012' title='bbox 2082 1900 2151 1927; x_wconf 94' lang='lat' dir='ltr'>Do-</span> 
     </span>
     <span class='ocr_line' id='line_1_119' title="bbox 1187 1938 2155 1980; baseline -0.001 -11"><span class='ocrx_word' id='word_1_1013' title='bbox 1187 1941 1274 1970; x_wconf 75' lang='lat' dir='ltr'>mitia</span> <span class='ocrx_word' id='word_1_1014' title='bbox 1283 1938 1377 1969; x_wconf 62' lang='lat' dir='ltr'>fastus</span> <span class='ocrx_word' id='word_1_1015' title='bbox 1392 1938 1434 1969; x_wconf 90' lang='lat' dir='ltr'>est</span> <span class='ocrx_word' id='word_1_1016' title='bbox 1444 1949 1554 1979; x_wconf 85' lang='lat' dir='ltr'>augur:</span> <span class='ocrx_word' id='word_1_1017' title='bbox 1573 1949 1647 1972; x_wconf 86' lang='lat' dir='ltr'>nec,</span> <span class='ocrx_word' id='word_1_1018' title='bbox 1670 1949 1730 1980; x_wconf 92' lang='lat' dir='ltr'>quo</span> <span class='ocrx_word' id='word_1_1019' title='bbox 1752 1938 1856 1968; x_wconf 75' lang='lat' dir='ltr'>minus</span> <span class='ocrx_word' id='word_1_1020' title='bbox 1875 1938 1905 1969; x_wconf 89' lang='lat' dir='ltr'>id</span> <span class='ocrx_word' id='word_1_1021' title='bbox 1924 1939 2025 1979; x_wconf 87' lang='lat' dir='ltr'>postea</span> <span class='ocrx_word' id='word_1_1022' title='bbox 2038 1941 2155 1972; x_wconf 66' lang='lat' dir='ltr'>liceret,</span> 
     </span>
     <span class='ocr_line' id='line_1_120' title="bbox 1189 1980 2151 2022; baseline 0 -12"><span class='ocrx_word' id='word_1_1023' title='bbox 1189 1981 1306 2011; x_wconf 85' lang='lat' dir='ltr'>ullalex</span> <span class='ocrx_word' id='word_1_1024' title='bbox 1316 1982 1425 2011; x_wconf 89' lang='lat' dir='ltr'>sanxit.</span> <span class='ocrx_word' id='word_1_1025' title='bbox 1452 1981 1502 2011; x_wconf 88' lang='lat' dir='ltr'>Est</span> <span class='ocrx_word' id='word_1_1026' title='bbox 1514 1983 1603 2011; x_wconf 87' lang='lat' dir='ltr'>etiam</span> <span class='ocrx_word' id='word_1_1027' title='bbox 1615 1983 1648 2011; x_wconf 89' lang='lat' dir='ltr'>in</span> <span class='ocrx_word' id='word_1_1028' title='bbox 1661 1981 1726 2021; x_wconf 84' lang='lat' dir='ltr'>lege</span> <span class='ocrx_word' id='word_1_1029' title='bbox 1735 1980 1835 2022; x_wconf 83' lang='lat' dir='ltr'>Julia‚</span> <span class='ocrx_word' id='word_1_1030' title='bbox 1853 1983 1978 2021; x_wconf 85' lang='lat' dir='ltr'>quaelex</span> <span class='ocrx_word' id='word_1_1031' title='bbox 1998 1981 2035 2010; x_wconf 89' lang='lat' dir='ltr'>de</span> <span class='ocrx_word' id='word_1_1032' title='bbox 2055 1981 2151 2011; x_wconf 80' lang='lat' dir='ltr'>sacer-</span> 
     </span>
     <span class='ocr_line' id='line_1_121' title="bbox 1187 2023 2153 2063; baseline -0.002 -10"><span class='ocrx_word' id='word_1_1033' title='bbox 1187 2023 1279 2053; x_wconf 89' lang='lat' dir='ltr'>dotiis</span> <span class='ocrx_word' id='word_1_1034' title='bbox 1300 2025 1460 2063; x_wconf 83' lang='lat' dir='ltr'>proxima,</span> <span class='ocrx_word' id='word_1_1035' title='bbox 1482 2024 1528 2053; x_wconf 87' lang='lat' dir='ltr'>his</span> <span class='ocrx_word' id='word_1_1036' title='bbox 1546 2023 1663 2056; x_wconf 81' lang='lat' dir='ltr'>verbis,</span> <span class='ocrx_word' id='word_1_1037' title='bbox 1692 2025 1764 2062; x_wconf 69' lang='lat' dir='ltr'>Qu</span> <span class='ocrx_word' id='word_1_1038' title='bbox 1790 2032 1912 2057; x_wconf 72' lang='grc' dir='ltr'><strong>Ρετῑτ,</strong></span> <span class='ocrx_word' id='word_1_1039' title='bbox 1936 2024 2070 2062; x_wconf 66' lang='lat' dir='ltr'>cujusvr:</span> <span class='ocrx_word' id='word_1_1040' title='bbox 2087 2030 2153 2051; x_wconf 76' lang='lat' dir='ltr'>RA-</span> 
     </span>
     <span class='ocr_line' id='line_1_122' title="bbox 1189 2063 2152 2105; baseline 0 -11"><span class='ocrx_word' id='word_1_1041' title='bbox 1189 2076 1246 2095; x_wconf 77' lang='lat' dir='ltr'>Tio</span> <span class='ocrx_word' id='word_1_1042' title='bbox 1266 2074 1477 2095; x_wconf 76' lang='lat' dir='ltr'><strong>HABEBITUR·</strong></span> <span class='ocrx_word' id='word_1_1043' title='bbox 1501 2065 1600 2105; x_wconf 71' lang='lat' dir='ltr'>aperte</span> <span class='ocrx_word' id='word_1_1044' title='bbox 1620 2065 1754 2099; x_wconf 85' lang='lat' dir='ltr'>indicat,</span> <span class='ocrx_word' id='word_1_1045' title='bbox 1773 2063 1856 2104; x_wconf 80' lang='lat' dir='ltr'>poss&#39;e</span> <span class='ocrx_word' id='word_1_1046' title='bbox 1866 2069 2017 2095; x_wconf 88' lang='lat' dir='ltr'>rationem</span> <span class='ocrx_word' id='word_1_1047' title='bbox 2037 2064 2152 2097; x_wconf 74' lang='lat' dir='ltr'>haberi,</span> 
     </span>
     <span class='ocr_line' id='line_1_123' title="bbox 1190 2105 2153 2147; baseline -0.002 -10"><span class='ocrx_word' id='word_1_1048' title='bbox 1190 2110 1279 2137; x_wconf 88' lang='lat' dir='ltr'>etiam</span> <span class='ocrx_word' id='word_1_1049' title='bbox 1301 2117 1365 2137; x_wconf 89' lang='lat' dir='ltr'>non</span> <span class='ocrx_word' id='word_1_1050' title='bbox 1386 2108 1551 2147; x_wconf 66' lang='lat' dir='ltr'>praesentis.</span> <span class='ocrx_word' id='word_1_1051' title='bbox 1586 2109 1649 2138; x_wconf 90' lang='lat' dir='ltr'>Hac</span> <span class='ocrx_word' id='word_1_1052' title='bbox 1663 2107 1699 2137; x_wconf 90' lang='lat' dir='ltr'>de</span> <span class='ocrx_word' id='word_1_1053' title='bbox 1709 2117 1741 2137; x_wconf 88' lang='lat' dir='ltr'>re</span> <span class='ocrx_word' id='word_1_1054' title='bbox 1755 2105 1852 2147; x_wconf 84' lang='lat' dir='ltr'>scripsi</span> <span class='ocrx_word' id='word_1_1055' title='bbox 1871 2107 1906 2137; x_wconf 88' lang='lat' dir='ltr'>ad</span> <span class='ocrx_word' id='word_1_1056' title='bbox 1928 2116 2020 2140; x_wconf 89' lang='lat' dir='ltr'>eum,</span> <span class='ocrx_word' id='word_1_1057' title='bbox 2044 2115 2078 2135; x_wconf 89' lang='lat' dir='ltr'>ut</span> <span class='ocrx_word' id='word_1_1058' title='bbox 2099 2113 2153 2135; x_wconf 86' lang='lat' dir='ltr'>tuo</span> 
     </span>
     <span class='ocr_line' id='line_1_124' title="bbox 1187 2146 2155 2189; baseline -0.003 -10"><span class='ocrx_word' id='word_1_1059' title='bbox 1187 2150 1304 2189; x_wconf 83' lang='lat' dir='ltr'>judicio</span> <span class='ocrx_word' id='word_1_1060' title='bbox 1316 2159 1465 2183; x_wconf 87' lang='lat' dir='ltr'>uteretur,</span> <span class='ocrx_word' id='word_1_1061' title='bbox 1490 2148 1602 2180; x_wconf 88' lang='lat' dir='ltr'>sicutiii</span> <span class='ocrx_word' id='word_1_1062' title='bbox 1616 2149 1705 2179; x_wconf 87' lang='lat' dir='ltr'>rebus</span> <span class='ocrx_word' id='word_1_1063' title='bbox 1715 2150 1872 2178; x_wconf 89' lang='lat' dir='ltr'>omnibus.</span> <span class='ocrx_word' id='word_1_1064' title='bbox 1896 2149 1970 2179; x_wconf 86' lang='lat' dir='ltr'>Tibi</span> <span class='ocrx_word' id='word_1_1065' title='bbox 1981 2156 2080 2178; x_wconf 86' lang='lat' dir='ltr'>autem</span> <span class='ocrx_word' id='word_1_1066' title='bbox 2096 2146 2155 2177; x_wconf 87' lang='lat' dir='ltr'>sta-</span> 
     </span>
     <span class='ocr_line' id='line_1_125' title="bbox 1190 2189 2155 2230; baseline -0.003 -9"><span class='ocrx_word' id='word_1_1067' title='bbox 1190 2191 1336 2222; x_wconf 88' lang='lat' dir='ltr'>tuendum</span> <span class='ocrx_word' id='word_1_1068' title='bbox 1347 2190 1389 2221; x_wconf 80' lang='lat' dir='ltr'>est</span> <span class='ocrx_word' id='word_1_1069' title='bbox 1400 2191 1435 2221; x_wconf 90' lang='lat' dir='ltr'>de</span> <span class='ocrx_word' id='word_1_1070' title='bbox 1446 2193 1601 2224; x_wconf 90' lang='lat' dir='ltr'>Domitio,</span> <span class='ocrx_word' id='word_1_1071' title='bbox 1616 2191 1648 2221; x_wconf 77' lang='grc' dir='ltr'>δε</span> <span class='ocrx_word' id='word_1_1072' title='bbox 1658 2191 1695 2220; x_wconf 87' lang='lat' dir='ltr'>de</span> <span class='ocrx_word' id='word_1_1073' title='bbox 1708 2193 1821 2221; x_wconf 85' lang='lat' dir='ltr'>Catone</span> <span class='ocrx_word' id='word_1_1074' title='bbox 1832 2189 2003 2221; x_wconf 74' lang='lat' dir='ltr'>nostroSed</span> <span class='ocrx_word' id='word_1_1075' title='bbox 2012 2190 2155 2230; x_wconf 83' lang='lat' dir='ltr'>quamvis</span> 
     </span>
     <span class='ocr_line' id='line_1_126' title="bbox 1189 2231 2154 2270; baseline -0.002 -8"><span class='ocrx_word' id='word_1_1076' title='bbox 1189 2234 1276 2264; x_wconf 87' lang='lat' dir='ltr'>liceat</span> <span class='ocrx_word' id='word_1_1077' title='bbox 1293 2233 1421 2263; x_wconf 88' lang='lat' dir='ltr'>absentis</span> <span class='ocrx_word' id='word_1_1078' title='bbox 1443 2235 1590 2263; x_wconf 83' lang='lat' dir='ltr'>rationem</span> <span class='ocrx_word' id='word_1_1079' title='bbox 1611 2233 1732 2266; x_wconf 78' lang='lat' dir='ltr'>haberi,</span> <span class='ocrx_word' id='word_1_1080' title='bbox 1756 2241 1856 2263; x_wconf 90' lang='lat' dir='ltr'>tamen</span> <span class='ocrx_word' id='word_1_1081' title='bbox 1877 2233 1983 2262; x_wconf 90' lang='lat' dir='ltr'>omnia</span> <span class='ocrx_word' id='word_1_1082' title='bbox 1993 2231 2061 2261; x_wconf 89' lang='lat' dir='ltr'>sunt</span> <span class='ocrx_word' id='word_1_1083' title='bbox 2077 2240 2154 2270; x_wconf 87' lang='lat' dir='ltr'>prae-</span> 
     </span>
     <span class='ocr_line' id='line_1_127' title="bbox 1189 2272 2161 2316; baseline -0.004 -11"><span class='ocrx_word' id='word_1_1084' title='bbox 1189 2275 1323 2305; x_wconf 84' lang='lat' dir='ltr'>sentibus</span> <span class='ocrx_word' id='word_1_1085' title='bbox 1335 2274 1486 2305; x_wconf 79' lang='lat' dir='ltr'>faciliora.</span> <span class='ocrx_word' id='word_1_1086' title='bbox 1509 2275 1598 2316; x_wconf 78' lang='lat' dir='ltr'>Qiod</span> <span class='ocrx_word' id='word_1_1087' title='bbox 1612 2273 1633 2304; x_wconf 91' lang='lat' dir='ltr'>si</span> <span class='ocrx_word' id='word_1_1088' title='bbox 1644 2274 1777 2305; x_wconf 85' lang='lat' dir='ltr'>statueris</span> <span class='ocrx_word' id='word_1_1089' title='bbox 1789 2276 1820 2303; x_wconf 90' lang='lat' dir='ltr'>in</span> <span class='ocrx_word' id='word_1_1090' title='bbox 1830 2272 1927 2304; x_wconf 84' lang='lat' dir='ltr'>Asiam</span> <span class='ocrx_word' id='word_1_1091' title='bbox 1940 2273 1994 2304; x_wconf 87' lang='lat' dir='ltr'>tibi</span> <span class='ocrx_word' id='word_1_1092' title='bbox 2005 2273 2161 2309; x_wconf 61' lang='lat' dir='ltr'>eundum„</span> 
     </span>
     <span class='ocr_line' id='line_1_128' title="bbox 1191 2314 2156 2349; baseline -0.003 -3"><span class='ocrx_word' id='word_1_1093' title='bbox 1191 2318 1274 2347; x_wconf 86' lang='lat' dir='ltr'>nulla</span> <span class='ocrx_word' id='word_1_1094' title='bbox 1285 2318 1339 2346; x_wconf 88' lang='lat' dir='ltr'>erit</span> <span class='ocrx_word' id='word_1_1095' title='bbox 1351 2317 1386 2347; x_wconf 85' lang='lat' dir='ltr'>ad</span> <span class='ocrx_word' id='word_1_1096' title='bbox 1399 2319 1550 2347; x_wconf 88' lang='lat' dir='ltr'>comititia</span> <span class='ocrx_word' id='word_1_1097' title='bbox 1560 2315 1678 2349; x_wconf 84' lang='lat' dir='ltr'>nostros</span> <span class='ocrx_word' id='word_1_1098' title='bbox 1697 2314 1859 2346; x_wconf 83' lang='lat' dir='ltr'>arcessendi</span> <span class='ocrx_word' id='word_1_1099' title='bbox 1879 2315 2011 2345; x_wconf 85' lang='lat' dir='ltr'>facultas.</span> <span class='ocrx_word' id='word_1_1100' title='bbox 2043 2315 2156 2344; x_wconf 90' lang='lat' dir='ltr'>Omni-</span> 
     </span>
     <span class='ocr_line' id='line_1_129' title="bbox 1191 2356 2159 2397; baseline -0.003 -9"><span class='ocrx_word' id='word_1_1101' title='bbox 1191 2369 1233 2389; x_wconf 90' lang='lat' dir='ltr'>no</span> <span class='ocrx_word' id='word_1_1102' title='bbox 1250 2359 1340 2389; x_wconf 84' lang='lat' dir='ltr'>Pansa</span> <span class='ocrx_word' id='word_1_1103' title='bbox 1351 2361 1423 2388; x_wconf 92' lang='lat' dir='ltr'>vivo</span> <span class='ocrx_word' id='word_1_1104' title='bbox 1434 2379 1444 2392; x_wconf 88' lang='lat'>,</span> <span class='ocrx_word' id='word_1_1105' title='bbox 1467 2359 1608 2388; x_wconf 89' lang='lat' dir='ltr'>celeriora</span> <span class='ocrx_word' id='word_1_1106' title='bbox 1628 2358 1734 2388; x_wconf 79' lang='lat' dir='ltr'>omnia</span> <span class='ocrx_word' id='word_1_1107' title='bbox 1742 2357 1930 2397; x_wconf 86' lang='lat' dir='ltr'>putabamus.</span> <span class='ocrx_word' id='word_1_1108' title='bbox 1954 2356 2054 2387; x_wconf 91' lang='lat' dir='ltr'>statim</span> <span class='ocrx_word' id='word_1_1109' title='bbox 2069 2357 2159 2390; x_wconf 27' lang='lat' dir='ltr'>enim&lt;</span> 
     </span>
     <span class='ocr_line' id='line_1_130' title="bbox 1190 2396 2154 2441; baseline -0.004 -10"><span class='ocrx_word' id='word_1_1110' title='bbox 1190 2401 1336 2441; x_wconf 84' lang='lat' dir='ltr'>collegam</span> <span class='ocrx_word' id='word_1_1111' title='bbox 1355 2399 1405 2430; x_wconf 88' lang='lat' dir='ltr'>fibi</span> <span class='ocrx_word' id='word_1_1112' title='bbox 1416 2398 1611 2441; x_wconf 77' lang='lat' dir='ltr'>subrogasset:</span> <span class='ocrx_word' id='word_1_1113' title='bbox 1629 2396 1738 2430; x_wconf 87' lang='lat' dir='ltr'>deinde</span> <span class='ocrx_word' id='word_1_1114' title='bbox 1759 2407 1825 2429; x_wconf 89' lang='lat' dir='ltr'>ante</span> <span class='ocrx_word' id='word_1_1115' title='bbox 1841 2400 1998 2439; x_wconf 74' lang='lat' dir='ltr'>praetoria,</span> <span class='ocrx_word' id='word_1_1116' title='bbox 2017 2396 2154 2428; x_wconf 84' lang='lat' dir='ltr'>sacerdo-</span> 
     </span>
     <span class='ocr_line' id='line_1_131' title="bbox 1191 2440 2155 2481; baseline -0.003 -10"><span class='ocrx_word' id='word_1_1117' title='bbox 1191 2451 1256 2471; x_wconf 88' lang='lat' dir='ltr'>turn</span> <span class='ocrx_word' id='word_1_1118' title='bbox 1275 2444 1402 2471; x_wconf 86' lang='lat' dir='ltr'>comitia</span> <span class='ocrx_word' id='word_1_1119' title='bbox 1419 2440 1553 2472; x_wconf 76' lang='lat' dir='ltr'>fuiss&#39;ent.</span> <span class='ocrx_word' id='word_1_1120' title='bbox 1578 2444 1670 2472; x_wconf 85' lang='lat' dir='ltr'>Nunc</span> <span class='ocrx_word' id='word_1_1121' title='bbox 1680 2451 1731 2481; x_wconf 88' lang='lat' dir='ltr'>per</span> <span class='ocrx_word' id='word_1_1122' title='bbox 1741 2440 1867 2480; x_wconf 84' lang='lat' dir='ltr'>auspicia</span> <span class='ocrx_word' id='word_1_1123' title='bbox 1888 2441 2012 2480; x_wconf 84' lang='lat' dir='ltr'>longam</span> <span class='ocrx_word' id='word_1_1124' title='bbox 2033 2447 2155 2469; x_wconf 85' lang='lat' dir='ltr'>moram</span> 
     </span>
     <span class='ocr_line' id='line_1_132' title="bbox 1189 2481 2156 2523; baseline -0.004 -10"><span class='ocrx_word' id='word_1_1125' title='bbox 1189 2483 1289 2513; x_wconf 78' lang='lat' dir='ltr'>video.</span> <span class='ocrx_word' id='word_1_1126' title='bbox 1325 2485 1411 2513; x_wconf 89' lang='lat' dir='ltr'>Dum</span> <span class='ocrx_word' id='word_1_1127' title='bbox 1439 2486 1524 2512; x_wconf 87' lang='lat' dir='ltr'>enirn</span> <span class='ocrx_word' id='word_1_1128' title='bbox 1540 2493 1617 2513; x_wconf 89' lang='lat' dir='ltr'>unus</span> <span class='ocrx_word' id='word_1_1129' title='bbox 1637 2485 1693 2514; x_wconf 88' lang='lat' dir='ltr'>erit</span> <span class='ocrx_word' id='word_1_1130' title='bbox 1719 2484 1854 2522; x_wconf 88' lang='lat' dir='ltr'>patritius</span> <span class='ocrx_word' id='word_1_1131' title='bbox 1873 2481 2080 2523; x_wconf 87' lang='lat' dir='ltr'>magistratus,</span> <span class='ocrx_word' id='word_1_1132' title='bbox 2100 2490 2156 2510; x_wconf 90' lang='lat' dir='ltr'>au-</span> 
     </span>
     <span class='ocr_line' id='line_1_133' title="bbox 1191 2523 2170 2566; baseline -0.005 -11"><span class='ocrx_word' id='word_1_1133' title='bbox 1191 2525 1279 2565; x_wconf 79' lang='lat' dir='ltr'>spicia</span> <span class='ocrx_word' id='word_1_1134' title='bbox 1297 2524 1334 2554; x_wconf 89' lang='lat' dir='ltr'>ad</span> <span class='ocrx_word' id='word_1_1135' title='bbox 1353 2534 1447 2564; x_wconf 87' lang='lat' dir='ltr'>patres</span> <span class='ocrx_word' id='word_1_1136' title='bbox 1462 2525 1558 2554; x_wconf 88' lang='lat' dir='ltr'>redire</span> <span class='ocrx_word' id='word_1_1137' title='bbox 1571 2535 1636 2554; x_wconf 90' lang='lat' dir='ltr'>non</span> <span class='ocrx_word' id='word_1_1138' title='bbox 1652 2523 1786 2564; x_wconf 80' lang='lat' dir='ltr'>possunt.</span> <span class='ocrx_word' id='word_1_1139' title='bbox 1818 2534 1925 2566; x_wconf 86' lang='lat' dir='ltr'>magna</span> <span class='ocrx_word' id='word_1_1140' title='bbox 1950 2524 2020 2554; x_wconf 78' lang='lat' dir='ltr'>sane</span> <span class='ocrx_word' id='word_1_1141' title='bbox 2039 2529 2170 2562; x_wconf 54' lang='lat' dir='ltr'>perturv</span> 
     </span>
     <span class='ocr_line' id='line_1_134' title="bbox 1191 2564 2156 2607; baseline -0.005 -10"><span class='ocrx_word' id='word_1_1142' title='bbox 1191 2567 1281 2597; x_wconf 81' lang='lat' dir='ltr'>bario.</span> <span class='ocrx_word' id='word_1_1143' title='bbox 1306 2569 1356 2596; x_wconf 88' lang='lat' dir='ltr'>Tu</span> <span class='ocrx_word' id='word_1_1144' title='bbox 1378 2576 1439 2597; x_wconf 84' lang='lat' dir='ltr'>tota</span> <span class='ocrx_word' id='word_1_1145' title='bbox 1457 2566 1493 2596; x_wconf 89' lang='lat' dir='ltr'>de</span> <span class='ocrx_word' id='word_1_1146' title='bbox 1511 2576 1542 2596; x_wconf 86' lang='lat' dir='ltr'>re</span> <span class='ocrx_word' id='word_1_1147' title='bbox 1561 2566 1634 2607; x_wconf 88' lang='lat' dir='ltr'>quid</span> <span class='ocrx_word' id='word_1_1148' title='bbox 1652 2567 1759 2597; x_wconf 83' lang='lat' dir='ltr'>sentias</span> <span class='ocrx_word' id='word_1_1149' title='bbox 1776 2585 1784 2600; x_wconf 88' lang='lat'>‚</span> <span class='ocrx_word' id='word_1_1150' title='bbox 1805 2567 1903 2597; x_wconf 86' lang='lat' dir='ltr'>velim</span> <span class='ocrx_word' id='word_1_1151' title='bbox 1922 2575 1974 2596; x_wconf 86' lang='lat' dir='ltr'>me</span> <span class='ocrx_word' id='word_1_1152' title='bbox 1991 2564 2080 2596; x_wconf 78' lang='lat' dir='ltr'>facias</span> <span class='ocrx_word' id='word_1_1153' title='bbox 2091 2571 2156 2593; x_wconf 88' lang='lat' dir='ltr'>cer-</span> 
     </span>
     <span class='ocr_line' id='line_1_135' title="bbox 1192 2608 1769 2648; baseline -0.003 -9"><span class='ocrx_word' id='word_1_1154' title='bbox 1192 2611 1313 2639; x_wconf 89' lang='lat' dir='ltr'>tiorem.</span> <span class='ocrx_word' id='word_1_1155' title='bbox 1335 2618 1401 2638; x_wconf 89' lang='lat'>111.</span> <span class='ocrx_word' id='word_1_1156' title='bbox 1426 2611 1532 2639; x_wconf 91' lang='lat' dir='ltr'>Nonas</span> <span class='ocrx_word' id='word_1_1157' title='bbox 1552 2609 1655 2648; x_wconf 80' lang='lat' dir='ltr'>Majas.</span> <span class='ocrx_word' id='word_1_1158' title='bbox 1683 2608 1769 2638; x_wconf 85' lang='lat' dir='ltr'>Vale.</span> 
     </span>
    </p>
   </div>
   <div class='ocr_carea' id='block_1_12' title="bbox 1193 2668 2165 3079">
    <p class='ocr_par' dir='ltr' id='par_1_14' title="bbox 1201 2668 2157 2828">
     <span class='ocr_line' id='line_1_136' title="bbox 1389 2668 1956 2701; baseline -0.007 -3"><span class='ocrx_word' id='word_1_1159' title='bbox 1389 2669 1598 2698; x_wconf 89' lang='lat' dir='ltr'>BRUTUS</span> <span class='ocrx_word' id='word_1_1160' title='bbox 1628 2669 1906 2701; x_wconf 70' lang='lat' dir='ltr'>ClCERONh</span> <span class='ocrx_word' id='word_1_1161' title='bbox 1927 2668 1956 2698; x_wconf 89' lang='lat' dir='ltr'>S.</span> 
     </span>
     <span class='ocr_line' id='line_1_137' title="bbox 1201 2713 2157 2796; baseline -0.007 -46"><span class='ocrx_word' id='word_1_1162' title='bbox 1201 2717 1287 2796; x_wconf 85' lang='lat' dir='ltr'>N</span> <span class='ocrx_word' id='word_1_1163' title='bbox 1298 2721 1364 2749; x_wconf 77' lang='lat' dir='ltr'>O-Lr</span> <span class='ocrx_word' id='word_1_1164' title='bbox 1388 2718 1556 2759; x_wconf 57' lang='lat' dir='ltr'>exspastare</span> <span class='ocrx_word' id='word_1_1165' title='bbox 1568 2739 1576 2752; x_wconf 86' lang='lat'>‚</span> <span class='ocrx_word' id='word_1_1166' title='bbox 1600 2719 1673 2749; x_wconf 90' lang='lat' dir='ltr'>dum</span> <span class='ocrx_word' id='word_1_1167' title='bbox 1696 2718 1752 2747; x_wconf 90' lang='lat' dir='ltr'>tibi</span> <span class='ocrx_word' id='word_1_1168' title='bbox 1773 2719 1878 2758; x_wconf 87' lang='lat' dir='ltr'>gratias</span> <span class='ocrx_word' id='word_1_1169' title='bbox 1897 2725 1990 2757; x_wconf 86' lang='lat' dir='ltr'>agam.</span> <span class='ocrx_word' id='word_1_1170' title='bbox 2028 2713 2157 2754; x_wconf 83' lang='lat' dir='ltr'>jampi·i-.</span> 
     </span>
     <span class='ocr_line' id='line_1_138' title="bbox 1297 2755 2157 2798; baseline -0.008 -6"><span class='ocrx_word' id='word_1_1171' title='bbox 1297 2761 1367 2792; x_wconf 87' lang='lat' dir='ltr'>dem</span> <span class='ocrx_word' id='word_1_1172' title='bbox 1388 2762 1446 2792; x_wconf 91' lang='lat' dir='ltr'>hoc</span> <span class='ocrx_word' id='word_1_1173' title='bbox 1466 2771 1504 2791; x_wconf 91' lang='lat' dir='ltr'>ex</span> <span class='ocrx_word' id='word_1_1174' title='bbox 1521 2761 1620 2792; x_wconf 87' lang='lat' dir='ltr'>nostra</span> <span class='ocrx_word' id='word_1_1175' title='bbox 1629 2759 1843 2791; x_wconf 86' lang='lat' dir='ltr'>neceffitudine</span> <span class='ocrx_word' id='word_1_1176' title='bbox 1853 2777 1863 2793; x_wconf 89' lang='lat'>‚</span> <span class='ocrx_word' id='word_1_1177' title='bbox 1878 2767 1943 2798; x_wconf 86' lang='lat' dir='ltr'>quae</span> <span class='ocrx_word' id='word_1_1178' title='bbox 1953 2755 1989 2787; x_wconf 85' lang='lat' dir='ltr'>ad</span> <span class='ocrx_word' id='word_1_1179' title='bbox 2002 2756 2157 2786; x_wconf 82' lang='lat' dir='ltr'>summam</span> 
     </span>
     <span class='ocr_line' id='line_1_139' title="bbox 2060 2798 2150 2828; baseline -0.011 0"><span class='ocrx_word' id='word_1_1180' title='bbox 2060 2798 2150 2828; x_wconf 86' lang='lat' dir='ltr'>beni-</span> 
     </span>
    </p>

    <p class='ocr_par' dir='ltr' id='par_1_15' title="bbox 1197 2861 2160 2938">
     <span class='ocr_line' id='line_1_140' title="bbox 1233 2861 2160 2899; baseline -0.003 -7"><span class='ocrx_word' id='word_1_1181' title='bbox 1233 2874 1261 2899; x_wconf 83' lang='lat'>4.</span> <span class='ocrx_word' id='word_1_1182' title='bbox 1281 2870 1305 2892; x_wconf 78' lang='lat' dir='ltr'>Si</span> <span class='ocrx_word' id='word_1_1183' title='bbox 1315 2868 1437 2891; x_wconf 58' lang='lat' dir='ltr'>arbitrare</span> <span class='ocrx_word' id='word_1_1184' title='bbox 1446 2868 1514 2896; x_wconf 64' lang='lat' dir='ltr'>utii&#39;e,</span> <span class='ocrx_word' id='word_1_1185' title='bbox 1524 2866 1604 2899; x_wconf 42' lang='lat' dir='ltr'>equa]</span> <span class='ocrx_word' id='word_1_1186' title='bbox 1626 2864 1787 2896; x_wconf 79' lang='lat' dir='ltr'>Abiecifhre‚</span> <span class='ocrx_word' id='word_1_1187' title='bbox 1797 2861 1910 2897; x_wconf 76' lang='lat' dir='ltr'>positum</span> <span class='ocrx_word' id='word_1_1188' title='bbox 1922 2862 1947 2887; x_wconf 89' lang='lat' dir='ltr'>iu</span> <span class='ocrx_word' id='word_1_1189' title='bbox 1969 2862 2084 2896; x_wconf 73' lang='lat' dir='ltr'>vulgatis</span> <span class='ocrx_word' id='word_1_1190' title='bbox 2096 2864 2160 2889; x_wconf 70' lang='lat' dir='ltr'>ante</span> 
     </span>
     <span class='ocr_line' id='line_1_141' title="bbox 1197 2898 2079 2938; baseline -0.005 -10"><span class='ocrx_word' id='word_1_1191' title='bbox 1197 2905 1266 2934; x_wconf 75' lang='lat' dir='ltr'>utile,</span> <span class='ocrx_word' id='word_1_1192' title='bbox 1278 2911 1391 2938; x_wconf 81' lang='lat' dir='ltr'>quorum</span> <span class='ocrx_word' id='word_1_1193' title='bbox 1406 2901 1509 2927; x_wconf 78' lang='lat' dir='ltr'>iiulluni</span> <span class='ocrx_word' id='word_1_1194' title='bbox 1521 2909 1578 2926; x_wconf 80' lang='lat' dir='ltr'>erat</span> <span class='ocrx_word' id='word_1_1195' title='bbox 1589 2899 1725 2933; x_wconf 81' lang='lat' dir='ltr'>vestigium</span> <span class='ocrx_word' id='word_1_1196' title='bbox 1739 2898 1764 2924; x_wconf 93' lang='lat' dir='ltr'>in</span> <span class='ocrx_word' id='word_1_1197' title='bbox 1777 2898 1833 2923; x_wconf 80' lang='lat' dir='ltr'>Pal.</span> <span class='ocrx_word' id='word_1_1198' title='bbox 1846 2906 1885 2933; x_wconf 86' lang='lat' dir='ltr'>pr.</span> <span class='ocrx_word' id='word_1_1199' title='bbox 1897 2904 1961 2923; x_wconf 88' lang='lat' dir='ltr'>tert.</span> <span class='ocrx_word' id='word_1_1200' title='bbox 1971 2905 2079 2933; x_wconf 76' lang='lat' dir='ltr'>quarto,</span> 
     </span>
    </p>

    <p class='ocr_par' dir='ltr' id='par_1_16' title="bbox 1193 2934 2165 3079">
     <span class='ocr_line' id='line_1_142' title="bbox 1236 2934 2163 2973; baseline -0.006 -8"><span class='ocrx_word' id='word_1_1201' title='bbox 1236 2948 1260 2973; x_wconf 86' lang='lat'>5.</span> <span class='ocrx_word' id='word_1_1202' title='bbox 1281 2942 1306 2964; x_wconf 79' lang='lat' dir='ltr'>Si</span> <span class='ocrx_word' id='word_1_1203' title='bbox 1316 2941 1394 2963; x_wconf 82' lang='lat' dir='ltr'>minus</span> <span class='ocrx_word' id='word_1_1204' title='bbox 1403 2938 1430 2963; x_wconf 83' lang='lat' dir='ltr'>id</span> <span class='ocrx_word' id='word_1_1205' title='bbox 1440 2937 1545 2962; x_wconf 81' lang='lat' dir='ltr'>commodo</span> <span class='ocrx_word' id='word_1_1206' title='bbox 1560 2939 1617 2967; x_wconf 72' lang='lat' dir='ltr'>m&#39;p.</span> <span class='ocrx_word' id='word_1_1207' title='bbox 1629 2936 1711 2967; x_wconf 80' lang='lat' dir='ltr'>faeere</span> <span class='ocrx_word' id='word_1_1208' title='bbox 1718 2934 1788 2965; x_wconf 70' lang='lat' dir='ltr'>piffis</span> <span class='ocrx_word' id='word_1_1209' title='bbox 1799 2952 1807 2964; x_wconf 95' lang='lat'>,</span> <span class='ocrx_word' id='word_1_1210' title='bbox 1820 2936 1873 2966; x_wconf 66' lang='lat' dir='ltr'>sare</span> <span class='ocrx_word' id='word_1_1211' title='bbox 1882 2944 1927 2959; x_wconf 85' lang='lat' dir='ltr'>non</span> <span class='ocrx_word' id='word_1_1212' title='bbox 1937 2936 2082 2967; x_wconf 69' lang='lat' dir='ltr'>existimares</span> <span class='ocrx_word' id='word_1_1213' title='bbox 2092 2935 2104 2959; x_wconf 83' lang='grc' dir='ltr'><em>ὲ</em></span> <span class='ocrx_word' id='word_1_1214' title='bbox 2121 2937 2163 2959; x_wconf 66' lang='lat' dir='ltr'>re—</span> 
     </span>
     <span class='ocr_line' id='line_1_143' title="bbox 1193 2969 2165 3008; baseline -0.005 -8"><span class='ocrx_word' id='word_1_1215' title='bbox 1193 2976 1260 3008; x_wconf 79' lang='lat' dir='ltr'>publ.</span> <span class='ocrx_word' id='word_1_1216' title='bbox 1272 2974 1338 3008; x_wconf 45' lang='lat' dir='ltr'>effe]</span> <span class='ocrx_word' id='word_1_1217' title='bbox 1361 2975 1413 2999; x_wconf 82' lang='lat' dir='ltr'>Sex</span> <span class='ocrx_word' id='word_1_1218' title='bbox 1427 2972 1503 2998; x_wconf 84' lang='lat' dir='ltr'>verba</span> <span class='ocrx_word' id='word_1_1219' title='bbox 1513 2971 1657 3006; x_wconf 83' lang='lat' dir='ltr'>posteriora</span> <span class='ocrx_word' id='word_1_1220' title='bbox 1669 2969 1794 2995; x_wconf 81' lang='lat' dir='ltr'>videntur</span> <span class='ocrx_word' id='word_1_1221' title='bbox 1804 2971 1818 2995; x_wconf 75' lang='lat' dir='ltr'>a</span> <span class='ocrx_word' id='word_1_1222' title='bbox 1829 2969 1983 3004; x_wconf 75' lang='lat' dir='ltr'>gloss&#39;atore.</span> <span class='ocrx_word' id='word_1_1223' title='bbox 1995 2969 2066 3005; x_wconf 88' lang='lat' dir='ltr'>quod</span> <span class='ocrx_word' id='word_1_1224' title='bbox 2078 2970 2095 2996; x_wconf 83' lang='lat' dir='ltr'>si</span> <span class='ocrx_word' id='word_1_1225' title='bbox 2107 2969 2165 2995; x_wconf 71' lang='lat' dir='ltr'>nie‘t</span> 
     </span>
     <span class='ocr_line' id='line_1_144' title="bbox 1197 3005 2162 3042; baseline -0.007 -4"><span class='ocrx_word' id='word_1_1226' title='bbox 1197 3012 1268 3038; x_wconf 71' lang='lat' dir='ltr'>soret</span> <span class='ocrx_word' id='word_1_1227' title='bbox 1278 3010 1420 3037; x_wconf 77' lang='lat' dir='ltr'>arbitratus</span> <span class='ocrx_word' id='word_1_1228' title='bbox 1433 3027 1441 3039; x_wconf 89' lang='lat'>‚</span> <span class='ocrx_word' id='word_1_1229' title='bbox 1460 3007 1544 3034; x_wconf 78' lang='lat' dir='ltr'>adhuc</span> <span class='ocrx_word' id='word_1_1230' title='bbox 1553 3006 1631 3032; x_wconf 80' lang='lat' dir='ltr'>etiam</span> <span class='ocrx_word' id='word_1_1231' title='bbox 1643 3005 1694 3032; x_wconf 81' lang='lat' dir='ltr'>alia</span> <span class='ocrx_word' id='word_1_1232' title='bbox 1704 3005 1845 3032; x_wconf 70' lang='lat' dir='ltr'>resecarem</span> <span class='ocrx_word' id='word_1_1233' title='bbox 1859 3025 1867 3038; x_wconf 93' lang='lat'>‚</span> <span class='ocrx_word' id='word_1_1234' title='bbox 1886 3005 2054 3042; x_wconf 74' lang='lat' dir='ltr'>faceremque</span> <span class='ocrx_word' id='word_1_1235' title='bbox 2065 3007 2105 3041; x_wconf 84' lang='lat' dir='ltr'>fin</span> <span class='ocrx_word' id='word_1_1236' title='bbox 2113 3007 2162 3031; x_wconf 72' lang='lat' dir='ltr'>nu*-</span> 
     </span>
     <span class='ocr_line' id='line_1_145' title="bbox 1196 3044 1501 3079; baseline -0.016 -7"><span class='ocrx_word' id='word_1_1237' title='bbox 1196 3057 1260 3079; x_wconf 64' lang='grc' dir='ltr'><strong><em>ηιμ-,-</em></strong></span> <span class='ocrx_word' id='word_1_1238' title='bbox 1279 3053 1306 3072; x_wconf 75' lang='lat' dir='ltr'>ut</span> <span class='ocrx_word' id='word_1_1239' title='bbox 1317 3049 1342 3071; x_wconf 79' lang='lat' dir='ltr'>in</span> <span class='ocrx_word' id='word_1_1240' title='bbox 1351 3046 1440 3078; x_wconf 67' lang='lat' dir='ltr'>iisdem,</span> <span class='ocrx_word' id='word_1_1241' title='bbox 1450 3044 1501 3073; x_wconf 68' lang='grc' dir='ltr'>ὼε.</span> 
     </span>
    </p>
   </div>
   <div class='ocr_carea' id='block_1_13' title="bbox 1195 3076 2163 3153">
    <p class='ocr_par' dir='ltr' id='par_1_17' title="bbox 1195 3076 2163 3153">
     <span class='ocr_line' id='line_1_146' title="bbox 1233 3076 2163 3115; baseline -0.006 -7"><span class='ocrx_word' id='word_1_1242' title='bbox 1233 3083 1261 3108; x_wconf 85' lang='lat'>6.</span> <span class='ocrx_word' id='word_1_1243' title='bbox 1283 3084 1364 3107; x_wconf 73' lang='lat' dir='ltr'>Facies</span> <span class='ocrx_word' id='word_1_1244' title='bbox 1375 3088 1426 3110; x_wconf 85' lang='lat' dir='ltr'>nos,</span> <span class='ocrx_word' id='word_1_1245' title='bbox 1437 3079 1497 3113; x_wconf 75' lang='lat' dir='ltr'>quod</span> <span class='ocrx_word' id='word_1_1246' title='bbox 1505 3077 1673 3111; x_wconf 38' lang='lat' dir='ltr'>constitueris]</span> <span class='ocrx_word' id='word_1_1247' title='bbox 1696 3077 1739 3103; x_wconf 78' lang='lat' dir='ltr'>Est</span> <span class='ocrx_word' id='word_1_1248' title='bbox 1750 3078 1764 3103; x_wconf 73' lang='lat' dir='ltr'>ii</span> <span class='ocrx_word' id='word_1_1249' title='bbox 1777 3077 1846 3104; x_wconf 76' lang='lat' dir='ltr'>Pau.</span> <span class='ocrx_word' id='word_1_1250' title='bbox 1857 3085 1982 3115; x_wconf 82' lang='lat' dir='ltr'>quatuor.</span> <span class='ocrx_word' id='word_1_1251' title='bbox 2001 3076 2121 3113; x_wconf 75' lang='lat' dir='ltr'>vulgata,</span> <span class='ocrx_word' id='word_1_1252' title='bbox 2130 3076 2163 3111; x_wconf 66' lang='grc' dir='ltr'>ὀ·</span> 
     </span>
     <span class='ocr_line' id='line_1_147' title="bbox 1195 3113 1838 3153; baseline -0.003 -10"><span class='ocrx_word' id='word_1_1253' title='bbox 1195 3119 1254 3153; x_wconf 72' lang='lat' dir='ltr'>quid</span> <span class='ocrx_word' id='word_1_1254' title='bbox 1266 3116 1418 3150; x_wconf 70' lang='lat' dir='ltr'>constitueris.</span> <span class='ocrx_word' id='word_1_1255' title='bbox 1437 3115 1469 3142; x_wconf 82' lang='lat' dir='ltr'>P.</span> <span class='ocrx_word' id='word_1_1256' title='bbox 1481 3113 1627 3148; x_wconf 56' lang='lat' dir='ltr'>Vidini-ius,</span> <span class='ocrx_word' id='word_1_1257' title='bbox 1639 3124 1691 3148; x_wconf 73' lang='lat' dir='ltr'>ms,</span> <span class='ocrx_word' id='word_1_1258' title='bbox 1701 3114 1760 3150; x_wconf 71' lang='lat' dir='ltr'>quid</span> <span class='ocrx_word' id='word_1_1259' title='bbox 1768 3115 1838 3149; x_wconf 65' lang='lat' dir='ltr'>const.</span> 
     </span>
    </p>
   </div>
   <div class='ocr_carea' id='block_1_14' title="bbox 2149 703 2172 736">
    <p class='ocr_par' dir='ltr' id='par_1_18' title="bbox 2149 703 2172 736">
     <span class='ocr_line' id='line_1_148' title="bbox 2149 703 2172 736; baseline 0 0"><span class='ocrx_word' id='word_1_1260' title='bbox 2149 703 2172 736; x_wconf 80' lang='lat'><em>5</em></span> 
     </span>
    </p>
   </div>
   <div class='ocr_carea' id='block_1_15' title="bbox 317 2847 2151 2861">
    <p class='ocr_par' dir='ltr' id='par_1_19' title="bbox 317 2847 2151 2861">
     <span class='ocr_line' id='line_1_149' title="bbox 317 2847 2151 2861; baseline 0 539"><span class='ocrx_word' id='word_1_1261' title='bbox 317 2847 2151 2861; x_wconf 95' lang='lat' dir='ltr'> </span> 
     </span>
    </p>
   </div>
   <div class='ocr_carea' id='block_1_16' title="bbox 2044 3146 2141 3183">
    <p class='ocr_par' dir='ltr' id='par_1_20' title="bbox 2044 3146 2141 3183">
     <span class='ocr_line' id='line_1_150' title="bbox 2044 3146 2141 3183; baseline -0.031 -6"><span class='ocrx_word' id='word_1_1262' title='bbox 2044 3157 2068 3177; x_wconf 78' lang='lat'>1.</span> <span class='ocrx_word' id='word_1_1263' title='bbox 2078 3146 2141 3183; x_wconf 51' lang='lat' dir='ltr'>Subf</span> 
     </span>
    </p>
   </div>
   <div class='ocr_carea' id='block_1_17' title="bbox 2300 225 2337 788">
    <p class='ocr_par' dir='ltr' id='par_1_21' title="bbox 2300 225 2337 788">
     <span class='ocr_line' id='line_1_151' title="bbox 2300 225 2337 788; baseline 0 2612"><span class='ocrx_word' id='word_1_1264' title='bbox 2300 225 2337 788; x_wconf 95' lang='lat' dir='ltr'> </span> 
     </span>
    </p>
   </div>
   <div class='ocr_carea' id='block_1_18' title="bbox 2278 1735 2337 3400">
    <p class='ocr_par' dir='ltr' id='par_1_22' title="bbox 2278 1735 2337 3400">
     <span class='ocr_line' id='line_1_152' title="bbox 2278 1735 2337 3400; baseline 0 0"><span class='ocrx_word' id='word_1_1265' title='bbox 2278 1735 2337 3400; x_wconf 95' lang='lat' dir='ltr'> </span> 
     </span>
    </p>
   </div>
  </div>
 </body>
</html>
