2301 3395
162 102 238 159 πᾶ
639 95 720 153 ΒΦ
798 93 1135 152 Tutti1

157 190 216 227 ille
239 188 341 239 prior
354 186 532 238 scripfiffet
546 212 554 228 ‚
579 186 670 234 epist·
690 199 742 223 10.
767 185 844 239 libr.
866 198 890 221 ι.
916 186 950 220 ὃς
973 182 1068 233 epist·
1089 196 1140 221 12·

158 239 217 275 lib.
241 251 268 283 3·
295 238 337 275 ad
362 240 429 274 Att.
455 236 622 274 Meminit
645 235 853 284 Qintilian.
883 233 942 270 lzb.
957 245 990 277 9.
1017 246 1092 281 cap.
1114 245 1141 278 3·

163 288 297 324 Gellius
309 287 430 325 libas.
445 299 533 334 cap.1
548 286 776 331 7.l'risc1anus
788 283 835 318 lib
850 294 884 326 9.
899 284 1002 336 ὅςιος
1025 284 1130 318 Tunc
1167 292 1169 327 j

161 340 271 374 etiam
287 337 449 373 Metellus
463 336 566 372 Celer
581 361 590 376 ,
604 335 665 383 qui
683 332 830 368 Galliam
843 344 1062 379 provinciam
1075 344 1138 380 pro
1167 345 1169 350 ⁴

163 386 306 423 consule
327 386 509 421 obtinebat
530 410 538 424 ,
577 383 618 420 ad
644 384 857 418 Ciceronem
880 379 972 417 misit
994 380 1079 429 epist
1109 393 1134 416 ι,

164 436 223 471 lib.
236 448 266 479 5.
283 435 401 471 Famil.
414 446 561 483 querens
586 442 750 479 nepotem
773 429 913 466 fratrem
925 430 1024 466 suurn
1038 430 1079 466 ab
1094 442 1136 465 eo

163 495 408 533 oppugnatum
425 510 433 525 ,
455 483 513 520 cui
527 484 653 517 Cicero
666 478 811 528 epistola
830 479 977 515 vsecunda
995 477 1137 527 respon-

164 534 233 570 det.
259 537 339 570 Hoc
351 547 444 569 anno
458 545 499 569 ex
511 530 642 566 indicio
659 529 807 566 L-Vettii
822 528 948 576 equitis
958 531 1063 565 Rom.
1076 528 1136 577 qui

164 583 208 619 de
220 583 380 619 Catilinae
393 583 493 618 sociis
509 581 544 615 in
562 579 647 615 urbe
658 578 901 618 remanserant,
912 578 1035 625 partim
1049 590 1134 624 prae-

163 633 273 668 sentes
287 659 295 672 ‚
316 633 442 680 partim
463 641 547 665 cum
568 628 663 665 citati
684 640 759 663 non
780 627 1030 676 respondissent
1044 653 1053 668 ,
1078 626 1136 663 da-

163 692 273 717 mnati
289 683 366 717 sunt
379 705 387 718 ‚
406 691 443 715 ut
459 679 525 714 Dio
539 677 664 713 scribit.
690 677 728 712 in
741 677 794 712 his
807 676 950 713 fuerunt
964 678 1135 713 P.Autro-

166 730 246 767 nius
260 754 269 768 ‚
296 732 365 764 Ser.
378 729 483 768 bulla,
500 731 530 764 L
546 725 795 775 Vargunteius,
811 729 857 762 M.
870 726 1012 761 Porcius
1028 728 1136 763 Laeca,

164 780 208 816 C.
222 778 407 814 Cornelius
419 803 429 818 ‚
441 790 528 826 quos
542 777 668 812 Cicero
685 788 719 810 in
732 786 818 812 orat.
836 787 897 824 pro
912 775 1007 811 Sulla
1020 774 1136 811 nomi-

164 839 224 864 nat
235 853 244 868 ‚
263 827 414 863 damnati
434 827 515 863 'sunt
528 826 603 874 lege
615 824 753 861 Lutatia
765 824 807 860 de
822 824 854 861 vi
870 825 1016 871 publica.
1042 822 1139 872 quod

163 876 321 913 indicant
346 878 420 912 haec
445 875 550 911 verba
569 875 751 910 Ciceronis
773 887 835 922 pro
848 874 966 910 Coelio
983 887 990 909 :
1020 877 1137 921 Qam

161 926 276 974 legem
287 927 329 968 Q
345 925 492 961 Catulus
505 935 634 961 armata
644 923 852 959 dissensione
871 923 1005 959 civium
1017 946 1027 961 ‚
1051 935 1137 970 reip.

167 975 336 1012 extremis
349 975 449 1022 paene
464 973 683 1023 temporibus
699 973 801 1008 tulit:
827 985 973 1022 quaeque
986 972 1041 1008 lex
1055 997 1064 1010 ‚
1088 972 1135 1007 se-

163 1023 242 1061 data
256 1023 312 1059 illa
325 1022 466 1060 flamma
477 1023 676 1060 consulatus
689 1022 757 1057 mei
771 1047 780 1061 ,
793 1021 965 1058 fumantes
979 1020 1138 1070 reliquias

164 1071 422 1121 conjurationis
436 1072 613 1109 exstinxit·
644 1074 741 1107 Tum
756 1072 1000 1120 L.Torquatus
1011 1095 1021 1109 ,
1033 1070 1094 1118 qui
1108 1071 1140 1106 Ρ.

166 1121 338 1159 Cornelio
353 1122 458 1158 Sullae
471 1121 690 1157 consulat..m
703 1131 781 1156 ante
793 1119 987 1157 triennium
1000 1131 1139 1166 eripue-

167 1183 219 1208 rat
233 1196 241 1209 ,
268 1170 421 1220 ejusdem
437 1184 569 1207 nomen
582 1171 625 1206 de
638 1169 765 1218 duplici
781 1169 1025 1218 conjuratione
1037 1169 1137 1204 detu-

167 1220 217 1257 lit.
245 1219 288 1256 de
303 1233 415 1267 priore
426 1247 433 1258 .
447 1233 524 1269 quae
538 1223 566 1256 L
586 1219 695 1255 Tullo
709 1248 716 1259 ,
739 1222 787 1255 M.
803 1219 932 1265 Lepido
947 1230 1043 1256 coss.
1055 1219 1091 1254 in
1107 1228 1141 1253 ta

166 1269 235 1306 fuit
251 1294 259 1308 ‚
271 1269 527 1311 QHortensius
541 1287 550 1313 5
562 1269 605 1304 de
617 1267 806 1315 posteriore
821 1269 960 1307 Cicero,
971 1268 1031 1318 qui
1043 1267 1138 1303 illam

166 1332 261 1355 anno
285 1320 460 1366 superiore
482 1316 688 1366 oppresserat
701 1344 710 1359 ,
731 1317 887 1354 defendit
899 1319 1058 1354 oratione
1071 1316 1138 1356 illa,

165 1380 244 1416 quae
265 1381 330 1416 pro
345 1368 482 1404 ¹.';Sulla
497 1367 615 1404 exstat.
641 1380 746 1415 quam
766 1367 834 1402 hoc
846 1378 1026 1415 tempore4
1051 1378 1139 1411 con-

166 1418 339 1453 demnatis
361 1418 433 1463 aliis
452 1416 643 1462 coniuratis
657 1440 666 1455 ‚
687 1416 755 1452 hab
771 1426 842 1453 tam
855 1415 920 1453 effe
932 1442 941 1456 ‚
965 1416 1022 1451 illa
1036 1414 1140 1451 verba

164 1477 374 1515 argumento
387 1468 488 1503 lunt:
512 1465 758 1513 Severitatemj
768 1465 978 1506 officiorum,
991 1477 1069 1514 quae
1083 1476 1142 1512 per

167 1517 233 1552 hos
252 1516 383 1552 menies
401 1516 437 1551 in
460 1516 622 1551 homines
636 1514 876 1551 audacissimos
894 1514 983 1551 fasta
995 1514 1044 1550 est
1057 1540 1066 1555 ,
1093 1514 1134 1549 le-

165 1565 276 1601 nitate
289 1577 327 1601 ac
340 1565 574 1601 misericordia
587 1564 754 1613 mitigate.
779 1567 859 1600 Huc
873 1564 1003 1600 accedit
1013 1587 1022 1601 ‚
1041 1561 1138 1612 quod

167 1613 330 1650 homines
352 1614 448 1650 doffi
470 1614 655 1650 tribunum
677 1613 778 1650 illum
791 1638 799 1651 ‚
823 1626 929 1663 quem
953 1614 1077 1649 Cicero
1098 1612 1138 1647 ad

165 1663 339 1711 lugendos
353 1662 553 1709 conjuratos
566 1677 608 1700 ex
623 1664 687 1699 illis
700 1663 861 1699 relietum
874 1662 983 1699 videri
997 1662 1137 1699 ait,Me-

167 1713 293 1749 tellum
307 1723 472 1761 nepotem
481 1713 549 1748 effe
564 1726 635 1748 non
648 1712 719 1748 fine
733 1713 829 1749 causa
841 1722 972 1760 putant.
1005 1711 1139 1747 Eodem

167 1772 328 1810 tempore
341 1788 349 1798 .
375 1774 459 1797 cum
472 1762 567 1798 Sulla
580 1774 657 1798 reus
670 1761 750 1798 esset
765 1785 774 1800 ‚
797 1762 948 1797 domum
961 1761 1088 1796 Cicero
1101 1760 1137 1795 in

165 1812 294 1860 palatio
308 1811 394 1847 emit
404 1835 413 1849 ,
428 1822 468 1846 ut
480 1812 571 1847 Gell.
585 1811 700 1847 scribit
714 1811 829 1846 lib-12.
843 1823 931 1860 cap.i
945 1823 974 1847 2.
1003 1813 1140 1846 Domus

167 1871 293 1908 emptae
317 1859 336 1896 a
358 1860 390 1896 {e
410 1861 572 1897 meminit
589 1859 683 1909 epist.
704 1873 744 1896 ιο
773 1860 831 1895 lib.
852 1873 861 1896 ι
895 1860 936 1896 ad
957 1866 1021 1896 att.
1034 1872 1137 1908 quam

167 1908 297 1955 scripsit
311 1909 428 1945 mense
438 1910 602 1959 januario
623 1909 703 1945 anni
726 1909 895 1958 iequentis
909 1934 918 1947 ,
940 1922 1046 1958 quare
1067 1921 1140 1944 non

166 1957 294 1994 dubito
310 1983 319 1996 ‚
340 1958 425 2006 quin
447 1969 606 1995 extremo
624 1957 729 2007 hujus
743 1959 825 1994 anni
841 1959 957 1994 mense
969 1985 979 1999 ,
1001 1971 1085 1994 cum
1096 1958 1140 2001 Q.

167 2006 284 2042 'Fufius
298 2007 450 2042 Calenus
470 2008 689 2042 tribunatum
712 2007 799 2053 pleb.
813 2007 965 2043 inivisset
979 2030 987 2044 ‚
1012 2007 1140 2043 Cicero

167 2055 333 2105 scripserit
344 2054 438 2103 epist.
452 2057 483 2090 6.
499 2055 556 2091 lib.
569 2066 600 2098 5.
615 2055 736 2092 Fama.
752 2055 793 2090 ad
811 2057 841 2089 1³.
856 2056 1016 2092 Sextium
1031 2080 1041 2095 ‚
1090 2069 1141 2094 ui,

170 2105 253 2140 cum
277 2117 371 2141 anno
396 2104 570 2151 superlore
591 2104 632 2139 C·
647 2103 792 2139 Antonii
816 2105 970 2140 confidis
991 2117 1068 2150 quae
1100 2118 1142 2138 or

167 2153 284 2190 suisset
296 2179 305 2194 ‚
329 2154 398 2188 hoc
410 2166 503 2189 anno
516 2166 581 2202 pro
595 2151 764 2202 quaestore
776 2163 858 2187 cum
873 2151 997 2187 eodem
1010 2152 1046 2186 in
1063 2153 1139 2203 Ma-

169 2202 316 2238 cedonia
327 2213 407 2238 erat.
431 2202 511 2237 vide
526 2204 623 2238 Orat.
643 2214 706 2249 pro
717 2200 846 2237 Sextio.
860 2201 926 2235 Cn.
942 2201 1139 2248 Pompeius,

170 2251 333 2288 confeeto
342 2251 416 2299 jam
425 2251 517 2287 bello
529 2249 910 2288 Mithridaticoditteras
921 2248 1058 2296 publice
1070 2248 1141 2283 mi-

172 2301 276 2337 serat:
301 2300 337 2335 in
348 2301 472 2350 quibus
486 2327 495 2340 ‚
519 2299 615 2349 quod
628 2299 898 2348 gratulationem
911 2298 954 2333 de
968 2298 1069 2334 rebus
1083 2300 1098 2332 a
1111 2297 1143 2333 se

172 2349 209 2385 in
224 2350 308 2385 urbe
321 2349 421 2398 gestis
434 2349 694 2398 praetermiserat
707 2375 715 2390 ‚
739 2349 865 2384 Cicero
878 2360 961 2384 cum
975 2360 1016 2383 eo
1030 2359 1141 2394 expo-

173 2398 274 2435 stulat
288 2398 381 2446 ep1st.
399 2412 427 2443 7.
442 2399 557 2442 libr.5.
571 2398 689 2434 Famil.
702 2396 886 2433 P-Clodius
901 2400 961 2444 Ap.
977 2398 1011 2432 F.
1024 2395 1145 2431 adole-

172 2448 267 2483 scens
289 2448 399 2485 audax
412 2450 446 2484 ὃς
464 2447 613 2484 insolens
627 2445 799 2494 Pompejae
814 2446 936 2483 uxoris
949 2446 991 2481 C.
1004 2444 1143 2480 Caesaris

173 2509 294 2533 amore
306 2508 423 2544 captus
438 2522 448 2537 ‚
471 2507 631 2534 extremo
651 2497 720 2532 hoc
739 2508 833 2531 anno
857 2494 940 2531 cum
953 2495 1059 2530 Bonae
1071 2493 1142 2529 deae

176 2546 212 2581 in
226 2545 335 2581 domo
346 2545 487 2582 Caesaris
500 2559 563 2594 pro
573 2546 704 2594 populo
715 2543 824 2585 fieret,
836 2544 873 2580 in
884 2554 1047 2592 opertum
1060 2555 1143 2579 cum

175 2593 271 2630 veste
284 2594 446 2630 muliebri
461 2596 560 2631 venit
572 2612 583 2639 5
597 2596 731 2643 sperans
742 2595 774 2630 se
786 2621 794 2636 ,
808 2593 906 2643 quod
919 2592 1083 2629 imberbis
1095 2592 1143 2628 es-

177 2643 225 2679 set
240 2669 248 2683 ‚
271 2644 360 2679 clam
374 2643 564 2692 ingressum
576 2670 583 2681 ,
610 2643 653 2679 ad
666 2642 866 2692 Pompejam
878 2652 1144 2693 perventurum-

177 2691 244 2728 Sed
257 2691 343 2728 dum
357 2692 394 2729 in
407 2693 529 2741 amplis
542 2692 672 2729 &laxis
685 2693 815 2729 aedibus
828 2693 967 2728 oberrat
982 2717 990 2730 ‚
1018 2691 1060 2727 ab
1071 2693 1146 2727 Au-

178 2741 270 2777 reliae
281 2743 401 2777 matris
413 2741 554 2777 Caesaris
566 2741 689 2777 ancilla
700 2742 915 2791 con·p'1c1tnr
924 2768 932 2783 ‚
944 2752 1148 2788 nomenque

177 2800 318 2838 rogatus
330 2816 339 2831 ‚
352 2790 435 2825 cum
448 2791 479 2826 se
488 2792 620 2826 Auram
632 2790 851 2839 pedisequam
864 2788 1037 2838 Pompejae
1049 2801 1146 2839 quae-

177 2850 253 2875 rere
264 2838 400 2874 dixisset
410 2865 418 2880 ‚
431 2851 474 2875 ex
487 2851 577 2875 voce
588 2839 796 2887 agnoscitur,
811 2843 845 2878 ὃς
856 2840 876 2877 a
889 2839 1095 2876 mulieribus
1108 2840 1145 2874 in

178 2887 344 2923 cubiculo
358 2887 490 2923 ancillae
505 2911 514 2926 ‚
537 2901 619 2924 cum
632 2900 703 2936 qua
716 2888 862 2925 domum
875 2887 1045 2937 ingressus
1065 2898 1147 2929 erat,

178 2935 450 2984 deprehenditur
462 2959 470 2973 ‚
484 2946 587 2985 atque
600 2937 690 2973 foras
704 2936 841 2984 ejicitur
853 2964 863 2979 ,
890 2949 930 2975 ut
942 2938 1146 2974 Plutarchus

178 2983 217 3021 in
230 2985 403 3034 Cicerone
425 2985 461 3021 ὃς
482 2985 614 3022 Caesare
637 2986 762 3023 scribit.
789 2988 918 3024 Cicero
940 2987 976 3023 in
993 2989 1089 3023 Orat.
1104 2985 1148 3022 de

179 3033 312 3080 harusp.
321 3033 467 3081 respons
481 3034 527 3070 ait
541 3034 640 3072 illum
649 3035 853 3072 ancillarum
865 3035 1037 3073 beneficio
1047 3036 1146 3073 emis-

180 3082 255 3168 {itm
276 3081 364 3135 effe,
384 3093 424 3120 tu
439 3082 520 3120 vide
539 3083 634 3134 epist.
651 3096 704 3123 10.
723 3086 759 3123 &
778 3084 955 3136 sequentes
975 3085 1037 3125 lib.
1055 3099 1082 3125 ι.
1104 3085 1147 3123 ad

243 3143 354 3169 icum.

1216 91 1714 152 Cicenou1s

1296 189 1391 224 Anno
1402 184 1489 222 urbis
1504 196 1625 282 1)ch
1615 184 1818 275 ἑὲνῐὶἑῖοηίς
1832 189 1937 222 val·
1949 190 2046 229 coss.

1238 301 1288 339 M.
1310 300 1516 339 PUPIUS
1545 300 1678 336 PISO
1700 323 1711 339 ‚
1738 302 1788 337 M.
1811 301 2110 343 VALERIUS

1532 349 1812 387 MESSALA.

1195 437 1253 515 P
1278 429 1396 468 Clodii
1427 429 1583 468 facinore
1615 429 1785 479 patefaeto
1810 458 1820 473 ‚
1854 431 1874 469 ὲ
1894 433 2100 482 Virginibus
2123 435 2160 472 δε

1261 478 1507 517 'Pontificibus
1541 480 1579 516 id
1606 480 1701 517 nefas
1724 480 1775 518 est
1795 481 1978 519 decretum
2003 498 2010 520 :
2048 484 2162 521 Caesar

1186 529 1312 566 deinde
1326 529 1427 566 uxori
1447 530 1616 566 nuntium
1639 529 1771 566 remisit
1784 557 1792 570 ‚
1813 533 1850 568 ὃς
1861 532 2031 569 Clodium
2045 532 2160 569 tribu-

1187 591 1253 615 nus
1268 579 1358 628 pleb.
1372 578 1566 620 accusavit,
1588 580 1732 616 austore
1753 579 1938 617 Plutarcho
1963 582 1999 618 in
2015 581 2163 622 Caesare.

1187 628 1432 665 Accusatorem
1445 628 1562 665 Clodii
1576 628 1704 665 Cicero
1716 628 1760 664 de
1777 629 1910 677 harusp.
1923 631 2005 680 resp·
2019 633 2157 667 Lentu-

1188 678 1261 714 lum
1287 676 1458 714 nominat.
1493 677 1663 715 Clodium
1686 677 1806 714 incesti
1833 679 1983 716 crimine
2003 681 2021 716 a
2044 680 2159 717 tribus

1189 727 1345 764 Lentulis
1367 726 1563 762 accusatum
1586 727 1684 763 fuisse
1697 753 1706 767 ‚
1730 727 1887 764 Valerius
1901 728 1977 764 libr.
1994 741 2163 777 4.cap.2.

1186 776 1288 812 tradit
1326 778 1379 811 De
1395 775 1512 811 Clodii
1518 775 1656 824 judicio
1669 775 1750 812 vide
1761 776 1873 825 epist.1
1887 789 1913 822 3.
1926 777 2020 814 liba.
2035 778 2077 814 ad
2089 781 2163 815 Att.

1187 826 1221 861 in
1236 837 1278 861 eo
1295 824 1488 861 M.Tullius
1501 825 1595 861 testis
1609 824 1802 874 procinetus
1814 850 1825 864 ‚
1839 825 1921 862 cum
1936 826 2082 863 Clodius
2093 827 2167 863 cri-²

1188 887 1268 911 men
1280 875 1328 910 ita
1338 873 1507 910 refelleret
1519 899 1528 912 ,
1543 886 1581 910 ut
1593 874 1725 911 diceret
1736 899 1745 912 ‚
1762 876 1794 910 ie
1804 875 1861 911 illa
1874 876 1978 912 noete
1991 889 2064 912 non
2081 878 2162 912 Ro·

1190 936 1258 960 mae
1270 951 1279 965 ‚
1298 923 1353 960 sed
1367 923 1472 969 longe
1484 923 1525 960 ab
1541 924 1628 961 urbe
1642 926 1850 961 Interamnae
1860 924 1951 973 apud
1963 925 2166 962 Caffinium·

1189 973 1353 1009 scholam
1364 971 1486 1011 fuisse,
1505 972 1633 1010 Cicero
1654 984 1776 1010 contra
1796 987 1860 1020 pro
1881 973 2085 1010 testimonio
2104 974 2166 1010 di-·

1189 1023 1264 1066 xit;
1286 1022 1387 1059 illum
1405 1021 1446 1058 ad
1467 1021 1499 1058 se
1517 1021 1665 1060 domum
1678 1022 1808 1059 veniffe
1820 1048 1830 1064 ,
1854 1023 1943 1059 &de
1955 1022 2163 1072 quibusdam-

1189 1072 1291 1108 rebus
1303 1072 1393 1120 egiff
1392 1083 1411 1107 e
1423 1097 1431 1111 ‚
1452 1070 1487 1107 id
1501 1072 1597 1121 qnod
1609 1083 1735 1108 verum
1748 1082 1829 1108 erat.
1857 1072 2060 1108 Plutarchus
2071 1097 2081 1111 ‚
2096 1074 2160 1108 Ci-

1187 1133 1269 1157 cero
1291 1134 1354 1169 pro
1374 1119 1484 1155 domo
1498 1144 1508 1158 ‚
1532 1123 1567 1158 &
1581 1121 1717 1157 Milone
1731 1144 1740 1158 .
1762 1121 1963 1170 ibidemque
1977 1122 2160 1161 Asconius,

1192 1170 1432 1217 Qintilianus
1458 1170 1514 1206 lib.
1527 1186 1559 1213 4·
1579 1182 1650 1217 cap.
1667 1181 1698 1207 2.
1720 1169 1878 1205 Valerius
1900 1170 1976 1206 libr.
2000 1174 2113 1218 8.cap.
2129 1183 2162 1214 5.

1188 1219 1356 1255 Abioluto
1371 1218 1500 1255 Clodio
1516 1219 1642 1254 Cicero
1663 1230 1748 1254 cum
1774 1230 1816 1254 eo
1837 1218 1952 1254 idibus
1964 1219 2049 1255 Maii
2062 1220 2099 1255 in
2111 1221 2162 1256 se-

1190 1279 1272 1304 natu
1286 1267 1479 1304 contenda.
1495 1266 1589 1315 epist·
1607 1279 1657 1311 13.
1681 1267 1756 1304 libr.
1775 1280 1801 1303 ι.
1820 1267 1861 1303 ad
1877 1271 1946 1304 Att.
1973 1270 2054 1304 Hoc
2065 1281 2161 1305 anno

1187 1317 1284 1365 QJ'
1287 1317 1390 1353 ullius
1412 1317 1539 1353 Cicero
1553 1319 1604 1352 M.
1618 1316 1724 1353 frater
1742 1327 1869 1364 praetor
1891 1316 1981 1353 fuit:
2006 1328 2169 1367 cumque‘

1188 1377 1352 1415 praetores
1376 1367 1574 1413 provincias
1597 1366 1803 1402 sortirentur
1814 1391 1823 1404 ‚
1847 1366 2072 1415 inceroni
2085 1367 2164 1405 Asia

1187 1415 1315 1463 obtigit
1326 1441 1335 1456 ‚
1348 1414 1491 1464 epist-12
1518 1414 1591 1451 libr.
1602 1428 1609 1449 ι
1622 1444 1627 1450 .
1641 1414 1684 1451 ad
1700 1415 1800 1452 Attic.
1811 1415 1977 1452 Obtinuit
1988 1429 2064 1452 eam
2076 1429 2162 1465 pro-

1190 1464 1341 1501 vinciam
1365 1477 1424 1512 per
1447 1464 1641 1501 triennium
1654 1465 1737 1500 cum
1752 1465 1933 1501 L.Valerio
1948 1465 2068 1501 Flacco
2082 1465 2160 1501 suc·

1190 1513 1331 1550 cessisset
1343 1538 1352 1551 ‚
1365 1525 1403 1549 ut
1414 1526 1456 1549 ex
1468 1524 1554 1550 orat·
1569 1527 1630 1561 pro
1645 1512 1766 1550 Flacco
1777 1514 1992 1561 intelligitur.
2021 1515 2159 1552 Eodem

1188 1576 1281 1599 anno
1294 1563 1450 1599 censores
1464 1574 1597 1599 creatos
1611 1562 1711 1599 swss‘e
1725 1587 1734 1601 ‚
1748 1565 1781 1600 δε
1796 1563 1942 1599 lustrum
1954 1563 2161 1603 condidisse,

1188 1626 1231 1648 ex
1245 1612 1303 1647 lib·
1321 1623 1348 1648 1.
1363 1612 1404 1648 ad
1417 1615 1487 1649 Att.
1501 1615 1536 1650 ὃς
1548 1612 1671 1649 Dionis
1684 1613 1740 1648 lib·
1758 1625 1786 1657 7.
1798 1613 1871 1648 satis
1885 1623 2012 1649 notum
2025 1612 2083 1651 est.
2110 1613 2166 1650 Hi·

1191 1662 1380 1709 Onuphrio
1405 1661 1508 1704 sunt,
1531 1663 1561 1698 P.
1578 1662 1744 1698 Servilius
1771 1662 1940 1698 Isturicus
1957 1686 1967 1701 ‚
1994 1664 2030 1698 &
2054 1664 2163 1699 Mam.

1189 1711 1353 1747 AEmilius
1376 1711 1539 1758 Lepidus.
1567 1716 1659 1748 Ante
1678 1712 1742 1747 hos
1759 1712 1928 1748 Censores
1948 1712 2168 1748 Ciceronem·

1188 1774 1251 1808 pro
1269 1760 1397 1796 Archia
1416 1760 1560 1799 dixffe,
1583 1761 1657 1797 haec
1677 1760 1870 1799 orationis,
1893 1773 1972 1810 quae
1996 1773 2038 1797 ex
2059 1771 2161 1797 tanto

1188 1823 1339 1846 numero
1362 1810 1594 1858 interpretum
1618 1822 1724 1846 nemo
1746 1809 1860 1846 adhuc
1881 1810 2039 1857 exposuit
2061 1833 2071 1848 ‚
2104 1823 2161 1846 ar-

1186 1870 1313 1906 guunt.
1341 1858 1399 1895 Est
1419 1860 1516 1895 enim
1539 1859 1751 1900 obscurum,
1775 1871 1946 1908 proximis
1958 1859 2164 1895 censonbus

1189 1909 1285 1944 hunc
1309 1921 1390 1944 cum
1415 1907 1602 1945 clariffimo
1623 1909 1829 1954 imperatore
1842 1910 1882 1944 L.
1894 1907 2047 1944 Lucullo
2069 1907 2162 1955 apud

1189 1958 1384 1995 exercitum
1395 1957 1494 1993 fuisse
1507 1984 1515 1998 ‚
1529 1957 1762 2005 superioribus
1776 1970 1859 1993 cum
1871 1957 1996 1992 eodem
2010 1956 2169 2004 quaesto-·

1189 2020 1225 2043 re
1241 2007 1340 2043 fuisse
1355 2008 1391 2042 in
1407 2006 1484 2043 Asia
1496 2031 1505 2044 ‚
1528 2006 1753 2055 primisJulio
1768 2008 1802 2042 ὃς
1814 2004 1934 2041 Craffo
1948 2005 2080 2040 nullam
2095 2016 2169 2053 po-‘

1189 2057 1262 2104 puli
1275 2067 1407 2104 partem
1419 2055 1484 2091 effe
1496 2059 1633 2090 censam
1645 2080 1654 2091 ‚
1670 2055 1854 2102 L.Julium
1866 2053 2036 2088 Caefirem
2048 2078 2058 2092 ‚
2079 2055 2114 2089 &
2127 2054 2170 2088 Ρ.Δ

1189 2105 1368 2138 Licinium
1379 2102 1539 2137 Crassum
1561 2102 1718 2136 censores
1737 2101 1836 2136 fuisse
1854 2101 1983 2149 primos
2001 2100 2077 2150 post
2098 2101 2162 2138 da-

1185 2159 1257 2186 tam
1269 2151 1444 2186 civitatem
1458 2149 1605 2190 Archiae,
1617 2163 1709 2185 anno
1720 2160 1835 2186 θεων
1845 2149 2020 2186 ‚diximus-
2039 2150 2163 2187 Tertio

1187 2211 1280 2234 anno
1305 2198 1381 2247 post
1395 2222 1404 2236 ‚
1429 2201 1468 2235 L·
1484 2199 1637 2234 Marcius
1653 2198 1828 2246 Philippus
1840 2225 1849 2238 ‚
1876 2202 1909 2235 &
1929 2201 1977 2235 M.
1993 2200 2167 2247 Perperna

1187 2248 1345 2284 censores
1357 2246 1506 2284 lustrum
1521 2259 1571 2283 Lx
1579 2259 1626 2282 VI·
1641 2247 1802 2284 fecerunt
1816 2273 1825 2289 ,
1839 2261 1910 2297 quo
1923 2259 2082 2297 tempore
2095 2251 2162 2285 Ar-

1188 2297 1283 2332 chias
1307 2297 1342 2332 in
1359 2295 1434 2332 Afia
1459 2295 1526 2332 fuit
1550 2309 1632 2332 cum
1648 2297 1799 2333 Lucullo
1814 2296 1984 2345 q³·aestore
1997 2324 2006 2339 ‚
2029 2310 2089 2346 qut
2103 2306 2167 2346 per

1189 2346 1320 2382 multos
1340 2358 1450 2381 annos
1469 2344 1662 2381 admirabili
1682 2345 1830 2394 quadam
1850 2345 1952 2382 laude
1969 2347 2162 2395 provinciae

1189 2396 1328 2442 praefut
1340 2419 1348 2432 ,
1365 2394 1492 2430 Cicero
1510 2407 1545 2430 in
1560 2394 1722 2431 Lucullo.
1750 2396 1825 2431 Cen
1840 2396 1904 2431 ura
1915 2395 2042 2432 deinde
2055 2395 2166 2432 inter-

1189 2444 1285 2480 miffa
1298 2444 1365 2480 fuit
1375 2444 1482 2492 usque
1493 2443 1533 2479 ad
1547 2457 1679 2480 annum
1695 2444 1789 2481 urbis
1803 2456 1908 2481 1)ch
1916 2456 2023 2481 xxiii.
2035 2457 2107 2494 quo
2118 2447 2161 2482 L.

1188 2493 1582 2530 Gel2ius,Cn.Lentulus
1596 2493 1743 2530 lustrum
1758 2505 1868 2530 van
1883 2493 2061 2531 fecerunt,
2075 2493 2160 2532 cum

1192 2542 1361 2579 Lucullus
1374 2541 1411 2577 in
1424 2540 1500 2578 Asia
1511 2542 1642 2579 bellum
1656 2554 1778 2580 contra
1794 2543 2033 2580 Mithridatem
2051 2542 2163 2580 admi-

1192 2590 1360 2628 nistraret.
1385 2601 1488 2640 atque
1508 2592 1543 2627 hi
1562 2592 1730 2629 Censores
1751 2593 1903 2638 proximi
1921 2603 2002 2629 ante
2013 2592 2167 2628 Cicero-c

1192 2642 1245 2676 nis
1257 2640 1478 2677 consulatum
1489 2641 1629 2678 censum
1643 2652 1799 2690 egerunt·
1829 2644 1920 2679 Nam
1935 2642 1995 2691 qui
2008 2642 2040 2677 C
2043 2642 2165 2679 otta&

1193 2692 1376 2739 Torquato
1392 2701 1489 2726 coss,
1501 2693 1605 2727 creati
1625 2691 1771 2728 fuerunt
1784 2716 1793 2729 ‚
1817 2702 1959 2740 propter
1981 2689 2160 2726 diffenfio-

1193 2752 1273 2775 nem
1287 2739 1508 2776 abdicarunt:
1524 2739 1570 2776 illi
1583 2752 1699 2777 autem
1710 2767 1719 2781 ‚
1733 2741 1793 2789 qui
1807 2752 1901 2776 anno
1913 2739 2107 2790 insequenti
2121 2738 2162 2774 iis

1191 2787 1422 2825 successerunt
1435 2812 1444 2827 ,
1470 2788 1765 2826 intercedentibus
1787 2789 1937 2826 tribunis
1960 2788 2050 2838 pleb.
2070 2787 2162 2825 nihil

1192 2850 1292 2886 agere
1305 2847 1507 2886 potuerunt,
1520 2839 1643 2876 auctor
1658 2839 1725 2876 Dio
1737 2839 1818 2883 l¹b·3
1829 2851 1858 2882 7.
1881 2840 2004 2887 Itaque
2014 2836 2161 2874 M.Tul-

1193 2887 1257 2923 lius
1278 2885 1353 2935 post
1372 2887 1592 2924 consulatum
1612 2899 1691 2925 ante
1711 2887 1868 2925 censores
1880 2911 1890 2926 ,
1910 2887 1971 2937 qui
1983 2888 2053 2922 hoc
2065 2898 2161 2922 anno

1193 2936 1298 2973 creati
1310 2935 1691 2975 fuerunt.A.L1cinium
1704 2938 1869 2974 Archiam
1883 2963 1893 2977 ,
1906 2936 1964 2972 cui
1979 2936 2161 2971 Gracchus

1193 2985 1336 3035 quidam
1349 2985 1497 3021 civitatis
1509 2986 1785 3024 controversiam
1798 2995 1957 3023 moverat
1969 3009 1978 3023 ‚
2003 2982 2161 3022 defendit

1194 3035 1252 3071 illa
1264 3036 1424 3071 oratione
1434 3059 1443 3074 ‚
1455 3047 1533 3083 quae
1545 3035 1652 3073 exstat
1662 3063 1670 3076 ,
1684 3036 1719 3072 in
1731 3049 1798 3085 qua
1810 3036 1937 3084 primo,
1949 3046 2032 3070 eum
2041 3033 2169 3071 civem.

1172 3116 1174 3118 ,
1195 3083 1261 3120 esse
1273 3108 1281 3122 ‚
1297 3083 1438 3131 probat:
1466 3083 1591 3121 deinde
1603 3085 1734 3135 reliqua
1745 3085 1903 3121 oratione
1914 3094 2017 3120 ornat
2028 3105 2038 3121 ³
2056 3093 2097 3117 ut
2110 3081 2164 3118 ci·
2220 3118 2222 3120 ,

1193 3135 1299 3173 vitate
1308 3135 1472 3173 Romana
1489 3133 1639 3184 dignum
1650 3134 1716 3173 effe
1726 3132 1955 3173 demonstret.
1982 3131 2163 3184 Corradus

1671 3229 1673 3233 Ι
1995 3192 2040 3219 ex
2052 3177 2137 3229 epist
2150 3202 2160 3215 .

1686 3241 1763 3271 v&
1780 3236 1783 3237 ⁷
