2295 3400
202 155 298 217 4532
609 143 1111 194 MTULLH

2154 21 2295 62 εἷς,

1179 138 1723 186 CicERoN'is

205 237 229 268 1,
249 240 341 268 Rom.
361 229 585 272 scivisse-tibris.
609 220 712 268 Itaque
729 235 913 268 quamquam
929 245 938 259 ‚
962 228 1040 265 ¹qua
1058 222 1156 255 nolui,
1180 230 1184 247 ι
1203 218 1596 262 quentiffimmM-Pisoni,
1611 218 1985 262 praetulisse:praeposuisse
1994 220 2022 252 se
2061 224 2159 253 u.Ca-

210 281 295 317 ianua
313 276 363 306 siin
383 270 524 314 ingrciliis
541 273 573 301 in
589 270 706 300 causam
718 289 726 302 ‚
747 269 857 308 sperare
866 267 972 297 videor
981 274 1097 297 tantuin
1108 264 1161 294 ab-

206 317 339 352 'futin‘am
351 315 407 346 css'e
418 315 585 344 orationem
600 321 699 341 meam
715 310 731 340 a
745 310 874 340 minima
884 309 1050 349 suspicione
1060 304 1161 337 offen-

211 361 302 392 sionis
317 368 372 387 tnae
387 377 394 389 ,
415 366 443 386 tc
462 364 493 385 ut
503 353 603 395 potius
615 353 772 393 obiurgem
785 373 794 386 ,
814 351 897 393 quod
908 352 1049 391 iniquum
1060 350 1093 379 in
1103 347 1162 378 dis·
1184 349 1187 395 ξ

212 411 326 433 cirinen
337 398 461 429 adducas
480 397 654 438 dignitatem
673 403 755 425 tuam
767 414 775 428 ‚
796 394 887 434 quam
905 402 939 423 ut
954 402 1010 434 ego
1026 400 1092 421 eam
1103 390 1164 420 ulla

176 455 195 479 ,4
212 442 399 473 contumelia
415 449 506 470 coner
522 440 674 477 attingere.
697 439 747 467 Tu
764 437 986 466 continentiam
999 455 1007 469 ‚
1026 442 1058 464 tu
1076 432 1165 463 indu-

224 486 310 516 ‘triim
323 503 331 517 ‚
345 492 375 513 tu
386 484 524 512 animum
535 481 567 509 in
579 488 672 519 remp.
685 487 716 508 tu
725 479 868 508 virtutem
880 498 888 511 ,
904 486 935 508 tu
946 477 1165 508 innocentiam,

212 537 242 558 tu
257 526 346 556 sidem
359 544 367 556 ‚
382 533 411 553 tu
422 523 535 553 labores
546 529 623 554 tuos,
634 519 715 561 quod
725 519 821 549 aedilis
831 517 938 549 nonsis
949 515 1166 554 &amfractus
1187 522 1188 531 ¹

213 568 272 599 ess‘e
283 588 292 602 ,
312 567 344 597 ὅ(
354 563 485 605 abjeEios
496 584 504 597 ‚
521 564 554 593 &
564 564 732 603 repudiatos
741 567 846 602 putas?
868 561 946 591 Vide
957 559 1078 590 tandem
1087 579 1095 593 ,
1108 560 1165 588 La-

215 608 333 642 terensis
345 628 353 642 ,
372 616 517 649 quantum
528 607 544 636 a
553 614 580 635 te
590 603 771 634 dissentiam.
794 605 823 634 Si
834 603 952 633 medius
965 601 1053 632 fidius
1062 601 1167 631 decem

216 654 271 683 soli
286 650 379 681 ess'ent
395 652 426 679 in
441 649 558 679 civitate
573 648 630 676 viri
649 645 742 679 boni,
764 645 906 691 sapientes
919 666 926 679 ,
943 643 1014 685 justi
1025 664 1033 677 ,
1054 651 1166 684 grave5‚

216 695 268 735 qni
281 702 307 723 tc
319 692 480 732 indignum
491 689 630 720 aedilitarc
640 686 860 725 iudicavissent:
879 686 997 729 gravius
1007 686 1042 716 de
1053 684 1170 725 tejudi-

214 745 312 766 catum
329 743 460 774 putarem
473 753 481 766 ‚
501 731 592 772 quam
605 729 647 760 est
661 731 736 763 hoc,
757 730 837 770 quod
849 737 879 759 tu
892 730 1000 759 metuis
1014 748 1022 761 ‚
1044 737 1081 757 ne
1091 727 1107 756 a
1117 736 1171 766 po-

215 778 288 818 pulo
306 776 474 816 judicatum
487 772 546 804 esse
560 772 704 803 videatur.
729 781 795 801 NON
812 781 901 800 ΕΝῙΜ
917 769 1172 808 comitiisjudicat

217 821 334 859 semper
342 817 472 858 populus
481 835 489 850 ,
501 814 548 846 sed
560 822 699 844 movetur
708 814 883 853 plerumque
892 814 998 853 gratia:
1015 811 1094 841 cedit
1104 819 1171 849 pre-

216 861 322 892 cibus:
340 859 410 890 facit
422 868 472 888 eos
483 877 492 892 ,
512 856 646 897 aquibus
661 854 702 885 est
718 856 853 884 maxime
865 854 1004 884 ambitus.
1028 852 1170 892 denique,

219 902 240 932 si
251 902 360 936 iudicat
370 922 378 935 ,
401 909 462 930 non
475 898 591 929 delectu
602 898 702 937 aliquo
713 917 721 930 ‚
739 905 789 926 aut
800 896 940 935 sapientia
950 895 1068 924 ducitur
1078 893 1112 923 ad
1124 894 1172 931 ju-

217 938 382 974 dicandum
394 963 402 976 ‚
424 941 472 972 scd
492 943 607 979 impetu
626 947 860 978 nonnumquam
873 957 881 971 ‚
904 936 1073 977 &quadam
1083 937 1173 965 etiam

220 987 396 1017 temeritate.
422 986 496 1013 Non
516 981 557 1011 est
575 982 658 1010 enim
677 979 819 1019 confilium
832 981 864 1008 in
879 978 988 1019 vulgo,
1011 988 1075 1007 non
1089 978 1175 1010 ratio,

222 1038 287 1058 non
304 1027 465 1057 discrimen
478 1045 485 1057 ,
507 1033 570 1053 non
587 1022 759 1062 diligentia:
778 1021 952 1061 semperque
968 1020 1110 1060 sapientes
1128 1028 1172 1051 ea,

221 1079 287 1111 quae
303 1068 432 1109 populus
449 1063 561 1095 feciss'et
572 1084 580 1097 ‚
598 1062 721 1092 ferenda
733 1083 741 1097 ‚
763 1072 827 1092 non
838 1063 953 1103 semper
963 1060 1109 1091 laudanda
1119 1059 1176 1090 du-
1197 1071 1198 1074 ¹

220 1120 340 1142 xerunt.
364 1111 460 1150 Qare
477 1106 549 1136 curn
567 1114 594 1135 te
613 1104 735 1135 aedilem
749 1102 812 1134 fieri
827 1102 991 1145 oportuisse
1005 1103 1078 1133 dicis
1092 1111 1177 1142 ‚PO-

222 1153 287 1194 puli
299 1152 426 1190 culpam,
438 1158 502 1178 non
513 1148 731 1187 competitoris,
742 1146 867 1176 accusas.
890 1149 930 1176 At
940 1145 1032 1175 fueris
1041 1145 1173 1185 dignior,

220 1194 312 1236 quarn
323 1193 476 1223 Plancius:
495 1190 532 1220 de
549 1199 610 1230 quo
629 1188 694 1228 ipso
712 1190 752 1218 ita
771 1197 870 1218 tecum
885 1187 1064 1218 contendam
1077 1185 1178 1225 paullo

220 1235 299 1277 post,
312 1243 344 1264 ut
353 1233 528 1264 conservem
539 1231 714 1273 dignitatem
726 1239 806 1259 tuam
817 1240 823 1259 ε
836 1230 895 1263 sed,
905 1238 937 1258 ut
947 1228 1036 1258 fueris
1047 1227 1177 1268 dignior:

223 1287 289 1307 non
300 1276 462 1317 competitor
472 1294 480 1307 ,
491 1273 508 1303 a
517 1283 578 1314 quo
589 1282 618 1302 cs
628 1271 728 1302 vidtus
739 1291 748 1305 ‚
767 1271 815 1301 sed
823 1271 940 1312 populus
950 1290 958 1304 ,
972 1270 987 1300 a
998 1279 1059 1309 quo
1068 1279 1097 1298 es
1107 1277 1180 1308 pra:-

225 1320 348 1350 teritus‚
369 1316 496 1355 inculpa
506 1313 558 1344 est.
581 1317 617 1344 In
633 1323 695 1354 quo
712 1311 848 1353 primum
866 1312 941 1341 illud
959 1311 1049 1341 debes
1067 1319 1178 1350 putare,

222 1361 376 1392 comitiis,
396 1358 559 1398 praesertim
573 1355 723 1388 aedilitiis,
744 1353 877 1384 studium
898 1352 955 1383 effe
972 1353 1097 1393 populi,
1118 1361 1182 1381 non

221 1402 386 1444 judicium.
410 1398 559 1429 eblandita
568 1398 619 1427 illa
628 1417 636 1431 ‚
649 1406 713 1426 non
722 1396 873 1426 enucleata
883 1393 941 1425 effe
951 1393 1101 1436 suffragia:
1119 1402 1182 1426 eos,

224 1445 279 1485 qui
293 1441 463 1482 suffragium
473 1439 570 1470 ferant
580 1459 588 1473 ,
609 1443 622 1458 ²
632 1438 705 1480 quid
716 1438 847 1479 denique
858 1436 911 1477 ipsi
921 1436 1048 1467 debeant
1059 1456 1067 1470 ‚
1088 1433 1184 1466 confi-

227 1486 328 1520 derare
339 1484 460 1523 saepius,
480 1481 570 1522 quam
581 1501 589 1515 ,
609 1480 681 1522 quid
695 1482 805 1521 cuique
821 1478 837 1509 a
852 1488 912 1519 rep.
923 1478 1058 1509 videatur
1071 1477 1182 1507 deberi.

225 1529 280 1558 Sin
292 1534 392 1556 autem
407 1526 501 1554 mavis
514 1521 572 1553 efl'e
582 1523 732 1559 iudicium
744 1532 750 1550 τ
770 1531 835 1551 non
845 1521 901 1551 tibi
910 1520 941 1550 id
952 1518 1183 1549 rescindendum

228 1567 291 1602 est,
310 1567 360 1598 sed
375 1565 546 1596 ferendum.
571 1563 806 1601 Malejudicavit
816 1563 955 1602 populus.
979 1560 1183 1600 Atjudicavit.

230 1612 305 1641 Non
315 1608 430 1638 debuit.
454 1609 493 1637 At
503 1608 612 1646 potuit.
637 1608 711 1635 Non
722 1604 798 1634 fero.
821 1607 860 1634 At
872 1605 959 1633 multi
969 1601 1135 1635 clarissimi,
1152 1602 1185 1631 δε

232 1649 435 1692 sapientiffimi
454 1650 536 1679 cives
555 1648 689 1676 tulerunt.
716 1650 728 1674 3
742 1646 784 1676 est
794 1647 877 1675 enim
890 1647 952 1676 haec
961 1644 1098 1675 conditio
1110 1644 1187 1673 libe-

229 1702 332 1723 rorum
346 1691 526 1732 populorum
538 1711 546 1723 ,
557 1691 761 1729 praecipueque
773 1689 861 1727 hujus
870 1688 1012 1728 principis
1021 1686 1124 1726 populi
1136 1706 1143 1719 ,
1155 1685 1187 1714 &

229 1736 372 1766 oninium
383 1733 519 1774 gentium
529 1731 649 1761 domini
660 1750 668 1764 ‚
688 1740 720 1760 ac
731 1729 854 1760 viCcoris
865 1750 874 1763 ,
895 1727 977 1769 poss'e
987 1726 1130 1768 suffragiis
1140 1727 1187 1757 vel

232 1777 298 1807 dare
310 1795 319 1810 ,
339 1776 388 1805 vcl
398 1774 547 1804 detrahere
559 1793 566 1805 ,
586 1772 667 1812 quod
676 1772 770 1804 velit,
791 1773 898 1811 cuique
912 1781 918 1800 ε
936 1769 1072 1800 nostrum
1084 1768 1127 1799 est
1136 1779 1188 1799 au-

232 1828 292 1848 tem
306 1838 313 1851 ,
333 1818 385 1857 qui
405 1818 437 1845 in
455 1816 507 1845 hac
525 1812 681 1855 tempestate
690 1813 970 1853 populijadtemur,
989 1822 1021 1842 ac
1032 1810 1188 1844 fluetibus,

230 1859 306 1889 ferre
322 1857 441 1888 modice
458 1856 563 1896 populi
576 1855 746 1885 voluntates
759 1874 767 1888 ,
785 1854 902 1885 allicere
911 1855 1021 1884 alienas
1033 1873 1041 1886 ,
1062 1854 1190 1882 retinere

230 1910 340 1942 partas,
360 1900 471 1940 placare
481 1897 624 1928 turbatas:
647 1897 777 1926 honores
794 1895 815 1925 si
834 1897 936 1937 magni
953 1905 1017 1925 non
1036 1902 1189 1933 putemus,

233 1953 298 1973 non
311 1943 416 1973 servire
426 1940 557 1980 populo:
573 1937 614 1968 fin
626 1948 678 1968 eos
688 1947 873 1978 expetamus,
886 1946 950 1967 non
960 1936 1113 1977 defatigari
1124 1936 1191 1975 sup-

199 1997 213 2021 ς
231 1983 382 2026 plicando.
405 1984 506 2012 Venio
527 1990 608 2011 nunc
626 1980 662 2010 ad
679 1979 768 2020 ipsius
787 1980 892 2020 populi
909 1980 1015 2019 parteis
1028 1998 1036 2011 ‚
1060 1985 1092 2007 ut
1109 1977 1192 2006 illius

197 2023 205 2026 ⁴
232 2035 336 2057 contra
354 2034 382 2056 te
402 2024 537 2054 oratione
555 2021 658 2062 potius
670 2042 678 2056 ,
696 2021 789 2062 quam
809 2030 896 2053 mea,
915 2020 1075 2060 disputem.
1098 2020 1152 2059 qui
1172 2017 1192 2047 fi

236 2077 338 2099 tecum
348 2065 557 2106 congrediatur
567 2084 576 2098 ,
594 2064 627 2094 &
637 2062 658 2093 fi
668 2073 726 2093 una
736 2073 809 2093 voce
821 2063 905 2103 loqui
916 2060 1002 2102 poffit
1013 2081 1021 2095 ,
1034 2062 1095 2090 haec
1106 2061 1192 2091 dicat:

237 2113 307 2140 Eoo
322 2119 396 2138 ‘rim
409 2128 417 2141 ,
437 2104 613 2140 Laterensis,
623 2105 779 2136 Plancium
790 2113 852 2134 non
864 2104 1019 2144 anteposui
1031 2114 1036 2132 :
1048 2102 1109 2134 sed,
1119 2101 1191 2132 cum

237 2149 335 2180 effetis
348 2148 432 2189 aeque
447 2149 522 2178 boni
533 2149 608 2181 viri,
630 2156 733 2176 meum
748 2145 930 2176 beneficium
947 2144 1049 2185 potius
1067 2144 1104 2175 ad
1120 2154 1192 2174 eum

236 2192 350 2225 detuli,
370 2193 423 2232 qui
442 2189 457 2220 a
477 2199 527 2218 me
544 2188 757 2222 contenderat,
776 2187 867 2229 quam
884 2187 920 2218 ad
938 2197 1009 2217 eum
1022 2207 1030 2220 ‚
1048 2189 1101 2229 qui
1114 2187 1192 2216 mihi

237 2243 303 2263 non
317 2234 410 2262 nimis
421 2230 568 2262 submisse
579 2231 762 2270 supplicarat.
786 2228 995 2269 Respondebis
1007 2250 1016 2263 ‚
1035 2229 1124 2260 credo
1135 2247 1144 2262 ‚
1164 2235 1192 2257 te

237 2274 394 2315 splendore
407 2294 414 2306 ,
427 2273 459 2303 &
469 2271 731 2311 vettcstatefamiliae
739 2270 850 2300 fretum
862 2290 870 2304 ‚
883 2280 946 2301 non
957 2271 1043 2301 valde
1053 2271 1193 2301 ambien-

238 2318 313 2347 dum
323 2313 442 2356 putass'e.
466 2322 494 2343 at
511 2313 582 2343 vero
603 2322 631 2343 te
648 2313 700 2343 ille
717 2311 752 2342 ad
770 2312 820 2342 sua
836 2311 988 2345 instituta,
1011 2312 1192 2350 suorumque

237 2358 388 2394 majorum
401 2355 539 2394 exempla
549 2353 713 2385 revocabit:
734 2352 873 2392 ‘esemper
891 2354 919 2382 se
937 2352 1016 2382 dicet
1029 2354 1124 2394 rogari
1137 2360 1194 2380 vo-

236 2395 324 2430 luisse
336 2420 344 2432 ,
365 2399 479 2438 semper
489 2393 698 2436 sibiplacuist'e.
723 2395 880 2433 M.Sejum
890 2413 898 2427 ‚
914 2395 966 2433 qui
977 2403 1014 2422 ne
1024 2392 1190 2434 equestrem

238 2441 363 2482 quidem
383 2438 574 2480 splendorem
588 2437 779 2468 incolumem
799 2435 814 2466 a
832 2434 1193 2472 calamitatejudiciireti-

238 2493 308 2514 nere
317 2480 455 2524 potuiffet
464 2501 473 2516 ‚
491 2481 614 2510 homini
624 2476 813 2510 nobiliffimo
824 2497 833 2512 ,
851 2474 1096 2508 innocentiffimo
1107 2496 1116 2510 ‚
1129 2476 1193 2506 elo-

1205 263 1270 294 tulo
1281 282 1290 296 ,
1303 263 1419 293 summa
1430 263 1463 291 in
1471 261 1589 297 familia
1597 272 1677 297 nato,
1690 261 1901 303 sapientissimo
1911 283 1919 297 ‚
1934 263 1967 293 δε
1977 262 2077 293 santur
2092 274 2158 295 imo

1208 307 1275 335 viro
1286 324 1294 339 ,
1307 313 1370 335 non
1381 303 1450 333 dico
1461 307 1473 330 5
1484 306 1515 334 C.
1526 307 1670 335 Serenum
1682 303 1906 335 subtilissimum
1917 306 2076 336 hominem
2087 305 2159 344 (fuit

1209 348 1293 377 enim
1308 347 1340 377 δε
1353 346 1449 376 animi
1463 346 1528 376 satis
1542 348 1662 387 magni,
1681 347 1713 376 δε
1723 345 1852 388 consilii)
1866 347 1915 377 scd
1925 350 1978 377 Cn.
1991 348 2157 381 Manlium,

1211 399 1274 419 nori
1293 388 1393 418 solum
1409 387 1576 430 ignobilem
1587 407 1596 421 ‚
1616 388 1722 418 verum
1734 387 1794 418 sine
1803 391 1931 422 virtute,
1951 388 2010 419 sine
2023 391 2160 430 ingenio,

1209 433 1270 461 vita
1286 432 1375 460 etiam
1396 437 1534 459 contemta
1545 449 1554 463 ,
1575 440 1607 460 ac
1618 431 1744 461 sordida.
1767 429 2014 461 Defideraruntte
2025 451 2032 464 ,
2051 433 2162 472 inquit,

1187 502 1188 513 ¹
1214 473 1295 504 oculi
1306 474 1367 502 mei
1379 492 1387 505 ‚
1404 471 1477 502 cum
1487 480 1519 501 tu
1528 469 1600 502 effes
1610 474 1744 513 Cyrenis.
1767 482 1817 501 me
1827 473 1911 502 enirn
1922 492 1930 506 ,
1953 473 2043 513 quam
2054 473 2162 506 socios,

1214 525 1263 546 tua
1275 514 1334 544 frui
1347 516 1456 544 virtute
1469 513 1635 544 malebam:
1657 515 1690 544 ὃς
1701 535 1709 548 ,
1727 523 1787 554 quo
1797 514 1864 553 plus
1874 516 2028 547 intererat,
2049 525 2084 544 eo
2098 514 2166 554 plus

1213 558 1311 588 aberas
1321 556 1336 586 a
1346 566 1395 586 me
1408 580 1412 584 .
1432 555 1511 585 cem:-
1521 565 1584 585 non
1593 556 1742 586 videbam.
1767 555 1875 584 deinde
1887 553 2033 585 sitientem
2044 565 2093 586 me
2105 558 2168 586 vir-

1213 601 1284 630 tutis
1302 607 1357 629 tuae
1377 596 1551 631 deseruisti,
1569 607 1601 627 ac
1619 595 1813 638 dereliquisti.
1834 606 1962 636 coeperas
1971 599 2054 627 enim
2069 606 2168 637 petere

1213 641 1398 672 tribunatum
1408 639 1489 680 pleb.
1501 640 1690 679 temporibus
1700 642 1737 669 iis
1749 660 1757 673 ,
1777 648 1843 679 quae
1853 639 1939 669 istam
1950 638 2166 680 eloquentiam,

1218 684 1251 714 &
1266 685 1405 714 virtutem
1419 681 1616 723 requirebant.
1637 692 1729 722 quam
1744 683 1925 722 petitionem
1943 691 2014 711 cum
2033 681 2170 723 reliquis-

1219 726 1261 756 ses
1273 746 1281 759 ,
1300 723 1315 744 ⁶
1325 723 1344 754 fi
1356 725 1414 754 hoc
1423 722 1557 754 indicasti
1569 744 1577 757 ‚
1596 732 1675 754 tanta
1685 726 1717 754 in
1727 722 1883 763 tempestate
1893 732 1919 752 te
1929 723 2092 764 gubernare
2103 732 2169 753 non

1219 765 1319 807 posse:
1340 766 1377 796 de
1386 767 1494 796 virtute
1505 775 1552 795 tua
1561 766 1711 796 dubitavi:
1733 765 1753 795 si
1763 765 1846 795 nolle
1857 785 1865 798 ‚
1880 763 1915 794 de
1926 766 2091 796 voluntate.
2114 763 2170 798 sin,

1218 808 1299 850 quod
1312 810 1403 850 magis
1412 808 1570 848 intelligo,
1591 808 1777 847 temporibus
1797 816 1823 838 te
1841 807 1908 836 aliis
1926 806 2095 837 reservasti:
2116 816 2173 848 ego

1220 860 1341 891 quoque
1353 869 1361 883 ,
1373 851 1497 891 inquam
1509 869 1517 882 ‚
1530 849 1562 879 δε
1574 850 1687 889 respub.
1697 850 1731 880 ad
1743 860 1775 880 ea
1785 860 1811 880 te
1823 858 1957 888 tempora
1967 850 2126 882 revocavi,
2136 847 2173 878 ad

1222 902 1287 933 qua:
1309 901 1341 922 tu
1360 901 1388 921 te
1405 892 1465 932 ipse
1482 891 1614 921 servaras.
1637 894 1705 921 Pete
1716 894 1805 933 igitur
1815 901 1885 920 eum
1897 889 2099 932 magistratum
2110 909 2119 923 ,
2141 892 2175 920 in.

1221 944 1282 975 quo
1302 934 1379 963 mihi
1399 943 1512 975 magnae
1529 933 1648 963 utilitati
1665 931 1721 963 effe
1741 932 1840 974 postis.
1871 932 1972 963 aediles
1990 933 2175 974 quicumque

1222 983 1308 1005 erunt
1321 996 1328 1008 ,
1348 981 1362 1003 7
1373 975 1455 1005 idem
1469 975 1547 1004 mihi
1563 975 1631 1005 sunt
1641 975 1756 1014 judices
1765 976 1872 1016 parati:
1895 974 2112 1014 tribuniplebis
2123 981 2176 1013 pez·

1226 1019 1328 1058 magni
1346 1016 1467 1047 interest
1483 1018 1536 1057 qui
1552 1015 1619 1046 sint.
1641 1027 1728 1057 quare
1739 1027 1788 1048 aut
1799 1016 1886 1047 redde
1896 1017 1974 1046 mihi
1983 1015 2064 1057 quod
2075 1014 2177 1046 osten-

1226 1058 1325 1088 deras:
1344 1068 1410 1092 aut,
1429 1057 1466 1092 fi,
1479 1059 1561 1099 quod
1573 1068 1639 1088 mea
1649 1061 1752 1089 minus
1762 1058 1884 1089 interest
1895 1079 1902 1092 ‚
1914 1058 1945 1088 id
1956 1067 1982 1088 te
1993 1059 2088 1099 magis
2097 1056 2179 1087 forte

1223 1099 1370 1134 delestat3
1386 1099 1508 1130 reddam
1520 1099 1574 1130 tibi
1585 1099 1668 1130 istam
1679 1101 1855 1131 aedilitatem
1867 1121 1876 1135 ‚
1894 1102 1984 1131 etiam
1995 1101 2181 1141 negligenter

1223 1143 1348 1181 petenti.
1371 1141 1427 1172 Sed
1438 1140 1634 1181 ampliffimos
1645 1142 1775 1172 honores
1790 1151 1821 1173 ut
1830 1153 1884 1183 pro
1895 1142 2037 1183 dignitate
2048 1151 2096 1171 tua
2103 1149 2180 1171 con-

1226 1184 1343 1223 sequare
1355 1203 1363 1216 ,
1373 1182 1525 1213 condiscas
1535 1183 1640 1212 censeo
1650 1184 1728 1212 mihi
1737 1184 1837 1222 paullo
1845 1182 2180 1224 diligentihsfiapplicare.

1230 1227 1304 1254 Haec
1313 1225 1417 1264 populi
1425 1225 1523 1254 oratio
1533 1223 1592 1253 est:
1604 1233 1670 1254 mea
1680 1224 1763 1258 vero,
1774 1225 1937 1256 Laterensis
1949 1245 1957 1258 ‚
1969 1226 2031 1254 haec
2044 1236 2048 1252 z
2061 1227 2180 1266 QARE
2196 1223 2219 1258 6

1231 1276 1352 1296 VICTus
1373 1265 1408 1295 fis
1420 1286 1428 1299 ,
1449 1276 1513 1295 non
1524 1265 1773 1304 deberejudicem
1789 1277 1915 1308 quaerere
1928 1287 1936 1300 ,
1956 1265 2050 1296 modo
2069 1276 2107 1295 ne
2124 1265 2182 1295 lar-
2217 1263 2221 1268 ’

1203 1331 1204 1334 ¹
1227 1310 1344 1349 gitione
1355 1306 1390 1337 fis
1399 1306 1510 1338 vibius.
1533 1317 1602 1337 nam
1614 1328 1623 1341 ‚
1641 1306 1661 1337 fi
1672 1327 1681 1341 ‚
1699 1310 1946 1350 quotiescumque
1956 1309 2119 1348 praeteiitus
2129 1309 2185 1338 erit

1229 1360 1254 1380 is
1265 1370 1273 1383 ,
1285 1351 1412 1390 quinon
1422 1349 1558 1379 debuerit
1565 1351 1706 1390 praeteriri
1717 1371 1726 1384 ,
1741 1352 1829 1380 toties
1839 1351 1989 1391 oportebit
1998 1370 2007 1384 ,
2021 1359 2093 1380 eum
2106 1369 2115 1383 ‚
2129 1349 2184 1389 qui

1230 1390 1325 1422 faustus
1334 1394 1408 1424 erit,
1427 1391 1640 1422 condemnari:
1660 1393 1807 1433 nihiljam
1818 1392 1860 1423 est
1871 1412 1879 1426 ,
1900 1391 1981 1433 quod
1993 1392 2106 1432 populo
2117 1391 2186 1431 sup-

1230 1433 1372 1474 plicetur:
1396 1428 1411 1452 ⁸
1422 1433 1498 1463 nihil
1510 1453 1518 1467 ‚
1538 1432 1622 1474 quod
1632 1433 1781 1473 direptio;
1796 1436 1873 1464 nihil
1886 1455 1894 1468 ‚
1915 1435 1996 1475 quod
2008 1433 2185 1474 supplicatio

1220 1474 1476 1517 >magistratuum,
1498 1477 1677 1505 renuntiatio
1697 1475 1905 1517 suffragiorum
1924 1476 2128 1516 enspefssetur:
2148 1471 2187 1503 si·

1235 1519 1300 1547 mul
1312 1526 1345 1547 ut
1354 1519 1405 1557 qui
1416 1516 1471 1546 sint
1478 1515 1608 1557 profeffi,
1620 1517 1710 1547 video
1719 1520 1792 1558 quid
1803 1519 1917 1548 dicam:
1929 1518 1977 1547 hic
1988 1517 2104 1547 familia
2112 1525 2187 1546 con-

1232 1560 1250 1590 s
1247 1559 1319 1589 ulari
1331 1558 1437 1592 est,ille
1448 1560 1598 1599 praetoria:
1613 1559 1745 1600 reliquos
1755 1561 1845 1590 video
1854 1557 1901 1590 eff
1898 1571 1912 1589 e
1922 1569 1959 1589 ex
1969 1558 2095 1600 equestri
2105 1559 2186 1588 loco:

1234 1601 1302 1631 sunt
1312 1610 1420 1630 omnes
1430 1599 1489 1630 fine
1499 1601 1614 1630 macula
1625 1620 1632 1634 ,
1653 1601 1722 1631 sunt
1731 1602 1816 1642 aeque
1827 1603 1902 1631 boni
1910 1603 1968 1630 viri
1979 1622 1988 1635 ,
2007 1609 2095 1641 atque
2108 1601 2188 1630 inte-

1233 1644 1277 1684 gri
1292 1653 1297 1671 :
1317 1642 1364 1672 sed
1378 1642 1484 1673 servari
1498 1652 1566 1672 nect
1573 1640 1612 1671 sse
1625 1641 1667 1672 est
1680 1643 1813 1682 gradum.
1836 1643 1919 1673 cedat
1929 1643 2076 1672 consulari
2085 1641 2188 1683 generi

1233 1686 1406 1724 praetorium
1419 1705 1427 1717 ‚
1451 1693 1505 1713 nec
1522 1684 1684 1713 contendat
1702 1694 1771 1714 curn
1790 1686 1931 1724 praetorio
1948 1683 2081 1725 equester
2095 1684 2188 1712 locus.

1236 1726 1346 1756 sublata
1361 1727 1427 1755 sunt
1439 1725 1536 1762 studia
1547 1746 1555 1758 ,
1577 1724 1731 1755 exstinCiae
1748 1724 1987 1767 suffiagationes,
2009 1725 2191 1754 nullae‘con-

1237 1769 1389 1798 tentiones
1403 1787 1412 1801 ,
1434 1768 1516 1797 nulla
1530 1768 1646 1796 libertas
1660 1768 1765 1807 populi
1778 1769 1810 1797 in
1824 1767 2001 1797 mandandis
2016 1765 2194 1807 magistrati-

1241 1809 1313 1842 bus,
1328 1809 1411 1839 nulla
1420 1807 1600 1849 exspeStatio
1610 1808 1834 1850 suffragiorum:
1854 1809 1953 1842 nihil,
1971 1808 2192 1848 utplerumque

1237 1852 1339 1881 evenit
1348 1871 1356 1884 ‚
1368 1860 1473 1890 praeter
1482 1851 1663 1890 opinionem
1674 1851 1801 1881 accidet:
1816 1852 1899 1881 nulla
1907 1853 1963 1881 erit
1971 1849 2090 1890 posthac
2099 1851 2197 1879 varie·

1239 1902 1280 1923 tas
1291 1894 1500 1922 comitiorum.
1524 1894 1576 1922 Sin
1587 1893 1645 1922 hoc
1653 1893 1781 1932 persaepe
1799 1893 1924 1926 accidit,
1943 1902 1976 1922 ut
1990 1892 2022 1922 &
2033 1891 2129 1922 fastos
2139 1890 2196 1920 ali-

1239 1944 1315 1976 quos
1326 1954 1334 1968 ,
1357 1934 1389 1964 &
1404 1944 1467 1964 non
1480 1933 1574 1964 fastos
1585 1932 1642 1964 ess'e
1656 1937 1817 1965 miremur:
1843 1933 1862 1964 fi
1875 1944 1997 1975 campus
2007 1953 2015 1967 ‚
2035 1942 2120 1973 atque
2133 1932 2196 1964 illae

1242 1976 1330 2006 undae
1343 1978 1541 2006 comitiorum
1552 1996 1560 2010 ‚
1581 1985 1613 2006 ut
1630 1987 1707 2005 mare
1721 1975 1907 2016 profundum
1919 1996 1927 2010 ,
1948 1977 1981 2006 &
1993 1975 2193 2008 immensum,

1241 2017 1278 2048 fic
1288 2016 1482 2049 effervescunt
1492 2018 1624 2059 quodam
1633 2017 1711 2059 quasi
1722 2018 1791 2048 aestu
1802 2039 1810 2052 ,
1822 2027 1855 2049 ut
1863 2017 1898 2048 ad
1907 2018 1982 2048 alios
1991 2016 2129 2048 accedant
2137 2035 2146 2050 ‚
2157 2013 2195 2046 ab

1243 2060 1309 2091 aliis
1327 2068 1425 2090 autem
1445 2060 1596 2090 recedant:
1617 2061 1650 2089 in
1665 2069 1746 2090 tanto
1756 2070 1812 2090 nos
1822 2063 1938 2100 impetu
1947 2059 2116 2090 studiorum
2129 2077 2138 2091 ‚
2158 2057 2194 2088 δε

1244 2110 1330 2132 motu
1340 2103 1516 2132 temeritatis
1526 2122 1534 2135 ‚
1555 2100 1683 2132 modum
1693 2102 1823 2143 aliquem
1835 2122 1845 2136 ,
1864 2100 2064 2132 &consilium
2076 2120 2084 2134 ,
2105 2099 2138 2130 &
2149 2108 2196 2129 ra-

1241 2146 1359 2174 tionem
1369 2144 1571 2184 requiramus?
1593 2146 1690 2184 Quare
1705 2145 1771 2174 noli
1789 2154 1838 2174 me
1854 2143 1889 2174 ad
1902 2144 2132 2174 contentionem
2141 2150 2196 2171 ve-

1243 2185 1330 2216 stram
1350 2195 1504 2218 revocare,
1526 2184 1698 2215 Laterensis.
1721 2188 1863 2220 Etenim,
1884 2184 1904 2214 fi
1923 2184 2038 2225 populo
2056 2190 2134 2225 grata
2153 2180 2198 2212 est

1241 2226 1342 2257 tabella
1353 2247 1361 2261 ,
1376 2237 1442 2268 quae
1451 2227 1577 2257 fronteis
1586 2228 1678 2266 aperit
1686 2228 1851 2257 hominum
1862 2247 1871 2261 ‚
1887 2227 2016 2256 menteis
2030 2226 2115 2264 tegit:
2132 2223 2197 2254 dat·-

1241 2279 1299 2309 que
1312 2278 1378 2299 eam
1393 2269 1559 2299 libertatem
1572 2289 1579 2302 ,
1592 2277 1625 2298 ut
1634 2288 1642 2302 ,
1653 2268 1734 2308 quod
1745 2269 1841 2298 velint
1850 2287 1859 2301 ‚
1878 2267 2002 2297 faciant:
2016 2266 2196 2306 promittant

1241 2318 1341 2340 autem
1353 2330 1363 2343 ,
1382 2311 1463 2350 quod
1477 2319 1634 2351 rogentur:
1652 2319 1704 2339 cur
1713 2318 1745 2339 tu
1755 2309 1913 2348 injudicio
1924 2309 2068 2348 exprimis
2078 2327 2086 2342 ‚
2105 2307 2191 2348 quod

1241 2360 1306 2380 non
1320 2350 1354 2380 fit
1366 2352 1399 2380 in
1413 2359 1519 2389 campo
1537 2356 1547 2379 Ξ
1577 2351 1643 2383 hic,
1667 2350 1757 2390 quam
1781 2351 1853 2384 ille,
1874 2350 1995 2391 dignior
2013 2360 2019 2379 :
2051 2348 2194 2390 perquam

1239 2401 1325 2432 grave
1345 2390 1387 2421 est
1403 2391 1498 2421 dictu.
1522 2392 1688 2433 Qioiriodo
1706 2394 1794 2433 igitur
1811 2391 1854 2422 est
1871 2401 1991 2432 aequum
2009 2397 2019 2422 ?
2035 2394 2082 2421 Sic
2091 2390 2194 2424 credo;

1241 2432 1324 2473 quod
1334 2434 1445 2473 agitur:
1466 2433 1547 2474 quod
1562 2434 1628 2463 satis
1642 2433 1684 2463 est
1696 2434 1814 2473 judici3
1832 2435 1881 2464 hic
1891 2433 1985 2463 faetus
1995 2432 2048 2463 est.
2073 2431 2197 2462 Curiste

1240 2476 1343 2515 potius
1353 2494 1361 2508 ,
1372 2474 1462 2516 quam
1474 2475 1549 2516 ego?
1566 2475 1622 2505 Vel
1631 2475 1750 2510 nescio,
1763 2476 1813 2506 vel
1823 2485 1886 2506 non
1897 2475 1965 2506 dico
1975 2495 1984 2510 ,
1997 2475 2045 2506 vel
2055 2474 2198 2515 denique,

2114 2514 2198 2558 quod

281 2617 289 2633 ι
299 2628 304 2633 .
324 2609 378 2641 Qu
387 2610 450 2634 nolui
461 2607 568 2642 janua]

245 2687 348 2708 Mieatlll'
355 2701 360 2705 .

279 2725 306 2741 ι..
326 2717 391 2747 {Qud
398 2717 494 2749 denique
505 2716 547 2749 ipfi
556 2716 653 2741 dcl-eant
665 2735 672 2747 ‚
683 2715 749 2749 dm]
771 2714 916 2741 Lambinus
929 2733 936 2745 ‚
946 2714 1005 2747 quid
1013 2714 1095 2746 cuique
1103 2713 1146 2745 ipsi
1154 2712 1204 2736 deb.

243 2751 309 2781 &eff
332 2751 363 2776 sic
375 2751 440 2777 liber
451 2753 564 2782 Turium.
578 2751 700 2786 idemque
711 2750 795 2791 codex
810 2751 908 2787 posteri,
920 2750 963 2776 ubi
975 2749 1098 2776 habemus
1111 2767 1119 2780 ‚
1137 2749 1153 2774 it
1165 2757 1203 2773 re-

238 2783 428 2820 jubsvin'mmr
437 2787 523 2818 deberi,
535 2779 618 2813 solum
630 2787 750 2819 exhibet,
763 2797 778 2812 a
791 2788 871 2820 repub.
887 2787 1009 2812 debeatur.

283 2831 308 2856 3.
329 2826 373 2848 ΕΩ
381 2826 441 2849 enim
452 2825 495 2848 hac
505 2823 627 2857 tonditio]
650 2823 797 2859 Inter-posui
817 2822 972 2859 particulam
989 2823 1032 2847 hac
1043 2840 1051 2853 ‚
1069 2819 1141 2847 suasu
1152 2820 1204 2847 Ei·-

245 2857 318 2885 fird.
331 2867 358 2884 ut
369 2860 395 2884 ὅ(
407 2859 482 2895 supra
492 2860 549 2892 iffi),
560 2868 616 2894 quae
629 2861 742 2885 multum
753 2858 879 2885 adferunt
889 2857 1043 2884 venustatis.

282 2902 310 2925 4.
329 2898 420 2926 Semper
430 2897 456 2928 fi'
467 2898 544 2927 rogari
554 2896 666 2928 vuluiff‘e5
681 2898 770 2928 ’senesci‘
782 2894 971 2929 fibiplacmffin]
995 2892 1066 2919 illud
1077 2893 1123 2926 fibi
1142 2892 1203 2919 esta

246 2930 398 2965 Turingitis
412 2939 420 2960 3
443 2931 525 2957 reeie.
545 2940 633 2958 amans
645 2932 739 2967 qnippe
751 2931 786 2957 ilii
799 2931 909 2967 populus
922 2950 930 2962 ,
948 2929 1061 2965 ideoque
1072 2938 1123 2955 non
1135 2929 1204 2965 pati-

247 2973 291 2993 mir
302 2966 456 3027 potestatem
476 2966 544 2992 suam
556 2968 678 2994 imminui
698 2975 849 3003 arrogantia
860 2965 1072 2993 candidatorum.
1092 2964 1203 2990 Lambi-

246 3011 294 3028 nus
324 3002 362 3027 cic
372 3001 517 3028 obtruserat
530 3003 602 3029 nobis
614 3014 620 3029 :
644 3004 878 3037 rqgari,stn1pcrfibi
889 3004 1022 3036 suppIt‘cari
1032 3002 1127 3035 ‘voluiffe
1138 3020 1145 3033 ‚
1162 3000 1204 3027 sed

246 3038 322 3065 millo
333 3037 463 3064 librorum
478 3036 614 3073 suffragio.

284 3083 310 3106 5.
328 3077 355 3099 C.
365 3077 474 3099 Serenum
478 3074 648 3108 fiabtiliffimum
657 3075 793 3110 hominem]
816 3075 884 3102 Pau.
896 3073 953 3101 fere
964 3082 1067 3106 omnes,
1077 3072 1141 3099 item
1154 3073 1205 3098 Er-

245 3108 318 3136 furd.
330 3119 359 3136 ac
369 3111 395 3135 S.
411 3109 528 3136 Vit‘toris
542 3129 550 3141 ,
560 3109 673 3146 denique
683 3110 768 3138 editio
781 3118 856 3138 vetus
869 3113 1054 3145 ,stuluffimtmn

244 3145 314 3173 misit
325 3145 470 3172 Lambinus
481 3145 570 3184 addita
582 3147 712 3181 negativa.
742 3146 817 3173 reae
829 3146 951 3183 profeffih')
964 3147 982 3173 fi
997 3147 1037 3172 cui
1050 3153 1155 3172 tantum
1171 3145 1205 3171 li-

243 3189 286 3210 cet
294 3182 322 3210 in
340 3191 419 3218 opere
438 3181 558 3211 alterius.
578 3189 698 3212 ceterum
713 3182 825 3211 Eri'tird.
843 3183 915 3212 idem
935 3183 1002 3212 ut&
1014 3181 1205 3216 Gruterianus,

556 2640 560 2641 .
590 2607 632 2632 Sic
644 2607 671 2633 t<
681 2606 766 2642 prima
776 2605 861 2633 editio
873 2624 881 2638 ‚
893 2605 920 2631 8<
932 2604 1050 2631 miliores
1062 2602 1119 2630 mss‘.
1135 2602 1203 2629 I’all.

243 2644 321 2670 otiam
342 2646 368 2670 S.
388 2644 463 2670 Viti.
481 2642 645 2671 intermediee
664 2641 726 2669 edd.
743 2646 819 2669 volui.
840 2651 898 2678 qua:
917 2641 997 2669 etiam
1016 2639 1093 2667 habet
1113 2649 1163 2675 qua
1180 2639 1205 2665 se
1222 2653 1224 2660 ι

1076 3108 1146 3145 quod
1158 3108 1206 3134 ad-

1242 2603 1398 2638 praefcrunt,
1409 2606 1535 2632 scr-anum,
1548 2601 1617 2637 quod
1629 2602 1725 2638 oppido
1735 2601 1872 2638 placuiss'et
1883 2601 2051 2632 P.M:tnutio‚
2061 2599 2199 2637 proditum

1241 2639 1265 2665 le
1278 2640 1350 2666 vivo.
1370 2640 1390 2665 is
1402 2639 1473 2665 enim
1483 2643 1612 2663 Serranum
1622 2648 1648 2664 re
1669 2638 1800 2664 oriendum
1812 2638 1922 2664 omnino
1932 2637 2049 2673 putabat.

1277 2677 1305 2702 6.
1324 2679 1349 2701 Si
1360 2677 1399 2700 hnc
1411 2675 1545 2708 indicasti]
1569 2674 1611 2700 fist
1623 2676 1638 2700 a
1650 2648 1792 2705 Eambino,
1804 2674 1846 2700 sed
1857 2674 1908 2704 'iam
1919 2674 2055 2699 firmatum
2067 2681 2121 2699 urio
2130 2671 2201 2698 alta-

1241 2721 1322 2747 roque
1335 2711 1456 2737 Palatino
1468 2730 1475 2741 ‚
1495 2711 1559 2736 itcin
1569 2709 1659 2736 codiee
1669 2712 1750 2736 (ἐι-ιιι.
1761 2711 1832 2745 prius
1844 2710 2046 2743 edhijudiczfflst
2064 2707 2134 2744 quod
2144 2716 2198 2734 non

1243 2748 1318 2774 tideo
1329 2756 1375 2772 cur
1386 2754 1524 2782 tantopere
1536 2747 1673 2781 exagitare
1683 2745 1805 2772 debuerit
1816 2745 2023 2772 Monstroliensis
2032 2744 2090 2770 ille.

1279 2793 1306 2818 7.
1326 2784 1387 2809 Idem
1398 2785 1456 2808 mihi
1467 2783 1526 2815 fitnt
1536 2784 1631 2815 judices
1646 2785 1732 2815 parari
1741 2793 1748 2807 .-
1766 2784 1857 2808 tribuni
1869 2782 1944 2814 flebis
1956 2782 2079 2813 permagni
2088 2780 2198 2810 inter-eff,

1238 2822 1341 2854 quisint.
1361 2828 1436 2854 quare
1447 2825 1488 2844 ain
1499 2818 1566 2843 redde
1575 2820 1632 2843 milii
1640 2819 1701 2851 quod
1708 2819 1847 2849 alicnde-ras,
1860 2818 1927 2850 ava]
1949 2818 2069 2851 Integrat
2079 2815 2147 2841 hunc
2157 2814 2201 2840 lo-

1240 2866 1298 2882 cum
1310 2856 1418 2892 egregia
1428 2853 1543 2880 clausula
1553 2854 1714 2888 Turingicus
1728 2854 1803 2879 liber.
1824 2852 1943 2879 immistis
1955 2852 2060 2878 vocibus
2071 2857 2202 2887 quatuor·

1237 2892 1336 2918 decim.
1358 2892 1429 2927 prius·
1439 2891 1508 2916 enim
1520 2890 1605 2916 solum
1618 2889 1786 2920 habebamus,
1794 2890 1853 2916 idem
1863 2890 1929 2919 thi,
1940 2889 2000 2921 quod
2008 2888 2146 2920 ostenderas.

1276 2929 1302 2955 8.
1324 2927 1458 2961 Nihilquod
1468 2926 1589 2960 timpum]
1612 2925 1720 2952 Reduxi
1740 2925 1887 2951 editionum
1902 2923 2044 2960 priscarum
2064 2923 2200 2950 omnium-

1259 2974 1291 2991 ne
1303 2964 1359 2991 mss'.
1370 2972 1461 2989 vocem
1476 2982 1483 2994 ‚
1495 2962 1586 2993 ciefftis
1597 2962 1739 2988 neotericis
1752 2981 1760 2992 ‚
1771 2962 1871 2987 diribitio
1885 2980 1892 2992 ‚
1905 2961 2026 2993 diremptio
2037 2979 2045 2992 ‚
2069 2959 2177 2995 aliisque
2188 2968 2199 2991 3

1240 2974 1304 3027 dum
1319 3003 1428 3026 Senatus
1440 2998 1557 3025 Criticus
1569 2997 1689 3024 consulto
1709 2998 1753 3024 luo
1763 2996 1879 3024 firmabit
1899 2996 2025 3032 quidnam
2038 2995 2200 3031 potiffiinum

1240 3036 1385 3063 admittere
1400 3035 1551 3061 habeamus.
1561 3034 1709 3067 Diripidicic
1720 3034 1754 3060 est
1767 3053 1774 3064 ‚
1787 3032 1901 3069 prens-iri
1915 3052 1923 3064 ,
1940 3031 2034 3059 ambiri
2045 3035 2060 3058 a
2070 3031 2201 3069 pluribus.

1241 3074 1314 3106 cnjus
1326 3072 1397 3098 vocis
1407 3070 1529 3106 exempla
1539 3071 1615 3106 plura
1633 3070 1705 3110 posui
1723 3076 1783 3096 ante
1795 3078 1843 3095 xx.
1863 3069 1965 3104 aliquot
1974 3078 2055 3095 annos
2067 3069 2093 3095 in
2104 3068 2201 3094 Anim-

1241 3108 1416 3135 adverlionib.
1436 3107 1467 3134 ad
1479 3110 1602 3138 Senecam
1621 3106 1668 3132 lib.
1683 3115 1732 3132 iii.
1754 3107 1794 3131 De
1805 3107 1846 3131 Ira
1856 3114 1912 3141 cap.
1922 3113 1969 3140 23.
1984 3105 2043 3131 usus
2054 3105 2081 3131 Sc
2093 3103 2200 3130 Tullius

1244 3144 1330 3171 noster
1350 3143 1448 3173 disertc:
1467 3143 1515 3172 lib.
1526 3152 1564 3171 ii.
1584 3142 1665 3180 Epist.
1684 3141 1716 3172 ad
1731 3144 1772 3180 Q
1787 3141 1898 3171 fratrem
1919 3152 1925 3169 :
1954 3143 2077 3176 Direptum
2094 3143 2128 3168 iri
2144 3146 2166 3166 u
2182 3137 2200 3165 i

1245 3181 1303 3215 tuit,
1313 3181 1365 3213 &⁸-

2126 3218 2155 3245 3·
2172 3211 2202 3237 1¹
