2360 3400
702 94 733 144 b
767 111 798 144 Ε

236 191 316 217 rum.
338 182 383 213 Ac
399 177 473 211 belli
491 176 617 220 quidem
635 178 758 218 aequitas
774 175 954 208 sanEtiffime
973 176 1072 209 fetiali
1093 179 1201 218 populi

237 228 331 257 Rom.
338 225 404 264 jure
414 222 570 263 perscripta
579 218 632 250 est.
655 222 703 251 Ex
716 229 779 261 quo
793 220 922 261 intelligi
936 219 1035 260 potest
1045 239 1055 254 ‚
1076 221 1197 250 nullum

236 267 349 299 bellum
360 263 419 295 efi'e
428 262 542 305 justum
556 282 564 296 ,
584 260 639 292 nifi
656 262 739 303 quod
756 270 806 292 aut
822 261 909 292 rebus
922 263 1055 301 repetitis
1067 270 1195 302 geratur,

232 317 284 340 aut
292 308 504 338 denuntiatum
514 314 580 335 ante
593 302 626 334 sit
637 325 647 339 ‚
660 306 693 334 &
704 303 866 334 indictum.
889 304 1060 343 Pompilius
1072 323 1080 337 ‚
1095 304 1195 343 impe-

231 358 312 381 rator
321 369 330 383 ‚
342 348 460 380 tenebat
471 348 660 388 provinciam
672 356 678 375 :
697 348 729 376 in
741 347 787 386 cuj
793 355 826 375 us
838 348 969 376 exercitu
977 346 1102 376 Catonis
1113 344 1194 375 filius

232 393 293 422 tiro
304 391 464 421 militabat.
489 393 499 409 ¹
512 391 590 420 Cum
601 396 701 419 autem
710 387 868 428 Pompilio
879 387 1028 418 videretur
1039 396 1132 417 unam
1146 386 1193 417 di—

230 435 351 473 mittere
364 433 517 474 legionem
530 451 539 466 ,
559 432 681 461 Catonis
693 439 814 471 quoque
830 427 928 459 filium
942 447 952 463 ‚
971 430 1026 470 qui
1039 430 1072 458 in
1087 429 1190 459 eadem

227 474 351 516 legione
372 474 520 505 militabat
539 470 663 503 dimisit.
698 471 757 503 Sed
775 480 846 502 cum
865 480 967 502 amore
985 469 1138 510 pugnandi
1158 472 1191 501 in

227 506 363 548 dxercitu
382 515 581 548 remansisset,
604 517 678 545 Cato
695 513 731 544 ad
741 514 930 553 Pompilium
946 511 1077 552 scripsit,
1097 521 1150 546 ut,
1169 511 1190 542 fi

225 567 299 591 eum
311 567 458 599 pateretur
467 560 499 588 in
513 557 648 587 exercitu
659 565 811 586 remanere
823 574 832 589 ,
851 554 982 586 secundo
993 563 1063 584 eum
1074 554 1190 596 obliga-

227 609 274 632 ret
283 602 401 632 militia:
411 601 614 632 sacramento:
628 599 698 639 quia
706 617 716 632 ‚
729 601 828 638 priore
837 595 946 627 amisso
956 616 964 631 ,
978 597 1042 637 jure
1051 606 1122 627 cum
1133 598 1190 626 ho-

227 641 322 673 stibus
341 652 470 684 pugnare
487 652 552 672 non
571 649 694 681 poterat.
718 637 805 670 Adeo
819 639 938 673 summa
949 647 1009 668 erat
1022 637 1189 669 observatio

226 686 262 715 in
282 685 365 715 bello
384 683 550 714 movendo.
575 684 670 712 Marci
688 681 812 722 quidem
827 682 950 711 Catonis
970 680 1047 711 senis
1066 679 1190 720 epistola

226 725 271 757 est
288 727 324 757 ad
334 729 379 757 M.
394 725 493 756 filium
505 746 513 759 ,
534 728 567 755 in
586 734 644 765 qua
662 722 790 763 scriplit,
805 723 837 762 se
851 722 974 760 audzffe‚
996 731 1060 751 eum
1075 722 1190 759 missum

219 766 340 808 fastum
357 768 407 807 effe
423 764 442 797 ἒι
462 767 588 807 consule,
609 763 673 795 edm
686 766 715 794 in
724 764 894 795 Macedonia
904 763 1005 804 Perfice
1028 762 1093 793 bello
1111 763 1191 793 miles

225 810 297 848 effer.
323 813 430 840 Monet
439 811 532 849 igitur
541 816 576 837 ut
585 813 686 836 caveat
695 827 703 840 ‚
715 817 747 835 ne
753 806 886 847 proelzum
896 806 980 834 ineat.
1004 814 1092 847 negat
1102 808 1186 836 enim

165 860 178 887 1
187 863 207 887 2
217 852 269 892 jus
278 852 327 890 ff
337 871 346 886 ‚
359 852 412 893 qui
420 851 500 880 miles
507 860 560 879 non
566 848 608 889 fit
618 867 628 882 ,
635 856 762 894 pugnore
772 857 836 876 cum
844 845 922 883 hoste.
947 847 1097 887 Equidem
1109 847 1186 878 illud

221 896 313 924 etiam
329 892 536 923 animadverto
547 909 555 924 ‚
576 889 660 930 quod
674 899 726 929 qui
744 891 867 928 proprio
883 890 1009 918 nomine
1026 889 1190 929 perduellis

221 933 295 964 esset
305 954 314 968 ‚
334 935 360 964 is
373 932 449 971 hosta
461 940 618 962 vocaretur
628 951 638 964 ‚
660 931 782 960 lenitate
792 930 875 960 verbi
889 929 1038 961 tristitiam
1050 933 1092 960 rei
1103 933 1187 961 miti—

220 973 317 1018 gante.
361 974 466 1006 Hostis
485 976 568 1005 enim
588 972 666 1013 apud
687 972 816 1007 maiores
835 971 955 1003 nostros
976 974 1001 1001 is
1023 972 1186 1007 dicebatur,

220 1027 314 1059 quem
332 1027 416 1048 nunc
431 1017 609 1059 peregrinum
625 1014 772 1045 dicimus:
794 1014 954 1045 ²indicant
966 1014 1128 1045 duodecim
1146 1024 1186 1046 ta—

218 1059 321 1091 bulae:
345 1069 416 1090 Aur
434 1067 557 1089 srArus
574 1065 648 1087 DxES
670 1065 745 1087 cum
765 1064 877 1087 nostr..
901 1059 1040 1097 Itemque
1059 1065 1185 1087 ADVER—

220 1110 277 1132 sus
293 1110 426 1132 nesi-EM
446 1108 596 1130 AE'tERNA
614 1107 847 1130 AUCTORITAS.
870 1098 952 1138 Qiid
963 1100 998 1128 ad
1009 1100 1084 1130 hanc
1096 1109 1182 1129 man—

215 1143 411 1175 suetudinem
430 1142 499 1173 addi
517 1141 636 1182 potest?
655 1149 728 1170 eum
746 1143 797 1181 qui
814 1150 886 1171 cum
907 1140 984 1170 belia
998 1150 1101 1179 geras,
1121 1150 1180 1171 tam

216 1186 309 1216 molli
319 1187 448 1216 nomine
456 1185 618 1224 appellari?
635 1184 828 1223 Qamquam
839 1182 870 1213 id
881 1192 997 1212 nomen
1008 1183 1180 1222 duriusjam

216 1226 320 1258 effecit
329 1226 467 1259 vetustas.
490 1229 506 1256 a
519 1226 678 1267 peregrino
692 1234 776 1254 enim
790 1226 852 1264 jam
866 1222 996 1257 recessit,
1017 1225 1048 1255 &
1059 1225 1178 1265 proprie

215 1269 251 1299 in
262 1279 298 1300 eo
308 1289 317 1303 ‚
336 1271 389 1310 qui
399 1278 481 1299 arma
489 1270 594 1298 contra
602 1267 694 1298 fen-et
703 1286 711 1300 ‚
725 1264 873 1297 remansit.
897 1269 973 1296 Cum
986 1265 1058 1297 vero
1072 1268 1107 1296 de
1118 1277 1179 1297 irn-

211 1313 301 1352 perio
310 1311 486 1344 dictitatur,
497 1313 511 1338 3
522 1309 661 1351 belloque
671 1310 813 1349 quaeritur
821 1310 926 1348 gloria,
938 1309 1034 1339 causas
1045 1318 1176 1339 omnino

213 1351 330 1383 subess'e
341 1361 442 1384 tamen
454 1360 573 1392 oportet
585 1351 702 1381 easdem
714 1370 723 1384 ‚
741 1360 814 1391 quas
824 1351 889 1381 dixi
898 1351 1002 1390 paullo
1011 1351 1080 1382 ante
1085 1352 1097 1390 j
1102 1350 1178 1381 ustas

212 1395 311 1425 causas
321 1394 379 1425 effe
390 1394 552 1425 bellorum.
575 1392 633 1424 Sed
651 1402 684 1422 ea
703 1392 797 1425 bella,
817 1392 928 1433 quibus
946 1395 1067 1432 imperii
1082 1393 1177 1434 gloria

211 1435 362 1477 proposita
371 1436 412 1467 est
423 1455 432 1470 ‚
455 1435 557 1465 minus
574 1432 669 1464 acerbe
683 1434 811 1473 gerenda
829 1435 907 1464 sunt.
929 1437 997 1465 4Ut
1008 1445 1091 1464 enim
1102 1445 1170 1464 cum

209 1480 272 1509 civi
282 1477 588 1509 alitercontendimus
599 1495 608 1509 ‚
631 1474 649 1504 si
659 1474 702 1504 est
711 1476 861 1505 inimicus
872 1495 881 1509 ‚
894 1476 979 1506 aliter
989 1496 998 1508 ‚
1015 1475 1036 1504 si
1048 1487 1171 1516 conspe-

210 1521 283 1550 titor
294 1531 299 1549 :
312 1529 383 1550 cum
394 1520 486 1550 altero
495 1527 647 1548 certamen
658 1518 783 1546 honoris
793 1536 803 1550 ,
818 1517 850 1546 δε
863 1518 1019 1556 dignitatis
1027 1517 1070 1546 est
1081 1530 1085 1546 ;
1102 1528 1171 1547 cum

209 1561 303 1591 altero
311 1562 415 1601 capitis
427 1580 436 1594 ‚
458 1560 491 1590 δε
501 1558 608 1589 famae:
629 1556 667 1588 fic
677 1567 749 1587 curn
762 1559 921 1587 Celtibei·.s
932 1577 940 1590 ,
960 1568 1028 1587 cum
1041 1561 1173 1588 Cimbris

207 1601 324 1633 bellum
337 1622 346 1636 ‚
369 1611 402 1633 tit
412 1611 481 1632 cum
494 1603 631 1632 inimicis
639 1599 796 1641 gerebatur
807 1619 815 1633 ,
836 1610 901 1630 uter
915 1598 985 1629 effet
996 1619 1006 1633 ‚
1025 1609 1090 1629 non
1111 1610 1173 1630 uter

208 1645 388 1684 imperaret:
411 1654 481 1674 cum
504 1645 621 1674 Latinis
637 1661 646 1675 ,
665 1642 782 1671 Sabinis
794 1661 803 1675 ,
823 1642 1029 1675 samnitibus,
1050 1644 1150 1672 Poenis
1162 1662 1171 1676 ,

205 1687 257 1725 Pyi
265 1687 322 1717 rho
333 1686 369 1716 de
381 1689 472 1726 imper
481 1696 509 1715 io
521 1684 730 1715 dimicabatur·
755 1685 842 1713 Poeni
852 1682 1002 1724 ioedifragi
1012 1702 1022 1716 ,
1042 1684 1171 1714 crudelis

207 1728 381 1762 Hannibal,
401 1729 509 1768 reliqui
527 1726 678 1765 justiores.
702 1727 715 1751 5
725 1726 832 1765 Pyrrhi
847 1725 972 1766 quidem
991 1724 1029 1755 de
1046 1728 1170 1766 captivis

204 1769 365 1800 reddendis
376 1791 384 1804 ‚
401 1770 450 1799 illa
460 1771 613 1808 piaeclara:

296 1814 359 1841 Nec
367 1813 407 1840 mi
416 1821 520 1839 aurum
527 1811 604 1850 pofto
617 1830 625 1844 ,
637 1819 684 1838 nec
693 1808 734 1836 mi
740 1808 864 1850 pren'um
872 1807 1002 1838 dederitis
1011 1827 1022 1843 ,

295 1856 375 1883 Ferro
385 1874 394 1888 ‚
408 1864 459 1882 non
469 1863 537 1881 auro
553 1859 645 1881 vitam
654 1860 799 1880 cernamus
810 1852 932 1892 utrique.

295 1897 408 1926 Virtute
419 1903 603 1935 experiamur.
628 1895 663 1927 (γ
672 1893 722 1922 hoc
724 1892 815 1933 fimul
820 1901 913 1933 accipe
922 1890 1032 1922 dietum
1040 1902 1053 1921 .-

889 92 1353 156 OFf’ld113

1436 110 1530 159 1.1
1567 125 1609 157 n.
1693 112 1729 158 L

1333 189 1501 220 Eorumdem
1510 201 1554 221 me
1562 189 1694 220 libertati
1699 197 1810 233 parcere
1818 193 1924 223 ce‘rtum
1933 191 1976 225 est
1983 203 1995 223 .·

1333 228 1349 250 ⁶
1359 233 1420 262 Nec
1429 240 1613 275 cauponantes
1622 231 1722 263 bellum
1733 254 1743 268 ,
1753 234 1803 274 fid
1810 234 1998 276 belltgerantes
2005 247 2019 265 .-

1332 273 1416 312 Vofire
1423 275 1495 304 velit
1505 296 1513 310 ‚
1528 286 1564 304 an
1574 285 1618 305 me
1625 285 1737 316 regnare
1745 277 1811 306 hera
1821 298 1830 312 ,
1840 278 1945 320 quidve
1952 279 2030 319 ferat
2035 280 2100 320 fors
2107 299 2120 317 ‚

1326 317 1344 343 7
1354 315 1487 355 Qomm
1501 318 1611 347 virtuti
1622 316 1685 347 betti
1688 318 1811 356 fortuna
1821 321 1942 361 pepercit
1951 341 1959 356 ,

1328 350 1342 375 '⁵
1350 359 1432 387 Dono
1441 379 1450 392 ,
1462 359 1556 389 ducite
1563 378 1573 393 ,
1583 359 1671 401 doque
1678 380 1686 394 ‚
1696 364 1713 387 9
1722 360 1878 391 volennbu’
1888 373 1953 392 cum
1962 364 2073 404 magnis
2081 364 2147 395 diis.

2059 115 2190 180 i215

1231 396 1353 437 Regalis
1363 399 1431 430 sane.¹
1441 420 1449 432 ‚
1461 401 1493 431 ὅ(
1504 401 1592 441 digna
1604 402 1794 433 AEacidarum
1805 413 1913 444 genere
1923 405 2077 438 sententia·
2094 410 2193 449 Atque
2214 421 2224 447 ι
2238 421 2253 455 3

1232 439 1323 484 etiam
1334 439 1353 468 si
1365 441 1438 481 quid
1450 441 1556 483 singuli
1568 463 1576 476 ,
1594 444 1782 484 temporibus
1790 445 1910 476 adducti
1919 466 1928 480 ,
1953 447 2033 479 hosti
2044 450 2192 489 promise-

1231 488 1292 509 rint
1304 499 1312 513 ,
1331 481 1374 512 est
1393 484 1426 512 in
1445 493 1481 513 eo
1499 485 1566 524 ipso
1586 483 1658 515 fides
1677 486 1880 518 conservanda
1896 499 1901 518 1
1921 497 1953 519 ut
1962 491 2063 529 primo
2076 493 2192 523 Punico

1229 520 1312 568 bello
1330 525 1463 565 Regulus
1481 535 1581 566 captus
1600 527 1744 562 aPoenis,
1762 527 1833 559 cum
1852 529 1890 560 de
1914 533 2037 571 captivis
2046 542 2192 564 commu·

1229 562 1328 593 tandis
1354 567 1486 597 Romam
1517 566 1622 598 miffus
1642 568 1713 599 ess‘et
1731 589 1740 604 ‚
1768 569 1946 613 jurassetque
1963 573 1992 603 se
2011 574 2188 606 rediturum:

1231 606 1408 644 ”primum
1421 628 1430 642 ,
1449 618 1483 639 ut
1503 612 1605 643 venit,
1625 613 1758 651 captivos
1779 613 1949 645 reddendos
1967 615 2000 645 in
2011 615 2112 646 senatu
2124 627 2189 649 non

1229 647 1362 678 censuit:
1383 649 1511 685 deinde,
1541 650 1649 682 ¹¹cum
1661 655 1861 686 retineretur&
1879 658 2076 698 propinquis,
2099 658 2132 688 &
2150 659 2188 690 ab

1229 690 1357 723 amicis,
1376 691 1412 721 ad
1430 692 1610 732 supplicium
1630 694 1723 724 redire
1743 697 1866 730 maluit,
1889 699 1979 738 quam
2000 697 2092 730 fidem
2107 699 2186 731 hosti

1227 729 1325 760 datam
1335 730 1446 763 fallere.
1472 738 1480 753 ¹
1488 738 1501 754 2
1510 735 1629 764 Secundo
1639 743 1736 765 autem
1746 739 1848 767 Punico
1860 737 1934 773 beuo,
1945 739 2011 781 pos}
2022 742 2187 781 Cannensem

1228 778 1357 812 pugnam
1367 794 1375 806 ‚
1388 785 1455 815 quos
1464 776 1554 805 decem
1565 776 1710 806 Hannibal
1718 781 1840 818 ‘Romam
1856 780 1998 816 adstrtihs
2015 783 2092 824 misit
2109 784 2187 819 jure·

1218 814 1374 855 jurandofi·
1384 817 1518 846 redituros
1528 818 1576 855 effe
1588 839 1596 852 ,
1616 819 1669 859 nisi
1676 820 1707 848 de
1716 815 1872 851 redimenda
1883 824 1913 851 iu
1924 844 1932 857 ,
1944 825 1997 865 qui
2005 826 2082 864 capti
2091 817 2184 860 erant,

1226 856 1413 898 impetrafflnt
1420 869 1432 886 :
1449 869 1490 888 eos
1499 870 1595 888 omnen
1604 860 1718 899 censores
1728 881 1737 895 ,
1758 864 1854 903 quoad
1858 865 1977 906 quisque
1985 876 2078 894 eorum
2089 867 2184 900 vixit,

1225 899 1461 938 quipejeraffint‚
1481 912 1510 930 tn
1528 903 1626 930 arariu
1645 903 1817 944 reliquerunt
1827 916 1838 932 .·
1857 916 1904 934 nec
1914 905 2008 935 minias
2019 908 2099 937 illum
2110 929 2118 942 ,
2130 910 2185 950 qui

1217 941 1404 979 jurisjurandi
1416 941 1517 979 fraude
1535 944 1647 983 culpam
1666 946 1822 975 invenerat.
1847 949 1917 976 Cum
1934 950 2007 977 enim
2019 949 2184 980 Hannibalis

1220 983 1354 1022 permtſj'u
1373 983 1468 1021 exiffet
1485 985 1518 1013 de
1527 984 1615 1021 castrii
1625 1006 1633 1019 ,
1652 986 1736 1015 rediit
1740 988 1833 1028 paullo
1840 988 1906 1029 p'os‘l
1916 1010 1924 1022 ,
1942 990 2050 1031 quodsi*
2060 991 2182 1021 oblitum

1221 1024 1308 1062 nescio
1326 1025 1398 1066 quid
1415 1026 1525 1055 diceret.
1549 1028 1658 1057 Deinde
1675 1028 1790 1068 egreff'm
1809 1030 1821 1058 e
1838 1029 1926 1067 castris
1937 1051 1945 1065 ‚
1968 1033 2144 1072 jurejurando
2151 1033 2183 1073 [ξ

1215 1065 1344 1104 solutum
1352 1066 1475 1108 putabar
1486 1079 1496 1095 :
1510 1069 1544 1100 (y
1554 1077 1614 1098 erat
1626 1069 1726 1104 verbu,
1741 1081 1768 1100 re
1776 1082 1828 1100 non
1839 1080 1909 1101 erat.
1935 1077 1963 1101 ¹3
1978 1077 2114 1104 SEMPER
2124 1085 2182 1104 au-

1220 1114 1276 1136 rem
1286 1108 1391 1146 infide,
1403 1109 1583 1151 quidsensbru
1595 1131 1602 1144 ,
1620 1122 1670 1140 non
1679 1112 1751 1154 quid
1758 1113 1858 1142 dixeris
1866 1134 1873 1147 ‚
1897 1116 2086 1154 cogitandum.
2098 1118 2182 1147 Ma-

1219 1150 1333 1178 ximum
1349 1158 1446 1180 autem
1463 1152 1619 1194 exemplum
1641 1153 1684 1182 eff
1695 1153 1812 1192 justitia
1828 1156 1857 1184 in
1879 1155 1979 1191 hostem
1999 1155 2180 1197 &majoribus

1218 1189 1313 1227 nostris
1332 1191 1524 1228 constitutum,
1550 1197 1569 1223 C
1571 1193 1619 1223 itm
1637 1192 1655 1223 ὶῑ
1664 1196 1765 1235 Pyrrho
1771 1195 1890 1237 perfuga
1894 1198 2008 1237 senatui
2021 1198 2064 1228 eff
2071 1200 2182 1239 pollici-

1217 1240 1263 1261 tus
1275 1254 1283 1266 ‚
1299 1234 1475 1273 sevenenum
1497 1236 1555 1276 regi
1563 1236 1700 1265 daturum
1711 1257 1719 1270 ,
1739 1237 1774 1269 <fy-
1784 1248 1846 1267 eum
1855 1247 2019 1268 necaturum
2028 1251 2039 1268 .·
2050 1241 2178 1280 senatus,

1214 1275 1249 1307 <7-
1264 1277 1292 1303 C.
1303 1274 1449 1305 Fabricius
1465 1279 1614 1318 perfugam
1626 1280 1724 1319 Pyrrho
1745 1281 1830 1309 dedit.
1845 1283 1952 1311 ITANE
1961 1280 2036 1317 hosta
2051 1283 2178 1323 quidem,

1216 1316 1250 1349 ὠ·
1256 1325 1376 1358 potentis
1386 1338 1394 1351 ‚
1415 1319 1450 1351 ἀν
1470 1319 1570 1348 bellum
1580 1320 1654 1349 ultro
1664 1322 1807 1360 inferentis
1818 1342 1826 1355 ‚
1852 1323 2000 1352 interitum
2010 1334 2075 1352 cum
2080 1323 2179 1364 scelere

1213 1358 1393 1400 approbavit.
1417 1362 1460 1391 A'c
1478 1361 1515 1391 de
1535 1362 1650 1392 bellicis
1661 1363 1784 1403 quidem
1796 1362 1906 1394 officiis
1917 1365 1984 1395 satis
1995 1365 2110 1396 dietum
2123 1365 2177 1396 est.

1213 1402 1450 1432 Meminerimus
1470 1411 1568 1433 autem
1585 1423 1594 1437 ‚
1614 1407 1704 1434 etiarn
1725 1405 1863 1435 adversus
1883 1405 2010 1437 infimos
2029 1407 2178 1446 justitiam

1213 1441 1270 1471 esse
1291 1443 1474 1474 servandam.
1510 1444 1561 1475 Est
1579 1454 1680 1476 autem
1703 1445 1810 1477 infima
1827 1448 1985 1482 conditio,
2006 1449 2039 1479 &
2054 1448 2178 1481 fortuna

1214 1483 1370 1514 servorum
1385 1495 1390 1513 t
1409 1486 1521 1526 quibus
1532 1506 1540 1520 ‚
1560 1496 1624 1517 non
1644 1487 1723 1518 mals:
1734 1489 1916 1528 praecipiunt
1928 1510 1935 1523 ‚
1957 1493 2009 1530 qui
2021 1491 2178 1529 itajubent

1212 1527 1265 1558 uti,
1277 1529 1306 1552 ¹4
1318 1536 1347 1555 ut
1359 1530 1565 1557 mercenariis:
1576 1538 1697 1568 operam
1709 1531 1905 1569 exigendam,
1915 1530 1992 1569 justa
2002 1531 2175 1570 praebenda.

1210 1565 1293 1595 Cum
1303 1576 1402 1597 autem
1422 1569 1540 1598 duobus
1552 1569 1653 1598 modis
1665 1590 1673 1603 ‚
1699 1570 1728 1599 id
1739 1571 1781 1600 est
1793 1591 1801 1604 ‚
1820 1580 1870 1600 aut
1880 1574 1932 1603 vi,
1953 1580 2003 1601 aut
2011 1571 2114 1602 fraude
2126 1571 2177 1603 fiat

1211 1609 1322 1643 injuria
1332 1609 1440 1646 :frau5‚
1451 1610 1535 1651 quasi
1543 1610 1702 1652 vulpecula:
1714 1612 1770 1645 vis,
1783 1611 1866 1641 leonis
1878 1611 2004 1642 videtur:
2018 1616 2047 1641 ¹5
2057 1623 2175 1644 utrum-

1210 1659 1269 1689 que
1279 1650 1407 1680 homine
1425 1650 1638 1682 alienlffimum
1658 1662 1663 1681 :
1688 1653 1737 1684 sed
1756 1653 1834 1684 fraus
1854 1654 1927 1684 odio
1946 1655 1975 1685 di
1999 1665 2035 1685 na
2046 1656 2173 1695 majore.

1211 1693 1323 1721 Totius
1332 1701 1432 1722 autem
1444 1693 1598 1733 injustitiae
1619 1692 1648 1714 ¹⁶
1659 1703 1772 1725 NULLA
1783 1696 1936 1736 capitalior
1946 1706 1961 1726 e
1998 1717 2006 1730 ‚
2018 1700 2109 1738 quam
2121 1708 2176 1729 eo-

1211 1742 1279 1762 rum
1293 1752 1301 1766 ‚
1322 1735 1374 1773 qui
1395 1743 1458 1764 tum
1472 1755 1481 1769 ‚
1507 1735 1578 1765 cum
1600 1737 1737 1767 maxime
1751 1737 1880 1770 fallunt,
1899 1737 1929 1768 id
1940 1747 2049 1780 agunt,
2071 1748 2103 1770 ut
2113 1742 2173 1771 viri

1211 1773 1285 1803 boni
1296 1774 1353 1804 effe
1363 1775 1531 1806 videantur.
1555 1779 1602 1806 De
1621 1777 1736 1817 justitia
1747 1778 1938 1809 satisdiCturn
1949 1779 2000 1810 est.
2017 1782 2172 1822 Deinceps

1210 1814 1255 1853 (ut
1264 1824 1323 1845 erat
1331 1816 1530 1856 propositum)
1555 1822 1581 1846 Ι7
1596 1818 1632 1848 de
1644 1818 1854 1850 beneficientia
1863 1830 1895 1851 ac
1906 1821 2080 1852 liberalitate
2090 1823 2172 1854 dica—

1207 1865 1254 1885 tur
1265 1866 1269 1884 :
1281 1858 1470 1897 quaquidem
1484 1860 1561 1888 nihil
1571 1858 1613 1889 est
1626 1870 1735 1891 naturae
1748 1863 1883 1891 hominis
1893 1865 2166 1895 accommodatius.

1204 1897 1253 1928 sed
1264 1898 1351 1928 habet
1368 1900 1479 1930 multas
1497 1903 1661 1932 cautiones.
1685 1903 1861 1934 Videndum
1882 1903 1925 1935 est
1936 1906 2169 1946 enimprimi'im

2063 1957 2102 1978 ne
2113 1949 2171 1979 ob·

193 1998 2166 2016 Q

239 2034 262 2052 ι.
283 2025 341 2051 Οἴου
359 2031 436 2051 autem
453 2027 563 2058 Pompilio
574 2043 582 2056 ,
601 2025 668 2059 ἀνα]
690 2025 732 2050 Sic
743 2024 812 2051 Pau.
827 2024 855 2049 St
865 2023 926 2050 edd.
937 2025 1029 2060 prima:
1039 2025 1163 2065 Popilliia.
1183 2035 1186 2051 ι
1200 2024 1301 2060 semper
1312 2025 1414 2053 Latini.
1436 2026 1546 2052 Plautus
1560 2026 1637 2054 Pei-si
1647 2028 1758 2062 :sequere
1767 2029 1824 2060 hat,
1835 2035 1980 2061 mengnano,
1990 2038 2025 2055 me
2037 2048 2044 2060 2
2057 2038 2108 2055 cum
2119 2030 2172 2058 Diis

200 2061 243 2088 Μ.
252 2063 289 2088 D.
301 2061 423 2097 infraque
434 2062 515 2087 etiam
527 2063 559 2087 V.
571 2060 640 2096 quod
652 2061 752 2096 placuit
761 2060 923 2092 Culiclmio,
937 2060 1078 2096 textuique.
1088 2067 1163 2087 intu-

200 2097 235 2124 lit
246 2097 392 2124 Lambinus
404 2116 412 2128 ,
423 2097 525 2124 secutus
537 2097 680 2132 Laxigiuni.

235 2142 264 2160 ².
283 2133 582 2166 Indicantxii.tal›ul.e.]
605 2132 648 2158 sic
661 2132 834 2168 edd.primae.
855 2132 988 2168 sequiores
1006 2132 1164 2168 interposito

200 2169 298 2197 verbo:
319 2170 428 2196 inditam
445 2173 506 2195 cm'm
520 2170 641 2195 xiidab.
661 2169 745 2197 Palat.
765 2178 807 2205 pr.
823 2169 933 2195 indicant
950 2171 1056 2195 hocxti.
1067 2170 1161 2195 tabule.

199 2206 271 2242 quod
284 2216 334 2232 non
346 2205 479 2241 asperner.

235 2250 263 2278 3.
281 2243 385 2276 Belloque
395 2244 509 2276 quaritur
523 2242 627 2275 gloria]
648 2242 690 2267 Τὸ
697 2244 775 2275 gloria
783 2240 890 2268 videtu·-
900 2241 1060 2268 inculcatum
1073 2252 1079 2268 ι
1102 2250 1159 2268 ma-

197 2279 271 2305 xime
283 2279 345 2314 quia
355 2287 419 2304 mox
430 2278 549 2313 sequitur
560 2288 566 2304 ι
589 2279 646 2303 bella
655 2280 740 2312 quibus
751 2281 843 2310 imperii
851 2279 928 2310 gloria
941 2279 1056 2311 proposita
1065 2279 1111 2303 τῇ.
1130 2278 1158 2303 &

195 2314 234 2342 ita
244 2315 306 2342 essct
315 2314 347 2341 ad
358 2315 512 2350 exemplum
523 2313 637 2341 Sallustii
651 2333 658 2344 ‚
677 2314 793 2340 conviviis
810 2323 920 2348 querere.
939 2312 981 2339 sed
994 2313 1058 2340 nihil
1071 2321 1157 2344 mut03

194 2351 316 2387 quamvis
337 2350 421 2386 magis
440 2350 476 2378 est
492 2356 521 2377 ut
539 2348 754 2387 subintelligatur
771 2349 805 2377 de
818 2352 913 2383 imperio
929 2351 1010 2385 quiim
1023 2348 1056 2377 de
1071 2351 1157 2383 gloria.

198 2387 375 2414 Gulielmius.

230 2431 259 2457 4.
280 2427 308 2450 Ut
316 2427 378 2450 enim
387 2432 439 2449 cum
448 2425 499 2450 cin
508 2424 579 2450 aliter
588 2423 746 2449 comendimm
757 2442 766 2455 ,
782 2424 807 2457 fi
822 2425 858 2449 ef?
868 2442 877 2455 ,
895 2422 963 2457 ὠμὴ]
984 2424 1026 2449 Ita
1035 2421 1156 2450 ediderat

193 2458 360 2491 Lambinus3
381 2459 517 2495 &placen
536 2458 571 2486 fic
588 2460 659 2487 enim
679 2460 750 2486 eruit
769 2468 803 2486 ex
825 2459 983 2486 membranis
994 2459 1155 2495 Augustanis

192 2495 373 2523 Anemaecius.

229 2540 256 2566 5.
274 2534 363 2566 Pyrrhi
379 2532 471 2565 quidem
489 2532 517 2558 le
533 2532 635 2565 captiva
652 2532 773 2558 reddendis
789 2533 831 2558 illa
844 2534 977 2564 praelarus
993 2535 1050 2567 Qec
1060 2550 1068 2564 ‚
1083 2532 1152 2567 ὅγε]

190 2567 234 2594 Sic
244 2569 284 2595 M.
297 2569 327 2594 F.
339 2568 403 2594 item
416 2567 482 2594 Pali.
494 2569 647 2603 secutusque
657 2568 693 2595 est
705 2570 717 2594 i
728 2568 851 2594 ictui-ius.
871 2568 916 2594 alii
935 2567 1054 2602 adjecere
1066 2587 1074 2600 ,
1088 2576 1151 2601 prae-

188 2605 258 2630 dara
269 2605 390 2638 sententia
407 2606 459 2630 eff.-
476 2607 535 2630 Nee.
555 2604 626 2639 quod
637 2603 702 2630 &in
715 2604 832 2630 editione
849 2604 934 2640 prima
945 2606 1091 2640 Moguntiae
1102 2614 1152 2640 pu-

186 2638 293 2667 blicam.
317 2641 410 2666 verium
423 2649 481 2675 quae
492 2639 576 2667 tribus
586 2640 642 2675 post
652 2640 727 2666 annis
738 2640 833 2666 Romae
844 2639 942 2675 prodiit
953 2640 1062 2676 praefert
1073 2649 1150 2674 :prie-

185 2677 256 2702 elam
265 2676 422 2711 verbafimt:
441 2680 498 2702 Nec.
518 2685 576 2712 quae
586 2675 723 2702 diversitas
733 2677 804 2704 clarc
815 2675 906 2713 prodit
915 2676 1051 2712 glossema.

222 2713 252 2739 6.
271 2716 320 2739 Nec
337 2713 521 2746 cauponantes]
544 2712 680 2748 l’alat.pr.
691 2716 742 2739 Non
752 2720 822 2746 caup.
834 2712 904 2749 qnod
924 2713 1010 2748 placet
1021 2732 1030 2745 ,
1047 2720 1078 2740 ut
1089 2713 1148 2740 Ro-

185 2756 279 2776 manos
289 2748 442 2785 alloquatur
454 2768 463 2781 ‚
481 2748 606 2784 dicatque
618 2757 662 2776 vos
672 2750 717 2785 qui
730 2749 840 2775 minime
850 2750 986 2782 cauponans
998 2769 1006 2782 ,
1017 2749 1058 2776 sed
1070 2749 1148 2776 belli-

184 2785 284 2820 geratis
296 2804 305 2817 ,
324 2794 357 2812 ne
375 2785 439 2812 mihi
452 2785 580 2811 dederitis
591 2785 718 2820 pretium.
739 2785 849 2812 Suffridi
860 2785 1011 2813 emendatio
1020 2786 1148 2822 frigidior

185 2821 222 2848 est
234 2839 243 2853 ,
263 2822 343 2858 quirin
355 2828 385 2848 ut
397 2822 516 2848 veritatis
529 2822 616 2848 Solem
628 2820 707 2848 ferat.
718 2831 803 2857 neque
813 2822 901 2849 statim
911 2822 1036 2858 liquescat
1049 2842 1058 2855 ‚
1077 2823 1146 2850 nivis

184 2856 276 2885 instar.
297 2856 449 2885 consulatur
459 2866 559 2884 tamen.

218 2900 248 2927 7.
265 2894 370 2927 Qorum
385 2897 477 2920 virtuti
493 2896 544 2921 belli
555 2895 684 2929 sortitum]
705 2894 748 2921 Sic
767 2894 839 2921 nulla
850 2894 939 2922 littera
949 2896 1037 2923 minus
1049 2895 1105 2922 Pal.
1116 2896 1144 2921 Sc

182 2929 285 2955 vetuste.
295 2929 357 2956 cufi.
377 2938 468 2958 monet
478 2938 565 2958 tamen
577 2931 737 2957 Gulielmius
749 2930 800 2957 else
810 2931 835 2957 in
849 2932 887 2957 M.
900 2933 930 2958 F.
941 2932 975 2958 V.
986 2933 1021 2958 D.
1034 2932 1146 2964 ficorum-

180 2966 315 2991 vew‘rmee
321 2967 373 2992 belli
382 2967 495 2999 fortuna.
514 2967 744 3004 suspicabatur-que
758 2969 782 3001 fi
789 2969 918 3000 vestrorum
926 2969 1144 3002 virtuteifiartuneg·

179 3000 299 3028 maxime
309 3001 380 3037 qnod
391 3002 417 3028 in
430 3012 482 3029 nno
492 3002 538 3029 ms.
549 3005 602 3029 bello
613 3003 702 3039 gloffae
717 3004 775 3030 loco
796 3003 871 3030 lincis
883 3003 1056 3037 interjectum
1067 3004 1142 3031 esset.

193 3053 197 3057 -
215 3036 244 3063 8.
262 3040 324 3063 Dono
333 3038 435 3071 ducite]
447 3039 489 3065 Ut
498 3039 552 3064 dono
560 3043 694 3072 promittere
705 3040 800 3066 Plauto
813 3039 986 3067 Mostellaria.
1007 3040 1136 3075 Virgilius

176 3073 305 3100 abducere:
321 3074 470 3108 Jamdudum
478 3073 495 3100 ὰ
505 3084 539 3100 nee
547 3076 595 3100 illos
605 3076 717 3102 abducere
725 3076 829 3111 Thesijrlia
837 3084 900 3102 orat.
921 3076 1093 3103 Gulielmius.

190 3121 195 3124 ·
210 3117 240 3144 9.
261 3111 392 3136 Volenn'bus
402 3119 454 3135 cum
463 3111 552 3144 magnis
559 3111 637 3145 Diis]
659 3112 742 3175 Qilod
761 3112 805 3139 :ilii
825 3119 982 3149 repererunt
1000 3114 1137 3140 ‘volantibus

170 3144 294 3181 ilmgnie
302 3147 363 3175 viic.
383 3145 412 3174 id
429 3147 494 3175 vero
504 3145 639 3183 perspicuo
648 3147 699 3176 adu
713 3148 830 3178 tertuum
841 3149 889 3178 est.
899 3150 962 3179 Hoc
971 3149 1041 3179 enim
1053 3149 1135 3179 modo

1181 2161 1183 2179 l

1178 2330 1179 2338 l

1177 2339 1179 2354 l

1173 2447 1176 2511 l

1199 2062 1345 2087 volentibus.
1366 2061 1541 2089 Gulielmius.

1240 2106 1282 2123 io.
1303 2098 1412 2123 'Primicm
1422 2105 1450 2123 ut
1468 2101 1537 2124 venit
1549 2117 1557 2130 ,
1577 2101 1684 2132 captivos
1694 2100 1819 2125 reddendos
1837 2102 1863 2125 in
1872 2103 1960 2126 Senatu
1972 2118 1980 2132 ‚
1999 2110 2044 2126 ron
2054 2100 2168 2137 censuit]

1200 2133 1320 2159 Auribus
1332 2133 1433 2160 ssiavius
1446 2133 1536 2160 influit
1549 2134 1631 2162 lectio
1642 2136 1754 2162 Palatini
1767 2145 1807 2171 pr.
1821 2136 1946 2161 reddendos
1956 2145 2000 2162 non
2010 2138 2051 2169 effi:
2063 2157 2070 2168 ,
2090 2139 2116 2163 in
2126 2142 2169 2164 Se—

1197 2176 1259 2195 nam
1278 2170 1374 2203 cenficit.
1394 2170 1558 2197 Gulielmius
1576 2171 1686 2198 adnotat
1698 2191 1706 2204 ‚
1727 2172 1785 2199 mss.
1796 2171 1854 2198 suos
1867 2172 1961 2198 habere
1974 2191 1982 2204 ‚
2003 2175 2028 2197 in
2037 2177 2149 2200 Senatum
2161 2186 2169 2201 .·

1198 2203 1267 2231 unde
1279 2204 1396 2242 suspicari
1407 2206 1465 2241 quis
1477 2205 1559 2242 posset
1569 2207 1787 2235 commutandum
1800 2227 1809 2240 ,
1824 2209 1929 2241 primum
1938 2214 1966 2233 ut
1976 2212 2045 2234 venit
2053 2212 2079 2235 in
2088 2214 2165 2236 Sena-

1196 2248 1247 2268 tum
1257 2260 1266 2273 ,
1283 2246 1390 2275 captivos
1401 2243 1527 2268 reddendos
1537 2253 1581 2269 non
1591 2244 1688 2277 ccnstu't.

1235 2287 1245 2304 i
1254 2287 1275 2303 1.
1295 2279 1354 2305 ctam
1366 2281 1506 2304 retineretur
1515 2277 1531 2304 ἃ
1546 2281 1683 2314 propinquis
1693 2280 1723 2311 &-
1731 2281 1763 2306 ab
1780 2279 1890 2313 cimicia]
1910 2280 2010 2307 Vocula
2020 2281 2052 2306 ab
2062 2291 2113 2308 non
2125 2281 2162 2309 est

1197 2313 1224 2340 in
1237 2313 1354 2341 editione
1366 2315 1487 2342 Romana
1498 2315 1592 2351 prima.
1615 2316 1702 2344 l'alat.
1715 2317 1779 2343 vero
1789 2317 1867 2351 prim.
1879 2315 2048 2352 transposuit,
2058 2320 2089 2344 ab
2099 2321 2162 2345 ami-

1195 2350 1227 2377 εἰσ
1236 2351 1406 2385 &propinquis
1417 2361 1425 2382 5
1437 2353 1507 2386 quod
1518 2362 1570 2379 non
1582 2351 1714 2388 displicet.

1235 2395 1277 2413 12.
1297 2388 1399 2413 secundo
1408 2394 1499 2421 autem,
1508 2389 1574 2423 [lym]
1600 2389 1665 2414 Haec
1675 2388 1810 2425 sequentia
1821 2388 1921 2415 omnia.
1943 2397 1994 2415 non
2007 2395 2162 2425 comparent

1193 2422 1221 2450 in
1242 2423 1299 2450 Pal.
1319 2431 1364 2450 aut
1382 2424 1475 2460 primis
1494 2424 1666 2451 editionibus.
1687 2427 1747 2461 quis
1768 2426 1887 2461 primum
1908 2425 2042 2452 invexerit
2062 2425 2160 2453 nescio.

1193 2468 1346 2496 comparent
1364 2460 1531 2495 inJoachimi
1544 2462 1692 2488 Camerarii
1713 2461 1831 2488 editione
1843 2480 1851 2492 ,
1872 2468 1932 2487 natu
1944 2471 2014 2488 anno
2025 2470 2076 2487 cm
2087 2470 2159 2489 nxz..

1191 2495 1232 2522 sed
1255 2506 1306 2523 non
1325 2497 1352 2523 in
1364 2496 1477 2523 Roberti
1490 2497 1612 2534 Stephani
1625 2497 1778 2524 Victoriana
1790 2517 1799 2530 ,
1819 2496 1948 2533 proeluC'ta
1968 2496 2071 2524 duobus
2083 2497 2158 2524 :mnis

1191 2532 1281 2560 citius.
1301 2532 1463 2559 Gulielmius
1472 2534 1610 2560 annotavit
1623 2553 1631 2566 ,
1652 2543 1703 2560 non
1715 2541 1807 2560 extare
1818 2534 1844 2559 iii
1858 2534 1897 2560 Μ.
1909 2532 1988 2559 sedin
2002 2532 2159 2560 Fabriciano

1190 2567 1291 2595 codice.
1307 2569 1381 2603 *idem
1393 2568 1426 2595 de
1437 2569 1554 2597 Parcenfi
1566 2570 1611 2596 sno
1622 2569 1741 2605 prodidit
1752 2570 1881 2604 Langins.
1901 2569 2034 2595 iterantur
2044 2568 2101 2596 feri:
2112 2577 2159 2596 to-

1190 2603 1272 2632 tidem
1284 2604 1371 2632 verbis
1383 2605 1452 2632 libro
1464 2615 1514 2633 tii.
1525 2614 1554 2632 ut
1564 2605 1620 2632 feri:
1632 2606 1731 2642 liqueat
1743 2615 1794 2632 non
1806 2605 1855 2631 csse
1866 2604 1982 2631 :metm-is
1993 2614 2133 2640 germana.

1229 2649 1271 2677 13.
1289 2644 1381 2674 Semper
1390 2642 1493 2676 autem]
1516 2642 1628 2669 Retinet
1640 2642 1704 2669 lianc
1715 2641 1870 2678 scripturam
1882 2641 2057 2674 Gulielmius,
2069 2640 2157 2677 ejefto

1187 2682 1248 2703 enim
1258 2677 1366 2704 Suffridi
1381 2697 1389 2709 ,
1400 2677 1469 2714 quod
1481 2677 1623 2705 admiserat
1635 2677 1790 2705 Lambinus.

1228 2721 1268 2747 14.
1290 2717 1318 2740 Ut
1327 2715 1477 2741 mercenariis
1486 2726 1492 2740 .-
1502 2723 1595 2747 operam
1603 2715 1740 2750 exigendam
1752 2713 1988 2748 3jnstapraebenda.]
2014 2713 2093 2740 Haud
2104 2713 2155 2741 ali-

1186 2756 1229 2777 ter
1238 2749 1300 2777 edd.
1310 2752 1403 2787 primoe
1417 2770 1423 2782 ,
1434 2751 1498 2777 item
1511 2751 1622 2778 Palatin.
1635 2761 1665 2778 :ic
1676 2750 1736 2778 mss.
1746 2749 1886 2777 Gnliclniii
1900 2769 1907 2780 ,
1920 2751 2064 2781 ὰπνδέτως.
2075 2754 2152 2783 Opera

1185 2787 1220 2813 est
1231 2796 1289 2823 qnae
1299 2797 1346 2823 pei·
1356 2787 1472 2823 singulos
1483 2786 1539 2814 dics
1549 2787 1627 2814 datur
1641 2807 1648 2820 ‚
1659 2788 1695 2814 :iit
1708 2786 1815 2813 Panllns
1828 2786 1850 2811 l.
1863 2787 1896 2811 (L⁴
1909 2785 1928 2811 l.
1941 2793 1986 2811 20.
1998 2784 2031 2811 de
2042 2786 2108 2812 statu
2120 2785 2155 2812 li-

1185 2821 1264 2850 beris.
1283 2825 1356 2858 Justa
1375 2823 1505 2859 intelligit
1523 2824 1621 2850 cibaria
1641 2832 1699 2859 qua:
1719 2823 1861 2849 debentur.
1891 2820 1973 2849 Hand
1991 2820 2155 2849 diffimniter

1183 2859 1338 2897 Propertius
1351 2870 1356 2886 :
1368 2865 1440 2893 Surge
1449 2860 1478 2890 (17
1484 2860 1597 2893 poscentes
1601 2861 1669 2894 justa
1677 2868 1777 2893 precare
1787 2861 1854 2884 Deos.

1223 2905 1233 2923 i
1242 2905 1268 2929 5.
1289 2898 1416 2930 Utrumque
1425 2897 1513 2922 homine
1522 2896 1710 2930 alicniffimnm]
1734 2895 1777 2921 Est
1799 2904 1813 2921 :i
1833 2893 1902 2920 l'all.
1913 2893 1941 2920 δε
1952 2893 2152 2921 Gulielmium&

1182 2930 1247 2959 editi
1259 2932 1330 2959 enim
1344 2952 1352 2964 ,
1360 2939 1485 2966 utrumque
1494 2934 1655 2966 alieniffimum
1666 2934 1697 2958 ab
1706 2933 1805 2958 homine.

1221 2969 1264 2995 16.
1285 2969 1357 2995 Mella
1368 2971 1492 3001 capitalior
1501 2967 1573 3002 qmim
1583 2978 1660 2994 eorum
1672 2987 1681 3000 ‚
1700 2970 1742 3003 qui
1752 2974 1802 2993 tum
1812 2966 1864 2993 dem
1874 2984 1883 2998 ‚
1902 2965 1970 2999 ἀι]
1990 2965 2034 2991 Sic
2044 2966 2067 2991 G
2071 2965 2150 2992 nliel-

1180 3004 1250 3031 mins
1264 3024 1272 3037 ‚
1293 3016 1307 3032 e
1320 3003 1376 3032 mss.
1389 3014 1436 3031 nec
1453 3005 1532 3031 :iliter
1552 3003 1636 3031 editio
1648 3004 1771 3030 Romana
1784 3003 1868 3039 prima
1881 3021 1890 3034 ‚
1909 3009 1955 3028 aut
1966 3001 2100 3028 Palatinus
2111 3011 2151 3037 pr.

1180 3040 1225 3075 qui
1245 3049 1372 3077 proeterea
1389 3050 1440 3067 non
1462 3040 1583 3076 agnoscit
1600 3040 1760 3077 particulam
1780 3046 1830 3065 tum
1842 3058 1850 3070 ‚
1871 3047 1957 3074 neque
1976 3037 2152 3065 desideratur.

1179 3077 1235 3111 ejus
1247 3077 1306 3104 loco
1317 3077 1402 3104 exstat
1417 3077 1441 3103 in
1455 3077 1510 3103 Pal.
1522 3076 1571 3103 sec.
1583 3085 1674 3103 tamen.

1215 3122 1258 3148 ¹7-
1279 3117 1312 3140 De
1330 3113 1518 3148 beneficientia]
1538 3115 1579 3140 lta
1591 3112 1677 3139 rursus
1688 3111 1758 3139 Pall.
1781 3111 1847 3138 item
1868 3111 1908 3137 M.
1926 3110 1956 3135 F.
1977 3109 2146 3142 aliorumque

1177 3150 1336 3180 membranae
1347 3159 1356 3183 3
1369 3159 1421 3179 nec.
1427 3149 1486 3178 heic
1496 3149 1578 3178 modo
1588 3148 1632 3178 sed
1642 3150 1669 3177 δε
1680 3148 1734 3177 fine
1749 3148 1828 3186 hujus
1838 3156 1897 3183 cap.
1908 3145 2010 3174 &alibi
2021 3144 2131 3178 lempcr.

2034 3177 2146 3214 2ka

2195 1794 2238 1827 ¹4
