2337 3400
104 375 143 399 11

134 867 143 869 ⁴
168 863 273 893 dinem
286 871 397 894 meam,
406 870 496 902 quam
508 862 539 890 in
550 869 609 899 rep.
623 859 737 897 semper
747 857 846 888 habui,
857 863 992 886 tenuero,
1006 852 1036 881 id
1046 848 1123 883 est‚si

109 1415 151 1440 12

155 161 247 223 578
558 145 1061 198 M.Tunn11

158 241 241 271 sunt:
261 236 355 279 quaefi
372 232 444 265 insta
462 241 528 263 non
546 240 651 265 erunt,
672 229 826 262 refelletur
837 228 934 258 oratio
945 234 1020 255 mea.
1044 226 1108 254 Lo-

161 291 238 322 quor
255 281 290 309 dc
310 277 422 318 legibus
442 275 655 316 promulgatis:
676 273 712 303 de
721 271 832 312 quibus
842 269 1109 309 estimegrumvo-

163 324 219 353 bis.
242 318 419 351 demonstro
427 319 515 347 vitia:
525 318 635 346 tollite.
661 318 669 333 ¹
682 314 832 345 denuntio
844 314 911 342 vim
924 330 932 344 ,
943 319 1042 340 arma:
1065 318 1112 338 re-

166 372 296 394 movete.
319 361 404 390 Irasci
417 369 470 389 vos
480 357 604 399 quidem
620 358 696 386 mihi
707 376 715 390 ,
731 354 906 387 Dolabella,
932 362 985 393 pro
994 360 1055 391 rep.
1067 349 1112 380 di-

164 407 263 436 renti,
284 412 346 433 non
356 401 515 442 oportebit.
537 408 719 441 quamquam
733 406 761 428 te
779 395 903 437 quidem
920 394 950 424 id
963 392 1114 424 faeturum
1133 411 1135 423 ι

165 455 230 477 non
244 445 377 475 arbitror.
401 452 475 472 novi
488 443 572 472 enim
582 440 753 471 facilitatem
765 447 858 468 tuam.
874 438 1020 477 collegam
1028 443 1115 465 tuum

164 489 249 527 ajunt
260 487 355 516 inhac
365 486 412 515 sua
420 483 542 514 fortuna
552 503 560 516 ‚
579 493 645 524 qua:
656 481 726 511 bona
739 479 791 521 ipsi
805 480 938 510 videtur:
960 478 1038 507 mihi
1049 496 1058 509 ,
1079 485 1116 505 ne

165 531 283 570 gravius
295 529 450 568 quippiam
460 525 569 558 dicam,
581 534 717 556 avorum,
731 524 763 553 δε
774 522 914 552 avunculi
926 520 969 551 sui
980 517 1118 549 consula-

167 579 234 602 tum
248 568 270 599 si
280 571 445 602 imitaretur
456 588 465 601 ,
480 567 660 597 fortunatior
673 565 837 596 videretur:
858 562 907 594 sed
920 571 991 592 eum
1003 562 1119 590 iracun-

166 612 241 643 dum
252 611 341 641 audio
350 609 475 640 fafitum⁴
499 608 598 639 Video
608 617 720 641 autem,
733 616 824 647 quam
835 605 868 636 sit
877 604 1020 635 odiosum
1033 602 1120 631 habe—

164 665 198 684 re
209 655 318 683 iratum
327 652 457 682 eundem
469 671 477 684 ,
499 651 531 680 ὃ(
542 658 688 679 armatum
699 669 706 683 ,
718 659 788 679 cum
800 657 877 678 tanta
887 646 1047 687 pracsertim
1059 644 1119 684 gla-

167 695 289 726 diorum
301 693 333 724 sit
346 695 519 733 impunitas.
530 692 577 722 sed
588 701 752 732 proponam
760 692 857 730 jus,ut
867 691 1120 728 opinor·‚aequum:

168 737 251 777 quod
271 738 314 766 M.
330 737 500 765 Antonium
520 744 585 764 noti
603 734 728 764 arbitror
738 731 972 772 repudiaturum.
1000 730 1064 768 Ego
1078 746 1086 759 i
1102 725 1122 755 si

167 779 240 820 quid
251 781 281 808 in
293 779 386 808 vitam
401 777 528 816 ejus‚aut
539 778 570 806 in
581 785 680 805 mores
691 772 915 805 contumeliose
929 770 1047 801 dixero,
1059 777 1121 809 quo

169 818 274 850 minsis
285 820 360 849 mihi
371 816 595 848 inimiciffimus
608 816 639 846 sit
651 837 658 850 ‚
670 826 732 846 non
744 815 896 844 recusabo.
913 811 954 841 sm
962 810 1123 842 consuetu-

168 903 275 938 libere,
286 913 351 944 quae
362 903 497 935 sentiam,
509 901 544 931 de
556 911 614 940 rep.
626 899 731 929 dixero
744 910 748 927 z
763 899 900 938 primum
910 895 1072 934 deprecor,
1086 902 1121 922 ne

168 946 321 976 irascatur:
332 944 452 977 deinde,
462 943 482 972 si
496 945 553 972 hoc
568 952 631 972 non
643 944 782 980 impetro,
795 949 874 979 pero,
889 936 966 968 utsic
975 936 1122 979 irascatur,

168 996 202 1018 ut
211 989 282 1018 civi.
306 988 396 1016 armis
408 995 505 1015 utatur
516 1005 524 1017 ‚
537 983 555 1013 si
568 986 605 1013 ita
614 980 728 1012 necesse
739 981 798 1015 est,
811 990 844 1011 ut
858 980 949 1012 dicit,
964 979 1009 1008 sui
1019 977 1124 1007 desen-

169 1029 262 1059 dendi
271 1029 371 1059 causa:
386 1030 422 1057 iis
435 1048 442 1060 ,
457 1027 565 1067 quipro
575 1033 628 1065 rep.
639 1034 703 1065 quae
714 1022 779 1064 ipsis
790 1023 852 1052 visa
860 1030 965 1054 erunt,
979 1020 1123 1051 dixerint,

168 1070 223 1101 ista
239 1081 321 1100 arma
340 1079 378 1099 ne
397 1077 534 1098 noceant.
558 1066 639 1106 Qud
663 1068 716 1096 hac
733 1064 934 1106 postulatione
950 1062 1010 1092 dici
1029 1059 1126 1101 potest

170 1114 307 1153 aequius?
327 1109 417 1152 Qod
429 1109 450 1139 si
460 1129 468 1143 ,
488 1119 520 1139 ut
530 1110 546 1139 a
556 1108 736 1149 quibusdam
755 1108 833 1137 mihi
850 1107 914 1146 ejus
926 1103 1126 1135 familiaribus

170 1153 289 1192 dietum
299 1152 341 1183 cst
352 1173 361 1185 ‚
384 1152 486 1181 omnis
497 1161 566 1181 eum
581 1171 589 1183 ,
609 1160 676 1190 quae
687 1150 812 1180 ’nabetur
823 1156 926 1178 contra
936 1147 1126 1176 voluntatem

170 1197 235 1235 ejus
249 1215 258 1228 ‚
270 1196 366 1225 oratio
376 1214 384 1227 ‚
405 1196 532 1234 graviter
542 1191 689 1225 offendit,
708 1193 800 1221 etiam
811 1189 831 1219 si
841 1189 923 1219 nulla
933 1186 1009 1218 inest
1017 1194 1128 1216 contu-

171 1238 280 1267 melia:
298 1235 432 1266 feremus
443 1236 534 1264 amici
545 1243 689 1264 naturam.
715 1232 763 1263 sed
776 1232 868 1262 iidem
880 1231 926 1260 illi
937 1232 976 1260 ita
991 1237 1126 1260 mecum.

171 1281 246 1308 Non
257 1278 339 1308 idem
351 1277 406 1307 tibi
416 1277 583 1307 adversario
591 1276 711 1306 Caesaris
719 1275 820 1304 licebit
831 1293 839 1307 ‚
850 1272 930 1313 quod
942 1270 1042 1302 Pisoni
1053 1269 1128 1309 foce-

170 1331 208 1350 ro.
234 1320 266 1350 &
277 1318 364 1349 simul
374 1318 541 1348 admonent
550 1315 793 1358 quiddam‚quod
803 1315 995 1345 cavebimus:
1008 1322 1063 1342 nec
1074 1312 1129 1340 erit

169 1361 288 1402 justior,
305 1364 334 1392 P.
348 1364 380 1391 C.
393 1363 425 1390 in
436 1361 571 1390 senatum
583 1370 647 1389 non
658 1357 799 1388 veniendi
809 1356 910 1386 morbi
924 1354 1007 1385 causa
1018 1374 1027 1387 ,
1039 1362 1128 1394 quam

171 1406 287 1434 mortis.
309 1403 365 1433 Sed
378 1412 430 1442 per
439 1402 512 1432 deos
521 1402 734 1433 immortalem
747 1408 775 1429 te
786 1400 868 1428 enim
881 1400 1002 1427 intuens
1014 1415 1022 1429 ,
1035 1395 1130 1425 Dola—

173 1446 249 1476 bella
259 1465 267 1479 ,
279 1447 331 1486 qui
344 1455 373 1474 es
385 1445 463 1474 milii
472 1441 646 1476 carisiimus,
658 1452 720 1472 non
732 1438 850 1481 possum
860 1439 897 1470 de
911 1439 1063 1478 uti-iusque
1078 1446 1130 1466 ve·

172 1487 266 1518 strum
281 1496 378 1517 errore
390 1488 525 1516 reticere.
549 1485 645 1515 Credo
656 1486 739 1514 enirn
749 1492 818 1516 vos,
829 1483 971 1512 homines
983 1479 1126 1512 nobileis,

172 1539 277 1570 magna
287 1526 575 1570 quadamspec‘ranteu
586 1547 594 1560 ,
605 1536 670 1556 non
677 1526 848 1566 pecuniam,
860 1533 892 1553 ut
901 1521 1026 1563 quidam
1036 1522 1131 1550 nimis

171 1571 286 1602 creduli
306 1570 505 1610 suspicantur,
529 1578 594 1609 quae
609 1577 740 1598 semper„
753 1566 789 1596 ab
801 1563 984 1605 ampliflimo
995 1572 1129 1603 quoque,

171 1611 390 1652 clariffimoque
404 1619 560 1640 contemta
569 1608 622 1643 est,
634 1619 698 1639 non
709 1618 781 1648 opes
790 1608 939 1637 violentas
951 1626 960 1639 ,
973 1605 1005 1635 &
1015 1604 1131 1645 populo

173 1657 213 1685 R,
226 1656 357 1683 minime
367 1651 521 1682 ferendam
533 1653 698 1692 potentiam
710 1670 717 1683 ‚
730 1650 778 1680 sed
789 1648 937 1678 caritatem
950 1649 1064 1677 civium
1075 1665 1083 1679 ,
1095 1645 1128 1675 &

172 1697 300 1738 gloriam
309 1691 492 1733 concupisse.
505 1696 545 1724 Ea
553 1701 653 1723 autem
662 1691 704 1722 est
720 1700 863 1724 GLORIA.
876 1691 936 1720 laus
947 1687 1026 1719 refrt}
1034 1687 1130 1718 faEto-

175 1747 242 1767 rum
255 1756 263 1770 ‚
277 1745 516 1776 magnorumque
526 1737 559 1764 in
573 1744 666 1774 remp.
679 1734 858 1763 meritorum
873 1743 878 1760 τ
896 1741 963 1772 quae
973 1739 1041 1760 cum
1051 1730 1130 1770 opti-

175 1782 220 1809 mi
229 1778 371 1818 cujusque
382 1797 390 1811 ‚
404 1786 470 1806 turn
480 1779 571 1807 etiam
585 1775 790 1806 multitudinis
801 1773 978 1804 testimonio
989 1781 1131 1811 compro-

175 1821 271 1851 batur.
296 1822 450 1851 Dicerem,
464 1818 632 1851 Dolabella,
643 1819 696 1858 qui
707 1815 785 1846 refire
800 1815 949 1846 fastorum
960 1812 1074 1844 fruatis
1085 1813 1130 1843 es-

175 1863 229 1896 set,
239 1866 253 1882 ²
264 1860 319 1891 nisi
329 1870 355 1891 te
364 1860 523 1900 paullisper
532 1857 588 1889 ess'e
599 1868 755 1899 expertum
768 1858 912 1887 viderem.
936 1859 1036 1896 Qern
1046 1864 1130 1895 potes

175 1903 321 1934 recordari
333 1905 365 1932 in
377 1904 437 1932 vita
456 1902 512 1931 tibi
522 1899 655 1931 illuxisse
664 1900 747 1930 diem
758 1900 903 1929 laetiorem
915 1918 924 1932 ‚
942 1900 1033 1939 quam
1046 1896 1129 1930 esim,

173 1948 295 1985 expiato
313 1944 382 1974 foro
393 1963 401 1977 ,
422 1942 556 1983 diffipato
571 1942 717 1973 concursu
735 1943 902 1981 impiorum
917 1961 926 1973 ‚
944 1938 1132 1980 principibus

175 1987 291 2017 sceleris
304 1990 316 2014 3
329 1995 416 2026 poena
424 1983 550 2018 affeetjs,
562 1992 590 2014 te
602 1985 731 2015 domum
743 1982 895 2023 recepisti?
904 1984 988 2017 cuius
999 1981 1126 2013 ordinis,

173 2030 262 2069 cujus
273 2030 388 2070 generis
399 2048 408 2061 ,
417 2028 503 2064 cujus
512 2026 642 2067 denique
652 2026 780 2056 fortunae
789 2024 884 2054 studia
893 2032 959 2054 turn
976 2023 1076 2055 laudi,
1098 2022 1131 2051 &

174 2071 455 2111 4gratulati01iituae
469 2069 497 2099 se
508 2079 573 2098 non
584 2068 770 2098 obtulerunt?
783 2068 868 2108 Qin
878 2067 955 2096 milii
965 2067 1131 2105 etiani‚quo

176 2112 298 2142 austere
307 2121 334 2142 te
345 2114 379 2141 in
394 2113 431 2140 iis
441 2111 527 2141 rebus
538 2112 581 2140 uti
590 2110 814 2143 arbitrabantur,
832 2109 865 2138 δε
874 2110 979 2149 gratias
987 2107 1061 2137 boni
1073 2107 1132 2136 viri

177 2154 311 2195 agebant,
323 2154 356 2183 &
366 2163 417 2183 tuo
431 2154 560 2183 nomine
570 2151 797 2193 gratulabantur.
821 2149 988 2180 Recordare
1000 2169 1009 2183 ,
1020 2149 1130 2190 quaes0‚

177 2195 335 2226 Dolabella
344 2215 352 2229 ‚
372 2195 553 2225 consensum
572 2195 660 2224 illurn
680 2194 803 2225 theatri,
826 2192 898 2222 cum
911 2201 1019 2222 omnes
1030 2199 1131 2221 earum

178 2247 279 2267 rerum
290 2236 377 2267 obliti
393 2256 401 2270 ‚
417 2245 537 2276 propter
550 2246 621 2276 quas
634 2240 646 2262 5
657 2235 711 2265 ribi
721 2234 840 2265 fuerant
849 2232 957 2264 infensi
968 2254 976 2266 ‚
988 2231 1132 2274 fignifica-

176 2288 286 2308 verunt
299 2298 306 2311 ‚
327 2279 354 2308 se
378 2287 465 2307 Novo
484 2287 667 2307 nssrzneicio
688 2278 871 2306 memoriam
894 2277 1001 2305 veteris
1018 2275 1133 2305 doloris

177 2318 323 2359 abjeciss'e.
347 2322 435 2349 Hanc
445 2329 489 2353 tu,
505 2319 663 2349 Dolabella
677 2318 799 2358 (niagno
814 2318 924 2357 loquor
933 2326 1003 2347 cum
1015 2316 1132 2356 dolore)

177 2364 253 2392 hanc
263 2370 295 2392 tu
307 2382 315 2396 ,
326 2363 450 2402 inquam
463 2381 472 2395 ‚
485 2362 590 2390 animo
601 2369 686 2400 aequo
698 2358 819 2398 potuisti
835 2367 944 2388 tantam
955 2358 1131 2399 dignitatem

177 2404 327 2445 deponere
339 2404 406 2434 ?'1⁴e
413 2411 525 2436 autem,
535 2403 710 2434 M.Antoni‚
721 2399 883 2439 (absentem
894 2400 1023 2439 appello)
1034 2408 1131 2427 unum

178 2447 268 2475 illum
279 2445 360 2475 diem
374 2465 383 2478 ‚
402 2454 464 2485 quo
474 2445 508 2474 in
517 2443 579 2474 aede
594 2443 728 2474 Telluris
739 2442 852 2472 senatus
862 2440 919 2470 fuit
931 2461 939 2474 ‚
955 2450 1018 2469 non
1028 2442 1133 2469 omni-

178 2488 233 2517 bus
245 2489 280 2517 iis
290 2485 442 2517 mensibus
452 2506 462 2520 ,
473 2485 586 2527 quibus
595 2494 623 2515 te
633 2484 755 2526 quidam
768 2503 777 2517 ,
791 2483 922 2513 multum
934 2484 948 2512 ii
963 2492 1010 2512 me
1022 2480 1132 2512 diffen—

179 2531 286 2559 tientes
297 2549 305 2563 ‚
317 2528 430 2557 beatum
439 2537 545 2568 putant
557 2547 566 2561 ‚
575 2528 755 2567 anteponis?
767 2535 832 2566 quae
840 2524 898 2554 fuit
909 2526 1004 2554 oratio
1013 2524 1048 2553 de
1059 2534 1132 2554 con—

178 2570 279 2601 cordia
290 2574 300 2600 ?
319 2579 431 2612 quanto
441 2579 526 2600 metu
533 2570 665 2600 veterani
680 2588 688 2602 ,
698 2576 808 2609 quanta
818 2565 1020 2597 sollicitudine
1030 2567 1132 2596 civitas

199 2716 204 2721 .
220 2690 242 2707 i.
262 2685 377 2708 Dirum-:i
389 2686 449 2721 aim,
459 2693 529 2710 arma
541 2696 547 2709 :
567 2684 704 2718 remorum]
726 2685 766 2710 Dc
778 2683 824 2709 hac
835 2681 1004 2710 distinffionc
1016 2684 1134 2719 optimus

183 2726 299 2756 virorum
313 2718 341 2743 l'.
353 2720 382 2744 Vi
394 2720 486 2746 storius
498 2719 544 2746 lib.
557 2729 655 2746 xxxu.
666 2729 722 2756 cap.
738 2721 817 2754 13.·1n
828 2728 907 2754 quein
918 2718 982 2746 duin
993 2720 1049 2746 licie
1061 2720 1136 2746 iuxe-

180 2753 252 2793 intur
265 2754 408 2793 Lambinus
420 2755 576 2791 Lyeanibeis
585 2755 678 2789 armis,
688 2755 801 2783 ostendit
811 2756 890 2791 quani
906 2754 935 2782 sit
946 2755 1027 2782 animi
1038 2755 1138 2792 pusilli,

182 2790 237 2815 lino
250 2788 358 2816 nullius.

195 2860 199 2865 ¹
217 2832 245 2850 2.
265 2827 352 2865 ‘Risu'
363 2829 479 2861 paullisper
490 2829 527 2861 ej‘i
537 2835 651 2859 expertem
661 2827 821 2862 tcvrdsrem]
844 2827 989 2854 Lambinus
1001 2828 1026 2853 ὃ(
1040 2829 1137 2854 Manu-

181 2868 234 2900 tius
245 2861 491 2900 alia-interponunt:
514 2863 604 2890 sedita
614 2864 680 2891 nulli
693 2863 749 2890 rixis.
761 2864 841 2891 nostri
853 2883 861 2896 ,
880 2864 918 2890 ita
931 2863 997 2890 nulli
1011 2864 1135 2891 vetustius

185 2898 310 2932 impressi.

220 2940 245 2967 3.
265 2933 452 2966 ·1>oenaadscb7m
464 2954 471 2962 ,
489 2942 510 2959 te
528 2936 640 2968 domums]
662 2936 745 2962 Iidem
758 2936 935 2962 intertextum
947 2935 1044 2962 habent
1055 2954 1064 2967 ,
1083 2937 1135 2969 ads.

182 2970 238 3008 rgrbe
247 2969 350 2994 ,irs-cndio
363 2987 370 2999 ,
388 2970 486 3000 &ndu
495 2980 555 2996 mem
564 2975 667 2998 ahiram
680 2991 688 3005 ‚
707 2981 729 2998 te
738 2972 836 2998 domum.
851 2981 946 3008 practer
957 2979 1023 2999 vett.
1035 2972 1136 2999 nostros

182 3008 208 3030 ὁ(
227 3004 291 3030 oliui
307 3004 403 3030 editos.

218 3047 246 3071 4*
266 3043 293 3065 G)
301 3042 427 3083 audatiam
436 3048 479 3066 ται
490 3043 515 3074 se
525 3052 569 3067 non
578 3044 710 3069 obtulerunt
721 3043 754 3078 ἒ]
776 3044 896 3070 Liliensis
907 3044 1033 3080 amplius,
1044 3050 1088 3070 ωε
1096 3044 1137 3069 de-

182 3077 290 3107 sumant,
299 3077 356 3109 &st
365 3086 408 3102 non
417 3078 488 3102 abital.
500 3087 550 3103 non
563 3079 630 3104 male
643 3098 651 3110 ,
671 3080 716 3106 nisi
727 3080 880 3107 invenissem
893 3081 918 3106 iii
931 3081 986 3107 Pal.
998 3089 1038 3115 pr.
1049 3088 1136 3113 gram-

182 3114 267 3138 lationi
276 3113 348 3153 ''Rs‘'
357 3122 401 3138 mm
411 3120 527 3152 aptarunt
537 3118 548 3139 ,2
561 3113 631 3149 qnod
644 3116 706 3141 milii
717 3117 862 3152 genuinum
873 3116 957 3152 inagis
968 3116 1074 3143 videtur
1085 3126 1093 3148 3
1106 3123 1135 3143 ut

183 3155 270 3175 cetera
280 3148 379 3175 scilicet
390 3147 489 3174 fuerint
500 3149 531 3175 ab
540 3150 697 3185 interprete.

219 3193 244 3218 5.
265 3185 420 3218 ‘tibisueram
437 3184 538 3221 cffinfi]
559 3187 599 3214 lta
612 3186 666 3215 mss.
683 3188 764 3216 nostri
781 3196 895 3224 quatuor
915 3189 943 3216 δε
955 3195 1030 3217 vetus
1040 3187 1135 3216 editio.

1129 143 1670 193 CicERON1s

1151 236 1216 257 tum
1234 225 1418 256 xatclibei·ata
1429 226 1490 258 est?
1509 230 1615 259 Tuum
1627 230 1774 271 collegam
1788 249 1796 262 ,
1814 227 1954 270 depositis
1964 228 2101 260 inimici·
2127 243 2130 246 ·

1151 269 1327 303 tiis‚oblitus
1337 267 1538 308 auspiciorum
1550 290 1559 304 ,
1569 274 1686 313 auguria
1697 282 1723 302 te
1737 272 1801 312 ipso
1810 282 1917 313 augure
1932 274 2101 303 nuntiante»

1151 312 1205 341 illo
1217 320 1349 357 PH-mum
1362 309 1411 339 die
1428 312 1574 352 collegam
1586 315 1641 344 tibi
1651 312 1708 344 efle
1717 314 1839 344 voluisti
1851 325 1856 343 :
1877 316 1947 354 reip.
1959 322 2026 343 tuus
2036 322 2102 352 par-

1153 353 1239 383 vulus
1252 353 1372 382 nliusin
1384 353 1568 392 Capitolium
1585 354 1638 385 ate
1658 355 1763 386 missus
1780 358 1851 396 pacis
1865 354 1935 395 obfis
1953 354 2020 385 fuit.
2039 362 2102 395 quo

1154 395 1268 441 senatus
1289 393 1337 423 die
1356 394 1471 424 laetior?
1487 405 1547 435 quo
1565 397 1692 436 populus
1706 400 1744 429 R.
1758 400 1811 438 qui
1829 398 1952 438 quidem
1971 396 2055 426 nulla
2068 398 2101 425 in

1155 446 1303 467 concione
1314 446 1464 480 ⁴umquam
1482 436 1665 478 frequentior
1674 438 1741 469 fuit.
1765 448 1830 469 tum
1841 440 1972 480 denique
1988 438 2106 468 liberati

1157 489 1206 519 per
1218 480 1298 507 viros
1307 476 1482 508 rortiffimos
1490 480 1666 510 videbamur
1676 492 1684 514 3
1694 482 1774 521 quia,
1785 490 1818 510 ut
1827 481 1872 510 illi
1882 483 2038 511 voluerant
2047 499 2055 512 2
2068 479 2107 508 li-

1161 522 1304 550 bertatem
1318 529 1374 559 pax
1385 520 1565 561 sequebatur.
1593 523 1748 556 Proximo,
1759 523 1861 555 altero,
1872 524 1971 555 tertio,
1981 521 2107 562 reliquis

1159 563 1326 592 consecutis
1336 562 1442 592 diebus
1451 582 1459 595 ‚
1471 572 1534 592 non
1545 564 1761 593 intermittebas
1769 562 1847 604 quasi
1858 564 1973 594 donum
1982 561 2107 603 aliquod

1159 604 1296 644 quotidie
1314 601 1416 633 afferre
1434 604 1548 644 reipub.
1561 607 1731 634 maximum
1745 614 1844 635 autem
1855 605 1930 635 illud
1941 625 1950 639 ,
1966 604 2049 646 quod
2060 603 2108 633 di-

1160 647 1279 676 &aturae
1288 655 1403 675 nomen
1412 645 1563 676 sustulisti.
1586 648 1649 676 haec
1658 646 1754 677 inusta
1763 646 1806 676 est
1818 646 1833 676 a
1843 655 1883 679 te,
1895 646 1910 676 a
1920 655 1958 680 te,
1968 649 2108 687 inquam,

1160 697 1284 718 mortuo
1295 687 1399 717 Caesari
1410 696 1481 718 nota
1490 689 1524 718 ad
1535 690 1736 729 ignominiam
1747 689 1956 728 sempiternam
1963 691 2015 718 .Ut
2022 689 2108 718 enim

1158 738 1277 769 propter
1295 731 1385 759 unius
1407 732 1450 759 Μ.
1464 732 1572 760 Manlii
1596 731 1687 760 scelus
1699 751 1708 763 ,
1729 730 1847 760 decreto
1865 731 1961 771 gentis
1974 730 2108 761 Manliae,

1159 769 1175 791 ⁶
1185 773 1344 800 neminem
1355 773 1510 811 patricium
1523 775 1568 801 M.
1581 773 1735 802 Manlium
1744 773 1844 802 vocari
1854 772 1923 801 licet
1934 782 1940 800 ·.
1953 769 1991 800 sic
2000 779 2032 800 tu
2041 779 2113 809 pro-

1161 821 1224 852 pter
1242 814 1331 842 unius
1351 812 1503 843 distatoris
1523 814 1630 843 odium
1643 834 1651 845 ,
1673 824 1788 844 nomen
1807 812 1960 843 diCratoris
1977 811 2115 842 funditus

1162 853 1316 900 susiulisti.
1340 856 1426 884 Num
1438 855 1559 894 hujusce
1571 875 1578 888 ‚
1590 855 1660 885 cum
1672 866 1728 895 pro
1736 856 1827 886 salute
1837 855 1949 895 reipub.
1965 863 2043 884 tanta
2050 851 2116 894 ges-

1164 894 1242 925 sisses
1253 915 1261 928 ,
1271 895 1398 926 fortunae
1410 905 1437 926 te
1448 916 1456 930 ‚
1468 907 1541 926 num
1553 897 1772 937 amplitudinis,
1783 907 1859 927 num
1869 898 2007 927 claritatis
2018 915 2027 928 ‚
2039 903 2116 924 num

1164 938 1265 979 gloriae
1280 937 1434 983 paenitebat
1447 941 1457 967 ἓ
1475 939 1566 969 Unde
1578 949 1668 980 igitur
1684 938 1782 969 subito
1803 948 1880 969 tanta
1898 938 1952 968 ista
1966 937 2116 968 mutatio?

1165 989 1228 1010 non
1237 979 1357 1019 polium
1368 980 1523 1014 adduci,ut
1532 981 1701 1020 suspicer,te
1711 984 1836 1021 pecunia
1846 990 1977 1020 captum.
1996 981 2117 1009 Lien-r.

1167 1022 1248 1062 quod
1258 1023 1367 1061 cuique
1378 1022 1466 1056 libet,
1479 1024 1626 1064 loquatur.
1650 1023 1768 1053 credere
1777 1033 1841 1054 non
1851 1022 1892 1052 est
1900 1019 2023 1052 necess'e.
2039 1018 2117 1049 nihil

1168 1064 1252 1092 enim
1271 1072 1417 1103 umquam
1436 1065 1468 1094 in
1486 1073 1514 1094 te
1536 1064 1687 1094 sordidum
1708 1086 1717 1099 ‚
1747 1066 1825 1095 nihil
1843 1065 1959 1095 humile
1977 1062 2118 1103 cognovi.

1167 1114 1351 1149 quamquam
1370 1105 1450 1134 nihil
1468 1105 1510 1135 est
1527 1115 1587 1135 tarn
1597 1106 1730 1136 sancium
1745 1127 1754 1140 ‚
1773 1107 1854 1147 quod
1868 1116 1933 1136 non
1943 1104 2056 1135 soleant
2072 1103 2122 1131 do-

1169 1144 1272 1182 mestici
1282 1145 1440 1185 depravare
1450 1149 1746 1187 nonnumquam.sed
1758 1159 1832 1178 novi
1842 1147 2015 1177 firmitatem
2025 1153 2119 1175 tuam-

1168 1197 1255 1233 atque
1265 1189 1381 1218 utinam
1393 1208 1402 1221 ,
1416 1197 1449 1218 ut
1457 1189 1575 1228 culpam
1586 1209 1594 1222 ,
1605 1187 1641 1219 fic
1654 1192 1744 1219 etiam
1756 1190 1955 1229 suspicionem
1964 1189 2058 1217 vitare
2066 1196 2122 1225 po-

1169 1228 1280 1260 tuifles.
1303 1229 1384 1260 Illud
1394 1239 1488 1271 magis
1501 1240 1605 1260 vereor
1614 1250 1623 1263 ‚
1642 1241 1680 1260 ne
1693 1240 1863 1260 rononans
1873 1239 1979 1260 verum
1993 1231 2049 1258 iter
2057 1228 2122 1269 glo-

1171 1274 1219 1301 riae
1231 1292 1239 1304 ‚
1251 1271 1418 1312 gloriosum
1427 1282 1511 1312 putes
1522 1292 1530 1306 ,
1541 1272 1606 1312 plus
1619 1281 1646 1302 te
1657 1282 1754 1302 unum
1765 1271 1845 1313 pofi'e
1858 1292 1867 1306 ‚
1887 1271 1978 1312 quam
1992 1271 2126 1300 omneis:

1173 1313 1205 1343 ὃς
1215 1315 1311 1343 metui
1321 1313 1337 1342 a
1347 1314 1463 1343 civibus
1476 1316 1533 1344 tuis
1544 1333 1552 1347 ‚
1569 1313 1659 1354 quam
1679 1315 1764 1355 diligi
1778 1315 1878 1344 malis.
1902 1312 1983 1354 quod
1992 1311 2013 1341 sl
2022 1314 2062 1341 ita
2070 1321 2126 1351 pu-

1170 1364 1229 1389 tas,
1243 1363 1336 1385 totam
1349 1358 1466 1395 ignoras
1475 1358 1552 1386 viam
1564 1356 1677 1396 gloriae.
1705 1358 1832 1387 CARUM
1843 1354 1900 1386 effe
1914 1358 2014 1385 civem
2025 1373 2034 1387 ‚
2046 1353 2127 1383 bene

1169 1397 1206 1427 de
1216 1406 1279 1437 rep.
1292 1401 1399 1427 mereri
1410 1418 1418 1431 ,
1430 1398 1539 1428 laudari
1551 1419 1560 1431 ‚
1573 1399 1631 1428 coli
1642 1418 1650 1432 ,
1662 1397 1766 1439 diligi,
1779 1398 1944 1440 gloriosum
1954 1395 2004 1426 est.
2029 1394 2125 1425 metui

1169 1438 1252 1473 vero,
1265 1439 1297 1469 &
1307 1441 1340 1468 in
1350 1439 1423 1469 odio
1435 1438 1503 1474 esse,
1516 1440 1714 1473 invidiosum,
1725 1439 1907 1473 detestabile,
1921 1437 2123 1469 imbecillum,

1168 1481 1325 1511 caducum.
1349 1481 1438 1522 Qod
1456 1482 1597 1512 videmus
1612 1484 1702 1512 etiarn
1715 1483 1747 1511 in
1765 1481 1875 1512 fabulis
1888 1501 1897 1514 ,
1922 1479 1974 1521 ipsi
1990 1480 2056 1512 illi,
2071 1478 2126 1518 qui

1170 1542 1190 1556 „
1201 1522 1317 1551 Oderint
1328 1543 1336 1556 ‚
1345 1523 1414 1552 dum
1424 1532 1553 1553 metuant
1563 1544 1571 1557 ,
1584 1524 1710 1557 dixerit,
1722 1523 1925 1564 perniciosum
1935 1520 2031 1552 fuifi'e.
2054 1521 2127 1550 Uti-

1171 1574 1254 1598 nam,
1268 1567 1490 1598 Anioni,avurn
1501 1574 1587 1595 tuum
1597 1565 1783 1595 meminisses
1797 1576 1802 1594 ;
1814 1566 1849 1595 de
1860 1574 1922 1605 quo
1933 1573 2034 1594 tamen
2043 1561 2124 1591 rnul-

1172 1615 1198 1636 ta
1208 1605 1314 1636 audisti
1326 1616 1363 1636 ex
1382 1617 1432 1637 me
1449 1605 1614 1647 saepiffime.
1639 1607 1763 1637 Putasne
1778 1608 1866 1636 illuni
1879 1603 2127 1634 immortalitatem

1172 1649 1269 1677 mereri
1286 1647 1429 1682 voluisse,
1454 1657 1486 1678 ut
1497 1657 1617 1688 propter
1635 1658 1789 1679 armorum
1803 1647 2014 1678 habendorum
2031 1646 2128 1675 licen-

1171 1699 1243 1720 tiam
1256 1699 1437 1721 metueretur
1449 1694 1459 1719 ?
1471 1691 1522 1720 illa
1531 1699 1591 1720 erat
1599 1691 1722 1724 vita‚illa
1730 1689 1856 1720 secunda
1865 1688 1996 1721 fortuna,
2008 1687 2130 1716 liberta-

1173 1742 1202 1762 te
1214 1730 1272 1762 effe
1289 1740 1384 1771 parem
1394 1742 1464 1762 cum
1474 1734 1579 1762 ceteris
1591 1752 1599 1765 ‚
1612 1733 1764 1773 principem
1778 1732 1928 1772 dignitate.
1952 1731 2055 1769 Itaque
2065 1747 2074 1762 ,
2093 1735 2128 1758 ut

1173 1776 1313 1803 omittam
1324 1783 1370 1803 res
1378 1775 1426 1803 avi
1440 1775 1484 1803 tui
1492 1774 1645 1813 prosperas
1659 1793 1667 1807 ,
1681 1772 1901 1803 acerbissimum
1912 1772 1975 1810 ejus
1985 1770 2068 1800 diern
2079 1768 2128 1799 su-

1173 1825 1312 1855 premum
1324 1816 1430 1844 malim
1446 1835 1454 1848 ,
1473 1815 1564 1857 quam
1577 1817 1613 1845 L.
1625 1817 1731 1845 Cinna:
1747 1815 1938 1844 dominatum
1948 1832 1956 1846 ,
1977 1812 2061 1852 aquo
2076 1810 2131 1840 ille

1174 1855 1373 1886 crudeliffime
1384 1856 1428 1886 est
1439 1856 1622 1886 interfestus.
1646 1857 1701 1887 Sed
1715 1856 1788 1897 quid
1802 1858 1936 1886 oratione
1947 1863 1975 1884 te
1987 1852 2106 1883 fldstam
2116 1854 2130 1882 ?

1174 1896 1194 1927 si
1204 1901 1288 1943 enirn
1299 1899 1393 1926 exitus
1403 1901 1429 1927 C.
1436 1899 1538 1939 Caesaris
1547 1897 1663 1929 efficere
1675 1899 1733 1928 hoc
1744 1908 1805 1927 non
1817 1896 1912 1938 potest
1922 1917 1930 1930 ,
1943 1905 1974 1926 ut
1985 1895 2072 1925 malis
2080 1904 2129 1925 ca-

1173 1950 1222 1970 rus
1232 1939 1289 1970 esse
1297 1961 1305 1974 ‚
1318 1941 1409 1981 quam
1420 1942 1534 1974 metui,
1547 1940 1624 1970 nihil
1634 1941 1808 1981 cujusquam
1819 1938 1954 1980 proficiet
1962 1958 1970 1971 ,
1983 1947 2038 1967 nec
2048 1937 2131 1966 vale-

1174 1983 1218 2012 bit
1235 1984 1340 2013 orati'o.
1363 1990 1455 2023 quem
1466 1984 1517 2024 qui
1531 1983 1650 2013 beatum
1661 1981 1747 2012 suifl‘e
1757 1990 1860 2022 putant
1872 2001 1880 2014 ‚
1902 1981 2063 2010 miserrimi
2076 1976 2130 2018 ipsi

1176 2024 1249 2054 sunt.
1276 2026 1298 2053 B
1307 2034 1326 2053 iz
1336 2033 1357 2053 A
1366 2035 1385 2053 'r
1395 2035 1418 2055 o
1429 2035 1441 2055 s
1459 2024 1502 2054 est
1511 2034 1605 2054 nemo
1615 2045 1623 2058 ‚
1635 2026 1688 2065 qui
1698 2034 1730 2054 ea
1740 2025 1801 2065 lege
1811 2025 1904 2057 vivit,
1917 2031 1949 2052 ut
1958 2031 2021 2052 non
2032 2018 2130 2050 mode>

1176 2066 1304 2106 impune
1315 2086 1322 2099 ‚
1342 2066 1390 2096 sed
1403 2069 1492 2096 etiam
1505 2077 1577 2097 curn
1590 2067 1708 2096 summa
1721 2065 1921 2096 inrerieEkoris
1934 2064 2026 2106 gloria
2038 2065 2130 2092 inter-

1176 2107 1223 2137 fici
1234 2106 1330 2148 possit.
1357 2111 1454 2148 Qiare
1465 2107 1552 2139 flefibe
1561 2117 1589 2139 te
1599 2128 1608 2143 ,
1618 2109 1717 2150 quaeso
1728 2128 1736 2142 ‚
1748 2108 1781 2138 ὃς
1792 2107 1919 2148 majores
1930 2115 1999 2136 tuos
2007 2103 2128 2143 respice,

1174 2159 1261 2191 atque
1275 2152 1314 2180 ita
1322 2150 1455 2191 guberna
1463 2160 1559 2190 remp.
1570 2160 1602 2181 ut
1612 2159 1717 2180 natum
1726 2148 1783 2179 esse
1796 2158 1824 2179 te
1834 2158 1914 2179 cives
1924 2150 1967 2178 tui
1972 2145 2129 2187 gaudeant.-

1175 2190 1236 2222 fine
1246 2202 1307 2233 quo
1318 2202 1371 2222 nec
1382 2191 1484 2223 beatus
1494 2213 1502 2226 ,
1515 2198 1529 2220 7
1538 2203 1593 2223 nec
1602 2193 1706 2225 clarus,
1719 2202 1772 2221 nec
1784 2190 1891 2221 υῃᾶυε
1900 2189 2056 2230 quisquam
2069 2184 2127 2216 effe

1175 2236 1263 2264 omni
1284 2233 1428 2274 potestate
1450 2234 1556 2275 potest.
1587 2237 1625 2264 Et
1642 2234 1746 2274 populi
1764 2232 1888 2273 quidem
1909 2233 2002 2261 Rom.
2018 2228 2130 2268 judicia

1176 2276 1272 2306 multa
1280 2276 1370 2306 ambo
1380 2276 1494 2306 habetis
1504 2295 1512 2310 ,
1534 2271 1664 2316 8quibus
1674 2285 1739 2304 non
1758 2276 1824 2305 satis
1843 2274 1960 2302 moveri
1977 2270 2131 2311 permole-

1177 2317 1219 2347 ste
1239 2316 1314 2348 fero.
1355 2317 1437 2356 Qd
1458 2319 1541 2346 enim
1559 2316 1769 2356 gladiatoribus
1790 2315 1937 2345 clamores
1956 2316 2131 2343 innumera-

1175 2359 1284 2388 bilium
1296 2358 1436 2387 civium?
1458 2357 1553 2398 9quid
1572 2358 1678 2397 populi
1695 2356 1880 2387 concursus?
1902 2355 1974 2396 quid
1994 2354 2134 2395 Pompeii

1176 2398 1276 2430 statuae
1286 2399 1403 2439 plausus
1414 2398 1546 2429 infiniti?
1566 2399 1638 2439 quid
1649 2401 1684 2428 iis
1695 2398 1822 2429 tribunis
1832 2399 1908 2438 pleb⁴
1921 2399 1974 2438 qui
1983 2397 2069 2426 vobis
2079 2396 2132 2426 ad-

1175 2441 1329 2471 versantur
1338 2444 1347 2466 ἓ
1358 2450 1502 2480 parumne
1514 2443 1576 2470 lraec
1585 2439 1750 2480 significant
1759 2460 1768 2473 ‚
1779 2440 1994 2470 incredibiliter
2002 2438 2132 2468 consen·

1176 2485 1301 2513 rientem
1314 2483 1418 2522 populi
1429 2485 1519 2513 Rom.
1534 2481 1661 2512 universi
1672 2483 1858 2512 voluntatem
1871 2488 1881 2510 ζ’
1903 2481 1984 2522 Qid
1993 2485 2003 2506 ἒ
2013 2479 2133 2520 Apolli-

1154 2549 1155 2560 ,
1179 2526 1296 2554 narium
1308 2525 1449 2554 ludorum
1458 2524 1589 2565 plausus,
1605 2525 1652 2554 vel
1663 2523 1833 2554 testimonia
1843 2526 1961 2563 potiuS,
1977 2521 2132 2562 &judicia

1180 2567 1286 2606 populi
1296 2568 1389 2596 Rom.
1399 2567 1487 2597 vobis
1496 2576 1585 2607 parva
1595 2566 1769 2596 videbantur
1779 2571 1789 2592 ἓ
1810 2568 1837 2595 O
1848 2566 1949 2596 beatos
1958 2565 2029 2594 illos
2039 2583 2047 2598 ‚
2065 2565 2130 2612 qui,

2059 2614 2133 2635 cum

1179 2681 1264 2717 postea
1277 2681 1489 2717 vulgatlstnstnfi.

1215 2719 1242 2742 6.
1263 2722 1381 2744 Neminem
1386 2721 1517 2750 patricium
1527 2722 1565 2745 M.
1577 2720 1698 2744 Manlium
1707 2720 1791 2744 vocari
1806 2718 1884 2753 Item]
1905 2716 1985 2744 Delet
1994 2714 2132 2742 Ferrarius

1179 2755 1310 2780 Manlium.
1333 2753 1495 2780 Gulielmius
1515 2753 1660 2789 transponit
1679 2753 1845 2781 solummodo
1858 2773 1866 2786 ‚
1884 2753 2132 2785 nemincmpatri'cium

1181 2792 1313 2822 Man-Mum,
1325 2794 1438 2816 Marcum
1446 2791 1530 2815 vocari
1537 2792 1589 2815 licet
1595 2810 1600 2815 .

1223 2833 1250 2859 7.
1272 2830 1320 2852 Nec
1339 2828 1420 2851 clarus
1440 2845 1447 2857 ‚
1470 2834 1512 2851 nec
1529 2828 1614 2850 um‘lm
1632 2826 1755 2859 qmfiliuam
1772 2825 1812 2859 effe
1829 2827 1890 2850 omni
1906 2825 2016 2857 potestate
2029 2822 2130 2857 peresi]

1181 2861 1245 2886 Haec
1264 2862 1299 2889 est
1311 2861 1391 2888 lcffio
1401 2861 1518 2888 Vaticani
1538 2860 1645 2887 codicis.
1667 2863 1789 2887 Muretus
1800 2862 1886 2886 ηηέῖιις
1897 2867 1983 2886 mutat
1997 2860 2022 2886 in
2035 2861 2130 2886 annm.

1179 2906 1230 2923 non
1242 2898 1329 2934 culpo.
1352 2905 1379 2924 at
1393 2897 1500 2932 vulgata
1511 2916 1519 2928 ,
1538 2907 1578 2922 nec
1586 2899 1668 2922 clarui·
1676 2897 1716 2929 ιςζζῖὲ
1733 2897 1856 2930 quisquam
1870 2899 1954 2929 potcst'.
1974 2895 2132 2928 Lambinus,

1177 2932 1235 2958 heic
1244 2935 1278 2961 est
1290 2933 1589 2969 Lumbinus‚imei·p01·it
1600 2932 1692 2959 faciem
1701 2933 1820 2972 pulcram
1831 2931 1951 2958 merdoso
1961 2931 2032 2959 fuco.
2042 2932 2133 2959 videa-

1178 2976 1222 2995 tur
1232 2977 1320 2996 tamen
1332 2969 1472 2996 Turnebus
1483 2969 1519 2995 lib
1541 2977 1585 2995 xv,
1599 2967 1711 2995 Adverl.
1723 2978 1779 3004 cap.
1790 2977 1818 2994 2.

1215 3005 1240 3032 8.
1260 3008 1352 3039 Qibm
1359 3006 1468 3039 nonsatis
1478 3008 1565 3030 uniri
1575 3023 1583 3036 ,
1592 3005 1659 3039 dra]
1686 3004 1736 3039 Abj
1741 3006 1778 3031 eci
1789 3013 1934 3041 pronomen
1945 3013 1989 3030 ‘vos
1998 3003 2050 3031 fide
2061 3003 2132 3030 Pau,

1179 3040 1304 3072 duci-ini,
1316 3040 1524 3077 exemplarisquc
1534 3041 1562 3066 S.
1573 3039 1699 3067 ViCtoris.
1897 3055 1900 3059 -

1214 3086 1242 3113 9.
1262 3079 1408 3111 “Quipnpuli
1417 3076 1565 3110 concursum]
1585 3077 1626 3102 Ita
1638 3079 1651 3102 ὲ
1666 3076 1715 3102 suis
1727 3077 1874 3103 Ferrarius.
1894 3076 1937 3103 scd
1949 3086 1999 3103 non
2011 3075 2132 3112 displicet

1179 3114 1241 3141 mihi
1254 3114 1417 3148 reliquorum
1439 3111 1496 3138 mss.
1509 3112 1573 3138 item
1584 3111 1717 3139 editorum
1739 3112 1821 3140 leffio
1839 3114 1934 3146 versut.
1954 3112 2012 3139 Pal.
2022 3111 2130 3148 quidem

1177 3151 1225 3178 sec.
1237 3149 1355 3185 agnoscit
1365 3149 1456 3182 cursus.
1467 3147 1508 3174 sed
1520 3147 1546 3174 id
1556 3147 1693 3183 depravari
1704 3149 1794 3186 potius
1803 3149 1893 3186 potuit
1903 3152 1917 3176 ὲ
1928 3149 2013 3182 versus
2024 3167 2032 3180 ‚
2052 3155 2131 3184 quain

1177 3194 1207 3215 ut
1217 3186 1314 3213 mutari
1323 3184 1446 3213 debuerit
1455 3184 1480 3212 iu
1492 3186 1623 3219 concursus.
2048 3201 2053 3206 .
2094 3204 2096 3206 .

2001 3227 2026 3247 ι.
2035 3218 2137 3252 Plaudi,

2146 1233 2189 1265 14

2152 2233 2195 2264 15
