2360 3400
0 0 36 130 «ῃ...

377 135 582 184 Ense.
615 144 690 178 An
725 125 1212 182 M.VARRO·NEM,
1239 139 1317 173 Ei-
1351 124 1824 181 CszRes‚Lin.
1850 126 1932 174 IX.

2049 143 2139 190 7³3

155 195 161 201 -
201 215 272 258 quis
283 213 355 248 affis
365 216 563 258 perferuntur.
573 216 613 246 ita
625 215 710 244 enim
718 212 779 252 ipse
792 210 953 242 mandavit.
976 211 1024 241 Sic
1035 208 1088 244 fit,
1099 217 1151 244 ut,
1195 210 1271 249 piis,
1294 207 1328 239 &
1345 211 1420 250 agris
1436 209 1573 240 futurum
1590 218 1694 250 putem
1715 212 1726 239 ?
1745 208 1824 251 quafi
1840 218 1890 241 aut
1907 219 1963 251 ego
1979 208 2144 251 quidquam

118 2651 161 2687 17

202 259 225 288 fi
243 258 316 300 quid
333 258 468 300 praeterea
487 258 524 288 de
540 267 591 287 me
608 256 707 287 audiat
725 275 733 288 ‚
764 263 827 284 non
848 252 1031 284 audiendum
1054 261 1148 298 putet.

200 301 410 341 Qamobrem
429 303 586 330 Oenomao
609 307 660 328 tuo
683 296 760 327 nihil
783 304 865 326 utor:
884 293 935 324 etsi
949 292 1072 334 posuisti
1082 293 1150 323 loco

200 342 302 372 versus
320 343 477 372 Accianos.
499 340 554 371 Sed
573 336 970 380 quaeestinvidia?autquid
981 336 1151 381 mihinunc

199 383 332 413 invideri
352 382 470 423 potest?
489 381 604 412 Vei-sim
622 381 666 412 fac
685 379 741 411 effe
754 379 868 409 omnia.
889 381 938 408 Sic
947 376 1038 407 video
1048 376 1150 423 philo-

199 424 302 464 sophis
323 423 462 464 placuisse
483 426 540 458 iis,
564 426 615 464 qui
638 424 716 453 mihi
733 422 788 452 soli
806 421 946 450 videntur
956 420 1019 448 vim
1029 420 1148 447 virtutis

199 473 318 500 tenere,
339 475 714 496 NIHxLESSEsAPIENTIS
729 471 932 495 sams-rania,
954 457 1010 489 nisi
1018 459 1146 498 culpam:

196 516 256 547 qua
275 507 353 537 mihi
370 507 476 537 Videor
493 507 653 548 dupliciter
667 516 763 537 carere
774 516 779 534 2
792 505 825 534 δί
841 500 924 544 quod
942 511 976 531 ea
992 500 1145 548 senserim,

198 558 265 588 quae
272 547 431 583 re&iffima
439 548 560 579 fuerunt
571 561 575 577 :
590 550 622 579 ὃς
634 552 712 590 quia,
723 546 794 578 curn
804 546 938 576 viderem
947 541 1072 583 praesidii
1083 551 1147 572 non

196 590 265 620 satis
281 589 339 620 esse
367 591 403 622 ad
411 601 444 622 ea
455 591 619 622 obtinenda
630 611 638 625 ‚
658 589 772 621 viribus
782 586 957 618 certandum
966 593 1036 630 cum
1048 584 1148 633 valen:

195 631 325 662 rioribus
346 643 410 663 non
429 636 569 673 putarim.
594 636 671 673 Ergo
690 634 723 661 in
739 629 842 661 officio
861 629 936 658 boni
955 628 1052 660 civis,
1069 634 1149 673 certe

194 681 260 703 non
276 674 342 704 sum
352 674 623 715 reprehendendus.
652 674 817 713 Reliquum
827 669 871 700 est
883 689 891 702 ‚
912 678 949 698 ne
960 666 1145 713 quidssstultffi

193 723 235 744 ne
256 715 330 756 quid
349 718 461 747 temere
485 717 581 747 dicam
602 725 652 747 aut
665 714 772 746 faciam
791 720 894 742 contra
910 718 1068 756 potenteis.
1110 707 1145 737 Id

193 765 315 797 quoque
334 767 408 797 puto
427 757 485 789 effe
502 759 650 798 sapientis.
662 765 756 786 cetera
765 752 859 786 verb,
877 751 948 791 quid
959 749 1086 790 quisque
1095 759 1145 778 me

192 797 301 829 dixisse
320 800 414 830 dicat:
433 799 650 841 autquomodo
660 798 712 826 ille
721 796 861 834 accipiat:
880 800 930 822 aut
942 801 1000 832 qua
1011 789 1147 820 fideme-

190 849 263 870 cum
276 843 418 876 vivantii‚
429 844 481 882 qui
492 852 540 872 me
549 838 657 871 affidue
667 838 782 870 colunt,
794 836 826 865 &
835 835 1003 866 observant,
1013 842 1071 873 prae
1077 831 1147 862 stare
1169 851 1172 862 .

193 891 259 912 non
275 881 404 922 possum.
428 886 473 912 Ita
492 881 541 916 fit,
564 889 598 911 ut
616 881 649 910 &
667 877 865 909 consiliorum
877 877 1062 915 superiorum
1074 884 1147 904 con—

189 923 361 958 seierum&
370 925 522 964 pra-sentis
531 924 675 963 temporis
685 919 891 950 moderatione
901 915 1145 947 meconsoler&

190 965 274 995 illam
286 968 371 995 Accii
379 964 610 995 similitudinem
622 973 686 993 non
696 961 791 992 mod&
800 962 864 1001 jam
874 959 910 990 ad
920 959 1066 989 invidiam
1078 957 1143 1005 :sed

186 1006 224 1037 ad
236 1005 387 1037 fortunam
397 1005 569 1036 transferam
585 1015 702 1045 :QJAM
716 1013 883 1034 Eius-rimo
894 1011 1010 1031 LEVEM
1023 1020 1032 1034 ‚
1042 1000 1075 1030 ὃς
1085 1010 1144 1029 im—

187 1048 326 1078 becillam
338 1068 347 1081 ,
362 1050 466 1078 animo
474 1047 576 1082 firmo,
589 1047 621 1077 &
631 1049 723 1087 gravi,
735 1054 874 1076 tanouam
885 1042 1014 1073 fluetum
1025 1043 1040 1072 a
1049 1042 1119 1072 saxo
1131 1062 1140 1075 ‚

187 1088 284 1130 frangi
301 1099 448 1129 oportere.
471 1092 594 1120 Etenim
603 1091 675 1120 cum
689 1089 777 1129 plena
797 1096 842 1117 int
851 1093 1052 1116 monumenta
1061 1086 1144 1115 Grae-

188 1140 294 1162 eorum
305 1151 314 1164 ‚
333 1131 594 1172 quemadmodum
614 1128 818 1170 sapientissimi
837 1130 894 1158 viri
913 1137 1001 1167 regna
1018 1127 1144 1156 tulerint

186 1172 235 1202 vel
247 1173 384 1207 Athenis,
399 1174 447 1204 vel
461 1172 605 1214 Syracusis
618 1184 624 1201 ·.
635 1171 720 1205 cum,
735 1170 934 1201 servientibus
944 1169 1003 1198 suis
1013 1169 1142 1199 eivitati—

186 1213 243 1244 bus
254 1234 263 1248 ‚
283 1214 396 1246 fuerint
411 1214 464 1255 ipsi
482 1213 710 1256 quodammodo
720 1213 807 1243 liberi
821 1224 825 1242 z
837 1222 893 1252 ego
904 1221 954 1240 me
964 1220 1027 1240 non
1036 1219 1139 1256 putem

183 1257 261 1286 tueri
281 1266 387 1287 meum
397 1256 504 1288 statum
516 1255 553 1286 sic
562 1255 642 1296 pofl'e
655 1277 664 1290 ,
686 1265 717 1286 ut
730 1265 827 1296 neque
837 1252 989 1284 offendam
1000 1262 1140 1282 animum

184 1298 360 1338 cujusquam
370 1318 380 1333 ‚
399 1298 596 1339 nec‘fmngam
610 1298 784 1339 dignitatem
800 1305 899 1325 meam
911 1299 923 1324 ἓ
947 1297 1040 1324 Nunc
1049 1296 1140 1324 venio

180 1338 218 1369 ad
232 1339 400 1379 jocationes
412 1348 476 1371 tuas
490 1361 498 1373 ,
517 1350 613 1380 quum
623 1349 654 1369 tu
664 1339 828 1369 secundum
840 1340 1030 1366 Oenomaum
1043 1337 1137 1369 Accii,

181 1390 247 1411 non
257 1399 267 1415 ‚·
276 1391 308 1412 ut
318 1383 394 1412 olim
406 1382 533 1415 solebat,
545 1382 718 1411 Atellanum
730 1391 735 1409 ;
745 1380 805 1413 sed,
818 1388 847 1409 ut
857 1389 939 1409 nunc
951 1377 994 1411 fit,
1005 1380 1138 1407 mimum

180 1422 387 1453 introduxisti.
410 1426 511 1465 Qem
529 1432 560 1453 tu
581 1424 660 1453 mihi
669 1422 824 1462 Popilium
837 1441 845 1454 ,
866 1430 957 1461 quem
968 1421 1137 1450 Denarium

183 1472 282 1494 narras
301 1470 313 1493 ἓ
339 1474 428 1505 quarn
449 1465 639 1505 Tyrotarichi
657 1466 790 1504 patinam
802 1468 811 1493 ?
833 1462 976 1492 facilitate
1000 1471 1067 1492 mea
1082 1460 1139 1491 ista

180 1505 353 1536 ferebantur
370 1506 472 1537 antea:
498 1516 581 1536 nunc
603 1515 715 1536 mutata
724 1515 769 1536 res
779 1504 829 1535 est.
855 1506 991 1534 Hirtium
1000 1513 1056 1543 ego
1067 1523 1077 1538 ,
1102 1503 1135 1534 &

180 1547 375 1578 Dolabellam
383 1548 504 1579 dicendi
514 1548 677 1588 discipulos
688 1548 784 1577 habeo
795 1567 804 1580 ‚
829 1546 955 1576 cenandi
967 1543 1132 1586 magistros-

182 1591 260 1620 Puto
270 1591 353 1619 enim
366 1599 392 1620 te
403 1589 525 1624 audisse,
538 1591 548 1629 (
559 1588 579 1620 si
589 1590 667 1620 torte
679 1589 713 1620 ad
724 1599 778 1620 vos
789 1590 894 1619 omnia
902 1587 1092 1629 perferuntur
1101 1607 1110 1621 ,
1123 1582 1133 1623 )

177 1631 250 1662 illos
259 1631 335 1672 apud
345 1642 395 1662 me
402 1632 654 1666 declamitare‚me
663 1631 741 1672 apud
751 1642 802 1662 eos
809 1633 948 1662 cenitare.
959 1633 1010 1661 Tu
1019 1638 1131 1660 autem,

178 1671 263 1714 quod
285 1674 363 1704 mihi
373 1674 485 1705 bonam
500 1676 619 1715 copiam
630 1675 746 1711 eiures,
771 1674 850 1704 nihil
865 1672 919 1703 est'.
951 1682 1016 1703 turn
1036 1674 1134 1702 enim,

178 1718 194 1735 Ι
204 1713 279 1745 cum
296 1726 361 1746 rem
380 1716 506 1748 habebas
517 1737 526 1751 ,
545 1715 727 1757 quaesticulis
737 1725 763 1746 te
773 1715 920 1746 faciebam
929 1717 1131 1746 attentiorem-

181 1766 265 1787 nunc
275 1777 283 1791 ‚
293 1757 365 1788 cum
375 1766 435 1788 tarn
448 1769 535 1800 aequo
544 1761 649 1789 animo
658 1758 737 1788 bona
749 1758 864 1798 perdas,
876 1767 940 1787 non
949 1767 986 1787 eo
994 1755 1029 1786 fis
1038 1755 1121 1786 confi

182 1799 237 1832 lio,
248 1808 293 1831 ut,
302 1797 374 1828 curn
386 1810 435 1829 me
444 1801 575 1840 hospitio
585 1799 952 1840 recipia5‚aestimationem
965 1807 993 1828 te
1002 1799 1133 1838 aliquam

182 1849 270 1880 putes
280 1842 421 1880 accipere.
433 1843 522 1872 etiam
535 1841 703 1872 haeclevior
713 1841 755 1872 est
768 1842 851 1883 plaga
860 1840 896 1871 ab
906 1842 1005 1870 arnico
1014 1860 1024 1873 ,
1043 1839 1133 1880 quam

180 1883 196 1912 ‘a
207 1881 350 1912 debitore.
374 1885 442 1913 Nec
451 1892 552 1914 tamen
562 1893 608 1913 eas
617 1893 704 1913 cenas
713 1893 823 1924 quaero,
837 1891 868 1912 ut
879 1892 992 1923 magnae
1002 1883 1135 1922 reliquiae

181 1921 269 1954 fiant:
289 1923 370 1964 quod
386 1926 460 1958 erit,
482 1923 679 1967 magnificum
691 1923 724 1954 sit
735 1944 744 1958 ‚
764 1925 798 1954 δε
807 1925 936 1954 lautum.
960 1925 1093 1953 Memini
1106 1932 1135 1953 te

181 1967 260 1995 mihi
269 1967 405 1996 Phameae
414 1976 518 1998 cenam
530 1977 651 1997 narrare.
664 1965 828 2006 temperius
840 1964 888 1996 fiat
900 1976 905 1995 z
920 1974 1014 1997 cetera
1025 1965 1133 1995 eodem

180 2007 286 2037 modo.
310 2007 402 2049 Qod
422 2007 442 2038 si
455 2009 620 2049 perseveras
641 2018 690 2038 me
698 2009 733 2038 ad
747 2011 850 2039 matris
861 2017 916 2038 tua:
927 2017 1032 2038 cenam
1044 2017 1134 2037 revo—

177 2058 242 2079 care
253 2069 261 2082 ,
285 2048 378 2080 feram
396 2049 427 2080 id
448 2061 578 2092 quoque.
602 2051 684 2080 Volo
695 2052 778 2080 enim
789 2050 890 2080 videre
900 2052 1038 2080 :inimum
1052 2069 1059 2083 ,
1080 2051 1135 2090 qui

181 2091 260 2120 milii
272 2090 394 2124 audeat,
406 2091 458 2122 ista
469 2113 477 2126 ‚
490 2103 556 2134 quae
569 2092 672 2122 scribis
684 2112 692 2126 ,
707 2102 854 2133 apponere
866 2112 875 2125 ,
886 2101 935 2122 aut
947 2095 1036 2122 etiam
1049 2097 1135 2132 poly-

177 2142 254 2175 pum
265 2134 397 2163 Miniani
405 2135 491 2175 Jovis
502 2133 727 2164 similem-Mihi
735 2134 822 2165 crede
833 2145 838 2163 ;
851 2144 915 2164 non
925 2134 1057 2164 audebis.
1069 2137 1135 2163 An—

173 2185 204 2206 te
224 2183 328 2203 meum
346 2174 510 2206 adventum
518 2176 596 2207 fama
604 2176 639 2206 ad
651 2185 678 2206 te
689 2176 726 2206 de
737 2186 803 2206 mea
815 2186 893 2206 nova
902 2177 1015 2206 lautitia
1025 2183 1134 2205 veniet:

176 2226 243 2248 eam
252 2217 438 2247 extimesces.
462 2220 569 2259 Neque
579 2217 632 2251 est,
643 2217 726 2259 quod
736 2220 769 2248 in
780 2216 960 2258 promulfide
972 2218 1030 2257 spei
1041 2227 1135 2257 ponas

176 2257 309 2299 aliquid:
329 2268 420 2300 quam
448 2269 540 2291 totam
554 2259 667 2290 sustuli.
690 2263 705 2279 ²
715 2261 856 2290 Solebam
868 2261 951 2289 enim
963 2260 1047 2290 antea
1055 2259 1133 2290 deli-

177 2301 265 2331 bitari
282 2300 358 2330 oleis
369 2322 377 2334 ‚
398 2302 431 2331 &
453 2302 596 2333 lucanicis
618 2303 688 2332 tuis.
711 2302 769 2332 Sed
791 2301 865 2343 quid
882 2303 943 2332 haze
954 2302 1132 2342 loquimur?

175 2343 262 2373 liceat
278 2342 373 2372 modo
396 2341 454 2373 isto
472 2347 584 2374 venire.
608 2346 658 2374 Tu
677 2343 749 2373 νει-ὸ
774 2344 784 2383 (
795 2344 868 2374 volo
874 2346 963 2373 enirn
971 2343 1132 2385 abstergere

175 2385 273 2415 animi
282 2385 326 2413 tui
337 2386 476 2426 metum)
499 2387 533 2417 ad
542 2387 792 2427 Tyrotarrichuna
803 2387 960 2426 antiquum
972 2385 1042 2415 redi.
1068 2388 1130 2427 Ego

178 2426 235 2456 tibi
247 2435 343 2456 unum
357 2427 510 2468 sumptum
521 2428 640 2459 afferam
651 2426 733 2468 quod
744 2428 886 2458 balneum
896 2427 1031 2457 calfacias
1042 2437 1131 2467 opor-

178 2468 266 2498 tebit:
288 2476 382 2498 cetera
391 2477 475 2500 more
486 2470 587 2501 nostro
599 2483 608 2505 ·,
627 2470 834 2509 superiorailla
844 2467 978 2499 lusimus.
1002 2472 1049 2499 De
1057 2470 1131 2500 villa

174 2510 320 2541 Seliciana
342 2509 375 2539 &
396 2511 503 2542 curasti
516 2512 682 2553 -diligenter
705 2531 713 2545 ,
735 2511 768 2541 ὅτ,
788 2510 924 2551 scripsisti
945 2509 1128 2542 facetissime.

173 2554 278 2592 Itaque
288 2559 360 2591 puto
374 2561 424 2581 me
431 2553 708 2592 praetermiss'urum.
722 2553 789 2584 salis
800 2557 883 2583 enim
895 2554 961 2584 satis
975 2552 1018 2583 est
1032 2573 1041 2588 ‚
1062 2553 1129 2584 san-

169 2596 306 2625 nionum
318 2602 433 2632 parum.
458 2596 540 2625 Vale.

293 2642 489 2672 'C1CERO
511 2643 771 2672 L-PAPIRIO
792 2643 953 2674 PAET0‚
976 2643 1003 2671 S.

283 2689 310 2717 Ο
321 2697 341 2717 N
361 2697 391 2718 tu
403 2687 499 2716 horno
509 2687 651 2717 ridiculus
662 2696 691 2715 es
704 2706 712 2719 ,
733 2688 782 2726 qui
796 2706 805 2720 ,
825 2686 897 2716 cum
912 2687 1019 2716 Balbus
1030 2685 1130 2717 noster

273 2729 351 2771 apud
361 2739 388 2761 te
398 2729 487 2760 fuerit
496 2748 505 2762 ,
530 2738 567 2759 ex
578 2739 627 2759 mc
636 2738 747 2771 quaeras
758 2748 766 2762 ‚
789 2728 862 2770 quid
873 2728 909 2759 de
920 2727 984 2758 istis
996 2731 1127 2759 munici-

1196 252 1297 284 sciam,
1308 252 1390 291 quod
1402 251 1454 282 iste
1465 253 1574 282 nesciat
1585 263 1590 280 2
1602 262 1652 282 aut
1665 271 1673 285 ,
1693 250 1713 281 fi
1723 252 1795 292 quid
1803 253 1962 293 aliquando
1971 252 2032 282 scio
2042 272 2052 284 ,
2077 261 2143 282 non

1197 302 1235 321 ex
1256 292 1312 322 isto
1330 293 1442 323 soleam
1455 294 1536 324 scire.
1558 293 1662 324 Immb
1671 293 1760 326 vero,
1780 293 1859 323 sime
1869 304 1948 324 amas
1960 314 1970 327 ‚
1989 292 2091 328 rufae,
2111 301 2146 325 ut

1197 334 1285 363 sciam
1299 354 1307 366 ‚
1323 335 1396 375 quid
1413 336 1449 365 de
1471 335 1560 365 nobis
1577 335 1714 365 futurum
1733 334 1775 365 sit.
1799 335 1939 366 Habuisti
1956 337 2084 366 enimin
2095 344 2145 367 tua

1195 375 1346 413 potestate,
1357 386 1395 405 ex
1406 386 1467 416 quo
1476 377 1569 407 velex
1578 377 1688 410 sobrio,
1701 377 1834 407 velcerte
1846 388 1884 407 ex
1900 378 1982 407 ebrio
1992 378 2064 407 scire
2073 377 2146 417 pos-

1196 416 1246 445 ses.
1269 416 1325 447 Sed
1341 427 1397 458 ego
1416 417 1469 448 ista
1480 438 1487 452 ,
1511 421 1554 447 mi
1566 422 1640 449 Paete
1652 439 1660 452 ‚
1682 429 1746 449 nou
1754 429 1870 459 quaero:
1883 418 2017 460 primum
2027 421 2096 459 quia
2106 419 2145 449 de

1193 457 1275 487 lucro
1285 468 1376 497 prope
1385 460 1447 498 jam
1458 460 1689 499 quadriennium
1701 463 1832 490 vivimus
1845 459 1881 490 :si
1892 470 1943 491 aut
1955 461 2011 490 hoc
2023 461 2141 491 lucrum

1191 497 1243 532 est,
1256 508 1305 528 aut
1316 500 1376 529 haec
1390 502 1448 530 vita
1460 521 1468 534 ,
1483 500 1667 540 superstitem
1679 504 1752 541 reip.
1762 504 1864 533 vivere
1877 514 1881 531 :
1906 502 2015 533 deinde
2026 522 2035 536 ,
2059 502 2143 543 quod

1193 540 1262 570 scire
1278 550 1399 580 quoque
1419 544 1497 571 milii
1518 543 1625 572 videor
1650 563 1657 575 ,
1678 544 1750 583 quid
1768 543 1902 574 futurum
1924 543 1967 574 sit.
1991 542 2041 573 fiet
2059 554 2144 574 enim

1191 581 1402 622 quodcumque
1413 584 1527 616 volent,
1538 594 1589 623 qui
1599 585 1749 614 valebunt;
1764 586 2015 616 valebuntautem
2026 586 2143 626 semper

1191 633 1278 653 arma.
1302 626 1375 653 Satis
1395 626 1483 664 igitur
1494 625 1581 654 nobis
1598 624 1654 655 esse
1669 626 1774 661 debet,
1801 628 1947 668 quidquid
1959 627 2144 658 conceditur.
2182 655 2185 657 .

1192 666 1249 694 hoc
1263 663 1282 694 si
1293 668 1343 705 qui
1354 668 1413 704 pati
1424 675 1486 695 non
1500 675 1608 705 potuit,
1621 669 1698 696 mori
1708 668 1818 698 debuit.
1843 672 2002 710 Vejentem
2012 672 2138 710 quidem

1175 710 1293 746 ‘agrurn
1311 726 1320 740 ‚
1339 707 1372 737 &
1391 710 1569 746 Capenatem
1588 717 1761 738 metiuntur.
1775 712 1842 740 —hoc
1860 722 1924 741 non
1934 712 2023 751 longe
2034 710 2141 742 abesta

1190 748 1372 778 Tusculano.
1397 749 1485 778 Nihil
1505 758 1605 779 tamen
1629 750 1723 779 timeo
1740 750 1847 785 timor,
1869 753 1940 782 dum
1954 753 2036 783 licet:
2054 762 2140 793 opto,

1189 798 1221 818 ut
1243 790 1358 829 semper
1375 790 1469 820 liceat.
1492 792 1522 820 Si
1542 790 1572 820 id
1595 790 1698 820 minus
1717 794 2021 833 contigeritztamen,
2042 805 2140 836 quum

1191 841 1245 871 ego
1258 834 1303 861 vii·
1314 831 1399 862 fortis
1409 853 1418 865 ,
1438 832 1519 862 idem
1536 833 1618 872 quod
1633 833 1849 873 philosophus,
1865 838 1963 865 vivere
1976 837 2143 876 pulcherri-

1191 883 1277 903 mum
1288 873 1374 907 duxi,
1389 884 1451 904 non
1461 872 1580 914 possum
1591 884 1662 904 euin
1672 884 1736 904 non
1746 875 1868 916 diligere
1878 896 1885 909 ‚
1899 887 1981 914 quus
1992 878 2066 908 bene
2073 877 2141 908 ficio

1190 915 1219 944 id
1237 915 1412 946 consecutus
1432 917 1506 946 sum.
1527 917 1578 956 qui
1591 914 2010 958 ficupiatefl‘erempqualem
2021 918 2138 950 fortasse

1190 957 1222 986 δε
1234 957 1285 987 ille
1295 958 1360 988 vult
1372 978 1380 991 ‚
1402 957 1435 988 ὃς
1446 968 1552 988 omncs
1565 967 1663 998 optare
1671 958 1817 989 debemus
1831 971 1835 989 ;
1852 960 1924 1001 quid
1934 959 2017 990 faciit
2028 970 2139 994 tamen„

1189 1008 1253 1028 non
1272 999 1375 1030 habet:
1400 1001 1439 1030 ita
1458 1001 1486 1030 se
1496 1010 1567 1030 curn
1578 1001 1681 1030 multis
1691 1001 1851 1042 colligavit.
1875 1001 1931 1032 Sed
1943 1002 2062 1042 longius
2072 1013 2142 1043 pro*

1188 1040 1317 1081 gredior.
1336 1041 1433 1072 stribo
1453 1044 1537 1072 enirn
1557 1042 1591 1072 ad
1606 1051 1643 1072 te.
1668 1045 1735 1073 Hoc
1744 1053 1845 1074 tamen
1858 1044 1948 1077 scito,
1971 1055 2035 1074 riori
2044 1045 2140 1074 moden

1188 1093 1249 1116 me,
1260 1085 1312 1124 qui
1323 1081 1455 1114 consilils
1463 1094 1527 1114 non
1538 1084 1694 1117 intersum,
1706 1085 1754 1115 sed
1766 1095 1802 1115 ne
1812 1085 1909 1126 ipsum
1921 1085 2044 1126 quidem
2057 1096 2139 1125 prin<

1186 1126 1285 1165 cipem
1302 1125 1374 1155 scire
1387 1146 1395 1159 ,
1415 1126 1488 1166 quid
1504 1125 1642 1156 futurum
1660 1124 1703 1156 fit.
1727 1129 1794 1157 Nos
1815 1130 1899 1157 enim
1919 1129 1964 1157 iili
1983 1127 2143 1158 servimus:

1186 1168 1247 1206 ipse
1267 1167 1466 1208 temporibus.
1489 1170 1528 1198 ita
1550 1178 1605 1198 nec
1626 1168 1696 1201 ille,
1717 1169 1790 1209 quid
1809 1179 1944 1209 tempora
1959 1170 2141 1210 postulatura

1184 1208 1333 1239 sintz'nec
1342 1219 1417 1243 nos,
1437 1210 1510 1251 quid
1520 1210 1572 1240 ille
1582 1211 1709 1251 cogitet,
1730 1211 1799 1241 scire
1809 1210 1977 1251 possumus.
2002 1215 2074 1243 Haec
2084 1212 2141 1243 tibi

1185 1249 1269 1281 antea
1291 1261 1356 1281 non
1378 1250 1528 1292 rescripsi,
1549 1262 1613 1282 non
1622 1251 1683 1292 quo
1694 1251 1816 1283 cessator
1825 1252 1884 1283 ess‘e
1898 1254 2023 1284 solerem
2037 1274 2044 1288 ‚
2066 1264 2142 1295 prae-

1184 1293 1286 1323 sertim
1303 1295 1337 1323 iti
1358 1293 1481 1324 litteris:
1502 1294 1551 1324 sed
1572 1293 1643 1324 cum
1655 1295 1800 1335 explorati
1814 1296 1892 1325 nihil
1904 1295 2061 1330 haberem,
2085 1306 2141 1327 nec

1183 1335 1238 1364 tibi
1250 1335 1484 1366 sollicitudinem
1495 1346 1533 1366 ex
1542 1336 1728 1367 dubitatione
1740 1347 1806 1367 mea
1821 1357 1829 1371 ‚
1851 1347 1906 1367 nec
1920 1338 2002 1377 spem
2012 1348 2049 1367 ex
2059 1337 2141 1368 affir-

1184 1379 1317 1407 matione
1334 1376 1437 1408 afferre
1456 1379 1550 1408 volui.
1573 1378 1653 1408 Illud
1674 1387 1773 1409 tamen
1791 1379 1954 1410 adscribam
1969 1399 1978 1412 ‚
1997 1379 2079 1420 quod
2097 1378 2141 1410 est

1180 1417 1365 1449 verissimum
1379 1440 1387 1454 ‚
1415 1430 1464 1450 me
1483 1422 1530 1450 iiis
1550 1420 1736 1461 temporibus
1752 1421 1846 1451 adhuc
1867 1421 1903 1451 de
1923 1420 1981 1451 isto
2005 1422 2140 1460 periculo

1181 1461 1259 1490 nihil
1278 1460 1399 1492 audisse.
1423 1464 1473 1492 Tu
1490 1471 1592 1492 tamen
1614 1472 1668 1502 pro
1687 1472 1736 1493 tua
1752 1463 1894 1503 sapientia
1904 1462 2027 1493 debebis
2039 1471 2142 1503 optare

1180 1505 1305 1543 optima,
1317 1502 1647 1545 cogitaredifficillima‚
1658 1504 1732 1535 ferre
1742 1515 1937 1546 quaecumque
1947 1513 2043 1534 erunt.

1284 1548 1482 1576 CICERO
1503 1549 1530 1577 S.
1543 1549 1583 1576 D.
1606 1548 1632 1576 L
1653 1549 1674 1576 P
1688 1549 1868 1577 APIRIO
1892 1548 2046 1576 PAETO.

1278 1590 1308 1617 U
1319 1598 1346 1617 Μ
1360 1586 1459 1618 -ess'em
1479 1589 1595 1619 otiosus
1614 1590 1648 1618 in
1656 1588 1828 1619 Tusculano
1839 1608 1846 1622 ,
1869 1588 2022 1629 propterea
2035 1587 2141 1630 ³qubd

1269 1629 1431 1670 discipulos
1439 1630 1561 1661 obviam
1575 1630 1764 1664 miseram‚ut
1773 1630 1867 1660 iidem
1879 1641 1929 1660 me
1940 1630 2031 1671 quam
2041 1632 2144 1661 maxi—

1183 1672 1234 1701 me
1246 1673 1442 1703 conciliarent
1451 1671 1594 1703 familiari
1605 1672 1657 1702 suo
1671 1683 1676 1701 :
1688 1674 1786 1713 accepi
1799 1682 1860 1703 tuas
1869 1673 1977 1703 litteras
1988 1692 1996 1706 ‚
2008 1671 2142 1713 pleniffi·

1179 1723 1244 1743 mas
1270 1714 1421 1745 suavitatis
1440 1725 1445 1744 :
1475 1725 1513 1745 ex
1531 1714 1640 1756 quibus
1658 1715 1799 1745 intellexi
1817 1715 1934 1755 probari
1958 1715 2012 1745 tibi
2031 1725 2138 1746 meum

1180 1754 1341 1786 consilium
1352 1776 1360 1791 ,
1384 1755 1467 1798 quod
1480 1777 1489 1791 ‚
1509 1766 1542 1788 ut
1553 1755 1715 1796 Dionysius
1730 1766 1891 1797 tyrannus,
1912 1755 1983 1787 cum
1995 1756 2140 1797 Syracusis

1181 1798 1322 1838 expulsus
1343 1797 1434 1833 effer,
1456 1800 1595 1829 Corinthi
1610 1799 1835 1829 diciturludum
1846 1796 2004 1839 aperuisse:
2023 1797 2061 1828 fic
2071 1809 2139 1840 ego,

1180 1840 1434 1880 sublatisjudiciis
1446 1861 1455 1874 ,
1467 1839 1573 1871 amisso
1584 1850 1677 1881 regno
1687 1839 1795 1870 forenfi
1808 1861 1816 1875 ‚
1828 1840 1935 1870 ludum
1946 1839 2023 1881 quasi
2033 1841 2141 1871 habere

1180 1883 1334 1921 coeperim.
1358 1882 1440 1922 Qijd
1459 1883 1587 1922 quaeris?
1606 1892 1657 1911 me
1676 1892 1796 1922 quoque
1817 1881 1944 1912 delthat
1964 1881 2138 1912 consilium.

1181 1925 1277 1953 multa
1295 1925 1379 1952 enim
1396 1925 1582 1964 consequor:
1594 1924 1730 1963 primum
1741 1924 1772 1953 id
1786 1943 1795 1957 ‚
1815 1923 1896 1965 quod
1908 1924 2045 1964 maxime
2056 1934 2140 1954 nunc

1183 1975 1259 2005 opus
1277 1964 1340 1998 est,
1361 1967 1471 1995 munio
1485 1975 1536 1995 me
1557 1965 1593 1996 ad
1612 1967 1676 1995 haec
1693 1975 1835 2005 tempora.
1859 1965 1893 1996 {d
1911 1965 2082 2006 cujusmodi
2095 1965 2141 1999 sit,

1179 2007 1280 2036 nescio
1294 2018 1298 2036 :
1312 2016 1431 2037 tantum
1440 2007 1542 2041 video,
1553 2007 1668 2037 nullius
1677 2007 1771 2037 adhuc
1781 2006 1902 2038 consilia
1914 2018 1963 2037 me
1975 2009 2044 2038 huic
2053 2017 2140 2038 ante—

1177 2059 1306 2089 ponere:
1329 2048 1384 2078 nisi
1403 2048 1482 2079 forte
1499 2051 1579 2079 mori
1590 2050 1700 2080 melius
1709 2049 1768 2079 fuit
1777 2048 1943 2079 inleEtulo.
1955 2049 2066 2080 fateor:
2086 2050 2136 2080 sed

1177 2101 1241 2121 non
1258 2091 1372 2121 accidit.
1400 2093 1433 2120 in
1450 2092 1511 2121 acie
1533 2101 1596 2121 non
1613 2091 1668 2120 fui.
1699 2093 1796 2122 Ceteri
1812 2091 1937 2132 quidem
1960 2092 2136 2131 Pompeius.

1179 2133 1326 2163 Lentulus
1340 2142 1408 2163 tuus
1418 2152 1426 2166 ,
1440 2135 1539 2173 Scipio
1555 2152 1563 2166 ‚
1577 2132 1729 2167 Afranius,
1740 2132 1820 2163 foede
1830 2135 1990 2173 perierunt.
2014 2136 2053 2163 At
2064 2136 2139 2164 Cato

1176 2174 1320 2215 praeclare.
1341 2176 1410 2216 Jam
1421 2174 1496 2204 istuc
1506 2174 1642 2216 quidem,
1654 2174 1726 2204 cum
1737 2175 1894 2209 volemus,
1907 2174 2019 2205 iicebit.
2028 2175 2138 2205 demus

1178 2215 1275 2247 mode
1286 2226 1407 2256 operam
1419 2237 1428 2250 ‚
1442 2227 1478 2246 ne
1490 2226 1550 2247 tam
1561 2215 1674 2247 necess'e
1689 2217 1777 2247 nobis
1788 2215 1822 2247 sit
1839 2237 1847 2251 ,
1858 2217 1948 2257 quam
1961 2217 2006 2247 illi
2016 2216 2076 2247 fuit
2086 2228 2091 2246 t
2103 2218 2136 2247 id

1175 2258 1257 2299 quod
1278 2261 1404 2300 agimus.
1437 2261 1516 2300 Ergo
1536 2260 1594 2288 hoc
1613 2261 1758 2299 primurn.
1791 2262 1930 2300 Sequitur
1947 2259 2023 2289 illud
2044 2279 2051 2292 ,
2071 2259 2135 2298 Ipse

1174 2301 1285 2330 melior
1297 2300 1338 2330 lio
1355 2311 1360 2330 ;
1374 2300 1513 2331 Primum
1524 2300 1691 2331 valitudine
1703 2321 1711 2333 ‚
1725 2311 1827 2341 quam,
1838 2299 2010 2331 intermissis
2021 2302 2134 2330 exerci-

1171 2342 1348 2376 tationibus,
1360 2343 1517 2373 amiseram
1528 2353 1532 2372 :
1543 2342 1653 2373 deinde
1662 2343 1723 2383 ipsa
1732 2343 1793 2376 illa,
1806 2341 1826 2372 si
1836 2353 1894 2383 qua
1903 2342 1961 2373 fui:
1971 2345 2002 2372 iri
2015 2353 2074 2375 me,
2087 2341 2135 2373 fa*-

1172 2385 1264 2415 cultas
1282 2386 1429 2415 orationis
1442 2404 1450 2418 ‚
1470 2383 1586 2414 nisime
1603 2385 1639 2415 ad
1650 2386 1700 2415 has
1719 2386 1947 2415 exercitationes
1957 2382 2132 2418 retulisti-m,

1173 2425 1339 2457 exaruiss'et.
1364 2430 1544 2458 Extremum
1556 2427 1630 2457 illud
1640 2426 1693 2460 est,
1705 2426 1785 2468 quod
1795 2436 1827 2456 tu
1840 2427 1942 2457 nescio
1950 2436 1986 2456 an
1996 2428 2132 2466 primum

1172 2479 1268 2510 putes.
1283 2470 1445 2509 plurisjam
1456 2478 1586 2509 pavones
1597 2468 1736 2502 confeci,
1759 2469 1852 2508 quarn
1862 2478 1891 2499 tu
1902 2469 2000 2507 pullos
2009 2468 2133 2498 colum-

1172 2513 1270 2542 binos.
1294 2514 1344 2541 Tu
1361 2510 1428 2541 istic
1446 2520 1473 2542 te
1493 2512 1659 2541 Atlieriano
1676 2511 1744 2550 jure
1760 2509 1926 2540 deleehto:
1942 2519 1996 2550 ego
2015 2520 2064 2539 me
2081 2508 2131 2541 hic

1173 2564 1325 2593 Hirtiano.
1337 2565 1417 2592 Veni
1427 2564 1436 2592 i
1460 2564 1526 2594 itur,
1540 2560 1560 2590 si
1570 2562 1616 2590 vir
1626 2561 1704 2593 es‚&
1714 2560 1792 2589 disce
1804 2559 1863 2596 jam
1873 2546 2132 2598 fflnsppgp'xss

1170 2615 1240 2645 quas
1259 2608 1385 2644 quaeris:
1406 2613 1458 2633 eti
1478 2603 1524 2633 sus
1543 2603 1726 2632 Minervam.
1750 2601 1805 2630 Sed
1829 2599 1969 2640 quando,
1991 2609 2023 2630 ut
2035 2600 2128 2630 video

1170 2646 1384 2676 aestimationes
1396 2654 1459 2675 tuas
1469 2643 1598 2674 vendere
1608 2654 1671 2673 nori
1680 2651 1765 2683 potes
1780 2662 1788 2675 ‚
1811 2652 1909 2682 neque
1919 2642 2012 2672 ollam
2036 2641 2131 2673 dena-

1172 2689 1287 2717 riorum
1301 2688 1426 2726 implere
1436 2706 1444 2720 ,
1465 2688 1598 2716 Romam
1609 2685 1663 2715 tibi
1672 2683 1896 2724 remigrandum
1906 2682 1957 2714 est.
1980 2685 2075 2714 Satius
2085 2684 2129 2716 est

1167 2728 1217 2760 hic
1239 2729 1402 2763 cruditate,
1424 2727 1514 2769 quim-2
1533 2726 1598 2757 istie
1608 2726 1700 2758 fame.
1723 2725 1822 2756 Video
1833 2734 1860 2756 te
1870 2724 2130 2798 bonaperdicsl-iss‘e:

2057 2776 2132 2808 pero

214 2862 238 2880 ¹.
259 2859 315 2882 Cum
325 2867 371 2882 rem
379 2859 482 2883 habeba
494 2877 501 2888 ‚
512 2859 647 2891 qugssirusis
658 2859 802 2891 refacielmm
813 2859 984 2892 attentiorem]
995 2857 1089 2884 Lumb.
1102 2866 1131 2884 ut
1173 2863 1232 2885 tari.
1258 2859 1348 2893 vulgo,
1359 2859 1478 2883 Atvchar-i.
1501 2856 1559 2882 vide
1571 2856 1690 2883 Turueb.
1701 2856 1749 2882 lib.
1761 2865 1802 2882 νι.
1814 2865 1869 2892 cap.
1883 2864 1909 2882 ἵ.

174 2888 309 2918 videretur
318 2893 441 2920 inventor
452 2894 527 2927 hujus
541 2895 575 2919 rei
587 2894 648 2925 esse,
661 2902 760 2920 mut-ita
772 2895 891 2920 nonnihil
905 2894 970 2920 facit·
981 2893 1125 2929 produxit:

174 2934 228 2950 cum
237 2935 283 2951 rem
293 2930 406 2960 aqgeluuz
426 2928 467 2955 sed
479 2930 524 2956 ille
537 2930 615 2956 lioiiio
626 2938 698 2956 totus
712 2950 719 2962 ,
730 2939 843 2966 quantus
855 2938 967 2967 quantus
980 2931 1013 2956 cst
1026 2949 1034 2961 ‚
1056 2930 1127 2955 vani-

173 2969 213 2987 tas
226 2980 235 2992 ,
253 2962 327 2988 nullo
334 2962 442 2991 auglore
453 2964 527 2992 fecit.
547 2966 692 3001 Viilg.itxirii
705 2967 739 2993 est
750 2974 811 2992 aute
823 2967 991 3000 qnaestmntulis
1004 2986 1011 2996 ‚
1024 2964 1064 2991 scd
1079 2985 1086 2996 ,
1098 2973 1126 2991 ut

175 3005 266 3036 verum
278 3005 333 3024 erat
345 3017 353 3029 ‚
367 3001 515 3027 emendavit
525 3002 729 3029 accuratissimus
741 3002 876 3029 Viiftorius
890 3022 897 3034 ,
917 3003 1054 3038 exst-itque
1076 3002 1128 3027 iza-c

174 3031 256 3059 leftio
267 3034 292 3059 in
304 3036 433 3070 excerptis
447 3038 575 3064 Vaticani.

211 3077 242 3108 ²⁸⁴
260 3070 360 3094 Soltbam
371 3074 436 3107 'enim
455 3080 526 3098 antea
544 3075 664 3100 dubi'ilari
682 3075 733 3100 olcis
751 3075 779 3105 (f
797 3075 910 3100 lucanicis
930 3075 1002 3107 miss]
1039 3075 1079 3100 Itzl
1100 3073 1125 3099 in

171 3104 294 3145 omuibus
306 3105 399 3132 nostris
411 3106 483 3132 libris
497 3127 504 3139 ,
525 3109 568 3134 iiiii
581 3110 650 3144 quod
662 3111 688 3136 in
702 3111 755 3137 l'al.
770 3110 843 3137 sexto
854 3112 975 3137 &sibilas-1
987 3121 1012 3136 ιιι
1027 3118 1103 3136 textu
1117 3119 1124 3139 3

168 3139 200 3166 :id
214 3150 357 3175 marginem
369 3150 455 3168 tamen
466 3144 578 3179 apposita
589 3145 672 3172 nostra
684 3157 689 3172 :
709 3146 784 3179 quod
795 3156 841 3172 cur
861 3153 919 3173 cuin
933 3146 1063 3173 Lauibino
1075 3156 1125 3171 non

164 3176 324 3213 ‹ref-{P'QUUS
336 3187 388 3206 nou
404 3178 480 3206 video
493 3199 500 3212 ,
521 3179 665 3215 pracsertim
677 3182 797 3210 Vie‘iorio
813 3190 962 3219 praeeuiitc.
982 3183 1027 3212 alii
1039 3183 1130 3209 dclimi-
1171 3181 1400 3216 Gulielmiussuis,
1416 3189 1446 3219 uz
1458 3182 1556 3209 vetuste
1568 3180 1620 3217 ipse
1631 3181 1818 3209 Ciceroctiam
1833 3180 1865 3208 de
1876 3182 1991 3207 Oratore
2005 3188 2039 3204 ii.

1210 2903 1235 2927 3.
1256 2896 1321 2927 Qud
1338 2894 1458 2926 difi-t‘pulos
1475 2894 1568 2918 obviam
1585 2893 1719 2927 miseram]
1741 2892 1828 2918 Ethic
1845 2891 2002 2919 exclusimus
2013 2901 2047 2917 ex
2060 2890 2130 2919 Pali.

1172 2927 1274 2956 duobus
1287 2951 1294 2961 ‚
1318 2930 1398 2955 Peck.
1410 2928 1526 2954 editione
1536 2929 1622 2964 primii
1640 2938 1669 2954 ac
1679 2927 1792 2956 Vifi‘coni
1805 2948 1814 2960 ‚
1834 2929 2041 2962 vocemciesaerbs.
2062 2926 2129 2953 solt-¹:

1172 2966 1241 2992 cuim
1254 2965 1320 2991 illud
1332 2974 1427 2991 nomen
1439 2964 1561 2990 subticcri
1573 2964 1666 2990 Tullio
1677 2965 1764 2991 nostro
1777 2984 1785 2996 ‚
1805 2971 1835 2990 ut
1848 2964 1965 3001 superius
1977 2972 2049 2990 notai
2059 2964 2128 2989 iuius

1171 3002 1238 3029 binis
1249 3002 1274 3027 iii
1287 3002 1362 3027 locis.
1385 3000 1478 3026 Paullo
1489 3001 1543 3036 post
1555 3009 1586 3027 cx
1601 3001 1682 3027 l‘alat.
1693 3000 1769 3027 sexto
1781 3020 1788 3032 ‚
1799 3001 1941 3031 Vaticano,
1952 3000 2069 3026 editione
2080 2999 2129 3025 Vi*

1170 3038 1249 3063 &orii
1261 3036 1356 3071 scripsi,
1367 3046 1417 3062 cnm
1425 3039 1542 3071 Syracu-fis
1548 3037 1630 3070 pidsm·
1639 3037 1701 3069 effer,
1712 3037 1808 3063 melius
1822 3056 1829 3068 ‚
1839 3037 1921 3072 quix'm
1934 3036 2013 3071 vulgo
2028 3055 2035 3065 ,
2046 3037 2117 3067 cxpul

1159 3074 1209 3106 (sicr
1218 3075 1279 3107 cſjbt.
1302 3072 1394 3099 Paullo
1405 3073 1471 3099 item
1481 3073 1547 3108 post,
1557 3073 1719 3099 Gulielmius
1729 3072 1923 3108 distinguebat:
1946 3074 1990 3105 nisi
2000 3072 2061 3105 sbrti
2071 3081 2129 3097 movi

1172 3111 1319 3142 mclimfuit.
1338 3112 1362 3134 in
1374 3110 1453 3134 lemlo
1464 3112 1474 3136 ἓ
1486 3111 1583 3142 ,ἴα-θεον,-
1597 3110 1691 3142 sednon
1709 3109 1805 3135 accidit.
1823 3112 1848 3134 in
1860 3112 1928 3134 acie?
1946 3110 2043 3133 nonfui.
2067 3106 2128 3132 Ali-

1172 3153 1238 3181 quot
1249 3146 1325 3171 liiieis
1336 3145 1390 3181 post
1404 3143 1637 3180 Peckiof'xccrpta
1647 3145 1742 3172 liabent
1754 3155 1761 3174 ς
1783 3146 1837 3178 &fi
1844 3145 1882 3170 vis
1895 3147 2042 3174 Minervam,
2054 3148 2130 3178 putat

1547 3218 1573 3245 X
1585 3226 1601 3244 x
1614 3226 1630 3244 x
1642 3226 1659 3244 x
2013 3223 2036 3241 1.
2047 3213 2132 3239 ‘Tamen

2164 1551 2204 1585 13
