2302 3353
0 345 4 399 l

664 138 758 172 DE

157 211 250 252 ptius,
283 208 354 242 uam
364 207 401 240 de
410 204 539 239 dicendo
550 202 647 236 dicere
657 222 666 238 ‚
677 201 750 234 cum
759 202 889 244 idipsum
900 204 1008 241 dicere,
1021 217 1114 239 num-

158 263 250 294 quam
273 262 296 283 it
302 261 366 283 non
373 245 582 290 ineptum,iiifi
590 245 662 277 cum
673 245 715 276 est
723 245 900 284 necefficrium
909 250 920 276 ἒ
930 250 1020 289 Perge
1029 249 1113 284 vero,

160 293 256 326 Crass‘e
266 313 275 327 ,
287 294 386 334 inquit
393 293 515 322 Mucius
524 309 533 324 ,
548 288 642 320 Istam
654 289 738 318 enim
749 288 880 328 culpam,
913 299 982 320 uam
994 293 1113 325 vereris,

95 352 118 378 2
122 350 142 383 5
159 346 215 378 ego
224 334 376 377 praestabo.
419 334 469 365 Sic
478 333 570 374 igitur
579 330 687 361 censeo
698 349 707 364 ‚
719 331 819 371 inquit
830 333 884 361 Cra
910 329 944 361 iis
955 351 964 365 ‚
977 339 1113 362 naturam

158 375 295 419 primum
305 396 314 410 ,
333 384 420 417 atque
441 375 600 415 ingenium
610 372 645 403 ad
654 371 819 403 dicendum
827 373 894 402 vim
903 371 1003 404 afferre
1015 375 1113 403 maxi-

154 427 242 450 mam
255 429 262 449 :
282 428 379 459 neque
388 426 460 448 vero
470 415 533 446 istis
542 435 551 450 ,
572 414 609 446 de
619 414 728 456 quibus
739 413 842 454 paullo
850 414 918 445 ante
928 414 1008 445 dixit
1015 417 1115 445 Anto-

158 462 239 493 nius,
253 458 442 500 scriptoribus
452 459 530 492 artis,
543 459 691 488 rationem
701 455 833 490 dicendi,
846 456 880 487 &
888 458 970 487 viam
980 477 989 491 ,
1001 456 1051 488 sed
1061 467 1114 486 na-

156 509 253 532 turam
270 499 405 532 defuiss'e.
434 502 516 531 Nam
527 500 560 530 &
569 500 683 533 animi,
702 506 788 541 atque
798 500 915 539 ingenii
925 499 1033 529 celeres
1044 501 1112 540 qui-

154 543 225 575 dam
233 552 334 574 motus
345 540 404 573 effe
412 541 523 572 debent
532 561 541 576 ,
562 542 614 582 qui
625 541 658 572 δε
666 540 702 572 ad
712 540 948 582 excogitandum
957 542 1056 574 acuti,
1077 541 1111 571 <Sc

156 585 194 615 ad
204 584 418 630 explicandum
428 604 436 618 ,
449 583 679 624 ornandumque
689 581 746 613 sint
754 583 858 613 uberes
869 602 878 617 ,
901 583 935 612 &
945 582 978 613 ad
990 592 1111 613 memo-

155 628 232 657 riam
242 629 335 660 hrmi,
347 635 431 667 atque
442 626 588 656 diuturni.
609 625 643 655 &
652 623 674 655 fi
683 627 749 666 quis
760 624 812 658 est,
824 627 876 665 qui
885 625 948 654 haec
955 633 1040 664 putet
1048 633 1108 655 arte

154 670 248 709 accipi
263 667 344 708 poss‘e
354 689 362 702 ,
383 667 465 709 quod
475 666 584 698 falsum
594 665 637 697 est
648 666 795 707 (praeclare
805 667 888 695 enim
899 666 927 695 se
937 676 982 695 res
991 666 1106 700 habeat,

153 707 177 739 si
188 711 249 740 haec
259 710 391 744 accendi,
403 719 452 740 aut
461 710 651 740 commoveri
660 716 718 737 arte
727 705 838 748 poffint
850 718 856 735 z
871 707 960 738 inseri
970 707 1106 748 quidem,

153 751 189 781 &
199 752 304 782 donari
315 752 350 782 ab
361 760 420 782 arte
432 761 496 782 non
507 748 628 791 possunt
639 752 648 768 ¹
660 751 766 779 omnia
778 759 782 777 :
793 749 862 779 sunt
871 751 955 779 enim
966 749 1017 780 illa
1025 749 1106 780 dona

152 794 275 835 naturae)
287 797 301 813 ²
311 794 384 835 quid
394 794 429 823 de
441 793 502 823 illis
511 792 589 822 dicet
599 811 607 825 ‚
629 800 695 832 quae
707 790 784 821 certe
804 801 875 820 cum
895 791 959 831 ipso
977 792 1105 823 homine

150 836 312 866 nascuntur
323 839 333 864 ?
353 836 463 876 linguae
474 833 584 864 solutio
595 853 603 867 ,
614 834 698 863 vocis
708 834 808 865 sonus,
821 833 917 867 latera,
930 835 1017 866 vires,
1028 843 1105 865 con-

119 872 123 874 ⁷
148 875 293 908 formatio
302 876 487 918 quaedam,&
496 873 588 917 figura
597 876 688 905 totius
699 877 772 908 oris,
784 875 817 905 δε
825 877 958 914 corporis
971 878 981 904 ?
994 878 1103 916 Neque

147 919 213 949 haec
223 921 262 950 ita
272 918 341 949 dico
351 939 360 952 ,
373 926 406 948 ut
415 927 458 948 ars
468 917 580 958 aliquid
593 917 697 947 limare
706 926 770 947 non
781 915 884 956 poflit:
897 916 1007 963 (neque
1018 920 1102 947 enim

145 962 254 1001 ignoro
265 979 274 994 ‚
291 960 324 990 δε
333 979 342 994 ,
363 962 449 999 (ζψε
468 968 556 989 BONA
575 957 631 988 sint
640 978 649 992 ,
671 958 735 989 fieri
756 959 881 988 meliora
898 958 980 998 posse
989 958 1103 990 doetri-

144 1011 195 1034 na‚
208 1001 241 1032 &
250 1012 315 1042 quae
325 1011 390 1031 non
400 1002 525 1041 optima,
536 1001 637 1041 aliquo
647 999 743 1031 modo
753 1003 817 1030 acui
828 1000 979 1034 tamem&
988 1003 1097 1042 corrigi

143 1041 237 1083 poste)
245 1043 293 1073 sed
303 1043 371 1074 sunt
380 1042 503 1084 quidam
513 1044 611 1073 autita
621 1043 723 1083 lingua
732 1040 906 1075 haefitantes,
918 1052 967 1072 aut
976 1045 1017 1073 ita
1025 1053 1100 1073 voce

142 1084 248 1115 absoni
259 1104 267 1118 ,
279 1086 378 1115 aurita
386 1085 472 1114 vultu
482 1104 491 1118 ‚
514 1093 660 1125 motuque
669 1086 801 1125 corporis
810 1083 882 1114 vasti
893 1104 902 1118 ,
922 1093 1009 1125 atque
1018 1095 1100 1126 agre-

144 1125 213 1159 stes,
224 1134 267 1160 ut,
278 1128 368 1156 etiam
379 1125 400 1156 si
408 1127 539 1168 ingeniis
549 1146 558 1160 ,
570 1135 656 1168 atque
666 1135 725 1156 arte
733 1127 867 1160 valeant,
879 1129 1023 1157 tamenin
1033 1137 1099 1156 ora-

142 1175 243 1198 torum
254 1177 416 1198 numerum
425 1170 528 1198 venire
539 1177 603 1198 non
613 1167 731 1209 poffint.
760 1171 836 1198 Sunt
853 1177 953 1199 autem
973 1168 1097 1209 quidam

142 1210 182 1240 ita
192 1219 301 1240 natura:
310 1211 488 1240 muneribus
498 1212 531 1240 in
541 1210 649 1241 iisdem
660 1210 745 1240 rebus
756 1210 881 1244 habiles,
894 1212 933 1241 ita
942 1212 1052 1243 ornati,
1065 1219 1097 1241 ut

143 1260 207 1281 non
219 1253 282 1282 nati
293 1271 301 1286 ‚
322 1252 371 1282 sed
381 1251 417 1282 ab
425 1252 528 1297 aliqup
538 1251 595 1282 deo
606 1250 670 1282 ficti
678 1250 737 1282 effe
748 1252 915 1282 videantur.
947 1254 1096 1294 Magnum

140 1293 294 1333 quoddam
304 1293 347 1323 est
356 1303 446 1328 orius,
456 1303 542 1334 atque
553 1303 676 1327 munus,
689 1294 843 1333 suscipere,
855 1303 940 1335 atque
949 1293 1094 1334 profiteri,

139 1336 169 1365 se
178 1334 247 1369 effe,
259 1335 401 1365 omnibus
410 1334 576 1368 silentibus,
591 1345 698 1368 unum,
710 1337 854 1365 maximis
866 1337 902 1366 de
911 1336 999 1366 rebus
1010 1356 1019 1369 ,
1032 1346 1097 1366 ma-

138 1386 201 1417 gno
220 1378 253 1406 in
271 1386 424 1407 conventu
444 1378 611 1407 hominum
620 1397 629 1411 ‚
649 1377 844 1407 audiendum.
883 1380 991 1408 Anasi·
1010 1379 1095 1407 enim

136 1417 198 1449 fere.
217 1428 311 1448 nemo
321 1438 329 1452 ,
358 1421 434 1460 quin
453 1420 568 1449 acutius
578 1438 587 1452 ,
608 1427 693 1460 atque
711 1421 805 1450 acrius
821 1421 894 1449 vitia
911 1421 945 1449 in
965 1419 1093 1453 dicente,

137 1459 229 1501 quatri
238 1459 316 1491 resta
323 1462 431 1491 videat.
450 1462 489 1490 ita
501 1480 509 1493 ,
522 1461 664 1501 quicquid
675 1460 718 1491 est
728 1481 736 1495 ‚
750 1463 782 1491 in
792 1471 854 1502 quo
863 1459 1028 1492 offenditur
1037 1482 1045 1494 ,
1061 1461 1093 1491 id

136 1503 227 1532 etiam
235 1502 284 1532 illa
294 1522 302 1536 ‚
314 1512 381 1543 quae
391 1501 535 1533 laudanda
544 1503 612 1532 sunt
621 1522 630 1536 ‚
651 1503 761 1533 obruit.
793 1505 900 1544 Neque
911 1504 974 1534 haec
983 1506 1016 1533 in
1026 1512 1093 1534 eam

136 1543 316 1574 sententiam
325 1544 444 1585 disputo
456 1564 464 1578 ,
477 1552 508 1574 ut
518 1545 659 1575 homines
671 1544 885 1576 adolescentem
896 1564 904 1579 ,
926 1544 947 1575 fi
956 1545 1030 1586 quid
1040 1555 1093 1576 na-

138 1585 230 1616 turale
246 1584 325 1616 forte
345 1596 410 1616 non
421 1586 548 1616 habeant
558 1606 566 1620 ,
586 1589 719 1617 omnino
728 1586 744 1617 a
754 1587 876 1618 dicendi
887 1587 986 1618 studio
995 1587 1093 1618 deter-

134 1636 228 1658 ream.
251 1629 327 1669 Qis
337 1630 421 1659 enirn
431 1638 496 1658 non
504 1628 604 1659 videat
613 1648 621 1663 ,
635 1631 667 1660 C.
679 1630 778 1660 Coelio
790 1649 798 1663 ‚
811 1630 915 1670 aequali
926 1639 995 1660 meo
1007 1649 1016 1664 ,
1027 1639 1093 1660 ma-

134 1678 196 1709 gno
205 1669 315 1699 honori
325 1669 423 1704 fuiss‘e,
435 1671 556 1700 homini
567 1680 661 1705 novo,
675 1671 759 1701 illam
768 1672 1091 1713 ipsam,quamcunque

134 1709 244 1751 afl‘equi
253 1714 382 1751 potuerit
390 1732 398 1746 ‚
419 1714 452 1743 in
461 1712 591 1743 dicendo
602 1713 863 1744 mediocritatem?
880 1716 947 1754 quis
956 1713 1090 1744 vestrum

132 1753 278 1794 aequalem
288 1764 405 1787 meum,
416 1755 600 1795 QVarium,
616 1754 733 1785 vastum
744 1756 905 1786 hominem
918 1776 926 1789 ‚
937 1765 1025 1797 atque
1034 1755 1091 1786 foe-

133 1793 220 1828 dum,
231 1805 295 1825 non
304 1796 447 1838 intelligit
455 1796 506 1827 illa
515 1797 575 1836 ipsa
582 1796 720 1827 facultate
732 1817 740 1831 ‚
751 1807 963 1838 quamcunque
974 1797 1088 1832 habuit,

66 1837 115 1873 26
134 1844 274 1878 magnam
282 1835 341 1868 effe
352 1840 384 1868 in
394 1840 512 1869 civitate
521 1841 644 1879 gratiam
654 1840 850 1870 consecutum
860 1842 871 1869 ?
908 1839 964 1870 Sed
975 1842 1044 1881 quia
1054 1840 1090 1870 de

132 1886 247 1908 oratore
257 1881 430 1919 quaerimus,
442 1879 600 1922 fingendus
608 1880 651 1911 est
662 1881 752 1912 nobis
763 1884 899 1912 oratione
908 1880 1007 1912 nostra
1017 1901 1025 1916 ‚
1037 1882 1090 1912 de-

132 1919 232 1950 traffis
242 1920 387 1951 omnibus
396 1924 478 1952 vitiis
489 1942 498 1955 ‚
511 1930 611 1953 orator
621 1943 630 1955 ,
643 1932 728 1964 atque
738 1926 827 1953 omni
838 1923 922 1954 laude
930 1924 1089 1954 cumulan—

131 1960 200 1990 dus.
221 1963 330 2002 Neque
338 1961 458 1996 enim,si
469 1964 633 1994 multitudo
644 1964 782 1998 litium,si
791 1967 914 1996 varietas
923 1966 1086 1999 causarum,

131 2000 154 2031 si
164 2003 226 2032 haec
235 2004 319 2033 turba
330 2022 339 2036 ‚
352 2003 384 2033 δε
395 2003 524 2034 barbaria
533 2003 656 2035 forenfis
666 2006 715 2036 dat
724 2007 828 2036 locum
836 2007 886 2037 vel
893 2005 1088 2036 vitiosissimis

131 2044 299 2074 oratoribus
310 2063 318 2077 ‚
329 2044 441 2076 idcirco
450 2055 507 2076 nos
516 2046 574 2075 hoc
584 2065 593 2079 ‚
605 2047 687 2087 quod
697 2050 871 2088 quaerimus,
894 2049 1086 2077 omittemus-

129 2087 231 2126 Itaque
241 2087 274 2116 in
286 2087 323 2115 iis
331 2087 442 2116 artibus
453 2106 461 2120 ‚
473 2089 505 2116 in
515 2087 624 2127 quibus
636 2098 701 2118 non
712 2089 822 2119 utilitas
833 2091 977 2129 quaeritur
985 2089 1089 2119 neces-

129 2126 210 2160 saria,
224 2127 272 2157 sed
282 2129 377 2157 animi
388 2127 475 2157 libera
485 2128 620 2169 quaedam
630 2127 775 2159 oblellatio
787 2150 795 2163 ‚
815 2130 905 2171 quam
917 2130 1085 2171 diligenter,

129 2168 164 2199 &
182 2168 271 2209 quam
291 2169 384 2209 prope
402 2169 554 2200 fastidiose
567 2170 739 2209 judicamus
751 2174 761 2200 ?
781 2172 885 2202 Nullae
902 2173 987 2201 enim
1007 2172 1086 2205 lites,

128 2220 226 2251 neque
235 2210 440 2241 controverfiae
450 2212 529 2246 sunt,
540 2221 607 2253 quae
616 2221 724 2253 cogant
733 2214 875 2243 homines
887 2232 896 2246 ,
911 2211 984 2243 sicut
994 2215 1027 2243 iti
1038 2212 1087 2243 fo-

126 2262 161 2282 ro
180 2262 243 2282 non
262 2252 360 2282 bonos
370 2261 499 2284 oratores
511 2273 519 2288 ,
539 2256 615 2284 item
627 2256 659 2284 in
670 2255 782 2285 theatro
791 2254 903 2285 actores
913 2255 1010 2285 maios
1021 2264 1088 2295 per-

125 2295 200 2334 peti.
231 2293 282 2324 Est
299 2296 389 2335 igitur
406 2297 515 2326 oratori
535 2295 693 2337 diligenter
701 2296 925 2336 providendum
936 2316 945 2330 ‚
965 2307 1030 2327 non
1041 2299 1085 2327 uti

126 2336 188 2365 illis
198 2336 471 2378 satisraciat‚quibus
483 2336 598 2367 necefl'e
609 2337 652 2368 est
664 2349 668 2367 z
680 2338 729 2368 sed
740 2347 773 2368 ut
782 2341 819 2369 iis
829 2338 1014 2369 admirabilis
1023 2338 1082 2369 ess'e

125 2377 270 2412 videatur,
281 2378 389 2419 quibus
399 2378 493 2409 libere
502 2380 589 2410 liceat
593 2379 735 2419 judicare.
760 2383 813 2414 Ac,
826 2379 847 2410 si
857 2382 986 2420 quaeritis
999 2401 1008 2414 ,
1020 2382 1083 2421 pla-

126 2418 177 2453 ne,
189 2419 261 2460 quid
271 2420 576 2455 sentiam,enuntiabo
585 2422 660 2462 apud
671 2423 814 2453 homines
823 2421 1078 2457 familiariffimos,

126 2461 208 2502 quod
217 2461 312 2493 adhuc
321 2463 437 2503 semper
445 2464 531 2498 tacui,
544 2463 577 2494 ὃς
587 2464 745 2495 tacendum
756 2466 866 2505 putavi.
896 2465 976 2494 Mihi
988 2466 1079 2495 etiam

125 2504 237 2544 quique
246 2504 361 2544 optime
369 2505 482 2538 dicunt,
495 2507 606 2547 quique
615 2506 647 2536 id
656 2505 803 2537 facillime
815 2527 823 2540 ,
834 2514 919 2548 atque
929 2505 1079 2537 ornatiffi-

126 2544 178 2575 me
188 2544 280 2575 facere
289 2545 411 2586 poffunt
421 2567 430 2581 ‚
450 2556 551 2578 tamen
561 2568 570 2581 ,
592 2546 648 2578 nifi
658 2548 766 2579 timide
775 2548 810 2579 ad
821 2548 985 2579 dicendum
995 2558 1078 2579 acce-

126 2586 213 2619 dunt,
226 2587 258 2617 &
268 2589 300 2617 in
310 2588 453 2619 ordienda
462 2591 597 2620 oratione
606 2590 824 2630 perturbantur,
835 2590 922 2631 paene
933 2591 1077 2631 irripuden-

123 2634 164 2657 tes
178 2629 318 2659 videntur
326 2649 335 2664 ,
363 2629 476 2661 tametfi
494 2630 525 2661 id
544 2632 674 2662 accidere
692 2642 755 2662 non
775 2632 881 2673 potest.
913 2635 964 2663 Ur
987 2643 1077 2663 ENXM

122 2670 247 2711 quisque
256 2671 370 2711 optime
381 2672 463 2706 dicit,
473 2674 514 2702 ita
524 2673 659 2703 maxime
669 2673 790 2704 dicendi
800 2673 1075 2708 difficultatem,va-

123 2712 241 2752 riosque
258 2722 382 2743 eventus
400 2716 545 2745 orationis
555 2735 564 2748 ,
588 2715 899 2757 exspectationemque
910 2717 1076 2747 hominurn

122 2755 314 2793 pertimescit.
342 2758 402 2795 Qii
411 2754 484 2786 vero
495 2757 573 2786 nihil
582 2756 679 2797 potest
690 2758 817 2799 dignum
828 2768 869 2791 re,
882 2758 1007 2800 dignum
1019 2769 1077 2789 no-

121 2796 205 2826 mine
223 2798 346 2827 oratoris
358 2817 367 2831 ,
388 2797 515 2839 dignum
526 2799 691 2829 hominum
701 2800 821 2830 auribus
832 2798 947 2830 efficere
957 2820 967 2834 ‚
989 2809 1076 2842 atque

114 2878 1900 2900 mmm—m*—

161 2908 171 2926 i
179 2920 185 2926 .
203 2905 287 2928 Omnia
293 2914 303 2935 ,-
322 2909 366 2927 unt
373 2906 434 2929 enim
441 2905 483 2929 illa
492 2904 551 2930 dona
559 2906 676 2940 natura]
686 2905 838 2933 Videndum
849 2916 881 2933 ne
890 2907 976 2934 ‘isthaec
985 2908 1075 2935 omnia

121 2935 172 2962 siut
182 2937 196 2962 a
207 2937 299 2972 glossa.
319 2939 485 2975 reperiuntur
496 2941 620 2967 tamenin
631 2941 689 2968 mss.
699 2942 803 2968 nosti-is.

158 2979 187 2997 2.
205 2974 270 3004 Qid
277 2974 354 3001 Anuli«
365 2975 448 3010 dicit]
468 2976 537 3003 Pali.
546 2977 634 3013 plures
647 2997 655 3011 ,
673 2977 809 3015 editioque
820 2979 938 3016 princeps
951 2999 959 3013 ,
977 2980 1055 3007 Altam
1067 2999 1076 3012 ‚

121 3014 174 3033 non
185 3012 264 3034 male.

161 3049 188 3083 35
206 3045 358 3072 Debilitatum
365 3053 427 3073 metu
435 3048 551 3084 vi'deri't]
570 3049 679 3086 Pighius
690 3050 756 3087 legit
767 3060 801 3078 ex
817 3051 875 3079 mss‘.
886 3052 951 3078 vidit
961 3072 970 3085 ‚
989 3051 1076 3088 estque

125 3079 219 3104 melius
228 3080 323 3107 altero.

159 3120 188 3145 4.
207 3118 259 3140 Non
268 3117 328 3143 modi»
343 3127 387 3144 nim
404 3120 507 3155 obeffct]
527 3121 612 3161 Palat.
623 3131 664 3158 pr.
674 3132 703 3149 ac
714 3122 762 3150 sec.
773 3123 836 3149 item
847 3124 919 3151 Pith.
931 3133 982 3150 non
993 3133 1075 3159 :igno-

125 3146 271 3178 stfflltillud
283 3171 292 3184 1
309 3162 354 3180 uon
371 3155 443 3182 modo.
457 3157 618 3186 Memmiani
630 3167 691 3187 vero
702 3159 816 3187 alterum
833 3170 878 3187 non
895 3159 1029 3198 respuunt.
1049 3161 1076 3186 8<
1122 3168 1175 3188 cet.

837 125 1277 177 Ona-roan
1355 132 1525 180 L1nz
1570 134 1604 180 1.

2050 149 2117 198 75

1155 205 1260 253 edere,
1281 210 1309 240 is
1326 212 1422 247 mihi,
1443 215 1533 245 etiam
1544 213 1829 246 ficommoveturin
1838 213 1967 246 dicendo
1977 235 1986 251 ,
2007 223 2111 249 tamen

1155 250 1316 295 impudens
1327 254 1453 285 videtur.
1476 258 1553 287 Non
1572 266 1664 287 imru
1685 255 1827 297 pudendo
1837 277 1846 291 ‚
1866 258 1914 288 sed
1925 268 1988 288 non
1997 257 2111 289 facien·

1155 288 1195 318 dO
1205 291 1236 320 ld
1246 311 1255 325 ²
1265 294 1347 333 quod
1357 305 1421 327 non
1430 297 1514 329 decet
1524 318 1532 333 ,
1550 298 1746 339 impudentiae
1753 309 1870 329 nomen
1880 297 2010 340 effugere
2019 300 2112 340 debe·

1155 339 1235 360 mus·
1268 337 1369 376 Qem
1385 337 1456 368 vero
1477 350 1541 370 non
1554 340 1646 381 pudet
1662 340 1705 380 (id
1715 341 1797 382 quod
1809 343 1841 371 in
1851 341 1997 383 plerisque
2007 341 2110 382 video)

1154 370 1235 402 hunc
1251 383 1307 414 ego
1326 387 1391 410 non
1411 382 1636 420 reprehensione
1654 381 1774 417 solum,
1798 383 1846 413 sed
1863 384 1954 414 etiam
1965 393 2054 425 poena
2064 384 2113 414 di·

1152 421 1342 460 gnumssputo·
1367 422 1515 463 Equidem
1528 424 1603 454 &in
1613 425 1702 456 vobis
1711 424 1945 456 animadvertere
1956 425 2038 456 soleo
2049 445 2058 460 ,
2075 426 2110 456 δε

1152 463 1186 500 in
1196 458 1312 503 meipso
1321 459 1476 499 saepiffime
1486 468 1626 505 experior
1636 487 1644 500 ,
1674 475 1707 498 ut
1715 467 1900 497 exalbescam
1911 469 1944 497 in
1953 469 2111 507 principiis

1153 494 1273 527 dicendi
1283 518 1292 532 2
1306 499 1339 530 &
1352 510 1413 532 tota
1422 514 1522 536 mente
1535 527 1543 540 .
1563 517 1648 548 atque
1659 509 1804 539 omnibus
1813 509 1933 540 artubus
1945 511 2112 540 contremi-

1153 537 1242 568 scam.
1260 540 1508 576 Adolescentulus
1518 547 1590 577 vero
1602 548 1639 579 sic
1651 552 1740 581 initio
1750 551 1944 581 accusationis
1954 553 2111 582 exanima-

1151 586 1198 625 tus
1218 581 1306 630 sum:
1328 593 1360 614 ut
1370 585 1428 616 hoc
1437 587 1537 618 summ
1543 599 1594 619 um
1606 590 1789 623 beneficium
1800 594 1988 632 QMaximo
1998 592 2111 623 debue-

1150 631 1208 651 rim
1220 642 1229 655 ‚
1250 625 1331 663 quod
1342 627 1491 658 continuo
1502 630 1662 661 consilium
1673 633 1819 664 dimiserit
1829 654 1837 668 ,
1859 632 1981 666 simulac
1991 645 2041 665 me
2049 634 2110 666 fra-

1150 661 1234 710 stum
1245 684 1254 697 5
1276 675 1309 696 ac
1322 670 1332 694 3
1343 668 1532 700 debilitatum
1544 681 1627 702 metu
1636 674 1753 705 viderit.
1788 675 1846 706 Hic
1863 686 1972 707 omnes
1990 675 2104 711 assensi,

1149 702 1310 744 significare
1319 710 1398 740 inter
1407 712 1478 746 sese,
1491 713 1523 744 &
1532 714 1668 754 colloqui
1676 726 1838 756 coeperunt.
1856 717 1915 748 fuit
1923 721 2006 749 enim
2018 720 2108 748 miri-

1150 744 1224 776 ficus
1231 749 1358 796 quidam
1368 754 1401 782 in
1412 752 1511 784 Crass'o
1521 754 1618 794 pudor
1628 775 1636 789 ‚
1659 766 1711 797 qui
1723 763 1848 789 tamen4
1858 770 1922 790 non
1933 759 2028 790 mode>
2039 770 2106 791 non

1148 787 1334 835 obessetejtis
1344 796 1474 825 orationi
1487 816 1494 828 .
1516 796 1565 827 sed
1576 798 1664 827 etiarn
1674 799 1827 837 probitatis
1837 801 2106 832 commendatione

1145 830 1305 878 prodesset.
1329 837 1412 866 Tum
1425 840 1591 873 Antonius,
1602 842 1692 880 Saepe,
1706 849 1738 870 ut
1748 840 1835 874 dicis,
1846 844 1955 884 inquit,
1966 843 2104 874 animad-

1145 881 1219 903 verti
1231 893 1239 907 ‚
1258 875 1356 920 Crasse
1367 898 1376 911 ,
1400 879 1434 909 ὃς
1444 889 1472 909 te
1482 900 1491 913 2
1513 880 1546 911 Sc
1555 889 1668 912 ceteros
1679 882 1815 913 summos
1827 893 1954 914 oratores
1965 905 1974 918 ,
1997 895 2104 926 quarn-

1143 923 1233 962 quam
1243 916 1296 946 tibi
1306 927 1376 958 par.
1391 931 1460 951 mea
1470 922 1616 953 sententia
1624 944 1633 957 ,
1654 933 1748 954 nemo
1758 935 1903 965 umquam
1912 925 1970 956 fuit
1980 947 1988 960 ,
2009 937 2042 957 m
2053 925 2102 958 di‘-

1143 956 1232 986 cendi
1249 960 1377 991 exordio
1396 967 1576 1002 permoveri.
1608 966 1700 1006 Cujus
1710 966 1837 1007 quidem
1848 969 1890 996 rei
1901 966 1973 997 curn
1983 969 2101 1002 causam

1141 1007 1315 1045 quaererem,
1327 1004 1473 1042 quidnam
1484 1004 1554 1036 esset
1565 1027 1571 1040 ‚
1583 1017 1636 1038 cur
1646 1028 1654 1041 ‚
1667 1010 1742 1038 utin
1751 1018 1871 1049 quoque
1882 1017 1997 1039 oratore
2008 1011 2104 1049 pluri-

1142 1049 1231 1086 mum
1242 1040 1314 1073 esset
1324 1063 1332 1077 ,
1355 1047 1394 1076 ita
1406 1048 1542 1078 maxime
1555 1050 1579 1078 is
1588 1050 1807 1089 pertimesceret
1817 1071 1825 1084 ‚
1846 1051 1898 1080 has
1908 1052 2005 1081 causas
2014 1054 2103 1083 inve-

1140 1081 1261 1112 niebam
1272 1083 1344 1116 duas
1356 1098 1373 1132 z.
1382 1090 1484 1119 Unam
1499 1111 1508 1123 ,
1518 1090 1601 1131 quod
1610 1092 1813 1134 intelligerent
1822 1094 1844 1122 ii
1856 1112 1864 1126 ,
1875 1102 1951 1133 quos
1963 1093 2030 1123 usus
2042 1113 2050 1127 ,
2071 1105 2103 1126 ac

1139 1131 1242 1170 natura
1251 1124 1406 1163 docuisset‚
1420 1141 1654 1174 nonnumquam
1666 1134 1794 1165 summis
1805 1134 1972 1164 oratoribus
1983 1145 2047 1165 non
2058 1135 2102 1166 sa-

1139 1173 1176 1212 tis
1195 1176 1233 1196 ex
1252 1168 1396 1202 sententia
1408 1176 1422 1200 5
1430 1182 1563 1204 eventum
1573 1175 1693 1205 dicendi
1703 1176 1872 1216 procedere.
1895 1178 1935 1206 ita
1942 1186 2007 1206 non
2018 1177 2102 1217 inju-

1138 1217 1189 1254 ria,
1202 1212 1451 1255 quotiescumque
1461 1215 1595 1247 dicerent
1605 1237 1612 1251 ,
1624 1216 1656 1248 id
1667 1238 1675 1250 ,
1687 1217 1768 1259 quod
1779 1218 1941 1259 aliquando
1950 1217 2046 1258 poss'et
2054 1230 2103 1250 ac-

1137 1249 1253 1298 cidere,
1275 1262 1313 1282 ne
1323 1263 1389 1286 tum
1399 1257 1543 1289 accideret
1552 1279 1561 1293 ,
1581 1262 1698 1289 timere.
1731 1260 1832 1290 Altera
1841 1259 1884 1290 est
1893 1261 1956 1290 haec
1964 1281 1973 1294 ‚
1994 1260 2031 1291 de
2041 1271 2101 1302 qua

1137 1301 1230 1331 quaeri
1240 1294 1312 1340 saepe
1324 1297 1408 1328 soleo
1421 1310 1426 1328 :
1455 1309 1619 1331 ceterarum
1631 1301 1772 1331 homines
1782 1304 1891 1332 artium
1903 1302 2022 1342 speciati
2034 1323 2042 1336 ,
2064 1303 2099 1334 δε

1136 1334 1252 1372 probati
1263 1356 1272 1368 ‚
1283 1335 1304 1366 s1
1314 1340 1434 1378 quando
1443 1342 1556 1382 aliquid
1567 1345 1670 1373 minus
1682 1342 1904 1374 benefecerunt
1915 1364 1923 1377 ‚
1946 1344 2038 1385 quam
2049 1345 2098 1376 so-

1137 1376 1214 1424 lent,
1222 1386 1270 1407 aut
1279 1381 1474 1416 nomifl‘e,aut
1482 1384 1655 1415 valetudine
1663 1385 1802 1425 impediti
1812 1395 1876 1416 non
1885 1385 2014 1425 potuisse
2023 1396 2098 1417 con-

1134 1417 1228 1458 sequi,
1241 1419 1273 1449 id
1283 1422 1364 1460 quod
1375 1424 1491 1462 scirent,
1503 1434 1652 1466 putantur.
1676 1428 1805 1461 Noluit,
1824 1430 1984 1468 inquiunt,
2005 1428 2100 1459 hodie

1135 1469 1218 1500 agere
1227 1463 1356 1494 Roscius
1368 1476 1377 1498 ;
1395 1475 1445 1497 aut
1455 1487 1463 1500 ,
1485 1468 1612 1499 Crudior
1629 1467 1696 1499 fuit.
1729 1471 1862 1499 Oratoris
1881 1479 2034 1509 peccatum
2047 1490 2055 1503 ,
2077 1468 2099 1501 fi

1135 1501 1216 1542 quod
1227 1502 1271 1533 est
1281 1507 1671 1543 animadversum,stultitiae
1680 1519 1833 1551 peccatum
1844 1511 1970 1541 videtur.
1991 1514 2096 1543 δῖοι.-

1133 1553 1234 1574 τιτιΑ
1255 1554 1356 1579 autem
1374 1551 1600 1582 excusationem
1620 1562 1685 1583 non
1703 1553 1808 1583 habet:
1829 1555 1898 1594 quia
1907 1563 2001 1584 nemo
2010 1553 2097 1584 vide-

1133 1594 1179 1615 tur
1189 1605 1198 1620 ³
1219 1596 1270 1617 aut
1287 1591 1357 1630 quia
1375 1592 1484 1623 crudus
1503 1593 1612 1627 fuerit,
1636 1593 1778 1636 autquod
1788 1597 1828 1625 ita
1838 1595 1996 1629 maluerit,
2020 1595 2095 1626 stul-

1133 1636 1179 1675 tus
1196 1626 1295 1660 fuisse.
1327 1642 1389 1672 quo
1407 1637 1499 1666 etiam
1516 1638 1635 1676 gravius
1650 1637 1802 1676 judicium
1820 1639 1854 1667 in
1873 1637 2003 1667 dicendo
2024 1638 2092 1668 sub-

1133 1679 1225 1700 imus.
1248 1676 1366 1712 quoties
1384 1678 1469 1706 enim
1488 1677 1617 1708 dicimus
1628 1698 1637 1712 ,
1660 1680 1748 1708 toties
1767 1679 1804 1709 de
1824 1678 1914 1710 nobis
1931 1679 2090 1719 judicatur.

1134 1711 1186 1745 &‚
1206 1715 1259 1754 qui
1276 1714 1369 1746 semel
1388 1719 1421 1748 in
1437 1718 1521 1760 gestu
1529 1723 1680 1760 peccavit,
1703 1730 1767 1751 non
1777 1720 1926 1751 continuo
1936 1720 2093 1752 existima-

1132 1762 1179 1784 tur
1196 1755 1308 1786 nescire
1325 1757 1453 1798 gestum.
1477 1762 1564 1801 cujus
1572 1771 1675 1792 autem
1687 1763 1719 1792 in
1729 1762 1858 1793 dicendo
1867 1763 1926 1803 aliq
1932 1762 1982 1793 uid
1993 1773 2094 1803 repre-

1131 1796 1212 1826 hens
1208 1807 1260 1827 um
1280 1798 1339 1828 est:
1364 1810 1414 1832 aut
1431 1812 1538 1834 aeterna
1553 1806 1586 1834 in
1598 1814 1635 1834 eo
1646 1824 1654 1838 ,
1674 1813 1725 1834 aut
1733 1813 1811 1835 certe
1821 1804 1962 1835 diuturna
1970 1806 2049 1836 valet
2059 1816 2094 1835 o-

1129 1840 1216 1878 pinio
1236 1839 1390 1872 tarditatis.
1434 1845 1514 1875 Illud
1532 1845 1605 1876 vero
1617 1866 1626 1879 ,
1647 1845 1730 1887 quod
1752 1845 1768 1876 a
1782 1854 1810 1876 te
1820 1844 1936 1876 dietum
1947 1845 1991 1877 est
2002 1867 2011 1881 ,
2034 1846 2092 1878 effe

1130 1881 1278 1920 permulta
1288 1902 1296 1915 ‚
1321 1893 1386 1924 quae
1403 1895 1503 1917 orator
1511 1907 1519 1920 ‚
1544 1886 1600 1917 nisi
1617 1889 1633 1917 a
1653 1897 1756 1918 natura
1772 1888 1892 1918 haberet
1901 1907 1909 1922 ,
1933 1889 2092 1920 non'mul-

1129 1921 1195 1952 turn
1206 1922 1221 1953 a
1232 1924 1374 1964 magistro
1384 1927 1588 1967 adjuvaretur:
1607 1928 1693 1959 valde
1706 1929 1760 1959 tibi
1769 1927 1910 1960 affentior
1919 1950 1927 1962 .
1947 1932 2039 1971 inque
2051 1941 2088 1961 eo

1128 1964 1177 1994 vel
1195 1965 1331 1996 maxime
1350 1969 1474 2007 probavi
1492 1970 1650 2000 summum
1663 1971 1752 2000 illum
1763 1991 1771 2004 ,
1791 1969 1948 2001 doeiorem
1959 1972 2091 2004 Alaban-

1128 2005 1251 2035 densem
1262 2009 1463 2047 Apollonium
1474 2031 1482 2045 ‚
1493 2014 1627 2052 quicum
1637 2011 1754 2040 mercede
1762 2012 1880 2042 doceret
1890 2032 1899 2046 ‚
1911 2021 2010 2043 tamen
2022 2024 2088 2046 non

1128 2047 1291 2086 patiebatur
1299 2068 1307 2081 ‚
1320 2059 1371 2079 eos
1383 2071 1391 2083 ‚
1402 2062 1478 2092 quos
1484 2053 1636 2092 judicabat
1646 2063 1710 2084 non
1719 2051 1801 2093 poss‘e
1812 2062 1941 2084 oratores
1951 2055 2086 2090 evadere,

1127 2097 1248 2128 operam
1268 2091 1343 2129 apud
1363 2093 1422 2123 sese
1439 2094 1561 2134 perdere
1573 2115 1582 2128 ,
1602 2094 1840 2136 dimittebatque.
1865 2095 1897 2126 &
1908 2093 1923 2116 ⁶
1933 2096 1967 2126 ad
1979 2106 2088 2138 quam-

1126 2140 1256 2170 cumque
1267 2140 1360 2163 artem
1369 2136 1490 2174 putabat
1499 2134 1557 2166 effe
1566 2145 1682 2177 aptum,
1693 2136 1729 2167 ad
1740 2147 1807 2167 eam
1817 2138 1984 2178 impellere,
1999 2147 2088 2179 atque

1127 2172 1237 2202 hortari
1248 2173 1368 2204 solebat*
1386 2178 1461 2206 Satis
1471 2176 1514 2207 est
1524 2180 1608 2208 enim
1617 2180 1723 2208 ceteris
1732 2177 1865 2209 artificiis
1875 2181 2088 2220 percipiendis,

1128 2214 1341 2245 tantummodo
1353 2215 1483 2248 similem
1494 2218 1552 2249 effe
1561 2220 1698 2250 hominis
1709 2232 1718 2255 3
1742 2220 1816 2250 &id
1826 2241 1834 2255 ‚
1846 2221 1928 2262 quod
1940 2221 2066 2253 tradatur
2074 2242 2085 2258 ,

1126 2256 1175 2285 vel
1195 2258 1285 2286 etiam
1304 2258 1470 2291 inculcetur
1480 2280 1489 2294 ‚
1511 2260 1533 2291 fi
1542 2264 1609 2302 quis
1617 2261 1696 2292 forte
1707 2260 1742 2292 fit
1751 2261 1862 2293 tardior
1870 2283 1878 2296 ‚
1900 2261 1982 2303 posse
1991 2265 2089 2304 perci-

1126 2307 1193 2337 pere
1203 2299 1308 2329 animo
1318 2319 1327 2333 ‚
1350 2300 1384 2331 ὃς
1393 2305 1542 2333 memoria
1550 2303 1709 2334 custodire.
1732 2313 1797 2334 non
1810 2306 1951 2345 quaeritur
1959 2305 2087 2336 mobili-

1126 2349 1167 2370 tas
1177 2339 1288 2381 linguae
1298 2361 1306 2375 ‚
1319 2351 1382 2373 non
1392 2344 1525 2375 celeritas
1535 2345 1699 2376 verborum
1710 2365 1719 2380 ,
1739 2356 1803 2376 non
1815 2347 1943 2387 denique
1955 2357 1988 2377 ea
1998 2367 2006 2381 ,
2019 2358 2086 2388 quae

1125 2381 1215 2412 nobis
1226 2392 1290 2412 non
1299 2383 1456 2424 possumus
1467 2385 1578 2429 fingere
1589 2407 1597 2421 ,
1609 2387 1710 2422 facies,
1720 2388 1832 2421 vultus,
1844 2389 1943 2418 sonus.
1970 2391 2007 2419 In
2018 2399 2084 2420 ora-

1123 2432 1185 2454 tore
1195 2432 1296 2454 autern
1307 2436 1435 2458 acumen
1445 2427 1675 2460 dialecticorum
1686 2449 1695 2463 ,
1715 2430 1868 2460 sententiae
1885 2429 2084 2470 philosopho-

1121 2475 1189 2495 rum
1199 2485 1208 2500 ,
1230 2467 1320 2498 verba
1331 2468 1424 2509 prope
1435 2471 1591 2510 poetarum
1602 2491 1611 2505 ,
1628 2472 1776 2501 memoria
1786 2471 2081 2510 jurisconsultorum,

1120 2517 1182 2538 vox
1193 2509 1396 2549 tragoedorum
1407 2531 1414 2544 ,
1427 2511 1526 2552 gestus
1535 2512 1621 2553 paene
1633 2513 1824 2542 summorum
1833 2511 1970 2543 aetorum
1981 2513 2023 2544 est
2033 2524 2079 2544 re-

1118 2551 1292 2590 quirendus.
1320 2554 1527 2594 Qamobrem
1546 2554 1624 2584 nihil
1634 2556 1666 2583 in
1677 2555 1841 2584 hominum
1859 2564 1968 2596 genere
1984 2557 2079 2586 rarius

1116 2591 1251 2632 pei·fe6ko
1269 2603 1382 2624 oratore
1397 2597 1528 2625 inveniri
1538 2594 1645 2635 potest.
1668 2605 1733 2636 quae
1746 2598 1830 2626 enim
1841 2595 2021 2636 singularum
2031 2607 2078 2628 re-

1118 2644 1186 2664 rum
1195 2633 1320 2665 artifices
1331 2634 1440 2677 singula
1451 2635 1469 2666 si
1481 2638 1672 2667 mediocriter
1682 2636 1780 2677 adepti
1791 2639 1860 2669 sunt
1869 2658 1878 2672 ,
1894 2638 2057 2678 probantur
2067 2659 2077 2673 .

1118 2686 1159 2710 ea,
1172 2675 1227 2706 nisi
1238 2680 1342 2707 omnia
1353 2678 1468 2708 summa
1478 2679 1588 2709 suntin
1597 2687 1710 2709 oratore
1721 2698 1730 2712 ‚
1743 2679 1860 2719 probari
1871 2690 1934 2710 non
1944 2679 2075 2720 possunt.

1118 2720 1202 2748 Tum
1214 2718 1328 2749 Craflus
1338 2739 1346 2752 ‚
1367 2721 1458 2760 Atqui
1469 2720 1537 2750 vide
1549 2740 1557 2754 ,
1570 2722 1668 2761 inquit
1678 2740 1686 2754 ‚
1698 2722 1732 2750 in
1741 2719 1869 2752 artificio
1877 2732 2020 2762 perquam
2032 2731 2076 2753 te-

1119 2761 1190 2793 nui,
1214 2760 1317 2790 &levi
1331 2781 1338 2794 ‚
1359 2770 1471 2802 quanto
1489 2762 1555 2802 plus
1573 2762 1746 2793 adhibeatur
1754 2763 1904 2804 diligentie
1916 2783 1924 2796 ,
1943 2764 2034 2804 quam
2045 2767 2079 2794 in

1118 2803 1172 2832 hac
1182 2812 1212 2831 re
1223 2822 1231 2836 ,
1251 2812 1342 2844 quam
1351 2802 1466 2841 constat
1475 2801 1533 2834 effe
1545 2806 1723 2835 maximam.
1749 2808 1829 2846 Saepe
1839 2807 1923 2835 enim
1934 2806 2078 2877 soleotpu-

2037 2857 2081 2878 ire

1123 2916 1185 2934 vero
1196 2917 1306 2945 utraque
1317 2909 1398 2936 lcStio
1409 2910 1485 2937 habet
1496 2911 1582 2946 quoii:
1600 2909 1746 2943 defendam
1767 2909 1940 2947 videaturque
1958 2921 2001 2937 non
2019 2911 2083 2938 modb

1122 2943 1254 2978 adjee'tum
1266 2948 1281 2971 a
1292 2946 1416 2972 librariis.

1162 2989 1187 3014 5.
1200 2985 1316 3007 Evcnmm
1326 2982 1564 3017 dili-cndiproccdere.]
1576 2983 1736 3009 Gulielmius
1747 2982 1855 3019 putabat
1867 2982 1916 3010 «ine
1926 2983 2011 3011 exitio
2021 2983 2079 3012 sen-

1121 3018 1211 3043 tentia·
1222 3019 1394 3044 exterminari
1403 3018 1473 3054 posse
1485 3038 1492 3050 ,
1502 3026 1609 3045 mmmm
1618 3020 1727 3051 dicendi,
1737 3021 1765 3045 δε
1778 3028 1868 3045 verum
1878 3020 1924 3047 est.

1158 3054 1186 3078 6.
1213 3055 1268 3081 ΜΛ
1282 3063 1442 3088 quamcunque
1458 3055 1560 3089 artem]
1589 3056 1630 3082 lta
1649 3056 1762 3082 Pal-‚itini
1781 3056 1934 3091 posteriores
1947 3064 1956 3087 ;
1976 3055 2078 3092 priores

1121 3089 1192 3115 enim
1204 3108 1212 3119 ‚
1231 3099 1355 3123 quamque.
1376 3090 1406 3116 Ρ.
1419 3091 1553 3118 Manutius
1564 3092 1591 3117 &
1605 3091 1748 3117 Lambinus
1769 3092 1920 3124 maluerunt
1931 3110 1938 3123 ‚
1959 3093 1991 3117 aA
2006 3100 2079 3125 quam

2124 847 2170 886 27

2113 1842 2159 1879 28·

1120 3134 1231 3159 quemque
1249 3132 1324 3151 artem
1334 3144 1342 3159 ,
1363 3126 1498 3163 quomodo
1514 3128 1542 3154 &
1553 3127 1732 3164 antiquiffima
1750 3128 1832 3156 editio
1845 3147 1854 3161 ,
1871 3127 1913 3154 sed
1923 3127 2009 3154 minus
2020 3127 2076 3163 pla·
2104 3135 2107 3138 ·

1545 3199 1571 3228 Κ
1590 3207 1608 3227 2
1946 3206 1969 3225 1.
1980 3198 2079 3233 Difficu-
