2379 3400
659 73 727 121 M.
811 69 1174 117 Tu·1,1.11

261 97 382 144 1320

1252 64 1798 114 CicEnonis

295 210 892 274 TESTIMONIA
946 205 1407 279 QJAEDAM‚
1433 204 2168 283 exipfiusCiceronbsscriptis,

509 309 564 356 in
587 298 768 375 quibus
778 299 987 369 ficorum
1008 296 1068 350 de
1089 309 1191 369 rep.
1213 295 1463 350 librorum
1486 297 1779 350 mentionem
1786 295 1945 367 facit.

304 451 329 471 ι.
353 438 444 481 Qod
454 440 562 480 quaeris
573 459 580 472 ,
592 437 665 480 quid
677 439 708 468 in
719 437 779 468 illis
788 434 1005 467 librisfecerim
1020 454 1029 467 ,
1039 441 1115 474 quos
1127 452 1136 467 ‚
1147 441 1217 462 cum

259 481 351 513 essem
373 485 404 512 in
427 484 585 514 Cumano,
607 478 876 512 scribereinltitu'i,
896 488 960 508 nori
970 474 1097 509 cenavi,
1120 484 1219 515 neque

258 522 337 555 cesso
350 535 355 552 z
372 524 417 554 sed
429 523 502 563 saepe
512 524 572 562 jam
585 521 732 553 scribendi
744 530 842 551 totum
853 518 1015 550 consilium
1031 537 1040 551 ,
1051 518 1218 547 rationem-

258 576 317 606 que
340 567 465 595 mutavi.
500 567 581 594 Nam
597 566 659 604 jam
680 563 799 593 duobus
819 561 905 592 faffis
924 561 1008 590 libris
1023 579 1031 593 ‚
1057 561 1089 588 in
1107 558 1219 599 quibus

260 606 507 637 Novendialibus
518 608 556 636 iis
567 605 648 636 feriis
658 625 667 639 ,
689 615 755 646 quae
765 603 885 634 fuerunt
896 602 1052 633 Tuditano
1062 601 1094 631 &
1106 600 1215 640 Aquil-

259 649 304 678 lio
323 658 401 679 coss.
422 648 518 677 sermo
536 647 579 678 est
598 648 614 677 a
637 658 686 677 me
705 645 859 680 institutus
878 644 1011 675 Africani
1031 642 1131 682 paullo
1150 650 1218 671 ante

260 700 393 720 mortem
406 710 414 722 ‚
431 689 463 719 &
474 690 559 719 Laelii
572 709 581 722 ‚
593 689 692 722 Phili,
704 688 885 727 Maniliique
898 707 907 720 ‚
929 687 962 716 &
975 685 1060 715 Laelii
1072 704 1081 717 ,
1091 693 1218 724 genero-

259 743 328 762 rum
341 734 465 764 Fannii,
485 731 516 761 δε
529 731 679 762 Scaevolae.
703 733 808 761 Sermo
817 737 916 759 autem
928 729 961 758 in
975 735 1087 757 novem
1099 726 1131 755 &
1142 724 1217 758 dies,

263 774 400 805 &libros
410 772 584 803 distributus
594 773 630 803 de
640 775 758 813 optimo
768 770 842 802 statu
851 771 993 802 civitatis,
1009 768 1042 797 δί
1052 767 1088 797 de
1099 768 1217 806 optimo

261 819 336 846 cive.
359 814 433 845 Sane
456 815 609 845 texebatur
628 824 704 854 opus
717 813 870 843 luculente
882 813 1108 849 hominumque
1118 809 1216 849 digni-

264 868 304 888 tas
323 858 508 896 aliquantum
530 858 660 887 orationi
678 855 820 896 ponderis
835 852 983 884 afferebat.
1010 849 1216 881 Hilibricum

265 901 296 929 in
308 899 481 929 Tusculano
492 900 568 929 mihi
580 900 758 938 legerentur,
770 896 908 926 audiente
916 892 1067 926 Sallustio,
1078 892 1219 922 admoni-

261 942 386 973 russum
399 940 434 970 ab
446 941 499 970 illo
511 960 519 975 ‚
531 940 628 970 multo
641 940 752 978 majore
762 937 934 969 au&oritate
947 937 1006 965 illis
1016 934 1052 965 de
1062 934 1149 964 rebus
1159 933 1219 963 dici

263 982 346 1024 posse
366 1002 373 1015 ,
398 981 419 1011 si
438 983 499 1022 ipse
522 983 659 1022 loquerer
675 981 710 1011 de
728 981 829 1020 repub.
853 979 1017 1019 praesertim
1037 986 1109 1006 cum
1129 973 1220 1005 essem

263 1035 327 1056 non
340 1025 512 1054 Heraclides
523 1025 678 1056 Ponticus,
688 1023 735 1053 sed
746 1021 921 1053 consularis,
934 1020 965 1050 ὃς
977 1020 1070 1060 is‚qiii
1080 1019 1111 1047 in
1124 1018 1222 1047 maxi-

264 1070 325 1097 mis
347 1066 475 1096 versatus
497 1068 528 1096 in
539 1075 599 1106 rep.
613 1065 699 1095 rebus
709 1063 798 1094 ess‘em
812 1074 817 1092 :
829 1073 894 1103 quae
904 1071 965 1092 tam
975 1061 1106 1100 antiquis
1117 1060 1222 1089 homi-

263 1110 354 1140 nibus
373 1107 561 1138 attribuerem
575 1128 583 1140 ,
610 1117 644 1137 ea
663 1107 760 1137 visum
775 1107 811 1136 iri
823 1101 956 1135 fi&aesse
991 1105 1151 1133 Orator-um
1162 1100 1221 1131 ser-

265 1160 394 1181 monem
404 1152 436 1179 in
446 1150 508 1179 illis
518 1148 625 1179 nostris
635 1148 732 1182 libris,
743 1146 825 1188 quod
837 1144 906 1177 effet
914 1145 952 1176 de
961 1146 1077 1175 ratione
1087 1142 1222 1174 dicendi,

265 1193 345 1223 belle
363 1193 379 1222 a
400 1201 450 1222 me
472 1189 698 1221 removiffezad
718 1199 771 1224 eos
789 1198 890 1220 tamen
901 1184 1049 1219 retulisse,
1072 1194 1150 1226 quos
1162 1184 1222 1224 ipse

263 1233 416 1265 vidiil'em.
451 1233 643 1264 Aristotelem
662 1233 809 1272 denique,
828 1241 894 1272 quae
914 1230 950 1260 de
970 1228 1073 1268 repub.
1096 1227 1129 1256 &
1149 1236 1222 1266 prae-

266 1277 360 1307 stante
382 1278 447 1306 viro
465 1276 589 1308 scribat,
614 1275 713 1315 ipsum
734 1275 828 1315 loqui.
852 1273 1032 1303 Commovit
1050 1279 1119 1301 me.
1142 1269 1220 1299 &eo

266 1320 361 1358 magis
382 1337 391 1351 ‚
409 1318 491 1359 quod
515 1319 667 1347 maximos
684 1325 786 1346 motus
804 1313 912 1346 nostrae
933 1314 1063 1343 civitatis
1080 1313 1221 1352 attingere

266 1371 331 1391 non
341 1369 474 1400 poteram
491 1380 498 1393 ,
518 1358 601 1400 quod
611 1368 694 1389 erant
706 1357 863 1388 inferiores
879 1377 887 1390 ,
906 1355 995 1396 quam
1006 1354 1128 1384 illorum
1142 1362 1221 1386 aetas,

265 1405 318 1444 qui
335 1401 547 1443 loquebantur.
570 1404 634 1441 Ego
650 1409 750 1431 autem
772 1399 803 1429 id
817 1399 915 1439 ipsum
927 1406 993 1427 tum
1002 1405 1083 1426 eram
1093 1395 1222 1427 secutus,

267 1455 306 1474 rie
326 1446 358 1474 in
378 1442 476 1473 nostra
493 1452 630 1483 tempora
647 1445 803 1472 incurrens
814 1460 823 1475 ,
842 1438 1027 1472 offenderem
1038 1440 1222 1479 quempiam.

268 1488 362 1517 Nunc
381 1485 413 1515 δε
434 1485 465 1515 id
476 1484 596 1519 vitabo,
616 1484 649 1515 &
668 1485 770 1525 loquar
783 1483 842 1523 ipse
852 1490 952 1512 tecum
970 1499 982 1515 ,‚
1001 1480 1034 1510 &
1048 1488 1148 1509 tamen
1159 1478 1222 1511 illa.

268 1538 334 1570 quae
345 1527 530 1557 institueram
545 1526 581 1561 ad
590 1536 618 1556 te
628 1546 638 1560 ,
659 1524 680 1556 si
691 1527 823 1556 Romam
834 1533 945 1555 venero
961 1541 970 1556 ,
995 1523 1126 1554 mittam.
1149 1522 1225 1553 Puto

271 1572 355 1599 enim
378 1578 405 1598 te
415 1567 657 1598 existimaturum
671 1587 679 1600 ,
698 1567 714 1597 a
726 1576 775 1596 me
786 1566 857 1596 illos
865 1564 962 1599 libros
975 1572 1040 1593 non
1051 1560 1112 1592 sine
1123 1562 1225 1602 aliquo

270 1621 344 1642 meo
354 1609 510 1640 stomacho
522 1607 579 1639 effe
589 1608 720 1639 reliiSios.

315 1663 345 1683 2.
369 1655 462 1682 Varro
472 1672 482 1685 .
503 1651 539 1681 de
549 1660 610 1692 quo
620 1651 655 1681 ad
665 1660 714 1680 me
725 1649 828 1681 scribis
837 1669 847 1682 ,
867 1646 1038 1678 includetur
1048 1647 1080 1675 in
1091 1645 1222 1685 aliquem

270 1696 373 1726 locum
385 1714 394 1727 ,
418 1692 437 1723 si
456 1692 552 1723 modo
569 1695 625 1722 erit
642 1692 736 1722 locus.
759 1691 809 1723 sed
827 1689 907 1720 nosti
922 1697 1015 1729 genus
1034 1687 1223 1725 dialogorum

271 1745 413 1768 meorum
427 1755 435 1768 ,
448 1744 480 1764 ut
490 1736 521 1763 in
532 1735 675 1763 oratoriis
688 1753 696 1766 ,
711 1742 787 1772 quos
800 1733 872 1761 tuin
882 1730 995 1760 coelum
1007 1727 1065 1757 fers
1078 1747 1086 1760 ,
1098 1736 1161 1756 non
1172 1736 1225 1765 po-

272 1780 331 1810 tuit
340 1779 458 1808 mentio
469 1774 532 1806 fieri
542 1775 717 1815 cujusquam
728 1773 764 1803 ab
777 1775 813 1803 iis
822 1793 831 1806 ‚
845 1772 898 1812 qui
909 1770 1071 1809 disputant,
1082 1766 1137 1798 nisi
1149 1769 1226 1807 ejus,

269 1822 327 1861 qui
348 1819 408 1849 illis
427 1827 516 1848 notus
527 1837 536 1851 ‚
556 1826 605 1847 aut
616 1816 736 1846 auditus
744 1813 825 1844 effet.
858 1814 944 1843 Hanc
953 1821 1009 1852 ego
1019 1810 1055 1841 de
1064 1820 1123 1850 rep.
1135 1819 1225 1849 quarn

271 1861 650 1900 instituidisputationem‚
674 1860 706 1887 in
725 1856 859 1887 Africani
877 1854 1034 1895 personam
1046 1872 1055 1886 ,
1075 1852 1108 1882 &
1127 1851 1228 1884 Phili,

251 1924 258 1929 ι
275 1904 387 1934 &Paeti
399 1903 522 1932 Manilii
541 1901 675 1931 contuli:
696 1899 821 1937 adjunxi
843 1895 1079 1928 adolescenteis.,
1104 1896 1141 1931 Q.
1162 1895 1226 1922 Tu-

276 1947 422 1976 beronem
444 1947 476 1974 P.
497 1943 674 1975 Rutilium,
693 1942 772 1972 duos
792 1940 880 1970 Lxlii
899 1945 1045 1979 generos,
1065 1936 1225 1966 &Scaevo-

274 1989 336 2017 lam
349 1986 551 2017 &Fannium
575 1982 852 2025 Itaquecogitabam
871 2000 879 2014 ,
897 1980 1045 2020 quoniam
1063 1979 1095 2007 iu
1107 1975 1229 2017 singulis

276 2029 361 2059 libris
370 2038 436 2059 utor
444 2028 601 2067 prooemiis
613 2038 622 2060 ¹>
641 2034 672 2055 ut
686 2026 830 2059 Αριςοτέλης
841 2025 873 2052 in
885 2024 921 2051 iis
931 2029 1007 2061 quos
1027 2020 1163 2054 ἐξωτερικὲς
1173 2028 1228 2048 vo—

276 2080 320 2102 cat
334 2091 342 2104 ,
354 2069 468 2111 aliquid
479 2077 579 2101 vocat,
589 2066 702 2108 aliquid
715 2063 844 2098 efficere,
856 2073 889 2094 ut
899 2072 962 2093 non
973 2060 1033 2091 sine
1042 2060 1126 2091 causa
1137 2059 1228 2090 istum

275 2113 463 2153 appellarem.
488 2110 521 2141 ld
532 2108 762 2151 quodintelligo
783 2106 839 2136 tibi
850 2107 982 2146 placere:
1003 2104 1119 2132 utinam
1131 2100 1227 2132 modo

275 2164 380 2186 conata
388 2152 505 2183 efficere
514 2150 621 2192 poffim
633 2171 641 2185 ‚
666 2160 729 2180 rem
741 2151 825 2178 enim
841 2146 933 2189 (quod
944 2155 972 2176 te
984 2154 1047 2175 non
1064 2143 1152 2185 fugit)
1165 2153 1229 2174 ma-

275 2207 365 2238 gnam
377 2195 555 2235 complexus
566 2193 632 2223 sum
646 2212 655 2227 ‚
677 2193 709 2222 &
721 2199 842 2233 gravem
851 2209 862 2225 ,,
887 2189 920 2220 &
931 2187 1056 2230 plurimi
1066 2188 1122 2217 otii
1135 2205 1145 2220 ,
1167 2195 1229 2227 quo

277 2249 332 2281 ego
344 2236 478 2268 maxime
489 2245 572 2277 egeo.

321 2290 347 2321 3.
369 2282 400 2310 Si
419 2282 536 2309 Cottam
549 2298 558 2311 ,
579 2278 612 2309 &
631 2280 796 2307 varronem
808 2272 941 2305 fecissem
953 2274 1031 2302 inter
1044 2271 1070 2302 se
1079 2270 1230 2310 disputan—

279 2323 381 2355 teis.ut
389 2322 405 2351 a
416 2330 443 2351 te
452 2322 601 2361 proximis
609 2320 715 2349 litteris
724 2318 1008 2349 admoneonmeum
1020 2317 1097 2345 κωφὸν
1107 2314 1230 2346 πρὸσωπον

278 2363 357 2394 effer.
382 2365 483 2393 hocin
493 2363 624 2402 antiquis
634 2360 769 2401 personis
779 2359 904 2390 suaviter
915 2356 960 2391 fit,
974 2355 1050 2386 ut&
1061 2351 1233 2384 Heraclides

279 2409 312 2436 in
327 2406 444 2438 multis,
458 2405 490 2435 ὅ(
502 2414 558 2434 nos
568 2406 600 2433 in
611 2404 660 2433 sex
672 2402 708 2432 de
718 2412 778 2442 rep.
790 2401 874 2430 libris
883 2399 1022 2429 fecimus.

320 2457 351 2484 4.
375 2447 435 2488 Qi
454 2446 607 2487 Apollinis
622 2444 744 2475 oraculo
770 2439 998 2482 sapientissimus
1017 2437 1059 2469 est
1072 2436 1234 2477 judicatus,

279 2500 332 2530 qui
344 2499 407 2519 non
418 2498 480 2518 tum
496 2490 554 2518 hoc
566 2507 575 2521 ‚
596 2496 663 2516 tum
678 2485 752 2515 illud
767 2504 776 2518 ,
797 2486 851 2522 (ut
862 2485 893 2513 in
903 2480 1069 2522 plerisque)
1091 2478 1232 2509 sedidem

280 2533 414 2571 semper,
434 2533 553 2560 animos
571 2529 737 2559 hominum
755 2524 814 2556 effe
833 2525 973 2556 divinos,
1001 2522 1116 2561 iisque,
1133 2520 1204 2550 cum
1216 2519 1233 2549 ὲ

279 2573 456 2613 corporibus
470 2569 661 2602 exceffiffent‚
673 2568 802 2599 reditum
814 2569 846 2597 in
857 2566 963 2597 caelum
976 2572 1084 2605 patere,
1095 2564 1233 2602 optimo-

280 2626 338 2655 que
359 2615 390 2644 &
405 2612 566 2654 justiffimo
576 2614 684 2652 cuique
694 2607 951 2650 expeditiffimum
968 2605 1068 2647 :quod
1079 2604 1161 2634 idem
1172 2604 1235 2634 Sci-

281 2658 366 2696 pioni
379 2655 542 2686 videbatur.
565 2655 625 2694 Qi
637 2651 761 2694 quidem
774 2671 783 2685 ,
801 2649 878 2692 quasi
889 2649 1053 2690 praesagiret
1063 2667 1070 2680 ,
1083 2647 1235 2686 perpaucis

282 2707 348 2727 ante
358 2707 488 2727 mortem
500 2696 606 2726 diebus
617 2715 626 2728 ‚
635 2694 706 2725 cum
720 2694 751 2724 &
761 2694 863 2724 Philus
872 2712 881 2726 ,
893 2692 926 2721 &
937 2689 1081 2720 Manilius
1092 2685 1234 2720 adessent,

286 2739 318 2768 δε
336 2740 386 2768 alii
398 2739 495 2778 plures
508 2759 516 2771 ‚
535 2746 628 2778 tuque
637 2737 729 2767 etiarn
739 2734 873 2766 scaevola
884 2742 1003 2764 mecum
1014 2729 1143 2760 venisses
1154 2749 1163 2763 ,
1183 2731 1235 2759 tri-

283 2780 378 2809 duum
396 2779 527 2810 diss'eruit
538 2779 573 2809 de.
583 2788 643 2818 rep.
662 2778 747 2817 cujus
765 2775 975 2816 disputationis
992 2772 1050 2803 fuit
1065 2780 1236 2802 extremum

286 2820 349 2851 fer'e
371 2820 406 2850 de
427 2822 650 2851 immortalitate
667 2821 937 2859 animorumzquae
961 2816 989 2846 se
1009 2817 1042 2845 iti
1061 2813 1166 2854 quiete
1184 2821 1237 2852 per

283 2862 384 2892 visum
395 2872 432 2890 ex
443 2862 584 2892 Africano
594 2859 705 2892 audiss‘e
715 2860 839 2890 dicebat.

329 2913 357 2941 5.
383 2908 476 2942 A-rque
495 2905 541 2932 iiis
557 2904 642 2933 libris
651 2900 868 2933 annumerandi
880 2899 1004 2931 suntsex
1014 2896 1051 2927 de
1060 2899 1097 2928 R.
1117 2899 1149 2927 P.
1164 2904 1239 2936 quos

287 2954 359 2975 tunc
381 2942 564 2982 scripsimus,
580 2954 674 2984 quum
692 2942 890 2983 gubernacula
907 2940 1022 2982 reipub.
1041 2938 1233 2969 tenebamus:

285 2992 413 3027 magnus
422 2985 504 3014 locus
516 3004 524 3017 ‚
547 2986 806 3025 philosophiaeque
815 2984 957 3024 proprius
966 3002 975 3017 ‚
994 2980 1011 3012 ὲ
1020 2981 1143 3012 Platone
1152 2999 1160 3013 ‚
1173 2981 1240 3009 Ari-

287 3027 393 3103 gotele
403 3025 630 3101 ‚gheophrasto
641 3046 649 3061 ‚
660 3035 779 3067 totaque
787 3026 1053 3068 Peripateticorum
1062 3021 1178 3055 familia
1187 3030 1241 3053 tra-

320 3078 382 3103 atus
393 3079 412 3104 ‚u
435 3075 554 3099 emme..

1298 432 1326 463 6.
1350 434 1452 472 Quum
1472 432 1488 464 a
1508 433 1610 473 primo
1629 432 1713 463 urbis
1730 440 1799 463 ortu
1816 435 1906 476 regiis
1924 432 2086 468 institutis,
2102 436 2209 475 partim

1255 476 1344 506 etiam
1354 475 1469 516 legibus
1478 495 1487 508 ,
1497 476 1625 515 auspicia
1635 495 1644 508 ‚
1655 476 1838 506 caerimoniae
1853 496 1861 508 ,
1872 477 1995 506 comitia
2006 495 2014 510 ,
2026 479 2215 515 provocatio-

1256 526 1310 546 nes
1321 535 1330 550 ,
1341 526 1458 555 patrum
1469 515 1629 547 consilium
1642 537 1650 549 ,
1662 518 1800 557 equitum
1813 536 1822 550 ,
1833 517 2030 558 peditumque
2038 517 2208 557 descriptior,

1255 567 1317 588 tota
1327 567 1373 587 res
1384 559 1524 589 militaris
1534 558 1682 588 divinitus
1696 556 1777 592 esset,
1789 557 1948 590 constituta
1963 570 1968 588 z
1981 569 2045 589 tum
2056 557 2215 599 progressio

1255 599 1443 630 admirabilis
1460 620 1468 634 ,
1491 599 1735 640 incredibilisque
1756 600 1856 631 cursus
1875 601 1910 630 ad
1926 610 2051 632 omnem
2065 600 2217 630 excellen-

1255 644 1328 672 tiam
1349 640 1446 672 faetus
1466 641 1529 675 est,
1548 641 1708 672 dominatu
1728 643 1808 682 regio
1833 642 1981 682 republica
1994 642 2122 672 liberata.
2146 644 2214 672 Nec

1253 682 1326 713 vero
1338 683 1385 713 hic
1395 683 1480 714 locus
1489 682 1532 714 est
1543 703 1551 717 ‚
1573 693 1604 713 ut
1613 682 1650 713 de
1661 683 1800 713 moribus
1811 703 1819 717 ‚
1833 683 2034 724 institutisque
2046 682 2213 721 maiorum,

1252 726 1285 755 ὃς
1304 724 1481 765 disciplina,
1502 734 1536 755 ac
1555 726 1772 764 temperatione
1789 725 1920 755 civitatis
1939 725 2098 766 loquamur
2118 735 2124 754 ;
2146 725 2215 754 aliis

1253 767 1327 796 locis
1341 767 1404 798 satis
1413 771 1544 798 accurate
1554 766 1569 797 ὲ
1581 766 1669 796 nobis
1679 765 1758 796 dieta
1769 767 1845 800 sunt,
1858 768 2052 807 maximeque
2067 769 2097 797 in
2112 768 2149 796 iis
2160 766 2212 798 sex

1253 809 1349 843 libi'Is,
1361 819 1438 850 quos
1448 808 1484 839 de
1499 809 1652 848 republica
1664 807 1841 848 scripsimus.

1297 863 1326 888 7.
1351 850 1442 892 Qod
1457 850 1476 880 si
1491 850 1544 881 ista
1559 850 1649 880 nobis
1659 851 1802 890 cogitatio
1815 850 1850 880 de
1861 851 2017 890 triumpho
2031 847 2140 887 inieEla
2151 858 2215 879 non

1254 891 1323 924 effet
1334 913 1342 928 ,
1363 903 1455 934 quam
1471 901 1500 922 tu
1515 902 1635 933 quoque
1650 892 1794 932 approbas
1806 912 1814 926 ‚
1835 903 1880 923 nae
1892 901 1923 922 tu
1935 892 2011 922 haud
2024 891 2157 921 multum
2170 901 2217 921 re-

1258 935 1486 975 quireresillum
1499 936 1598 964 virum
1613 954 1621 968 ,
1642 936 1694 974 qui
1712 935 1742 964 in
1765 935 1848 964 sexto
1866 934 1944 963 libro
1964 933 2146 964 informatus
2159 932 2211 963 est.

1255 978 1336 1019 Qid
1347 980 1430 1006 enim
1442 976 1498 1006 tibi
1509 975 1615 1006 faciam
1625 994 1633 1009 ,
1645 978 1696 1015 qui
1707 977 1777 1005 illos
1788 976 1883 1005 libros
1892 973 2057 1006 devorasti?
2070 985 2120 1015 qui
2132 984 2213 1004 nunc

1254 1020 1352 1060 ipsum
1364 1028 1427 1048 non
1437 1017 1582 1048 dubitabo
1592 1026 1655 1047 rem
1668 1026 1778 1047 tantam
1789 1017 1915 1055 abjicere
1928 1028 1937 1050 ·,
1951 1015 1970 1046 fi
1981 1016 2009 1046 id
2021 1018 2076 1046 erit
2087 1015 2217 1046 refilius:

1255 1070 1415 1101 utrumque
1427 1058 1497 1089 vero
1508 1058 1596 1089 simul
1605 1061 1651 1100 agi
1661 1068 1724 1089 non
1733 1058 1830 1098 potest
1839 1078 1848 1092 ,
1863 1058 1895 1088 &
1906 1068 1945 1088 ne
1955 1058 2096 1088 dubitaris
2107 1077 2117 1092 ,
2138 1058 2216 1098 quin

1254 1103 1335 1145 quod
1346 1101 1500 1132 honestius
1511 1121 1519 1134 ‚
1529 1101 1561 1131 id
1571 1102 1647 1131 mihi
1657 1099 1790 1131 futurum
1801 1099 1835 1130 sit
1842 1100 2007 1141 antiquius.

1300 1145 1327 1175 8.
1351 1148 1399 1175 An
1417 1143 1537 1177 censes,
1558 1153 1653 1183 quum
1673 1142 1779 1172 inillis
1792 1142 1827 1172 de
1842 1144 1870 1172 R
1894 1144 1922 1172 P.
1940 1142 2026 1172 libris
2041 1141 2214 1181 persuadere

1253 1187 1388 1218 videatur
1399 1184 1555 1216 Africanus
1564 1205 1572 1218 ‚
1585 1186 1727 1215 omnium
1739 1184 1926 1223 publicarum
1939 1182 2070 1213 nostram
2082 1193 2216 1213 veterem

1255 1229 1339 1260 illam
1349 1226 1438 1258 fuisse
1451 1229 1599 1266 optimam
1611 1247 1619 1261 ,
1641 1236 1706 1256 non
1716 1225 1829 1256 necefl'e
1841 1223 1897 1255 effi·
1909 1227 2033 1266 optimae
2048 1224 2158 1264 reipub.
2171 1224 2216 1254 le·

1255 1281 1304 1312 ges
1334 1271 1401 1301 dare
1428 1270 1641 1300 consentaneas
1660 1271 1671 1298 ?
1714 1271 1752 1298 A.
1775 1266 1879 1298 Immo
1898 1268 2017 1307 prorsus
2036 1269 2075 1296 ita
2097 1266 2216 1296 censeo.

1257 1316 1299 1343 M.
1324 1316 1403 1354 Ergo
1416 1310 1490 1342 adeo
1503 1310 1671 1352 exspekhre
1681 1311 1758 1352 leges
1771 1329 1779 1344 ‚
1795 1319 1858 1351 quae
1868 1319 1962 1351 genus
1973 1308 2050 1339 illud
2062 1309 2217 1348 optimum

1258 1358 1330 1395 reip.
1341 1355 1528 1385 contineant.

1297 1407 1317 1435 9
1351 1398 1504 1437 Qoniam
1521 1395 1610 1436 igitur
1620 1395 1683 1435 cJ'us
1697 1395 1770 1434 reip.
1781 1403 1871 1435 quam
1883 1393 2030 1433 optimam
2045 1389 2102 1422 esse
2114 1391 2219 1422 docuit

1256 1440 1289 1468 in
1300 1439 1361 1468 illis
1373 1439 1421 1469 sex
1434 1437 1517 1467 libris
1528 1438 1628 1476 Scipio
1640 1456 1648 1470 ,
1670 1436 1820 1466 tenendus
1835 1434 1877 1464 est
1887 1435 1975 1464 nobis
1985 1453 1994 1467 ‚
2016 1434 2048 1463 δε
2060 1432 2219 1464 servandus

1258 1480 1361 1511 status:
1384 1478 1551 1519 omnesque
1569 1480 1648 1518 leges
1664 1475 1928 1508 accommodandae
1942 1475 1975 1504 ad
1991 1474 2066 1504 illud
2085 1475 2219 1504 civitatis

1258 1532 1353 1562 genus
1363 1541 1371 1555 ‚
1390 1519 1508 1551 serendi
1518 1520 1610 1549 etiam
1624 1527 1725 1548 mores
1737 1537 1745 1551 ‚
1764 1527 1818 1548 nec
1832 1517 1946 1556 scriptis
1959 1518 2064 1546 omnia
2079 1516 2217 1546 sancien-

1259 1564 1294 1593 da
1307 1574 1312 1592 2
1324 1571 1453 1602 repetam
1465 1560 1586 1599 stirpem
1598 1561 1671 1595 iuris
1681 1559 1695 1590 a
1707 1568 1818 1589 natura.

1301 1614 1349 1634 ιο.
1372 1603 1470 1643 Qam
1490 1601 1573 1631 brevi
1592 1600 1679 1631 frater
1701 1602 1733 1630 in
1750 1598 1913 1639 conspeCiu
1930 1598 2022 1639 posita
2040 1597 2083 1629 est
2100 1597 2116 1629 a
2131 1607 2159 1629 te
2178 1607 2219 1628 0-

1259 1647 1379 1676 mnium
1391 1641 1614 1682 magistratuum
1628 1641 1798 1681 descriptio,
1812 1642 1843 1670 &
1853 1650 1886 1670 ea
1895 1641 1980 1680 paene
1995 1639 2100 1669 nostrae
2112 1641 2220 1670 civita·

1259 1690 1317 1717 tis?
1336 1684 1387 1716 etsi
1401 1685 1417 1715 a
1430 1693 1458 1714 te
1470 1683 1606 1723 paullum
1625 1683 1748 1712 allatum
1769 1681 1812 1712 est
1832 1684 1915 1711 novi.
1959 1683 2003 1710 M.
2028 1678 2218 1714 Refflffime,

1259 1730 1374 1766 Quinte
1386 1746 1394 1758 ,
1414 1724 1636 1756 animadvertis.
1662 1725 1734 1754 Haec
1750 1722 1792 1753 est
1808 1724 1892 1753 enim
1908 1731 1997 1763 quam
2008 1723 2108 1762 Scipio
2122 1721 2222 1752 laudat.

1259 1773 1292 1800 in
1304 1769 1355 1799 sex
1365 1768 1448 1797 libris
1457 1786 1466 1800 ,
1482 1767 1613 1807 &quam
1624 1766 1760 1795 maxime
1771 1764 1874 1804 probat
1884 1765 2132 1804 temperationem
2145 1764 2220 1803 reip.

1258 1820 1349 1853 quam
1368 1807 1447 1839 effici
1467 1818 1530 1838 non
1550 1805 1708 1847 potuisset,
1729 1805 1784 1837 nisi
1797 1805 2056 1846 talidescriptione
2067 1804 2223 1845 magistra-

1265 1862 1352 1883 tuum
1367 1861 1371 1881 :
1395 1854 1475 1881 Nam
1488 1849 1524 1880 fic
1534 1849 1672 1880 habetote
1683 1868 1692 1882 ,
1710 1847 1929 1889 magistratibus
1938 1867 1946 1881 ,
1960 1847 2054 1887 iisque
2064 1866 2072 1881 ‚
2085 1847 2136 1887 qui
2147 1856 2224 1886 prae-

1262 1896 1329 1926 sunt
1339 1914 1348 1928 ‚
1370 1894 1518 1924 contineri
1529 1901 1624 1931 remp.
1637 1891 1670 1921 &
1680 1900 1720 1920 ex
1728 1900 1834 1920 eoi-um
1845 1887 2065 1929 compositione
2076 1888 2156 1929 quod
2167 1897 2223 1918 cu-

1264 1937 1368 1977 jusque
1384 1934 1604 1975 reipub.genus
1623 1931 1675 1966 sit,
1697 1933 1835 1972 intelligi.
1858 1934 1933 1970 Quae
1944 1940 1988 1960 res
1999 1940 2093 1971 quum
2106 1930 2224 1970 sapien-

1263 1977 1371 2009 tiffime
1383 1997 1391 2011 ‚
1409 1973 1621 2006 moderatiffim
1627 1984 1700 2015 eque
1710 1973 1871 2004 constituta
1880 1970 1952 2004 effet
1961 1974 1976 2002 a
1987 1972 2151 2011 majoribus
2163 1981 2222 2002 no-

1264 2020 1328 2051 stris
1340 2039 1349 2054 ,
1369 2019 1447 2049 nihil
1458 2018 1547 2048 habui
1558 2037 1567 2051 ‚
1586 2017 1653 2047 sane
1670 2026 1734 2046 non
1756 2015 1888 2046 multum
1899 2035 1907 2049 ‚
1927 2014 2007 2057 quod
2018 2023 2150 2055 putarem
2162 2023 2221 2044 no-

1264 2061 1397 2093 vandum
1409 2063 1440 2090 in
1453 2059 1577 2100 legibus.
2103 2090 2105 2093 Α

1308 2113 1319 2132 r
1330 2114 1355 2133 r.
1379 2103 1518 2132 Irascatur
1527 2102 1579 2142 qui
1591 2100 1796 2140 volet‚.patiar.
1819 2097 1918 2133 τὶῑῇεῧ
1925 2099 1986 2131 μετ’
1996 2101 2041 2131 Eu&
2054 2097 2220 2138 praesertim

1261 2145 1333 2176 curn
1349 2145 1399 2175 sex
1410 2144 1496 2174 libi-is
1506 2163 1514 2177 ,
1535 2152 1675 2184 tanquam
1686 2142 1836 2182 praedibus
1847 2160 1856 2173 ‚
1877 2140 2037 2180 meipsum
2049 2139 2222 2170 obstrinxe-

1265 2190 1343 2221 rim,
1362 2196 1438 2227 quos
1449 2185 1505 2216 tibi
1517 2194 1576 2215 tam
1586 2184 1671 2214 valde
1681 2184 1800 2224 probari
1810 2181 1937 2225 gaudeo.
1961 2184 1986 2212 E
1997 2181 2106 2222 quibus
2124 2190 2222 2211 unum

1264 2231 1367 2260 ἱςοεικὺν
1377 2229 1502 2269 requiris
1512 2226 1549 2257 de
1561 2229 1616 2257 Cn.
1628 2227 1731 2257 Flavio
1743 2245 1752 2260 ,
1774 2225 1868 2255 Annii
1879 2225 1910 2253 F.
1933 2223 1988 2253 Ille
2000 2223 2071 2253 vero
2081 2231 2148 2253 ante
2159 2225 2224 2252 De-

1263 2272 1414 2301 cemviros
1431 2279 1494 2299 non
1513 2267 1572 2299 fuit
1583 2289 1591 2302 ‚
1610 2269 1720 2309 quippe
1730 2269 1782 2308 qui
1796 2265 1892 2298 aedilis
1907 2265 2017 2295 curulis
2033 2264 2142 2299 fuerit,
2165 2265 2219 2305 qui

1265 2311 1449 2353 magistratus
1469 2311 1575 2341 multis
1593 2311 1681 2340 annis
1700 2309 1766 2349 post
1783 2309 1982 2339 Decemviros
2006 2306 2160 2337 institutus
2172 2304 2223 2336 est.

1265 2353 1346 2394 Qid
1357 2364 1427 2394 ergo
1441 2351 1588 2394 profecit,
1607 2350 1689 2393 quod
1703 2351 1828 2391 protulit
1841 2348 1930 2380 fastos
1942 2352 1953 2378 ?
1971 2349 2154 2379 Occultatam
2165 2358 2224 2389 pu-

1267 2405 1328 2426 tant
1337 2395 1470 2436 quodam
1482 2403 1615 2433 tempore
1628 2393 1714 2424 istam
1729 2393 1856 2423 tabulam
1870 2411 1877 2424 ‚
1898 2400 1930 2421 ut
1942 2390 2006 2421 dies
2019 2390 2123 2431 agendi
2142 2399 2225 2430 pete-

1268 2446 1371 2468 rentur
1385 2436 1399 2466 ὲ
1414 2438 1522 2477 paucis.
1547 2438 1614 2465 Nec
1633 2434 1708 2466 vero
1724 2436 1810 2474 pauci
1832 2434 1899 2464 sunt
1917 2432 2070 2465 ausim-es,
2089 2434 2146 2467 Cn.
2159 2431 2226 2462 Fia-

1268 2481 1354 2510 vium
1375 2478 1500 2509 scribam
1517 2476 1606 2507 fastos
1622 2475 1775 2516 protuliffe
1786 2496 1795 2509 ‚
1813 2475 2005 2515 actionesque
2015 2469 2226 2513 composuisse,

1268 2531 1305 2551 ne
1314 2530 1364 2550 me
1375 2521 1432 2551 hoc.
1443 2540 1451 2554 ,
1471 2519 1519 2549 vel
1536 2518 1638 2559 potius
1650 2517 1824 2548 Africanum
1835 2517 1871 2556 (is
1881 2518 1965 2547 enim
1980 2515 2126 2557 loquitur)
2135 2524 2224 2546 com-

1271 2571 1410 2593 mentum
1423 2571 1516 2602 putes.

1314 2615 1361 2634 12.
1387 2605 1457 2634 Ain’
1477 2602 1618 2637 tandem,
1640 2603 1755 2636 Attice,
1777 2600 1910 2632 laudator
1926 2601 2103 2641 integritatis
2120 2597 2225 2629 &ele-

1265 2648 1371 2688 gantiae
1382 2644 1510 2676 nostrat?
1531 2645 1617 2675 ausus
1625 2646 1724 2685 esi-loc
1735 2653 1771 2674 ex
1782 2653 1832 2673 ore
1846 2652 1914 2677 tuo,
1929 2643 2025 2683 inquit
2037 2642 2154 2672 Ennius
2164 2659 2173 2672 ‚
2191 2646 2225 2669 ut

1269 2690 1384 2729 equites
1395 2689 1510 2728 Scaptio
1521 2687 1555 2716 ad
1565 2688 1724 2726 pecuniam
1736 2685 1901 2727 cogendam
1913 2684 2011 2714 darem
2025 2704 2032 2716 ‚
2046 2692 2094 2712 me
2104 2681 2224 2721 rogare?

1268 2740 1304 2760 an
1324 2739 1372 2763 tu,
1395 2728 1415 2759 fi
1432 2739 1552 2759 mecum
1569 2725 1640 2757 effes
1654 2728 1718 2769 (qni
1737 2727 1842 2758 scribis
1860 2726 1991 2756 morderi
2010 2734 2037 2754 te
2060 2722 2222 2754 interdum,

1270 2770 1352 2812 quod
1366 2781 1427 2802 non
1438 2769 1525 2800 simul
1540 2769 1588 2810 sis)
1602 2778 1732 2809 paterere
1750 2779 1800 2799 me
1817 2768 1848 2798 id
1865 2767 1958 2799 facere
1969 2786 1977 2801 ‚
1998 2765 2019 2796 fi
2033 2764 2162 2796 vellem?
2183 2762 2224 2792 Et

1271 2812 1334 2855 pos?
1346 2813 1459 2853 aliquot
1470 2812 1577 2851 versia.

1319 2864 1352 2895 13
1387 2854 1444 2885 Sed
1455 2854 1513 2891 jam
1524 2852 1596 2893 quid
1607 2862 1683 2892 opus
1695 2851 1737 2882 est
1752 2852 1905 2892 equitatu?
1924 2849 2042 2880 solvunt
2051 2848 2134 2878 enim
2146 2846 2227 2877 Sala-

1274 2897 1385 2927 minii?
1402 2893 1456 2925 nifi
1468 2894 1545 2924 forte
1558 2894 1587 2925 id
1598 2895 1742 2924 volumus
1752 2895 1842 2923 armis
1853 2890 1969 2922 efficere
1979 2910 1988 2922 ,
2006 2899 2037 2920 ut
2047 2889 2143 2919 faenns
2152 2897 2227 2929 qua-

1272 2940 1364 2969 ternis
1376 2935 1547 2968 centesimis
1561 2935 1679 2966 ducant.
1703 2939 1740 2965 Et
1752 2944 1808 2973 ego
1821 2932 1934 2963 audebo
1954 2931 2047 2972 legere
2067 2939 2225 2970 umquam,

1273 2989 1323 3010 aut
1334 2981 1477 3021 attingere
1490 2988 1541 3020 eos
1555 2978 1648 3008 libros
1659 2997 1668 3011 ‚
1691 2985 1767 3017 quos
1778 2985 1808 3005 ru
1822 2973 1954 3004 dilaudas
1965 2993 1973 3007 ‚
1993 2972 2013 3002 si
2028 2973 2083 3003 tale
2096 2971 2170 3013 quid
2183 2970 2229 3001 fe·

1275 3024 1366 3052 cero?

1323 3071 1369 3102 14.
1391 3065 1448 3098 Et,
1467 3060 1487 3094 fi
1503 3060 1548 3102 (ut
1561 3070 1618 3092 nos
1630 3060 1647 3092 a
1660 3068 1687 3091 te
1700 3058 1914 3099 admonemur)
1924 3055 2003 3089 reste
2019 3058 2053 3087 in
2069 3056 2130 3086 illis
2146 3055 2231 3128 Ιὲὶρτίς

2173 3106 2234 3127 ixi-
