2360 3400
702 91 798 124 niz
876 78 1292 125 Lno1ntis

197 165 252 207 qui
270 163 312 195 ita
328 160 423 193 fatum
434 157 635 191 introducunt
645 179 654 194 ,
676 170 710 191 uc
723 161 905 201 neceffitarem
916 160 1078 201 adjungant
1089 181 1099 195 ,
1122 163 1156 191 in

192 216 252 238 eos
270 204 381 237 valebit
403 202 454 233 illa
473 200 639 232 conclufio.
661 206 712 244 qui
724 212 821 234 autem
831 203 1157 234 causasantecedenteis

196 256 263 279 non
273 246 375 277 dicent
385 242 529 285 parcebas
541 263 549 277 ‚
560 254 659 284 neque
668 245 845 285 principales
855 264 864 278 ,
883 247 916 275 in
927 254 982 274 eos
988 245 1066 274 nihil
1076 245 1157 274 vale·

195 287 252 320 bit.
271 287 354 329 quod
362 288 444 316 enim
458 285 594 316 dicantur
603 284 781 316 assensiones
793 285 856 316 fieri
868 285 958 317 caufis
972 284 1153 325 antepositis,

194 330 228 360 id
249 329 336 369 quale
356 327 407 362 sit,
428 326 517 358 facile
537 326 590 357 ase
600 329 742 368 explicari
751 337 865 367 putant.
889 337 959 359 nam
969 337 1153 367 quamquam

194 369 320 402 assensio
339 380 401 400 non
421 368 505 409 poffit
525 367 589 398 fieri
606 369 661 399 nisi
674 377 818 399 commota
828 370 907 409 “iffi-⁶
930 378 1031 399 tamen
1040 369 1111 399 curn
1123 369 1154 399 id

194 412 297 443 visum
312 414 483 452 proximam
494 410 608 441 causam
620 412 742 445 habeat,
762 421 827 441 non
837 410 1032 451 principalem
1045 429 1054 444 ‚
1077 411 1153 441 hanc

193 454 286 485 habet
308 456 458 484 rationem
477 451 720 493 (utChrysippus
733 453 820 491 vult)
839 462 930 492 quam
941 451 1057 482 dudum
1069 451 1153 481 dixi-

196 505 288 529 mus,
313 505 377 526 non
396 503 430 524 ut
447 494 497 524 illa
514 494 638 535 quidem
661 494 724 524 fieri
736 492 823 534 poffit
833 494 915 524 nulla
925 495 956 524 vi
967 493 1154 523 exn-insecus

193 540 322 568 excitata
333 557 342 571 ,
367 537 378 576 (
392 534 508 567 necesse
516 535 559 566 est
568 537 652 566 enim
664 534 861 566 affenfionem
873 535 938 565 viso
945 536 1150 575 commoveri)

193 578 246 609 sed
267 581 425 610 revertitur
444 577 479 608 ad
489 578 683 617 cylindrum,
706 577 785 608 &ad
797 577 949 607 turbinem
961 576 1068 610 suum,
1086 586 1152 625 quae

193 623 313 652 moveri
332 622 464 660 incipere
477 639 486 653 ‚
507 619 561 660 rufi
574 619 671 659 pulfiz,
693 629 758 649 non
767 617 906 659 possunt:
926 618 958 648 id
968 627 1069 648 autem
1079 627 1151 648 cum

185 663 317 697 accidit,
341 663 440 702 suapte
455 670 575 695 natura,
593 661 676 702 quod
684 659 832 701 superest,
853 660 886 690 &
899 659 1075 700 cylindrum
1085 659 1152 689 vol-

132 705 175 738 19
192 705 246 738 vi,
268 705 302 735 ὃς
320 704 427 734 versari
447 702 600 738 turbinem
619 711 733 743 putant.
767 705 811 733 Ut
826 704 929 743 igitur,
954 703 1054 741 inquit
1068 721 1078 734 ,
1097 703 1150 742 qui

180 744 510 786 protrusitcylindrum
522 763 531 778 ‚
551 744 633 774 dedit
643 754 670 774 ei
684 745 870 784 principium
881 744 1029 773 motionis
1039 762 1048 776 ,
1060 743 1149 772 volu-

187 788 338 819 bilitatem
358 796 457 817 autem
478 795 541 815 non
552 785 647 815 dedit:
668 784 706 815 fic
717 785 816 815 visum
826 783 983 823 objeElum
994 785 1150 824 imprimet

185 829 265 860 illud
287 829 410 875 quidem
423 847 432 861 ‚
451 827 484 857 &
501 825 580 866 quasi
600 825 725 867 signabit
745 828 778 856 in
797 828 902 856 animo
912 826 992 856 suam
1004 826 1146 865 speciem,

186 871 238 901 sed
261 869 384 900 assenfio
401 867 502 898 nostra
511 869 566 896 erit
576 866 764 907 inpotestata:
785 877 876 907 eaque
887 866 1148 907 quemadmodum

184 913 222 942 in
231 911 369 951 cylindro
378 908 496 939 dietum
506 907 558 941 est,
571 909 758 938 exrrinsecus
769 909 851 948 pulsa
869 927 877 941 ,
899 909 981 948 quod
995 909 1146 949 reliquum

181 951 248 986 est;
267 953 366 992 suapte
385 952 435 984 vi,
459 949 493 980 &
512 959 612 979 natura
631 949 814 980 movebitur.
834 948 926 992 Qod
947 947 967 979 si
986 950 1083 989 aliqua
1102 959 1149 980 res

173 991 352 1024 efficeretur
361 991 421 1023 sine
431 991 515 1022 causa
525 991 717 1022 antecedente
728 1011 737 1025 ,
747 990 854 1022 falsum
866 989 938 1021 ess‘et
948 1010 956 1025 ‚
969 993 1076 1021 omnia
1084 989 1146 1021 fato

181 1033 249 1066 fieri
261 1033 319 1065 :fin
327 1034 484 1067 omnibus,
494 1043 692 1074 quaecumque
702 1031 792 1067 fiunt,
806 1031 966 1064 verifimile
975 1032 1017 1063 est
1026 1033 1144 1064 causam

181 1076 356 1107 antecedere
368 1089 378 1111 3
398 1075 470 1117 quid
488 1073 586 1105 afferri
603 1076 713 1115 poterit
726 1094 735 1109 ,
759 1084 812 1105 cur
821 1084 884 1105 non
895 1076 1000 1105 omnia
1008 1073 1068 1104 fato
1079 1072 1147 1105 fieri

181 1117 340 1149 fatendum
362 1117 396 1148 fit
416 1121 426 1147 ?
445 1115 540 1146 modo
560 1117 744 1157 intelligatur
763 1136 772 1150 ‚
790 1127 857 1157 quae
875 1114 908 1146 fit
926 1116 1076 1156 caufizrum
1101 1116 1151 1145 di-

169 1158 288 1196 stinato
302 1180 311 1194 ,
323 1157 584 1190 acdiffimilitudo.
605 1160 679 1188 Haec
688 1157 759 1188 cum
770 1160 810 1188 ita
823 1157 878 1188 sint
887 1156 1076 1198 aChrysippo
1090 1167 1146 1188 ex-

176 1202 306 1242 plicata,
326 1200 401 1231 fiilli
411 1221 420 1234 ‚
442 1202 494 1242 qui
506 1208 617 1241 negant
625 1198 803 1230 assensiones
813 1198 876 1230 fato
886 1199 954 1230 fieri
966 1218 975 1234 ,
997 1199 1146 1230 fateantur

178 1251 282 1274 tamen
303 1253 351 1274 eas
368 1246 379 1262 ¹
401 1252 465 1273 non
485 1240 545 1272 fine
555 1242 620 1271 viso
631 1241 822 1272 antecedente
835 1240 898 1271 fieri
909 1253 918 1276 ς
940 1242 996 1271 alia
1005 1243 1082 1271 ratio
1091 1240 1143 1272 est.

176 1285 230 1316 sed
251 1284 270 1315 fi
280 1284 451 1316 concedunt
464 1285 577 1314 anteire
586 1283 647 1314 visa
658 1302 666 1316 ‚
687 1293 743 1313 nec
753 1292 852 1313 tamen
861 1282 922 1313 fato
935 1281 998 1313 fieri
1008 1281 1146 1313 assensio-

176 1336 252 1360 neS,
272 1326 356 1367 quod
376 1328 518 1367 proxima
540 1325 610 1358 illa,
631 1325 664 1355 &
679 1326 841 1355 continens
857 1325 942 1355 causa
952 1334 1146 1355 nonvmoveat

177 1366 376 1398 affenfionem
391 1379 396 1397 :
416 1368 486 1398 vide
497 1387 506 1400 ,
525 1376 564 1396 ne
576 1367 661 1397 idem
673 1366 782 1396 dicant.
802 1376 899 1407 neque
911 1367 998 1396 enim
1008 1365 1146 1406 Chryfip-

176 1417 235 1450 pus
257 1409 449 1442 concedens,
471 1406 644 1438 assensionis
666 1410 840 1446 proximam
856 1428 864 1441 ,
885 1408 1146 1438 &continentem

171 1451 296 1482 causam
307 1450 408 1481 effe-in
418 1450 487 1480 -viso
496 1447 623 1488 pofitam
637 1468 645 1482 ,
661 1453 676 1468 ²
687 1459 786 1489 neque
797 1459 862 1479 eam
874 1450 993 1479 causam
1004 1449 1039 1479 ad
1051 1448 1147 1480 ass'en—

185 1492 324 1522 tiendum
336 1489 526 1522 necessariam
539 1488 595 1519 effe
613 1509 622 1524 ,
643 1490 788 1520 concedet
801 1510 809 1523 ‚
831 1499 883 1523 ut,
903 1489 924 1519 si
942 1493 1075 1520 omnino
1085 1491 1147 1521 fato

180 1532 275 1566 fiant,
295 1534 402 1563 omnia
421 1531 494 1562 fiant
510 1529 602 1561 caufis
619 1527 889 1564 antecedentibus,
913 1531 948 1561 &
970 1530 1147 1562 necessariis:

176 1575 314 1614 itemque
331 1575 380 1604 illi
393 1595 402 1607 ,
420 1576 473 1615 qui
482 1573 520 1604 ab
530 1574 593 1602 hoc
602 1571 781 1603 diffentiunt
792 1592 802 1606 ,
818 1570 997 1602 confitentes
1007 1582 1070 1602 non
1082 1571 1147 1603 fieri

173 1614 359 1647 affenfiones
375 1615 436 1646 fine
445 1612 641 1656 praecurfione
652 1615 800 1648 visorum,
814 1613 929 1648 dicent,
939 1612 961 1643 fi
970 1616 1077 1644 omnia
1084 1613 1147 1645 fato

173 1657 283 1688 fierent
303 1658 476 1696 ejusmodi,
499 1665 532 1686 ut
542 1656 620 1686 nihil
631 1654 733 1690 fieret,
752 1655 810 1686 nisi
824 1654 1028 1696 praegreffione
1037 1657 1143 1689 causae,

170 1697 384 1731 confitendum
398 1698 459 1729 effe
472 1697 534 1728 fato
544 1695 609 1727 fieri
620 1699 742 1728 omnia:
765 1707 804 1727 ex
814 1707 877 1738 quo
888 1697 974 1727 facile
986 1697 1144 1728 intelleehi

168 1740 216 1771 est
227 1761 235 1774 ,
255 1743 399 1781 quoniam
412 1742 531 1780 utrique
544 1758 552 1771 ,
566 1737 710 1778 pateralim
722 1758 731 1772 ,
742 1747 831 1780 atque
842 1739 988 1778 explicata
997 1738 1146 1770 sententia

169 1783 223 1814 sua
234 1802 243 1816 ‚
268 1783 306 1814 ad
327 1782 461 1814 eundem
482 1782 602 1812 exitum
623 1782 750 1812 veniant
759 1799 770 1815 ‚
794 1779 881 1809 verbis
890 1790 950 1814 eos,
972 1790 1025 1809 non
1033 1789 1060 1809 re
1070 1779 1145 1821 ᾱιῃῖ-

208 1898 221 1916 1
228 1909 234 1915 .
254 1894 308 1916 Non
311 1890 363 1923 fine
371 1888 423 1923 visti
431 1888 605 1923 antecedente]
627 1887 774 1915 Lambinus
783 1893 876 1914 contra
884 1895 976 1914 omnes
986 1886 1048 1914 edd.
1059 1887 1133 1914 mss.-

165 1934 220 1963 que
229 1926 331 1952 nostros
341 1924 414 1951 delet
424 1935 480 1951 non.
878 1959 883 1965 ι
922 1948 929 1965 ·.
948 1959 954 1965 .
1033 1962 1039 1967 ‚
1067 1959 1072 1964 ι
1109 1959 1115 1964 ·

205 1970 235 1988 2.
254 1965 334 1996 Neque
343 1970 394 1987 eam
412 1961 508 1994 causam
519 1959 560 1986 ad
575 1960 771 1994 offendendum]
791 1959 865 1986 Idem
877 1966 968 1986 invitis
987 1957 1045 1985 fere
1055 1958 1130 1985 libris

165 1997 232 2025 cufis
245 2017 252 2029 ,
263 1996 407 2033 incusisque
417 1996 521 2024 omittit
530 1996 647 2033 priorem
659 2005 750 2022 vocem
761 2004 850 2031 neque5
870 1996 971 2023 secutus
981 1995 1128 2022 editionem

164 2033 332 2106 ,Tg-niZ-hk
342 2068 544 2105 fatum.abeffi.]
566 2067 713 2096 Lambinus
730 2067 788 2105 post
805 2067 860 2095 haec
868 2065 1018 2095 asteriscum
1027 2066 1127 2104 posuit,

503 2189 597 2251 bi
690 2190 1095 2252 TULLII

1372 78 1547 126 Ltn.
1618 80 1669 126 1:
2036 85 2161 144 1185

1177 161 1266 196 aere.
1289 162 1483 203 omninoque
1501 173 1571 194 cum
1584 164 1647 195 haec
1657 162 1875 200 fitdistinffim
1895 165 2160 207 utquibusdamin

1194 203 1282 233 rebus
1296 203 1364 233 vere
1375 204 1434 234 dici
1445 203 1549 245 poffit,
1564 205 1636 236 cum
1647 208 1692 237 hae
1703 208 1794 238 causae
1811 207 1979 249 antegreflie
1989 207 2044 239 fint
2057 228 2066 243 .
2091 219 2157 240 non

1193 243 1251 274 effe
1261 247 1293 275 in
1306 244 1407 275 nostra
1416 246 1558 286 potestate
1568 267 1577 282 ‚
1598 250 1673 289 quin
1685 249 1735 278 illa
1745 251 1884 280 eveniant
1895 270 1903 283 ‚
1918 260 2049 291 quorum
2060 252 2157 282 causae

1192 285 1318 316 fuerint.
1341 288 1520 327 quibusdam
1531 298 1631 320 autem
1640 292 1672 320 in
1684 291 1772 321 rebus
1785 310 1794 324 ‚
1815 290 1906 322 causis
1921 290 2087 333 antegreffis
2098 312 2108 326 ‚
2118 295 2152 323 in

1193 325 1292 357 nostra
1311 336 1413 358 tamen
1429 328 1487 359 effe
1506 330 1670 370 potestate,
1693 332 1818 363 utaliud
1832 333 1917 362 aliter
1925 336 2043 364 eveniat
2056 345 2061 364 2
2075 335 2151 364 hanc

1192 367 1422 400 distinctionem
1433 374 1552 412 utrique
1564 373 1746 413 approbant:
1767 374 1815 404 sed
1824 375 1907 405 alteri
1916 375 2037 406 censent
2048 395 2058 408 .
2081 377 2152 416 qui-

1193 408 1248 439 bus
1266 412 1299 439 in
1314 410 1403 441 rebus
1420 411 1491 442 cum
1511 415 1604 444 causae.
1622 413 1848 449 antecesserint.
1871 418 1931 450 ita,
1952 426 2061 448 utnon
2075 416 2152 448 sitin

1192 450 1292 481 nostra
1301 452 1442 490 potestate
1451 474 1459 486 ,
1476 464 1508 484 ut
1519 456 1603 485 aliter
1614 456 1665 487 illa
1675 459 1825 491 eveniant,
1838 457 1905 488 illas
1913 457 1974 488 fato
1987 457 2070 488 fieri:
2082 468 2150 499 quae

1192 502 1292 522 autem
1313 495 1346 522 in
1358 494 1457 524 nostra
1468 496 1610 535 potestate
1619 496 1675 527 fint
1688 518 1697 532 ,
1720 502 1733 525 ³
1744 498 1780 529 ab
1789 499 1837 528 his
1847 498 1942 529 fatum
1956 498 2062 530 abesse.
2081 503 2151 532 Hoc
2170 505 2216 529 20

1193 533 1289 563 modo
1305 535 1382 565 hanc
1400 539 1517 568 causam
1537 538 1692 579 disceptari
1713 549 1847 579 oportet,
1867 550 1931 570 non
1951 541 1987 571 ab
1995 543 2094 571 atomis
2104 552 2152 572 er-

1191 576 1345 609 rantibus,
1370 577 1403 606 &
1423 578 1460 607 de
1477 588 1524 609 via
1543 579 2058 622 declinantibuspraefidiumpetere.
2082 586 2147 614 De-

1190 616 1283 647 clinat
1296 637 1305 651 ,
1325 620 1446 658 inquit,
1465 629 1593 650 atomus.
1617 623 1756 653 Primum
1777 626 1849 653 cur?
1871 624 1986 654 *aliam
1996 625 2145 664 quandam

1189 660 1256 688 vim
1268 668 1369 689 motus
1380 660 1531 691 habebunt
1541 662 1557 692 a
1568 666 1751 694 Democrito
1761 663 1951 704 impulsionis
1961 685 1970 699 ,
1980 675 2071 706 quarn
2084 667 2149 706 pla*

1189 709 1257 741 gam
1274 701 1326 730 ille
1346 702 1486 740 appellat:
1499 707 1516 732 a
1530 712 1576 737 te,
1596 707 1741 744 Epicure,
1763 708 1930 746 gravitatis,
1950 707 2145 748 &ponderis

1190 743 1266 782 Qiae
1276 752 1345 783 ergo
1357 752 1434 773 nova
1447 745 1529 774 causa
1540 747 1572 774 in
1583 755 1684 776 natura
1695 746 1737 776 est
1747 767 1755 780 ,
1774 758 1839 788 quae
1850 749 1981 778 declinet
1992 752 2151 779 atomum?

1188 792 1238 813 aut
1256 793 1331 813 num
1344 784 1592 816 sortiunturinter
1603 787 1649 820 se,
1671 798 1736 828 quae
1746 789 1894 823 declinet,
1912 800 1979 830 quae
1990 793 2077 820 non?
2097 799 2147 821 aut

1186 835 1239 856 cur
1257 826 1393 855 minimo
1416 825 1572 858 declinent
1588 829 1747 859 intervallo
1761 850 1770 863 ‚
1791 831 1903 869 majore
1923 835 2009 862 non?
2026 841 2077 863 aut
2094 842 2145 863 cut

1186 867 1342 897 declinent
1354 877 1415 898 uno
1426 869 1560 898 minimo
1569 889 1578 902 ‚
1591 879 1652 900 non
1663 870 1814 901 declinent
1825 872 1944 903 duobus
1956 893 1964 907 ,
1974 882 2023 903 aut
2034 873 2146 905 tribus?

1182 915 1278 949 optare
1294 909 1351 938 hoc
1370 909 1494 949 quidem
1505 909 1548 940 est
1560 930 1569 944 ‚
1588 921 1650 941 non
1659 911 1806 951 disputare.
1828 916 1907 943 Nam
1920 925 2016 955 neque
2026 918 2144 947 extrin-

1186 951 1268 980 secus
1285 951 1446 990 impulsam
1457 961 1595 983 atomum
1607 953 1675 983 loco
1687 956 1822 988 moveri,
1845 955 1879 984 &
1893 955 2041 986 declinare
2054 956 2142 987 dicis:

1184 1001 1283 1032 neque
1302 993 1335 1022 in
1353 992 1409 1022 illo
1422 994 1522 1028 inani,
1545 1003 1597 1034 per
1605 994 1687 1036 quod
1699 994 1807 1027 feratur
1816 1005 1933 1027 atomus
1948 1017 1956 1030 ,
1979 998 2148 1039 quidquam.

1184 1032 1274 1063 fuisse
1284 1033 1375 1064 causae
1386 1053 1394 1067 ‚
1406 1044 1458 1064 cur
1468 1045 1501 1065 ea
1511 1045 1574 1065 non
1586 1037 1602 1066 e
1614 1038 1737 1078 regione
1746 1036 1888 1068 ferretur:
1900 1040 1999 1069 necin
2010 1040 2070 1080 ipsa
2080 1048 2148 1071 ato-

1185 1085 1240 1105 mo
1251 1077 1430 1105 mutationis
1441 1076 1555 1117 aliquid
1564 1076 1676 1107 fafiturn
1690 1078 1733 1108 est
1745 1099 1754 1113 ‚
1765 1079 1964 1119 quamobrem
1974 1082 2146 1112 naturalem

1184 1116 1381 1157 suiponderis
1391 1126 1512 1148 motum
1523 1128 1586 1149 non
1595 1128 1718 1150 teneret.
1742 1123 1786 1151 Ita
1795 1120 1865 1151 cum
1877 1120 2017 1152 attulisset
2027 1123 2143 1153 nullam

1181 1159 1297 1189 causam
1312 1178 1322 1192 ‚
1335 1169 1400 1200 quae
1412 1158 1498 1190 istam
1510 1160 1746 1192 declinationem
1756 1161 1887 1193 efficeret
1900 1174 1905 1192 ι
1917 1172 2019 1194 tamen
2029 1163 2147 1205 aliquid

1175 1198 1232 1240 fibi
1253 1200 1340 1230 dicere
1359 1201 1494 1230 videtur:
1511 1201 1583 1232 curn
1604 1203 1636 1233 id
1653 1203 1751 1237 dicat,
1768 1203 1855 1244 quod
1870 1207 2014 1235 omnium
2026 1215 2146 1236 mentes

1181 1242 1374 1282 aspernentur
1384 1263 1394 1276 ,
1415 1253 1448 1273 ac
1467 1244 1615 1283 respuant.
1639 1246 1706 1275 Nec
1715 1244 1787 1275 vero
1797 1246 1957 1287 quisquam
1967 1249 2062 1288 magis
2072 1257 2147 1278 con-

1184 1282 1301 1314 firmare
1324 1285 1402 1314 mihi
1421 1284 1540 1316 videtur
1558 1296 1623 1315 non
1633 1284 1731 1316 modo
1740 1286 1834 1317 fatum
1846 1307 1855 1321 ,
1877 1291 2078 1319 verumetiam
2089 1298 2145 1319 ne·

1181 1323 1341 1356 cessitatem
1353 1345 1362 1359 ‚
1383 1326 1417 1357 δε
1436 1328 1501 1356 vim
1521 1329 1664 1358 omniurn
1684 1338 1784 1359 rerum
1795 1348 1805 1363 ‚
1826 1328 2033 1371 sustulisseque
2042 1339 2146 1362 morus

1182 1368 1279 1397 animi
1299 1368 1486 1398 voluntarios
1501 1389 1510 1401 .
1532 1369 1624 1409 quam
1635 1370 1685 1400 hic
1695 1389 1704 1403 ‚
1724 1372 1776 1410 qui
1788 1371 1872 1401 aliter
1881 1370 2020 1402 obsistere
2030 1371 2092 1402 fato
2100 1371 2147 1403 fa·

1183 1417 1259 1439 tetur
1271 1409 1300 1439 se
1309 1419 1373 1439 non
1385 1409 1513 1449 potuiss‘e
1524 1430 1533 1444 ,
1545 1409 1601 1441 nlsl
1614 1411 1648 1441 ad
1659 1412 1712 1441 has
1723 1415 1954 1444 commentitias
1965 1413 2145 1444 declinatio—

1182 1460 1236 1480 nes
1248 1450 1435 1492 confugisset.
1459 1461 1528 1481 nam
1539 1472 1548 1485 ‚
1574 1462 1607 1482 ut
1618 1451 1710 1483 essent
1719 1455 1813 1484 atomi
1826 1474 1835 1487 .
1853 1464 1925 1494 quas
1934 1455 2061 1495 quidem
2072 1454 2143 1489 esse,

1182 1492 1261 1521 mihi
1272 1493 1391 1531 probari
1402 1493 1489 1523 nullo
1499 1493 1594 1523 modo
1604 1494 1717 1533 potest:
1741 1503 1842 1525 tamen
1854 1496 2073 1526 declinationes
2081 1496 2144 1528 istae

1182 1542 1352 1573 numquam
1372 1534 1603 1573 explicarentur.
1630 1545 1701 1565 nam
1721 1534 1742 1565 fi
1754 1538 1865 1565 atomis
1875 1556 1885 1570 ‚
1907 1545 1941 1566 ut
1950 1539 2092 1577 gravitate
2099 1537 2144 1568 fe—

1182 1582 1284 1603 rantur
1294 1593 1304 1607 ‚
1324 1574 1471 1604 tributum
1485 1574 1527 1605 est
1538 1574 1704 1605 neceffitate
1714 1585 1825 1606 naturae
1839 1596 1848 1610 ‚
1865 1576 1949 1617 quod
1960 1587 2054 1608 omne
2086 1588 2145 1609 on—

1182 1614 1238 1644 dus
1258 1615 1342 1645 nulla
1360 1625 1391 1644 re
1400 1616 1588 1655 impediente
1598 1625 1757 1647 moveatur
1769 1637 1779 1651 ‚
1801 1618 1834 1648 δε
1846 1616 1957 1648 feratur
1966 1628 2039 1649 nece
2064 1630 2079 1650 e
2089 1619 2144 1650 est:

1180 1655 1257 1686 illud
1267 1665 1388 1697 quoque
1397 1656 1514 1688 neceffe
1524 1657 1568 1688 est
1577 1676 1586 1692 ‚
1598 1657 1745 1690 declinare
1755 1659 1935 1700 quibusdam
1945 1663 2071 1697 atomis,
2082 1662 2143 1698 vei,

1181 1695 1203 1728 fi
1213 1698 1333 1733 volunt,
1343 1698 1490 1730 omnibus
1502 1699 1684 1732 naturaliter.

1539 1783 1646 1814 Multa
1668 1783 1777 1825 desunt.

1173 1893 1297 1928 tanquam
1316 1887 1419 1925 aliquid
1429 1889 1571 1917 necessario
1588 1890 1695 1918 abesset.
1716 1892 1866 1929 Carrioque
1879 1893 1949 1921 libro
1962 1903 1983 1921 r.
2003 1895 2140 1924 Emenda-

1173 1931 1277 1951 tionum
1288 1933 1344 1960 cap.
1359 1933 1401 1960 ¹3·
1413 1925 1470 1951 heic
1479 1926 1612 1961 quoddam
1623 1927 1805 1964 fragmentum
1817 1938 1947 1965 reponere
1957 1938 2081 1965 conatur,
2092 1932 2137 1960 scd

1172 1960 1214 1987 avi
1226 1969 1277 1987 non
1289 1959 1383 1987 fausta.
1402 1961 1456 1997 ipie
1468 1961 1599 1990 videatur.

1207 2002 1235 2029 4.
1255 1997 1338 2022 Aliam
1347 1998 1469 2030 quandam
1477 2001 1528 2024 vim
1540 2018 1548 2030 ,
1557 2000 1624 2034 dfe]
1644 2000 1754 2036 Vulgati
1766 2019 1774 2031 ‚
1787 2003 1861 2028 aliam
1871 2005 1932 2030 enim
1940 2003 2072 2039 quandam.
2091 2002 2137 2032 sti

1171 2039 1268 2068 praeter
1278 2032 1337 2060 Pal.
1347 2031 1400 2068 see.
1412 2034 1434 2060 F
1435 2032 1494 2061 abr.
1504 2034 1532 2061 ὃ(
1542 2034 1629 2063 editos
1640 2037 1657 2064 a
1667 2036 1799 2064 Vie'torio.

1187 2190 1803 2255 CacERoN1s

1071 2314 1214 2370 DE

228 2435 302 2522 L
521 2437 596 2523 E
817 2437 906 2524 G

1128 2436 1172 2523 I

1688 2436 1767 2521 U

1394 2437 1469 2523 B
1976 2437 2066 2535 S,

647 2584 1032 2640 LIBER
1143 2587 1649 2644 PRIMUS.

425 2707 867 2738 ATTICUS.

207 2801 230 2812 ··=
271 2799 299 2828 ρ’
309 2795 401 2837 ζωὴ
425 2791 515 2821 Ucus
537 2789 660 2830 quidem
682 2789 736 2820 ille
754 2808 765 2824 ‚
795 2789 829 2820 &
849 2790 912 2821 haec
932 2791 1125 2831 Arpinatium

298 2833 407 2871 ἕῆκη·
428 2841 555 2873 quercus
573 2831 760 2872 agnoscitur,
782 2832 856 2872 saepe
875 2833 892 2862 a
909 2842 960 2862 me
978 2831 1074 2862 leatus
1094 2833 1128 2862 in

259 2876 261 2879 ’
296 2865 404 2916 mssa«.
430 2875 539 2904 Mario.
563 2877 594 2904 Si
604 2873 993 2914 manetillaquercu3‚haec
1004 2872 1046 2903 est
1056 2882 1128 2913 pro-

260 2899 388 2976 A&
429 2914 526 2946 feEto.
557 2918 673 2946 etenim
693 2914 735 2945 est
755 2915 825 2946 sane
847 2925 942 2946 vetus.
967 2918 1127 2953 Qum-rus.

262 2951 390 3011 Qffff„
434 2959 539 2988 Manet
546 2957 618 2988 vero
630 2977 639 2991 ,
660 2958 757 2988 Attice
769 2956 885 2991 noster,
895 2957 928 2987 &
940 2957 1055 2997 semper
1065 2966 1129 2987 ma-

281 3004 322 3013 Ἀ·
372 2978 401 3017 λ
436 2999 530 3030 nebit.
553 2998 660 3030 sataest
669 3001 902 3040 enimingenio.
925 3008 1067 3029 nundus
1076 3008 1128 3029 au-

439 3049 501 3071 tem
512 3049 699 3072 Aomconffi
715 3041 798 3072 cultu
811 3040 896 3081 stirps
906 3049 965 3072 tam
978 3040 1127 3075 diuturna,

1168 2707 1224 2742 do,
1248 2709 1363 2748 Qiinte
1374 2716 1386 2739 ,2
1403 2707 1548 2749 autquale
1559 2706 1601 2738 est
1610 2706 1687 2740 istuc
1696 2728 1705 2743 ,
1725 2709 1807 2750 quod
1818 2710 1913 2750 po'e‘tae
1922 2708 2135 2741 serunt'1’mih'i

1170 2752 1255 2780 enim
1266 2750 1395 2784 videris,
1407 2749 1514 2780 fatrem
1526 2749 1673 2781 laudando
1684 2752 1858 2793 ,suffragari
1868 2751 1934 2782 tibi⁴
1957 2753 2016 2793 Qi-
2038 2753 2134 2782 Sitita

1170 2792 1249 2822 sane.
1271 2794 1386 2822 Verum
1397 2800 1499 2822 tamen
1512 2811 1520 2826 ,
1532 2791 1607 2822 dum
1619 2794 1726 2824 Latine
1737 2795 1900 2835 loquentur
1912 2794 2016 2824 litterae
2025 2812 2034 2827 ‚
2045 2802 2135 2835 quer-

1169 2842 1222 2864 cus
1231 2833 1302 2863 huic
1313 2833 1382 2864 loco
1392 2843 1457 2864 non
1467 2833 1563 2863 deerit
1571 2853 1580 2867 ‚
1601 2844 1667 2874 quae
1677 2836 1818 2866 Mariana
1827 2835 1957 2867 dicatur:
1977 2843 2069 2877 eaque
2079 2854 2089 2870 ‚
2101 2842 2135 2866 ut

1172 2876 1212 2905 ait
1220 2875 1352 2906 Scaevola
1362 2875 1398 2905 de
1409 2874 1505 2905 fratris
1515 2877 1578 2904 mei
1587 2877 1697 2911 Mario,

1266 2917 1393 2956 Canescet
1399 2916 1482 2956 [aclis
1491 2916 1754 2949 innumerabilibus.

1172 2956 1238 2988 Nifi
1256 2956 1334 2988 forte
1345 2959 1472 2989 Athenae
1489 2967 1546 2988 tuae
1566 2960 1778 3000 sempiternam
1800 2961 1832 2991 in
1847 2969 1911 2993 arce
1922 2961 2021 2992 oleam
2030 2969 2133 2992 tenere

1171 3008 1333 3040 potuerunt
1342 3019 1351 3034 ‚
1361 3008 1419 3034 aut,
1430 2999 1513 3040 quod
1523 3002 1708 3033 Homericus
1718 2998 1835 3044 Ulyffes
1845 3004 1916 3034 Deli
1927 3003 1955 3034 se
1966 3012 2134 3044 proceram.

1172 3041 1205 3072 &
1216 3050 1346 3073 teneram
1370 3041 1503 3081 palmam
1522 3040 1629 3073 vidiffe
1647 3044 1724 3076 dixit
1735 3064 1743 3080 ,
1763 3044 1855 3076 hodie
1874 3044 2044 3082 monstrant
2062 3052 2136 3074 ean-

157 3084 254 3128 quam
265 3085 367 3127 poetae
377 3083 464 3118 versu
472 3082 728 3126 seminaripotest·
750 3091 828 3130 Ari-5
850 3086 920 3126 Qo
928 3082 1052 3117 tandem
1061 3092 1131 3118 mo-
1169 3082 1261 3130 dern:
1279 3083 1435 3127 multaque
1454 3083 1511 3116 alia
1530 3084 1634 3114 multis
1657 3086 1731 3121 locis
1747 3086 1864 3120 diutius
1873 3086 2134 3120 commemoratione

1497 3126 1658 3160 Lnnll
2000 3134 2139 3163 manent,
