2360 3400
427 135 741 179 EPisT.A1>
779 128 834 173 D.
872 122 1184 180 BRUTUM3

214 219 234 241 ,¹
245 213 312 246 Alia
323 209 409 245 sunt‚‘
424 210 490 253 quae
500 208 616 251 liquido
627 217 731 248 negare
742 207 852 238 soleam
868 218 873 236 2
886 216 917 238 ut
927 207 963 238 de
974 206 1031 237 isto
1041 206 1105 246 ipso
1115 204 1171 236 suf-

219 255 323 297 fragio.
344 255 419 287 alia,
439 262 504 293 quae
513 250 673 281 defendam
687 251 702 280 a
717 258 744 279 te
757 251 805 290 pie
822 248 885 280 fieri
897 269 906 284 ,
927 250 959 279 δε
970 248 1121 279 humane:
1143 255 1176 276 ut

219 297 257 327 de
275 298 427 327 curatione
447 294 599 323 ludorum.
623 292 679 323 Sed
699 300 727 322 te
743 311 751 325 ‚
776 293 936 321 hominem
957 288 1175 321 doffiffimum,

219 348 283 368 non
294 337 381 378 fugit,
393 335 413 365 si
424 335 516 365 Caesar
526 344 578 364 rex
590 333 776 374 fuerit‚quod
789 334 865 363 mihi
876 332 1001 374 quidem
1013 331 1175 363 videtur,in

219 388 375 419 utramque
384 387 497 418 partem
508 376 544 406 de
566 386 616 406 tuo
627 374 730 405 officio
740 375 879 415 disputari
889 373 972 415 pofl'e
982 384 987 402 z
999 372 1048 402 vel
1056 374 1089 402 in
1099 381 1174 404 eam,

218 431 277 463 qua
286 431 341 461 ego
352 423 395 449 uti
406 419 488 449 soleo
501 437 509 451 ‚
529 417 705 448 laudandam
717 415 775 446 effe
787 416 877 447 fidem
888 436 896 450 ‚
915 416 947 446 &
959 415 1175 444 humanitatem

220 472 323 495 tuam,
343 463 396 502 qui
414 462 547 490 amicum
567 461 657 490 etiam
678 467 834 489 mortuum
850 458 975 496 diligas:
996 455 1085 486 velin
1097 464 1174 486 eam>

219 514 277 545 qua
296 502 439 533 nonnulli
458 511 582 531 utuntur
602 522 610 534 ,
644 509 867 530 maiam-Aram
890 507 1029 528 PATRIAE
1047 516 1056 530 ‚
1080 505 1174 541 vrrAE

218 547 308 576 amici
328 543 580 584 anteponendam.
605 546 651 572 Ex
672 544 718 572 his
737 541 928 572 sermonibus
947 540 1065 570 utinam
1083 536 1176 567 essent

219 587 323 617 delatae
332 587 367 616 ad
379 596 407 616 te
418 585 632 625 disputationes
645 595 727 614 meae.
751 584 807 614 Illa
814 581 885 613 vero
897 581 957 612 duo
968 601 976 614 ‚
997 589 1062 621 quae
1080 580 1176 608 maxi-

222 639 275 660 ma
290 630 358 659 sunt
376 628 498 658 laudum
519 636 635 657 tuarum
649 647 657 660 ‚
675 626 740 667 quis
758 634 805 655 aut
825 622 987 656 libentius,
1005 621 1096 662 quam
1111 630 1175 661 ego,

220 679 462 706 commemorat,
481 678 532 699 aut
542 669 663 708 saepius:
684 677 711 698 te
722 687 730 701 ‚
744 667 775 696 &
787 676 852 696 non
862 663 1041 704 suscipiendi
1052 662 1124 692 belli
1135 662 1175 691 ci—

221 714 293 745 vilis
310 710 515 753 graviffimum
532 711 686 740 arffitorem
704 707 790 738 fuiffe
802 728 810 740 ,
830 707 862 737 δε
875 704 1062 735 moderandae
1077 703 1176 733 viiito-

223 757 291 785 riae:
312 766 342 784 in
354 764 415 794 quo
425 774 433 787 ‚
449 755 501 794 qui
514 754 590 782 mihi
601 761 663 781 non
673 748 877 780 assentiretur,
892 748 997 776 inveni
1008 746 1176 775 neminem.

222 800 320 835 Quare
331 797 425 825 habeo
433 797 554 835 gratiam
564 792 707 823 Trebatio
718 811 726 825 ‚
738 790 879 820 familiari
891 787 993 818 nostro
1005 807 1013 820 ‚
1033 788 1085 827 qui
1101 787 1178 815 mihi

223 839 306 869 dedit
315 838 431 868 causam
444 838 547 865 harum
559 835 722 863 litterarum
735 843 740 860 ;
752 831 860 871 quibus
873 828 927 859 nisi
938 828 1099 859 credideris
1108 847 1116 861 ‚
1130 838 1180 857 me

223 881 326 910 omnis
337 877 429 909 officii
439 897 447 910 ,
465 877 497 906 δε
509 876 703 905 humanitatis
714 882 866 911 expertem
877 872 1014 909 judicaris
1028 880 1033 898 :
1052 880 1113 911 quo
1124 879 1180 900 nec

224 923 301 953 mihi
311 922 427 963 gravius
436 918 599 959 quidquam
611 914 708 956 potest
721 912 776 944 efl'e
786 934 793 948 ‚
806 913 898 944 necte
909 913 1044 943 alienius.

429 978 634 1006 MATIUS
660 975 914 1005 CICERONI
941 975 969 1003 S.

336 1029 463 1057 AGNAM
474 1025 657 1065 voluptatem
668 1034 706 1054 ex
716 1026 774 1054 tuis
785 1024 890 1053 litteris
898 1023 973 1062 cepi,
984 1019 1077 1062 quod,
1090 1029 1178 1061 quam

336 1069 476 1108 speraram
489 1087 497 1101 ‚
518 1076 603 1108 atque
622 1076 755 1106 optaram
767 1085 775 1098 ,
798 1064 903 1095 habere
913 1073 941 1093 te
950 1063 987 1093 de
998 1073 1046 1093 me
1058 1064 1180 1103 opinio-

222 1120 293 1142 nem
305 1130 313 1143 ,
329 1110 470 1150 cognovi*
493 1112 540 1139 De
552 1119 608 1150 qua
618 1107 669 1138 etsi
680 1118 744 1138 non
756 1106 930 1137 dubitabam
945 1126 956 1138 2
970 1114 1074 1135 tamen
1084 1124 1093 1138 ‚
1113 1105 1182 1144 quia

222 1153 352 1183 maximi
367 1150 549 1182 aestimabam
564 1171 572 1184 ‚
594 1159 625 1180 ut
639 1152 810 1188 incorrupta
823 1156 958 1177 maneret
969 1166 981 1180 2
996 1146 1179 1176 laborabam.

222 1194 367 1225 Conscius
381 1202 479 1222 autern
492 1193 568 1222 mihi
580 1202 658 1222 eram
671 1211 679 1224 ‚
700 1192 778 1221 nihil
797 1190 814 1220 ὲ
831 1199 880 1218 me
898 1187 1096 1219 commissum
1111 1186 1180 1220 effe,

222 1235 304 1277 quod
315 1235 388 1265 boni
398 1235 573 1274 cujusquam
585 1232 752 1264 offenderet
761 1235 909 1262 animum.
933 1233 980 1261 Eo
994 1229 1098 1260 minus
1117 1240 1177 1259 cre-

222 1278 330 1308 debam
342 1297 350 1311 ,
364 1277 503 1316 plurimis
512 1297 521 1309 ‚
535 1286 619 1317 atque
629 1276 753 1315 optimis
764 1274 874 1304 artibus
884 1281 989 1302 ornato
1000 1271 1055 1302 tibi
1065 1271 1177 1301 temere

221 1319 388 1361 quidquam
407 1317 571 1358 persuaderi
591 1316 717 1357 porniss'e
735 1336 744 1350 ‚
770 1315 931 1356 praesertim
950 1315 982 1344 in
1002 1323 1093 1355 quem
1115 1323 1182 1343 mea

221 1361 378 1402 propensa,
391 1360 423 1390 &
432 1369 571 1399 perpetua
580 1357 680 1389 tuiffet
689 1368 775 1399 atque
785 1356 856 1387 esset
865 1356 1080 1386 benivolentia.
1090 1355 1180 1396 Qod

225 1413 321 1444 quum
333 1422 341 1436 ‚
352 1411 385 1431 ut
395 1402 501 1434 volui,
513 1402 573 1430 scio
582 1399 640 1430 efl'e
652 1411 657 1428 z
670 1399 857 1439 respondebo
869 1397 1063 1430 criminibus,
1072 1397 1183 1438 quibus

226 1454 257 1475 tu
266 1454 321 1485 pro
331 1453 380 1473 me
390 1463 399 1477 ‚
411 1452 442 1477 ut
451 1452 502 1481 par
511 1452 578 1476 erat,
591 1451 639 1472 tua
650 1440 790 1483 singulari
798 1441 931 1470 bonitate
942 1439 975 1469 δε
983 1440 1116 1469 amicitia
1125 1448 1180 1468 no-

225 1485 298 1519 stra,
319 1485 392 1524 saepe
411 1483 553 1514 restitisti.
584 1486 666 1513 Nota
679 1484 763 1513 enim
787 1483 865 1511 mihi
884 1482 970 1515 sunt,
993 1490 1058 1521 quae
1078 1482 1111 1510 in
1131 1490 1181 1510 me

222 1527 289 1569 post
297 1528 416 1557 Caesaris
433 1535 563 1555 mortem
582 1525 776 1555 contulerint.
798 1525 882 1554 Vitio
896 1524 974 1552 mihi
988 1523 1078 1556 dant,
1100 1520 1182 1562 quod

225 1578 358 1601 mortem
368 1569 505 1598 hominis
516 1565 668 1597 necess'arii
677 1568 805 1608 graviter
811 1564 877 1595 fero
888 1575 893 1594 :
903 1575 988 1606 atque
998 1574 1080 1598 eum,
1089 1574 1181 1605 quem

225 1610 341 1644 dilexi,
362 1608 479 1651 periifl'e
494 1609 647 1650 indignor.
670 1609 791 1644 ²Aiunt
811 1608 916 1641 enim,
937 1616 1078 1636 PATRxAE
1097 1616 1183 1636 AMI-

228 1662 357 1684 crriAM
389 1660 653 1681 PRAEPONENDAM
681 1649 739 1681 effe
759 1661 764 1680 :
793 1649 919 1690 proinde
949 1658 982 1679 ac
1011 1647 1032 1678 si
1046 1648 1108 1688 jam
1130 1650 1179 1678 vi-

226 1696 341 1728 cerint,
362 1693 482 1732 obitum
502 1702 566 1732 ejus
583 1692 697 1732 reipub.
710 1691 797 1722 fuiss'e
808 1692 927 1722 utilem.
950 1690 1006 1721 Sed
1020 1700 1083 1720 non
1097 1700 1179 1732 agam

222 1736 331 1767 astute.
353 1738 457 1765 Fateor
475 1744 525 1764 me
543 1734 578 1764 ad
597 1735 687 1765 istum
706 1734 829 1776 gradum
842 1734 992 1774 sapientiae
1003 1742 1064 1762 non
1076 1741 1182 1772 perve-

225 1777 311 1809 niss'e.
327 1779 435 1817 Neque
446 1778 531 1806 enim
541 1776 683 1807 Caesarem
695 1778 726 1806 in
737 1774 917 1806 dissensione
927 1775 1012 1805 civili
1022 1774 1087 1804 sum
1100 1774 1181 1804 secu-

227 1829 291 1851 tus:
313 1818 362 1850 sed
371 1820 502 1848 amicum
514 1837 522 1851 ‚
545 1828 726 1858 quamquam
745 1828 775 1848 re
792 1816 985 1849 offendebat,
1006 1824 1107 1845 tamen
1117 1824 1180 1845 non

223 1861 340 1893 deserui
353 1870 360 1889 ε
378 1869 474 1899 neque
487 1859 603 1889 bellum
616 1869 760 1901 umquam
773 1859 863 1889 civile
874 1878 882 1892 ,
901 1866 952 1887 aut
965 1858 1055 1887 etiam
1064 1857 1178 1887 causam

223 1900 412 1933 diffenfionis
430 1900 553 1940 probavi
574 1911 579 1929 :
607 1911 696 1941 quam
715 1902 805 1931 etiam
824 1900 996 1930 nascentem
1019 1897 1180 1939 exstingui,

222 1943 343 1976 summe
358 1942 468 1974 studui.
493 1945 592 1983 Itaque
604 1945 635 1972 in
647 1941 774 1972 νὶὲὶοτίε
785 1943 920 1972 hominis
931 1938 1083 1971 neceflarii
1094 1959 1103 1973 ,
1127 1949 1179 1969 ne—

223 1996 283 2028 que
293 1987 417 2016 honoris
428 2005 436 2018 ‚
450 1994 546 2025 neque
556 1986 690 2024 pecunia:
701 1984 859 2014 dulcedine
869 1983 932 2013 sum
942 1991 1057 2022 captus:
1069 1981 1178 2022 quibus

222 2029 355 2069 praemiis
366 2027 474 2067 reliqui
490 2047 498 2059 ‚
522 2025 627 2055 minus
636 2026 712 2066 apud
724 2036 793 2056 eum
805 2046 813 2059 ,
832 2025 926 2065 quam
934 2034 989 2065 ego
999 2044 1007 2057 ‚
1027 2022 1098 2053 cum
1110 2023 1178 2062 pos-

223 2070 307 2103 sent,
327 2068 526 2099 immoderate
541 2068 609 2097 sunt
627 2066 714 2098 abufi.
738 2071 835 2108 Atque
854 2068 944 2097 etiam
963 2075 1009 2095 res
1023 2064 1180 2095 familiaris

224 2121 292 2142 mea
302 2131 311 2144 ‚
333 2111 397 2151 lege
409 2110 529 2140 Caesaris
539 2110 690 2140 diminuta
700 2108 757 2140 est:
777 2110 863 2147 cujus
875 2107 1024 2138 beneficio
1033 2107 1178 2148 plerique,

222 2154 275 2194 qui
287 2153 404 2183 Caesaris
419 2160 516 2181 morte
529 2151 682 2185 laetantur‚
701 2152 906 2182 remanserunt
925 2151 958 2179 in
978 2151 1106 2179 civitate.
1131 2151 1181 2179 Ci-

224 2195 314 2225 vibus
324 2192 413 2223 viffis
421 2203 455 2223 ut
464 2202 628 2233 parceretur
639 2213 648 2226 ‚
663 2193 745 2234 aeque
756 2213 765 2227 ‚
784 2203 815 2224 ac
824 2202 878 2232 pro
890 2202 956 2222 mea
966 2191 1056 2222 salute
1070 2210 1078 2224 ‚
1096 2191 1179 2220 labo-

221 2238 292 2268 ravi.
323 2234 445 2266 Poffum
470 2237 560 2276 igitur
576 2254 584 2269 ‚
608 2237 661 2276 qui
679 2237 798 2265 omneis
817 2235 967 2264 voluerim
986 2233 1180 2266 incolumeis,

222 2287 293 2308 eum
305 2297 314 2312 ‚
325 2277 340 2308 a
351 2287 411 2318 quo
421 2276 453 2307 id
464 2279 658 2316 impetratum
669 2276 710 2307 est
721 2297 730 2310 ‚
741 2274 844 2317 perisse
855 2285 920 2306 non
930 2275 1080 2316 indignari
1092 2285 1096 2303 ;
1108 2273 1177 2305 cum

221 2320 384 2361 praesertim
403 2319 496 2348 iidem
517 2319 660 2348 homines
674 2320 719 2349 illi
732 2340 740 2352 ‚
762 2317 947 2351 &invidiae,
967 2317 1106 2346 &exitio
1115 2315 1180 2346 fue-

221 2363 307 2392 rint?
330 2360 470 2392 Pleaeris
489 2370 558 2401 ergo
571 2380 579 2394 ‚
607 2362 771 2401 inquiunt,
794 2370 890 2402 quum
908 2358 1022 2389 faEium
1041 2357 1178 2389 nostrum

220 2403 390 2443 improbare
405 2402 503 2433 audes.
529 2405 555 2432 O
571 2402 736 2442 superbiam
753 2402 919 2433 inauditam
935 2403 940 2430 l
959 2402 1036 2431 alios
1054 2403 1088 2431 in
1107 2400 1178 2432 faci—

222 2455 295 2475 nore
309 2445 447 2485 gloriari,
470 2444 558 2475 3aliis
576 2455 614 2474 ne
633 2444 735 2475 dolere
754 2445 879 2485 quidem
899 2442 1050 2483 impunite
1069 2444 1176 2473 licere!

222 2487 333 2516 Athaec
343 2487 431 2518 etiarn
444 2486 534 2516 servis
544 2486 761 2526 semperlibera
771 2486 911 2520 suerunt,
931 2489 1090 2518 timerent,
1107 2495 1178 2526 gau-

219 2528 342 2561 derent,
363 2527 500 2557 dolerent
512 2528 565 2557 suo
579 2527 681 2567 potius
692 2548 701 2562 ‚
720 2528 811 2569 quam
821 2528 940 2558 alterius
951 2527 1091 2557 arbitrio:
1110 2536 1176 2567 quae

220 2579 303 2600 nunc
315 2590 323 2602 ‚
345 2579 378 2599 ut
391 2568 514 2609 quidem
527 2568 576 2599 isti
589 2568 727 2600 dislitant
739 2590 747 2603 ,
765 2570 909 2599 libertatis
918 2567 1053 2598 au&ores
1064 2588 1072 2601 ‚
1093 2578 1177 2598 metu

220 2611 311 2642 nobis
325 2619 502 2650 extorquere
514 2620 671 2640 conantur.
695 2611 752 2641 Sed
762 2611 840 2640 nihil
850 2618 951 2652 agunt.
974 2610 1098 2639 Nullius
1108 2619 1178 2639 um-

219 2663 310 2695 quam
320 2653 443 2693 periculi
455 2653 616 2682 terroribus
626 2652 661 2682 ab
672 2651 774 2682 officio
786 2672 794 2686 ,
815 2661 864 2682 aut
877 2651 913 2681 ab
927 2651 1110 2681 humanitate
1125 2651 1178 2681 de-

218 2695 350 2726 sciscam.
375 2702 557 2731 NUMQJAM
572 2703 663 2724 amm
678 2702 859 2724 nonzsrAM
876 2702 1179 2724 montemmaran-

256 2822 279 2840 ι.
299 2815 432 2848 (spinsiam
443 2833 451 2846 ,
470 2824 518 2848 qua
527 2815 612 2848 liquida
621 2813 820 2847 negarefialeam]
843 2813 915 2839 cum
926 2812 952 2839 in
965 2812 1093 2841 Medicam
1103 2812 1167 2838 fuis-

217 2846 255 2875 set
265 2851 376 2910 aligujdo,
387 2849 458 2876 τεᾶὲ
471 2850 598 2885 Egnatius
617 2849 769 2876 emendavit
785 2849 871 2883 liquido
883 2860 889 2874 :
906 2847 985 2883 idque
997 2847 1130 2874 Vic‘borius
1143 2849 1168 2874 in

216 2881 261 2910 sua
279 2894 291 2910 e
313 2884 399 2913 irione,
413 2887 448 2913 est
467 2885 590 2916 secutus;
610 2893 667 2911 tum
681 2885 816 2911 Manutius
836 2894 866 2910 ac
883 2884 998 2920 denique
1011 2883 1167 2910 Lambinus.

217 2918 276 2954 Ego
286 2929 336 2947 non
345 2921 467 2948 accedam
479 2929 519 2948 tot
537 2930 566 2948 ac
576 2922 655 2947 tantis
668 2922 678 2947 ?
697 2920 842 2957 praei'ertim
854 2928 927 2947 tanta
937 2919 1110 2946 inconstantia
1121 2929 1170 2946 no-

216 2953 330 2983 strorum
339 2957 472 2989 codicum,
482 2959 509 2983 ὃ(
519 2957 730 2993 praecipientibus
742 2957 880 2992 Excerptis
892 2956 1022 2988 Vaticani,
1033 2956 1060 2982 in
1072 2955 1168 2991 quibus

216 2997 321 3026 quoquc
335 2993 431 3031 liquido.
451 3002 499 3028 pro
513 3003 546 3019 eo
556 2993 644 3019 editur
654 2993 807 3029 aliquando.

253 3034 280 3052 ι.
301 3031 388 3068 ιΑμυιι
405 3031 465 3054 enim
485 3029 611 3055 PATMAE
630 3039 807 3056 amicta-mm
830 3036 1073 3055 PRAEPONENDAM
1093 3027 1168 3061 effin]

201 3073 206 3075 ·
216 3061 344 3088 ProfeEto
357 3062 442 3089 mulus
454 3064 598 3091 Lambinus
609 3065 662 3091 fuit
673 3085 680 3096 ‚
700 3067 744 3101 qni
764 3075 817 3100 quo
827 3065 873 3091 alii
892 3074 996 3100 cunque
1016 3063 1170 3093 voluerunt,

214 3096 369 3124 ducebatur.
390 3098 485 3125 Lectio
496 3100 548 3125 haec
566 3108 622 3127 erat
639 3100 732 3128 asserta
743 3101 884 3131 Vio‘toriofi
906 3100 1055 3136 improbata
1074 3100 1170 3125 Manu-
1189 3111 1190 3130 3

214 3133 273 3163 ti05
294 3142 352 3159 ecce
364 3132 440 3160 ferox
456 3143 562 3171 repente
573 3136 758 3172 tanquamsuis
770 3138 866 3164 animis
878 3138 912 3163 est
926 3156 934 3169 ,
955 3145 1033 3172 negat
1055 3135 1170 3162 tolerare

213 3167 239 3196 se
256 3168 338 3206 posse.
356 3168 399 3198 sed
417 3179 464 3198 nos
484 3180 545 3199 eum
562 3170 661 3200 bonum
671 3173 823 3201 manutium
845 3173 929 3201 valere
942 3193 950 3207 ,
969 3182 999 3201 ae
1009 3171 1169 3200 Lambinum
1190 3182 1193 3198 l
1222 3170 1347 3198 Vie‘torii.

1221 138 1297 171 ET
1333 86 1835 172 CETERosern.
1873 86 1957 168 541.
2063 132 2155 182 733

1220 214 1294 235 ΒΑΜ
1307 225 1315 238 ,
1337 214 1427 235 sima
1442 214 1553 234 ετιΑΜ
1568 211 1792 234 οΡΡετεποΑΜ
1814 203 1928 243 putavi.
1950 198 2007 231 Sed
2017 199 2090 240 quid
2101 200 2180 230 mihi

1222 246 1412 280 succensent,
1431 246 1452 276 fi
1465 246 1495 276 id
1507 255 1579 287 opto
1592 266 1601 280 ,
1623 255 1656 275 ut
1671 246 1817 285 poeniteat
1834 252 1886 274 eos
1904 243 1948 273 sui
1965 240 2060 272 fasti?
2081 242 2180 281 Cupio

1220 289 1304 318 enim
1317 307 1325 321 ‚
1346 289 1465 318 Caesaris
1484 297 1614 318 mortem
1632 287 1779 317 omnibus
1792 284 1850 316 ess'e
1862 284 2021 323 acerbam.¹¹
2033 285 2073 313 At
2082 282 2180 313 debeo

1220 338 1273 368 pro
1286 330 1367 359 civili
1383 338 1463 369 parte
1473 339 1566 369 remp.
1579 329 1657 359 velle
1668 329 1789 358 salvam.
1813 327 1847 357 Id
1859 326 1983 368 quidem
1994 334 2044 355 me
2055 333 2175 365 cupere.

1221 369 1276 399 nisi
1288 371 1321 400 &
1332 374 1399 400 ante
1410 371 1472 401 aesta
1483 374 1542 400 vita
1553 392 1562 404 ,
1576 371 1609 400 ὃ(
1620 370 1732 410 reliqua
1743 379 1808 400 mea
1820 369 1894 409 spes,
1908 376 2022 397 tacente
2032 376 2093 400 me,
2107 375 2180 406 pro-

1220 411 1270 441 bat
1279 431 1287 444 ‚
1298 412 1427 442 dicendo
1437 414 1557 443 vincere
1568 422 1631 442 non
1642 411 1772 451 postulo.
1796 414 1893 449 Quare
1905 410 2096 449 majoremin
2107 417 2178 437 mo-

1219 452 1292 482 dum
1308 462 1334 483 te
1345 463 1417 494 rogo
1430 473 1438 486 ‚
1457 463 1488 483 ut
1498 464 1559 483 rem
1571 463 1722 493 potiorem
1734 454 1869 483 oratione
1879 451 1967 481 ducas
1980 461 1986 480 τ
2007 450 2145 490 mihique
2155 448 2178 479 fi

1218 494 1307 524 sentis
1320 495 1460 533 expedire
1470 514 1478 528 ‚
1492 494 1571 524 redite
1589 494 1651 524 fieri
1664 515 1672 527 ,
1684 494 1782 524 credas
1794 494 1910 524 nullam
1920 493 2175 522 communionem

1219 544 1289 581 cum
1308 536 1455 575 improbis
1473 535 1530 565 effe
1550 535 1642 575 poss'e.
1667 540 1734 569 An,
1755 535 1836 577 quod
1854 534 2024 565 adolescens
2041 531 2176 573 praestiti‚

1218 585 1289 605 curn
1300 579 1389 607 etiam
1401 587 1493 606 errare
1504 587 1573 607 cum
1584 578 1775 607 excusatione
1786 575 1900 617 possem
1913 587 1919 605 z
1937 575 1968 606 id
1979 585 2060 605 nunc
2069 595 2077 608 ‚
2094 582 2178 604 aetate

1217 619 1413 658 praecipitata,
1435 628 1622 648 commutem
1636 638 1644 652 ,
1662 629 1695 648 ac
1715 629 1765 649 me
1783 619 1843 659 ipse
1865 620 2019 649 retexam?
2041 619 2116 647 Non
2132 615 2179 646 fa—

1219 661 1314 691 ciam:
1335 669 1450 700 neque,
1470 660 1552 700 quod
1562 660 1727 699 displiceat,
1747 662 1940 691 committam
1951 680 1965 693 ,.
1980 667 2177 700 praeterquam

1221 700 1303 743 quod
1314 702 1450 730 hominis
1462 702 1539 730 mihi
1550 700 1787 740 conjunzffiffimi
1799 723 1807 736 ,
1826 713 1857 733 ac
1867 704 1922 732 viri
1934 699 2108 742 ampliffimi
2119 699 2177 730 do-

1223 745 1270 773 leo
1288 753 1409 783 gravem
1427 742 1537 772 casum.
1561 741 1777 783 defialiter
1788 743 1876 773 effem
1895 746 2043 773 animatus
2055 762 2064 776 ,
2083 751 2177 772 num-

1219 795 1308 826 quam
1321 784 1401 825 quod
1414 783 1540 814 facerem
1555 804 1562 817 ‚
1583 793 1720 825 negarem
1735 795 1740 813 :
1763 794 1801 814 ne
1813 785 1886 814 &in
1896 784 2046 824 peccando
2058 786 2178 824 impro-

1221 829 1291 859 bus,
1308 826 1382 856 &in
1393 825 1606 856 diffimulando
1617 825 1742 856 timidus
1752 846 1760 858 ,
1771 836 1803 856 ac
1817 836 1909 856 vanus
1924 826 2116 856 existimarer.
2136 827 2178 855 At

1222 869 1400 909 ludos,quos
1414 868 1531 898 Caesaris
1542 867 1676 898 vistoriae
1692 868 1783 898 Caesar
1792 867 1961 897 adolescens
1971 867 2052 901 fecit,
2063 868 2175 898 curavi.

1222 915 1260 941 At
1272 910 1302 940 id
1316 911 1351 940 ad
1367 911 1516 950 privatum
1533 907 1669 940 officium
1682 930 1690 943 ‚
1711 919 1776 939 non
1787 910 1822 939 ad
1833 908 1941 939 statum
1954 912 2026 949 reip.
2038 911 2177 949 pertinet.

1220 952 1312 992 Quod
1323 960 1424 982 tamen
1435 961 1547 981 munus
1562 952 1594 982 &
1611 953 1747 982 hominis
1764 949 1934 982 amicissimi
1949 953 2104 980 memoriae
2115 970 2123 984 ‚
2143 960 2178 981 ac

1222 994 1387 1025 honoribus
1397 993 1529 1033 praestare
1541 1014 1548 1027 ,
1561 996 1650 1024 etiam
1662 995 1795 1026 mortui,
1811 992 1916 1023 debui:
1940 991 1973 1021 δε
1983 995 2105 1031 optim—,e
2117 992 2179 1032 spei

1221 1036 1401 1068 adolescenti
1411 1055 1419 1069 ,
1430 1045 1463 1065 ac
1473 1034 1645 1076 dignissimo
1655 1035 1757 1066 Caefiiri
1767 1037 1880 1075 petenti
1891 1044 1996 1076 negare
2007 1044 2068 1063 non
2078 1035 2178 1073 potui.

1221 1080 1302 1110 Veni
1319 1079 1408 1108 etiam
1422 1077 1553 1107 consulis
1563 1079 1690 1107 Antonii
1701 1070 1830 1107 domu'm
1842 1076 1915 1116 saepe
1925 1096 1934 1109 ‚
1956 1076 2099 1106 salutandi
2110 1084 2179 1105 cau*—

1221 1123 1265 1153 sa:
1285 1119 1320 1151 ad
1329 1129 1420 1160 quem
1433 1139 1441 1153 ‚
1461 1123 1512 1159 qui
1531 1129 1579 1149 me
1596 1129 1701 1158 parum
1720 1128 1819 1158 patria:
1838 1126 1987 1148 amantem
2002 1116 2061 1147 esse
2074 1117 2180 1146 existi-

1223 1172 1324 1197 mant,
1345 1160 1601 1203 rogandiquidem
1616 1161 1729 1202 aliquid
1740 1181 1748 1194 ,
1770 1169 1819 1190 aut
1830 1159 1985 1190 auferendi
1996 1158 2079 1189 causa
2090 1179 2099 1192 ,
2117 1158 2179 1188 fre-

1221 1205 1360 1247 quenteis
1379 1205 1523 1233 ventitare
1540 1204 1677 1243 reperies.
1714 1202 1770 1232 Sed
1790 1211 1856 1243 quae
1867 1203 1929 1232 haec
1947 1200 1989 1231 est
1999 1203 2175 1240 arrogantia.

1222 1246 1303 1289 quod
1314 1245 1408 1275 Caesar
1415 1254 1583 1286 numquam
1593 1245 1794 1285 interpellavit
1802 1264 1810 1277 ‚
1823 1245 1897 1284 quin
1908 1263 1916 1276 ,
1936 1242 2045 1283 quibus
2054 1242 2180 1275 vellem,

1222 1299 1308 1330 atque
1318 1288 1406 1317 etiam
1416 1297 1492 1328 quos
1501 1287 1562 1326 ipse
1572 1296 1634 1316 non
1645 1286 1784 1326 diligebat
1794 1305 1803 1320 ‚
1823 1295 1923 1315 tamen
1932 1287 1969 1314 iis
1979 1294 2093 1314 uterer:
2113 1294 2178 1315 eos,

1222 1334 1274 1373 qui
1292 1330 1370 1360 mihi
1390 1331 1523 1360 amicum
1542 1330 1732 1368 eripuerunt,
1750 1327 1897 1367 carpendo
1910 1336 1979 1361 me,
1999 1323 2115 1356 efficere
2126 1336 2179 1355 co«

1223 1374 1305 1406 nari,
1325 1382 1381 1404 ne,
1400 1381 1477 1412 quos
1490 1371 1584 1400 velim
1596 1391 1605 1404 ,
1624 1370 1770 1411 diligam?
1791 1369 1846 1400 Sed
1858 1378 1922 1398 non
1932 1377 2054 1400 vereor,
2075 1377 2114 1397 ne
2130 1376 2182 1398 aut

1224 1416 1298 1445 meat
1316 1416 1385 1444 vitae
1403 1412 1551 1443 modestia
1569 1421 1676 1453 parum
1690 1412 1814 1443 valitura
1824 1409 1900 1441 sitin
1912 1408 2064 1449 posterum
2077 1417 2182 1440 contra

1219 1456 1311 1487 falsos
1321 1464 1475 1486 rumores:
1492 1463 1543 1484 aut
1551 1464 1589 1484 ne
1599 1456 1689 1484 etiam
1700 1455 1721 1484 ii
1733 1473 1742 1487 ,
1760 1455 1813 1494 qui
1827 1462 1876 1482 me
1890 1462 1954 1482 non
1968 1459 2069 1481 amant
2079 1469 2088 1484 ,
2108 1460 2181 1490 pro-

1221 1508 1285 1539 pter
1303 1507 1402 1528 meam
1426 1497 1456 1526 in
1476 1497 1620 1526 Caesarem
1641 1494 1839 1526 constantiam
1859 1513 1868 1528 ‚
1897 1502 1962 1522 non
1981 1492 2090 1522 malint
2104 1493 2180 1526 mei,

1221 1540 1310 1579 quam
1332 1540 1376 1569 sui
1394 1536 1517 1567 simileis
1533 1539 1646 1567 amicos
1664 1537 1782 1567 habere.
1805 1537 1886 1565 Mihi
1904 1533 2028 1574 quidem
2047 1532 2070 1562 s}
2084 1542 2182 1573 optata

1221 1584 1419 1623 contingent,
1427 1579 1508 1620 quod
1519 1580 1671 1619 reliquum
1681 1578 1722 1608 est
1732 1581 1801 1608 vitae
1811 1597 1819 1610 ‚
1832 1579 1864 1607 in
1874 1579 1939 1606 otio
1949 1575 2053 1606 Rhodi
2061 1575 2180 1616 degam:

1221 1623 1264 1654 sin
1273 1625 1354 1654 casus
1363 1622 1470 1662 aliquis
1480 1621 1673 1660 interpellarit
1684 1640 1693 1654 ‚
1711 1621 1751 1650 ita
1768 1629 1820 1649 ero
1829 1621 1939 1649 Romae
1952 1637 1960 1650 ,
1980 1626 2013 1647 ur
2024 1616 2104 1647 ῐεᾶὶὲ
2115 1615 2181 1647 fieri

1222 1667 1337 1706 semper
1346 1666 1476 1703 cupiam.
1500 1663 1644 1693 Trebatio
1655 1661 1759 1692 nostro
1769 1670 1891 1703 magnas
1900 1669 1953 1700 ago
1964 1661 2067 1700 gratias
2077 1679 2085 1693 ,
2096 1658 2181 1700 quod

1223 1718 1309 1738 tuum
1328 1717 1396 1746 erga
1413 1715 1463 1734 me
1481 1707 1619 1734 animum
1634 1703 1801 1743 firnplicem
1815 1712 1903 1743 atque
1914 1704 2047 1732 amicum
2057 1702 2182 1740 aperuit:

1223 1751 1256 1780 δε
1265 1748 1347 1790 quod
1357 1757 1428 1778 eum
1439 1766 1448 1780 ‚
1459 1756 1549 1787 quem
1562 1746 1677 1785 semper
1687 1745 1824 1775 lubenter
1834 1745 1928 1775 dilexi
1939 1762 1947 1776 ‚
1957 1752 2017 1783 quo
2029 1744 2181 1783 magisju-

1221 1803 1250 1822 re
1260 1791 1378 1823 colere,
1397 1798 1485 1829 atque
1504 1788 1658 1818 observare
1669 1787 1829 1821 deberem,
1848 1785 1928 1816 fecit.
1952 1786 2033 1814 Bene
2041 1786 2125 1818 vale,
2146 1784 2181 1814 δε

1222 1843 1271 1863 me
1282 1833 1384 1873 dilige.

1464 1891 1687 1920 4CICERO
1708 1888 1877 1919 APPIO,
1901 1888 1928 1916 S.

1224 1936 1489 2013 DUnrrAer
1512 1940 1590 1969 mihi
1609 1938 1702 1979 (quod
1721 1938 1774 1968 scit
1794 1938 1912 1967 Atticus
1929 1934 2041 1976 noster)
2061 1934 2097 1965 de
2118 1936 2177 1965 hoc

1315 1990 1380 2011 toto
1390 1979 1516 2011 consilio
1527 1980 1723 2021 profectionis
1734 1999 1742 2014 ,
1758 1977 1840 2020 quod
1852 1981 2050 2018 invitamque
2062 1986 2179 2017 partem

1219 2025 1251 2052 in
1263 2032 1397 2053 mentem
1410 2023 1506 2052 multa
1516 2022 1677 2052 veniebant
1687 2041 1695 2055 ‚
1716 2030 1862 2062 magnum
1880 2019 2000 2059 pondus
2015 2017 2129 2049 acceffit
2140 2018 2178 2049 ad

1220 2065 1384 2094 tollendam
1403 2064 1622 2094 dubitationem
1636 2083 1645 2097 ,
1663 2063 1814 2101 judicium
1827 2082 1836 2096 ,
1857 2062 1889 2092 &
1903 2059 2062 2091 consilium
2076 2070 2177 2090 tuum.

1222 2110 1298 2139 Nam
1311 2107 1344 2137 &
1354 2105 1489 2146 scripsisti
1499 2105 1610 2146 aperte,
1622 2105 1692 2146 quid
1707 2105 1762 2135 tibi
1772 2104 1930 2134 videretur.
1954 2104 2071 2132 Atticus
2080 2102 2115 2132 ad
2127 2111 2178 2131 me

1221 2151 1392 2180 sermonem
1414 2157 1502 2178 tuum
1522 2147 1653 2187 pertulit.
1676 2145 1941 2186 Semperjudieavi
1953 2165 1962 2178 ‚
1984 2146 2015 2173 in
2029 2153 2056 2173 te
2068 2164 2076 2177 ‚
2098 2144 2131 2173 δε
2146 2146 2180 2174 in

1220 2190 1367 2230 capiendo
1385 2187 1511 2219 consilio
1523 2188 1714 2229 prudentiam
1730 2189 1878 2218 summam
1893 2184 1949 2216 effe
1960 2205 1968 2220 ‚
1990 2186 2064 2216 &in
2077 2184 2176 2215 dando

1223 2231 1316 2263 fidem
1328 2242 1334 2260 2
1355 2233 1547 2272 maximeque
1558 2231 1623 2260 sum
1636 2239 1774 2270 expertus
1785 2250 1794 2263 ,
1811 2228 1883 2259 cnm
1893 2230 1984 2258 initio
1995 2227 2094 2258 civilis
2104 2227 2178 2256 belli

1222 2285 1273 2315 per
1284 2274 1394 2304 litteras
1404 2282 1432 2303 te
1443 2270 1668 2306 consuluissem,
1683 2272 1756 2313 quid
1766 2272 1845 2301 mihi
1854 2269 2028 2300 faciendum
2039 2268 2096 2299 effe
2106 2278 2178 2298 cen-

1223 2317 1315 2347 seres:
1333 2315 1509 2346 eundumne
1528 2314 1563 2345 ad
1574 2316 1752 2354 Pompeium
1765 2334 1773 2347 ‚
1793 2323 1830 2343 an
1842 2311 2027 2342 manendum
2038 2312 2069 2340 in
2083 2310 2177 2340 ltalia.

1222 2357 1339 2390 Suafisti
1352 2378 1360 2393 ‚
1380 2358 1609 2388 utconsulerem
1622 2356 1757 2398 dignitati
1768 2365 1853 2385 meae.
1877 2364 1914 2384 ex
1927 2363 1988 2394 quo
1999 2373 2008 2388 ‚
2027 2351 2100 2393 quid
2110 2352 2178 2382 sen-

1223 2404 1309 2432 tires:
1328 2400 1463 2431 intellexi
1477 2410 1482 2429 ;
1501 2401 1534 2430 &
1544 2400 1610 2431 sum
1620 2400 1782 2430 admiratus
1793 2396 1884 2427 fidem
1897 2405 1995 2428 tuam7
2015 2394 2047 2424 δε
2057 2395 2089 2424 in
2100 2403 2177 2423 con-

1223 2443 1287 2473 silio
1301 2442 1401 2473 dando
1415 2442 1595 2483 religionem
1609 2452 1613 2470 :
1633 2440 1715 2481 qu’od
1729 2460 1738 2474 ‚
1759 2439 1828 2469 cum
1839 2438 1918 2468 aliud
1933 2436 2022 2467 malle
2034 2434 2177 2466 amiciffi-

1222 2495 1309 2515 mum
1320 2493 1406 2514 tuum
1418 2493 1532 2524 putares
1544 2504 1552 2517 ‚
1565 2483 1718 2522 antiquius
1730 2481 1784 2511 :ibi
1795 2478 1931 2510 officium
1943 2488 2046 2508 meum
2060 2488 2069 2511 ‚·
2083 2476 2176 2518 quam

1218 2528 1302 2557 illius
1313 2527 1452 2556 voluntas
1460 2524 1528 2555 fuit.
1553 2524 1701 2564 Equidem
1714 2523 1821 2552 &ante
1831 2523 1887 2550 hoc
1898 2529 2015 2559 tempus
2026 2528 2053 2549 te
2064 2519 2176 2553 delenti,

1221 2569 1253 2599 &
1269 2569 1385 2608 semper
1397 2577 1448 2596 me
1462 2566 1477 2597 xa
1491 2576 1518 2596 te
1532 2566 1618 2606 diligi
1634 2562 1713 2594 senfi.
1739 2561 1858 2593 Etcum
1872 2560 1999 2591 abess'em
2013 2581 2021 2594 ,
2041 2569 2126 2601 atque
2142 2562 2175 2590 in

1220 2612 1334 2651 magnis
1343 2608 1482 2649 periculis
1493 2606 1582 2637 efl'em
1597 2617 1601 2635 :
1622 2607 1653 2636 &
1665 2615 1713 2634 me
1722 2605 1874 2635 absentem
1888 2624 1897 2637 ,
1909 2603 1942 2633 δε
1954 2612 2037 2633 meos
2049 2602 2176 2641 praesen-

1217 2654 1272 2682 teis
1289 2652 1306 2681 ἐι
1322 2660 1349 2681 te
1366 2650 1480 2683 cultos,
1502 2647 1683 2678 &defensos
1695 2645 1769 2679 elie,
1784 2646 1922 2675 memini.
1947 2643 2059 2684 Etpost
2069 2653 2176 2674 meum

1217 2693 1347 2724 reditum
1358 2712 1367 2727 ,
1387 2701 1478 2732 quam
1497 2689 1682 2721 familiariter
1696 2697 1817 2718 mecum
1832 2687 1960 2721 vixeris,
1981 2695 2106 2728 quaeque
2119 2695 2176 2758 e‘gio

2157 2738 2175 2758 e

1232 2812 1448 2847 lorarejubemus
1461 2823 1466 2838 :
1478 2809 1737 2843 radhaercscimusque
1748 2807 1804 2834 mss.
1817 2807 1912 2843 quippe
1923 2809 1937 2833 ὲ
1954 2806 2047 2841 quibus
2057 2804 2111 2832 duo
2122 2805 2173 2832 P-l-

1223 2849 1287 2874 atini
1301 2868 1309 2880 ‚
1330 2848 1450 2875 Vaticani
1461 2855 1585 2883 excerpta
1597 2865 1604 2877 ‚
1615 2845 1698 2872 editio
1707 2845 1826 2871 omnium
1838 2845 1922 2879 prima
1933 2862 1940 2874 ‚
1953 2842 2017 2868 hanc
2027 2841 2172 2868 'leffronem

1212 2891 1333 2910 tuentur.
1354 2885 1442 2919 Vri.ng
1457 2903 1463 2915 ‚
1483 2884 1543 2918 quia
1562 2882 1692 2918 plebejum
1709 2881 1744 2907 est
1756 2899 1764 2912 ‚
1785 2879 1849 2915 ilrpit
1858 2879 1982 2905 Mans-tiu
1994 2898 2003 2908 ‚
2021 2879 2170 2904 Pmamn

1212 2929 1370 2946 himen-rie
1390 2928 1516 2946 PRAEPON
1525 2926 1644 2945 ENDAM.
1665 2917 1707 2943 sed
1717 2926 1765 2943 nos
1783 2915 1899 2948 scimus,
1918 2914 2051 2950 ibspissime
2071 2913 2171 2940 nescire

1214 2957 1379 2986 Mammium,
1392 2954 1455 2990 quid
1467 2954 1548 2980 dicat.

1252 3000 1265 3026 3
1273 3011 1278 3016 .
1297 2993 1372 3020 veliis
1382 3001 1410 3017 ne
1419 2992 1490 3016 dolom·
1500 2990 1592 3025 quidem
1610 2989 1722 3021 impuniti*
1739 2986 1832 3020 litera]
1855 2987 1898 3013 Sic
1908 2986 2043 3013 Palatinus
2054 2994 2094 3022 pr.
2106 2985 2174 3011 Hit-

1215 3028 1350 3062 torpianus
1366 3047 1373 3057 ‚
1386 3027 1506 3052 Vaticani
1517 3033 1641 3061 excerpta
1652 3044 1660 3057 ‚
1679 3026 1706 3051 δε
1718 3024 1832 3052 νίξὶυϊίἰ
1843 3023 1927 3050 editio
1936 3022 2084 3058 elegantius
2095 3030 2174 3057 quam

1216 3063 1298 3098 vulg&
1310 3074 1316 3089 ς
1340 3064 1413 3088 dolere
1423 3066 1515 3095 impune
1524 3064 1600 3088 licere.

1250 3106 1277 3131 4.
1301 3100 1429 3125 Ciceao.
1445 3099 1543 3125 Aemo
1565 3099 1604 3131 s.]
1626 3096 1715 3132 Vulgo
1736 3097 1846 3123 Orno.
1869 3094 1911 3121 sed
1932 3104 1979 3121 nos
1991 3093 2063 3119 illam
2085 3092 2177 3118 instri-

1212 3135 1330 3170 ptionem
1343 3135 1490 3172 accepimus
1500 3143 1534 3162 ex
1545 3133 1668 3162 Palatino
1678 3133 1760 3159 tertio
1772 3152 1781 3166 ‚
1801 3131 1986 3160 Stcwccliiano
1999 3149 2007 3163 ,
2020 3139 2049 3156 ac
2060 3128 2178 3156 editione

1607 3206 1710 3234 Zzzz
1734 3212 1746 3239 3
2103 3208 2126 3225 ι.

2143 3198 2183 3231 W<

2199 1898 2246 1932 29
