2295 3400
131 98 237 165 ‘326
567 92 1060 145 M.Tut.1.11

144 176 357 210 commovebat
369 177 379 205 Z’
393 185 429 206 an
439 175 485 204 M.
498 175 612 206 Annii,
624 169 796 214 gravissimi,
809 178 894 210 atque
905 164 1105 198 honestiffimi

145 223 224 255 viri,
248 221 365 251 summa
375 217 532 248 auctoritas
548 215 649 255 paullo
660 224 686 244 te
698 213 922 253 diligentiorem
933 230 941 243 ,
967 208 1105 239 timidio-

146 272 272 303 remque
283 261 407 292 fecerat?
428 261 479 299 qui
489 267 584 297 nuper
594 266 647 297 pro
657 254 835 286 testimonio
844 273 852 287 ‚
866 263 929 282 non
939 251 1086 281 advenam
1097 270 1106 284 ,

148 305 251 335 nescio
261 312 352 344 quem
364 322 371 335 ,
388 311 443 331 nec
452 300 597 332 alienum,
608 297 655 328 sed
667 307 737 327 cum
748 298 847 326 civem
856 297 1047 326 Romanum,
1056 293 1109 333 qui

151 346 297 377 omnibus
309 354 339 373 in
351 344 405 372 illo
415 350 570 372 conventu
579 349 669 370 notus
680 359 688 372 ‚
703 339 755 379 qui
765 335 908 377 Syracusis
921 344 1005 365 natus
1015 333 1086 365 esset
1097 354 1105 366 ‚

151 387 205 418 {ite
217 388 308 418 securi
318 382 485 425 percussum
501 381 557 413 esse
573 382 663 412 dixit.
687 379 756 411 Post
766 379 977 409 hancillorum
994 375 1108 407 vocife-

149 432 300 460 rationem
314 448 321 460 ,
337 426 489 467 posthanc
497 433 697 455 communem
707 422 822 452 samam
833 441 841 453 ‚
859 429 944 461 atque
955 419 1109 459 querimo-

152 473 235 501 niam
249 491 257 503 ,
279 480 343 499 non
361 470 465 498 mitior
475 469 509 496 in
519 466 665 506 supplicio
675 484 683 498 ‚
703 464 750 494 sed
761 463 923 503 diligentior
940 459 997 491 ess'e
1010 461 1110 500 coepit.

154 512 310 552 Capitibus
326 511 474 540 involutis
490 510 583 538 civeis
594 509 753 537 Romanos
771 505 807 535 ad
825 513 932 534 necem
948 502 1110 553 producere

153 554 284 584 instituit
296 563 300 582 :
319 562 395 593 quos
405 561 506 582 tamen
516 550 627 580 idcirco
637 548 760 578 necabat
769 546 866 587 palam
877 565 885 579 ,
905 544 989 586 quod.
1008 544 1109 573 homi-

152 606 208 626 nes
218 597 250 625 in
261 603 411 625 conventu
423 592 472 632 tid
482 591 563 632 quod
573 600 656 621 antea
665 590 820 629 diximus)
836 588 972 617 nimium
983 585 1111 626 diligen-

152 647 198 668 ter
208 636 385 677 praedonum
396 643 559 665 numerum
569 632 769 673 requirebant.
786 634 795 649 ¹
809 630 948 659 Haeccine
955 628 1037 668 plebi
1046 630 1111 657 Ro-

154 689 252 709 manae
265 699 272 711 ‚
284 687 311 708 te
321 686 445 714 praetore
455 696 463 710 ,
477 674 520 705 est
531 673 691 705 constituta
700 672 837 703 conditio
847 675 857 701 ?
867 672 929 700 haec
939 671 1052 709 negotii
1061 678 1112 709 ge-

152 721 242 752 rendi
252 715 335 760 spes}
349 721 409 749 hoc
417 719 532 758 capitis,
543 719 670 757 vitaeque
680 715 851 746 discrimen.
874 716 1021 743 Parumne
1032 710 1112 739 mul-

155 772 184 793 ta
195 761 409 792 mercatoribus
420 760 488 790 sunt
498 756 660 789 neceffario
668 757 798 797 pericula
806 754 957 786 subeunda
964 753 1091 782 fortunae
1102 770 1110 784 ,

152 803 210 835 nisi
222 806 313 834 etiam
326 804 371 833 hae
378 801 561 832 formidines
572 801 608 830 ab
618 799 726 829 nostris
737 796 952 839 magistratibus
965 815 973 828 ‚
983 803 1069 834 atque
1083 796 1114 823 in

154 845 266 877 nosti-is
284 846 449 885 provinciis
459 842 699 883 impendebunt?
714 840 749 870 ad
767 848 873 869 eamne
892 847 956 867 rem
974 836 1033 865 fuit
1051 837 1114 865 haec

151 887 319 929 suburbana
330 907 338 921 ,
358 897 390 916 ac
408 885 504 916 fidelis
514 885 670 924 provincia
679 883 779 913 Sicilia
788 901 796 914 ‚
820 880 907 920 plena
925 880 1113 918 optimorum

156 931 322 962 sociorum,
334 925 672 966 honestissimorumque
682 925 808 956 civium,
823 932 887 963 quae
899 922 991 950 civeis
1000 922 1116 949 Roma—

158 981 217 1002 nos
237 973 358 1001 omneis
376 970 435 1000 suis
447 969 507 1009 ipsa
521 967 639 998 sedibus
656 963 847 996 libentiffime
860 964 975 1002 semper
983 962 1094 1000 accepit
1106 980 1114 993 ‚

158 1022 212 1047 ut,
232 1015 284 1055 qui
299 1013 388 1053 usque
399 1021 437 1041 ex
448 1011 555 1040 ultima
563 1010 660 1049 Syria,
681 1016 765 1048 atque
776 1009 907 1047 AEgypto
926 1005 1110 1044 navigarent:

181 1065 211 1085 ui
223 1054 300 1095 apud
319 1054 456 1084 barbaros
475 1060 595 1092 propter
612 1060 687 1091 togae
697 1058 814 1078 nomen
833 1057 864 1076 in
884 1048 997 1076 honore
1015 1045 1116 1084 aliquo

176 1096 282 1127 uiss'ent
294 1107 299 1125 t
321 1097 372 1136 qui
388 1105 426 1124 ex
435 1093 613 1134 praedonum
629 1089 744 1121 insidiis
756 1101 760 1118 2
780 1091 831 1130 qui
849 1099 887 1118 ex
907 1085 1116 1127 tempestatum

159 1140 302 1180 periculis
313 1135 509 1178 profugiss'ent
521 1145 526 1163 :
545 1136 578 1164 in
589 1134 688 1164 Sicilia
702 1133 794 1163 securi
807 1131 966 1161 ferirentur
976 1150 983 1162 ‚
1005 1127 1076 1158 cum
1090 1127 1117 1157 se

101 1177 123 1212 6
134 1188 144 1212 1
163 1182 221 1219 jam
232 1181 345 1209 domum
355 1176 466 1209 veniss'e
474 1176 697 1207 arbitrarentur?
709 1177 789 1204 Nam
801 1172 873 1214 quid
884 1182 938 1212 ego
952 1174 965 1190 ²
977 1171 1012 1200 de
1023 1171 1117 1200 P.Ga-

158 1219 212 1254 'vio
223 1222 339 1253 Cosano
350 1221 504 1259 municipe
515 1218 614 1248 dicam
625 1238 633 1252 ,
642 1216 778 1257 judices?
791 1224 840 1245 aut
849 1224 905 1255 qua
914 1215 946 1242 vi
956 1214 1055 1255 vocis,
1063 1220 1120 1251 qua

158 1267 298 1307 gravitate
308 1262 469 1293 verborum
480 1281 488 1294 ,
505 1270 566 1301 quo
582 1259 688 1289 dolore
698 1259 794 1288 animi
804 1257 922 1286 dicam?
939 1256 1119 1284 1001011100-

160 1309 208 1337 lor
217 1316 266 1336 me
277 1314 340 1335 non
349 1302 459 1335 deficit.
477 1311 509 1332 ut
518 1310 613 1332 cetera
622 1301 699 1330 milii
711 1302 743 1329 in
752 1298 877 1329 dicenda
888 1297 977 1338 digna
987 1295 1120 1336 re,d'igna

161 1349 269 1380 dolore
280 1357 349 1376 meo
360 1346 514 1386 suppetant
524 1363 532 1378 ,
554 1345 648 1383 magis
659 1340 874 1372 elaborandum
884 1339 936 1369 est.
963 1337 1045 1379 quod
1064 1339 1121 1367 cri-

163 1400 237 1420 men
255 1388 408 1429 ejusmodi
428 1386 486 1419 est,
508 1395 541 1416 111
552 1405 560 1418 ‚
581 1386 650 1414 cum
662 1382 799 1424 primum
810 1382 845 1412 ad
857 1392 906 1411 me
915 1381 1046 1411 delatum
1059 1377 1117 1412 est,

161 1433 288 1463 usurum
309 1441 356 1460 me
367 1430 422 1459 illo
433 1438 497 1458 non
506 1437 651 1468 putarem.
684 1423 816 1456 Tametsi
833 1426 919 1454 enim
935 1420 1123 1453 verissimum

163 1472 224 1505 effe
243 1471 449 1513 intelligebam
469 1490 477 1504 ,
503 1479 604 1500 tamen
623 1467 766 1498 credibile
785 1466 851 1496 fore
872 1475 936 1495 non
953 1463 1121 1494 arbitrabar.

164 1514 294 1546 Coactus
304 1515 443 1553 lacrymis
453 1513 596 1542 omnium
606 1512 723 1540 civium
735 1512 960 1539 Romanorum,
972 1507 1066 1546 quiin
1077 1507 1123 1535 Si-

163 1558 234 1588 cilia
244 1558 448 1597 negotiantur,
463 1551 608 1584 addubius
617 1553 851 1582 Valentinorum
862 1570 870 1583 ‚
892 1550 1057 1578 hominum
1067 1548 1123 1576 lio-

164 1596 401 1631 nestiffimorum
415 1617 423 1630 ,
435 1597 637 1635 omniumque
647 1595 858 1634 Rheginorum
869 1611 878 1625 ,
899 1591 1125 1629 multorumque

146 1638 150 1640 ’
165 1643 303 1681 equitum
313 1642 525 1670 Romanorum
535 1656 543 1670 ‚
557 1639 609 1677 qui
623 1636 686 1666 casu
701 1643 768 1665 tum
777 1632 918 1663 Messanae
928 1631 1049 1662 fuerunt
1058 1651 1066 1664 ,
1079 1640 1123 1660 te-

166 1682 339 1714 stimoniis,
358 1680 553 1710 deditantum
564 1680 662 1718 priore
672 1677 790 1707 afflone
800 1674 921 1705 testium
932 1694 941 1708 ,
961 1683 1007 1703 res
1021 1682 1053 1703 ut
1071 1683 1123 1702 ne-

167 1726 249 1755 mini
260 1723 350 1753 dubia
358 1720 415 1751 esse
425 1719 528 1761 posset.
551 1719 633 1761 Qid
645 1729 723 1749 nunc
733 1721 837 1759 agam?
852 1716 931 1747 Cum
939 1717 1001 1756 jam
1016 1724 1060 1745 tot
1069 1716 1125 1744 ho-

167 1775 213 1796 ras
225 1766 261 1795 de
271 1774 333 1794 uno
343 1773 450 1805 genere
461 1783 469 1797 ‚
488 1772 520 1792 ac
538 1762 574 1792 de
594 1760 678 1791 istius
691 1761 802 1790 nefaria
813 1758 985 1789 crudelitate
1002 1757 1100 1787 dicam
1114 1769 1119 1787 :

167 1807 243 1838 cum
253 1805 346 1847 prope
357 1815 484 1835 omnem
493 1806 557 1833 vim
566 1803 730 1833 verborum
741 1800 892 1841 ejusmodi
902 1821 911 1834 ,
934 1811 999 1840 quae
1019 1799 1125 1829 scelere

169 1848 257 1881 istius
266 1849 355 1889 digna
365 1847 450 1880 sunt,
471 1846 537 1876 aliis
548 1847 579 1875 in
593 1845 679 1875 rebus
691 1843 910 1875 consumserim
924 1845 933 1876 ,'
952 1851 1049 1882 neque
1068 1841 1126 1872 hoc

166 1890 355 1932 providerim
367 1908 374 1921 ‚
392 1897 425 1918 ut
441 1889 579 1918 varietate
589 1888 756 1917 criminum
767 1895 820 1915 vos
836 1892 959 1914 attentos
974 1892 1107 1913 tenerem
1120 1895 1125 1913 2

167 1930 428 1973 quemadmodum
439 1929 475 1960 de
484 1938 562 1959 tanta
573 1939 602 1958 re
612 1927 709 1958 dicam
721 1931 731 1957 ?
743 1929 858 1968 Opinor
866 1936 943 1956 unus
954 1925 1074 1958 modus,
1085 1933 1129 1955 at-

169 1984 229 2015 que
245 1983 302 2003 una
310 1974 384 2002 ratio
395 1971 447 2002 est.
478 1973 557 2001 Rem
568 1972 600 2000 in
611 1970 714 2000 medio
723 1979 836 2010 ponam
848 1979 853 1997 :
871 1978 938 2009 quae
948 1976 1065 1998 tantum
1075 1967 1127 1997 ha-

169 2016 221 2046 bet
231 2015 290 2055 ipsa
300 2015 448 2055 gravitatis
456 2032 465 2047 ‚
478 2021 511 2042 ut
522 2022 617 2053 neque
629 2021 695 2042 mea
705 2032 713 2046 ,
724 2021 789 2052 quae
800 2010 883 2041 nulla
893 2009 935 2040 est
944 2030 952 2043 ‚
966 2019 1062 2049 neque
1073 2019 1126 2038 cu-

167 2057 310 2098 jusquam
321 2075 329 2090 ,
349 2054 386 2085 ad
403 2054 640 2085 inflammandos
649 2054 760 2085 vestros
770 2055 888 2083 animos
899 2052 1071 2092 eloquentia
1082 2061 1128 2081 re-

171 2102 315 2140 quiratur.
339 2098 452 2127 Gavius
468 2097 516 2127 hic
527 2116 535 2129 ,
554 2105 646 2136 quem
656 2096 723 2127 dico
737 2116 744 2128 ,
767 2094 898 2125 Cosanus
909 2114 917 2126 ‚
936 2095 1008 2123 cum
1021 2093 1075 2122 1110
1094 2095 1127 2123 111

172 2150 304 2171 numero
321 2139 356 2169 ab
372 2138 431 2168 isto
440 2140 473 2168 in
480 2139 580 2168 vincla
588 2137 744 2178 conjefims
754 2135 824 2166 effet
835 2156 842 2169 ,
865 2136 897 2166 ὃς
908 2136 1007 2165 nescio
1017 2144 1074 2175 qua
1083 2145 1127 2166 ra-

169 2184 256 2212 tione
269 2180 347 2211 clam
359 2180 375 2210 ὲ
386 2180 541 2210 lautumiis
549 2177 735 2220 profugisset,
752 2177 975 2217 Messanamque
984 2174 1111 2207 veniss'et
1123 2187 1128 2206 :

169 2225 223 2265 qui
232 2222 324 2263 prope
332 2223 394 2261 jam
405 2222 522 2251 Italiam
534 2241 542 2254 ,
559 2221 592 2251 ὅτ,
601 2224 715 2250 moenia
724 2221 935 2260 Rheginorum
949 2218 1063 2248 videret
1073 2238 1080 2251 ‚
1096 2219 1128 2249 &

170 2275 212 2295 ex
228 2265 284 2295 illo
301 2273 385 2293 metu
399 2265 522 2296 mortis,
541 2273 574 2293 ac
583 2263 712 2292 tenebris
723 2281 731 2295 ,
750 2260 829 2306 quasi
840 2261 903 2290 luce
916 2260 1076 2293 libertatis,
1096 2261 1128 2290 δε

171 2307 252 2336 odore
263 2305 360 2347 aliquo
375 2305 469 2345 legum
482 2311 628 2337 recreatus,
645 2301 796 2334 revixisset
808 2313 812 2331 z
824 2303 910 2342 ioqui
922 2300 1060 2331 Messanae
1070 2311 1132 2332 coe-

172 2351 228 2389 pit,
242 2348 275 2378 δε
284 2348 382 2388 queri,
391 2348 419 2377 se
428 2349 528 2376 civem
538 2349 716 2376 Romanum
728 2347 760 2374 in
770 2344 869 2374 vincla
878 2341 936 2374 effe
946 2342 1129 2382 conjectum:

176 2389 230 2420 sibi
247 2390 326 2420 reita
342 2391 398 2419 iter
408 2387 464 2418 effe
475 2390 609 2418 Romam
621 2398 626 2416 :
647 2388 731 2416 Verri
743 2386 770 2416 se
780 2384 886 2426 praesto
897 2384 1068 2414 advenienti
1082 2384 1131 2414 fu-

113 2437 136 2471 6
145 2447 162 2470 2
175 2442 288 2463 turum.
312 2433 388 2460 Non
398 2429 582 2470 intelligebat
591 2429 698 2462 miser,
712 2428 788 2457 1111111
799 2425 948 2459 intereffe‚
958 2425 1059 2456 utrum
1070 2427 1133 2456 haec

177 2472 317 2504 Mess'anae
328 2492 336 2506 ‚
353 2482 391 2502 an
399 2471 582 2511 apudipsum
593 2470 750 2512 inpraetorio
769 2469 948 2509 loqueretur.
981 2470 1060 2498 Nam
1072 2488 1081 2500 ,
1101 2477 1134 2497 ut

174 2517 243 2546 ante
255 2525 308 2545 vos
319 2514 426 2545 docui,
441 2514 515 2543 hanc
526 2511 579 2542 sibi
590 2511 643 2542 iste
653 2512 758 2541 urbem
769 2510 914 2552 delegerat
922 2529 930 2542 ‚
944 2519 1035 2550 quam
1043 2509 1133 2539 habe-

174 2566 219 2587 ret
228 2556 404 2596 adjutricem
415 2555 567 2588 scelerum,
575 2553 725 2584 furtorum
737 2554 938 2592 receptricem,
951 2551 1133 2593 flagitiorum

177 2601 322 2629 omnium
332 2598 454 2629 sociam.
474 2598 576 2637 Itaque
586 2595 623 2626 ad
634 2594 839 2637 magistratum
850 2596 1069 2624 Mamertinum
1080 2592 1136 2623 sta-

1141 92 1667 144 Crannonrs

1154 172 1211 200 tim
1223 170 1380 203 deducitur
1389 173 1501 203 Gavius
1512 182 1518 201 τ
1535 182 1630 214 eoque
1640 170 1707 214 ipso
1716 169 1764 203 die
1774 169 1840 203 casu
1851 169 2108 208 Messanamvenit

1157 215 1271 243 Verres.
1293 216 1354 245 Res
1364 214 1400 244 ad
1410 224 1481 244 eum
1491 214 1620 245 defertur
1630 235 1639 248 ‚
1657 211 1714 244 effe
1727 215 1826 244 civem
1837 216 2014 245 Romanurn
2025 235 2034 248 ‚
2053 217 2108 257 qui

1155 254 1183 284 se
1192 254 1335 294 Syracusis
1345 258 1378 286 in
1394 257 1548 286 lautumiis
1565 255 1654 286 fuisse
1671 260 1861 296 quereretur?
1879 266 1971 297 quem
1984 257 2047 296 jam
2059 260 2108 288 in-

1153 297 1339 336 gredientem
1350 308 1457 328 navem
1468 318 1476 331 ,
1489 297 1522 328 &
1531 299 1616 328 Verri
1625 299 1719 327 nimis
1728 299 1866 327 atrociter
1873 300 2078 333 minitantem,
2090 297 2108 332 ὲ

1155 338 1183 368 se
1194 339 1353 369 retraetum
1363 339 1420 370 effe
1430 360 1438 374 ‚
1461 340 1494 370 &
1503 338 1679 370 asservatum
1690 359 1699 373 ‚
1722 348 1754 369 ut
1763 339 1823 379 ipse
1832 341 1865 369 in
1874 350 1945 370 eum
1955 339 2089 371 statueret
2096 332 2111 375 .’

1154 380 1236 420 quod
1247 381 1406 411 videretur.
1429 383 1499 423 Agit
1509 381 1687 411 hominibus
1695 383 1799 422 gratias
1811 400 1820 414 ‚
1837 381 1870 411 &
1880 391 1984 411 eorum
1995 392 2062 422 erga
2079 382 2116 419 se·
2155 396 2158 400 ·

1155 421 1413 456 benevolentiam,
1426 423 1674 464 diligentiamque
1683 422 1841 452 collaudat.
1863 423 1928 463 Ipse
1937 422 2111 454 inflamma-

1157 472 1203 492 tus
1214 464 1330 498 scelere,
1342 465 1374 494 &
1383 464 1495 498 furore,
1505 466 1538 494 in
1546 464 1649 494 forum
1659 466 1753 494 venit.
1777 464 1927 496 Ardebant
1936 465 2017 495 oculi
2028 475 2033 494 1
2045 473 2110 495 toto

1159 508 1171 531 ἵ
1184 515 1222 534 ex
1237 516 1288 535 ore
1305 506 1463 536 crudelitas
1481 505 1645 536 eminebat.
1676 504 1885 546 exspefflibant
1902 515 2011 537 omnes
2024 526 2032 540 ‚
2048 505 2112 547 qub

1157 546 1276 577 tandem
1290 546 1489 590 progressurus
1500 568 1508 582 ,
1524 556 1575 578 aut
1586 547 1732 588 quidnam
1745 546 1863 578 asturus
1874 546 1962 578 effet:
1977 547 2051 577 curn
2064 558 2116 584 re-=

1156 590 1244 628 pente
1257 590 1419 619 hominem
1428 591 1551 630 proripi,
1561 599 1647 630 atque
1656 591 1690 619 in
1702 588 1770 619 foro
1779 589 1882 619 medio
1892 589 2007 623 nudari,
2017 599 2050 619 ac
2058 589 2112 620 de-

1158 632 1239 670 ligari
1252 650 1260 663 ‚
1282 631 1315 661 &
1325 633 1419 671 virgas
1429 632 1563 671 expediri
1570 632 1665 671 jubet.
1688 631 1842 661 Clamabat
1850 632 1901 661 ille
1911 632 2018 664 miser,
2033 631 2063 671 fi'
2072 631 2113 661 ci-

1158 681 1220 699 vem
1230 671 1278 709 eff&
1289 676 1448 702 Romanum
1458 693 1466 707 ‚
1483 674 1672 713 municipem
1682 673 1842 706 Cosanum,
1854 671 1993 704 meruiffe
2002 673 2031 702 se
2040 683 2112 704 cum

1159 715 1194 743 L.
1206 716 1303 744 Pretio
1316 735 1323 747 ,
1345 713 1583 755 splendidiffimo
1601 716 1701 755 equite
1719 717 1862 746 Romano
1871 735 1879 748 ‚
1902 716 1955 755 qui
1971 715 2114 746 Panormi

1158 764 1371 795 negotiaretur:
1392 767 1430 786 ex
1445 767 1506 798 quo
1524 758 1587 786 haec
1596 759 1702 786 Verres
1717 756 1787 786 scire
1798 754 1902 796 posset.
1925 755 2073 787 Tumiste
2084 756 2114 787 se

1158 796 1334 836 comperiffe
1345 800 1403 833 ait,
1418 798 1652 837 eumspeculandi
1666 798 1748 837 causa
1759 800 1791 828 in
1802 798 1936 828 Siciliam
1946 798 1982 828 ab
1990 797 2117 828 ducibus

1159 837 1358 879 fugitivorum
1377 839 1435 869 effe
1454 839 1577 870 missum
1589 851 1594 869 :
1616 842 1700 879 cujus
1716 842 1758 870 rei
1772 850 1869 881 neque
1886 839 1980 870 index
1989 860 1998 873 ,
2017 849 2116 880 neque.

1161 879 1321 927 vestigium
1331 882 1463 922 aliquod,
1474 892 1571 923 neque
1581 882 1708 922 suspicio
1718 884 1858 923 cuiquam
1868 880 1938 912 effet
1947 881 2018 911 ulia.
2030 880 2117 911 dein-

1161 922 1197 951 de
1210 924 1299 961 Jubet
1314 923 1446 964 undique
1465 925 1626 953 hominem
1644 926 1756 964 proripi
1768 944 1776 956 ,
1798 921 2119 963 vehementissimeque

1160 965 1315 994 verberari.
1340 965 1511 996 Caedebatur
1529 967 1620 1006 virgis
1638 968 1672 995 in
1692 965 1796 996 medio
1811 965 1880 995 foro
1891 963 2033 995 Mess'anae
2041 966 2118 1002 civis

1162 1008 1321 1036 Romanus
1330 1027 1338 1040 ‚
1347 1007 1462 1047 judices
1474 1019 1482 1041 -‚
1493 1006 1566 1037 cum
1575 1010 1687 1037 interea
1696 1008 1797 1037 nullus
1806 1009 1950 1048 gemitus,
1963 1007 2046 1037 nulla
2055 1007 2117 1036 vox

1161 1049 1216 1077 alia
1233 1047 1316 1078 istius
1335 1050 1454 1082 miseri,
1474 1051 1551 1079 inter
1565 1049 1704 1079 dolorem
1715 1069 1723 1082 ‚
1747 1052 1956 1090 crepitumque
1964 1049 2119 1090 plagarum

1161 1089 1345 1124 audiebatur,
1357 1089 1412 1121 nisi
1421 1092 1494 1124 haec,
1509 1093 1605 1121 Crvrs
1619 1093 1790 1122 Romanus
1807 1100 1885 1121 suin.
1918 1093 1982 1120 Hac
1992 1091 2020 1121 se
2030 1099 2118 1120 com-

1163 1135 1383 1162 memoratione
1393 1135 1520 1163 civitatis
1531 1134 1634 1162 omnia
1643 1133 1765 1163 verbera
1773 1132 1967 1172 depulsurum
1979 1152 1988 1165 ,
2007 1132 2120 1169 crucia·-v

1163 1182 1292 1214 tumque
1307 1174 1322 1204 a
1339 1184 1463 1214 corpore
1473 1173 1661 1214 dejecturum
1674 1175 1874 1204 arbitrabatur.
1897 1176 1926 1203 Is
1945 1184 2010 1203 non
2022 1171 2119 1204 modo

1164 1216 1222 1245 hoc
1236 1225 1300 1245 non
1309 1215 1434 1256 perfecit
1442 1236 1450 1249 ‚
1463 1224 1495 1246 ut
1505 1218 1654 1256 virgarum
1664 1218 1729 1246 vim
1741 1215 1943 1256 deprecaretur
1953 1227 1957 1244 :
1967 1215 2016 1246 sed
2027 1235 2035 1249 ,
2047 1224 2120 1245 cum

1165 1257 1335 1297 imploraret
1349 1258 1452 1298 saepius
1463 1278 1471 1292 ,
1495 1258 1702 1298 usurparetque
1721 1268 1837 1288 nomen
1853 1260 1982 1288 civitatis
1996 1268 2000 1285 :
2022 1266 2096 1287 crux
2109 1275 2120 1290 ,

1163 1309 1236 1329 crux
1247 1320 1254 1332 ,
1268 1301 1404 1340 inquam,
1415 1299 1541 1333 infelici,
1554 1300 1585 1329 &
1596 1300 1778 1333 aerumnoso,
1789 1302 1840 1340 qui
1853 1309 2022 1340 numquam
2031 1297 2118 1328 istam

1164 1340 1340 1381 potestatem
1354 1341 1486 1375 viderat,
1501 1342 1734 1381 comparabatur.
1757 1344 1784 1371 O
1799 1351 1916 1371 NOMEN
1931 1341 2018 1371 dulce
2029 1340 2120 1370 liber-

1165 1385 1229 1414 tatis
1242 1394 1246 1412 :
1268 1383 1287 1413 ὀ
1295 1385 1343 1423 jus
1352 1385 1504 1413 eximium
1517 1383 1623 1413 nostra:
1633 1385 1778 1414 civitatis:
1802 1382 1821 1414 ὃ
1831 1383 2008 1416 lexPorcia,
2027 1381 2120 1423 leges—v

1165 1435 1221 1467 que
1232 1427 1416 1465 Semproniae
1429 1437 1433 1454 ;
1451 1424 1469 1455 ὃ
1478 1428 1604 1467 graviter
1617 1424 1774 1455 desiderata
1783 1445 1791 1458 ,
1808 1426 1840 1456 δε
1849 1424 2012 1466 aliquando
2021 1423 2121 1454 reddi-

1166 1477 1193 1498 ta
1202 1467 1283 1506 plebi
1293 1470 1439 1497 Romanae
1450 1468 1605 1497 tribunitia
1615 1466 1742 1507 potestas
1755 1470 1760 1496 ¹.
1775 1468 1910 1498 Huccine
1921 1466 2040 1497 tandem
2052 1475 2121 1501 om-,

1168 1512 1217 1540 nia
1227 1509 1394 1539 reciderunt
1405 1529 1412 1542 ‚
1435 1517 1468 1539 ut
1478 1511 1554 1539 civis
1564 1511 1723 1539 Romanus
1733 1511 1765 1538 in
1776 1510 1930 1550 provincia
1942 1509 2048 1548 populi
2057 1509 2122 1538 Ro-

1170 1553 1269 1585 mani,
1282 1554 1312 1581 in
1323 1551 1435 1591 oppido
1445 1551 1657 1581 foederatorum
1669 1570 1678 1584 ,
1697 1551 1733 1581 ab
1750 1561 1787 1581 eo
1797 1572 1805 1585 ,
1826 1553 1880 1592 qui
1890 1550 2015 1589 beneficio
2026 1547 2125 1591 populi

1169 1597 1307 1626 Romam,
1318 1593 1420 1624 fasceis
1433 1613 1440 1626 ,
1454 1593 1487 1622 δε
1498 1593 1622 1623 secureis
1633 1593 1752 1623 haberet
1761 1613 1768 1626 ,
1781 1593 1924 1634 deligatus
1938 1595 1971 1622 in
1984 1591 2053 1622 foro
2064 1592 2126 1621 vii·-

1168 1638 1212 1677 gis
1221 1636 1379 1666 caedcretui-
1392 1639 1401 1664 ἓ
1425 1634 1506 1676 Qid
1516 1655 1524 1668 ,
1535 1633 1607 1664 cum
1619 1637 1703 1676 ignes
1713 1654 1722 1668 ‚
1740 1638 1758 1661 4
1767 1634 1970 1674 ardenteisque
1980 1633 2102 1663 laminae
2114 1650 2124 1666 ,

1170 1680 1316 1718 ceterique
1326 1678 1472 1707 cruciatus
1487 1677 1746 1706 admovebantur?
1765 1679 1796 1707 Si
1810 1685 1838 1706 te
1848 1676 1931 1706 illius
1947 1675 2048 1706 acerba
2064 1678 2126 1704 ini-s

1170 1720 1296 1760 ploratio
1306 1739 1313 1752 ‚
1328 1719 1360 1749 &
1372 1728 1433 1748 vox
1444 1718 1620 1749 miserabilis
1630 1738 1639 1752 ,
1661 1721 1674 1745 5
1685 1728 1749 1748 non
1765 1717 1937 1750 inhibebat,
1956 1727 1995 1747 ne
2008 1717 2127 1747 civium

1171 1761 1296 1803 quidem
1306 1764 1519 1791 Romanorum
1530 1780 1539 1794 ,
1559 1762 1612 1800 qui
1627 1769 1694 1790 tum
1704 1759 1838 1793 aderant,
1856 1758 1928 1789 fletu
1937 1779 1946 1792 ,
1970 1758 2003 1788 &
2012 1759 2129 1799 gemitu

1172 1805 1309 1834 maximo
1320 1802 1567 1833 commovebar-e?
1577 1805 1614 1831 In
1622 1812 1741 1832 crucem
1752 1811 1785 1832 tu
1794 1811 1877 1842 agere
1885 1800 1972 1831 ausus
1983 1810 2013 1830 es
2022 1808 2131 1840 quem.-

1171 1855 1273 1888 quam,
1284 1847 1337 1886 qui
1349 1845 1376 1874 se
1387 1847 1486 1874 civem
1497 1846 1675 1874 Romanum
1686 1841 1743 1874 ess'e
1757 1843 1868 1873 diceret
1878 1846 1892 1878 ἒ,
1898 1844 1930 1872 Ν
1932 1842 1996 1872 01111
2006 1851 2067 1871 tam
2076 1838 2130 1872 ve*-

1173 1890 1330 1918 hementer
1337 1896 1421 1928 agere
1435 1888 1493 1915 hoc
1501 1888 1597 1926 prima
1607 1885 1736 1920 astion&
1746 1896 1753 1925 J
1759 1884 1861 1915 udices
1873 1895 1878 1913 :
1889 1885 1986 1914 nolui.
2002 1881 2129 1919 Vidistis

1172 1932 1256 1961 enim
1266 1949 1274 1962 ‚
1286 1937 1318 1958 ut
1326 1930 1422 1959 animi
1433 1927 1640 1958 multitudinis
1656 1929 1689 1957 in
1699 1927 1791 1957 istum
1800 1926 1903 1957 dolore
1914 1946 1922 1959 ,
1939 1926 1972 1956 ὅτ.
1982 1924 2055 1955 odio
2066 1944 2075 1959 ,
2094 1924 2129 1962 ὃς

1173 1972 1349 2002 communis
1364 1970 1489 2010 periculi
1503 1978 1586 1999 metu
1597 1989 1606 2003 ,
1625 1971 1853 2000 concitarentur.
1877 1966 1893 1988 ⁶
1903 1969 1995 1998 Statui
2009 1973 2130 2008 egomet

1174 2015 1253 2043 mihi
1262 2022 1328 2042 tum
1339 2011 1468 2042 modum
1479 2013 1607 2042 orationi
1618 2021 1706 2044 meae‚
1719 2011 1751 2041 δε
1761 2013 1792 2041 C.
1809 2011 2000 2042 Numitorio,
2010 2013 2025 2037 7
2035 2008 2131 2049 equiti

1173 2059 1316 2086 Romano
1327 2075 1335 2088 ,
1346 2055 1488 2094 primario
1499 2054 1619 2084 homini
1630 2073 1638 2086 ,
1651 2054 1716 2083 testi
1729 2063 1798 2083 meo
1809 2063 1815 2082 z
1834 2053 1866 2082 ὃς
1876 2051 2084 2084 Glabrionem,
2100 2048 2132 2080 id

1172 2096 1255 2139 quod
1266 2093 1476 2136 sapientissime
1484 2094 1572 2129 fecit,
1592 2094 1685 2125 facere
1696 2095 1810 2124 laetatus
1829 2094 1895 2123 suni
1907 2113 1915 2126 ,
1936 2102 1970 2122 ut
1987 2090 2109 2132 repente
2120 2110 2131 2130 ρ

1174 2137 1302 2170 consilio
1315 2140 1348 2168 in
1359 2136 1461 2166 medio
1471 2157 1480 2170 ,
1502 2136 1607 2167 testem
1618 2136 1791 2166 dimitteret.
1824 2136 1948 2165 Etenim
1957 2133 2132 2167 verebatur,

1175 2191 1213 2211 ne
1223 2180 1350 2220 populus
1359 2181 1519 2209 Romanus
1529 2179 1564 2208 ab
1574 2177 1630 2207 isto
1639 2185 1786 2218 easpoenas
1798 2176 1828 2205 vi
1838 2174 1958 2213 repetisse
1968 2175 2128 2209 videretur,

1173 2232 1244 2263 quas
1254 2224 1366 2251 veritus
1380 2217 1450 2249 effer
1460 2239 1468 2253 ,
1481 2230 1519 2249 ne
1529 2218 1582 2249 iste
1591 2218 1706 2260 legibus
1717 2238 1725 2252 ‚
1738 2219 1772 2248 Sc
1782 2217 2004 2257 vestrojudicio
2015 2226 2079 2246 non
2087 2215 2132 2247 es-

1174 2265 1214 2294 set
1223 2262 1436 2303 persoluturus.
1461 2263 1570 2294 Nunc,
1583 2262 1728 2301 quoniam
1736 2261 1799 2299 jam
1811 2259 2000 2299 exploratum
2010 2257 2053 2288 est
2063 2268 2132 2290 om,-

1176 2305 1265 2335 nibus
1276 2324 1284 2338 ‚
1295 2313 1357 2344 quo
1367 2303 1435 2332 loco
1444 2303 1528 2332 causa
1538 2312 1587 2333 tua
1596 2301 1628 2331 fit
1638 2322 1646 2335 ‚
1671 2301 1704 2331 ὃς
1713 2321 1721 2335 ,
1742 2298 1756 2321 8
1764 2301 1839 2342 quid
1849 2301 1884 2331 de
1895 2310 1922 2331 te
1932 2300 2068 2331 futurum
2079 2297 2130 2332 fit:

1176 2345 1213 2376 sic
1224 2355 1323 2375 tecum
1335 2354 1429 2385 agam.
1452 2346 1585 2374 Gavium
1594 2342 1686 2373 istum
1697 2357 1709 2378 ,¹
1724 2353 1816 2385 quem
1825 2344 2017 2383 repentinum
2032 2342 2134 2381 specu-

1177 2388 1300 2417 latorem
1311 2385 1395 2416 fuifl'e
1413 2385 1499 2419 dicis,
1511 2385 1666 2416 ostendam
1676 2405 1684 2418 ,
1698 2387 1731 2415 in
1740 2385 1915 2416 Lautumias
1925 2382 2068 2424 Syracusis
2078 2382 2093 2413 a
2103 2390 2133 2413 te

1177 2427 1235 2459 effe
1249 2429 1317 2467 conj
1322 2427 1424 2457 ectum
1437 2438 1442 2456 :
1460 2438 1556 2468 neque
1566 2428 1596 2457 id
1607 2426 1708 2457 solum
1718 2437 1756 2457 ex
1767 2427 1875 2458 litteris
1886 2424 2042 2456 ostendam
2050 2422 2134 2465 Syra-

1177 2471 1358 2501 cusanorum
1370 2480 1376 2498 :
1394 2479 1432 2498 ne
1441 2468 1529 2510 possis
1538 2469 1635 2500 dicere
1644 2489 1653 2503 ,
1664 2479 1714 2499 me
1723 2488 1731 2502 ,
1742 2470 1813 2510 quia
1822 2465 1856 2498 sit
1865 2468 1972 2508 aliquis
1983 2468 2016 2496 in
2026 2460 2134 2496 litteris

2139 1322 2199 1382 63³

1179 2514 1290 2542 Gavius
1303 2531 1312 2545 ,
1323 2513 1382 2541 hoc
1393 2509 1502 2551 fingere
1510 2531 1518 2545 ,
1531 2512 1564 2541 &
1574 2512 1682 2551 eligere
1693 2520 1809 2540 nomen
1820 2530 1829 2543 ‚
1847 2519 1880 2539 ut
1889 2511 1969 2539 hunc
1978 2508 2067 2538 illum
2078 2505 2135 2538 effi:
2178 2527 2182 2532 ·

1177 2552 1284 2594 poffim
1294 2554 1391 2583 dicere
1402 2564 1406 2581 z
1418 2552 1466 2583 sed
1472 2553 1626 2593 ficundum
1633 2552 1787 2582 arbitrium
1797 2559 1881 2580 tuum
1890 2549 1972 2586 testeis
1980 2548 2050 2579 dabo
2061 2569 2069 2584 ‚
2082 2549 2135 2590 qui

1178 2595 1270 2626 istum
1286 2596 1382 2636 ipsum
1393 2594 1539 2635 Syracusis
1555 2595 1606 2626 abs
1622 2603 1650 2625 te
1666 2596 1700 2624 in
1710 2595 1885 2625 Lautumias
1893 2591 2069 2663 conje&udm
2078 2588 2135 2621 effe

2049 2639 2135 2663 icant.

218 2737 240 2767 r.
261 2730 428 2762 Haecci‘aeplebi
437 2732 552 2759 Romam,
563 2728 630 2762 εἶχε]
643 2728 754 2754 Retinui
767 2728 840 2755 istam
851 2726 1004 2763 scripturam
1016 2726 1086 2763 quod
1098 2726 1137 2754 sa-

176 2765 313 2792 tisfaceret
324 2766 490 2791 camerario.
509 2773 568 2790 nain
579 2764 696 2800 alioquin
709 2764 776 2792 Pali.
787 2763 847 2790 edd.
860 2764 966 2790 vetustae
977 2783 985 2796 ‚
998 2765 1077 2790 etiam
1089 2764 1135 2790 Vi-

179 2800 300 2828 &ariana
312 2821 318 2833 ‚
330 2805 380 2827 Haec
390 2811 414 2826 m
422 2803 485 2833 plebe
493 2803 591 2826 Roman.

215 2846 244 2863 2.
262 2841 295 2864 De
305 2841 336 2862 P.
347 2840 420 2862 Gavio
430 2836 541 2870 Cosano]
558 2836 614 2862 Pal.
626 2845 666 2871 pr.
678 2835 929 2871 Consano,quomodo
938 2835 1062 2872 primitus
1074 2835 1135 2861 cufi.

165 2870 229 2898 'sec⁸
239 2874 345 2906 Cuffam,
355 2880 385 2898 ut
398 2873 477 2907 vulgo
488 2871 586 2898 editur.
607 2873 691 2907 prima
703 2872 784 2898 lectio
794 2873 829 2898 est
841 2874 855 2898 ii
867 2873 1020 2906 eujaciano.

216 2916 229 2943 3
238 2929 244 2934 .
264 2912 304 2934 Ex
313 2918 348 2934 ort
359 2909 484 2933 crudelitas·
494 2909 634 2942 eminebat]
656 2910 696 2934 Ita
708 2908 786 2934 nostri
798 2909 886 2944 ici-ipsi
899 2928 906 2940 ,
918 2910 945 2934 Sc
956 2907 1006 2934 cusi
1017 2908 1134 2944 antiqui-

178 2950 232 2970 tus.
244 2953 303 2970 nam
316 2944 500 2980 (Qintilianus
510 2943 599 2970 laudat
608 2946 723 2969 emicabat
736 2964 743 2976 ,
754 2944 858 2971 Gellius
868 2946 1005 2970 emanabat.

213 2988 241 3019 4.
261 2980 582 3014 <Ardenreifi1ueLam1‘nae.]
605 2980 718 3015 Vulgata
734 2980 814 3006 letho
825 2981 959 3006 (tinnientes.
979 2979 1021 3006 scd
1034 2980 1134 3006 ultimae

177 3016 343 3051 antiquitatis
357 3015 419 3042 edd.
430 3015 547 3041 nostrum
559 3015 653 3042 habent
666 3036 674 3047 ,
684 3015 843 3052 firmantque
853 3018 881 3043 ὅ(
893 3016 961 3043 Pall.
972 3016 999 3042 ὅ(
1009 3025 1075 3052 quos
1086 3026 1134 3044 ex-

176 3051 252 3078 cussit
266 3053 445 3078 Hotomanus.
464 3060 550 3086 neque
560 3052 637 3077 aliter
649 3052 764 3078 Gellius.

215 3096 241 3120 5.
260 3091 319 3123 Qui
329 3087 481 3121 inhibebat.]-
497 3087 641 3113 Lambinus
655 3098 700 3113 mm
710 3088 810 3113 leniebat
821 3107 829 3120 ,
850 3088 936 3114 minus
948 3086 1020 3113 rec'h‘:
1032 3106 1040 3120 ‚
1062 3090 1134 3113 certe

174 3131 268 3152 contra
278 3124 358 3152 libros
370 3134 376 3152 ;
398 3123 461 3151 licet
471 3122 504 3151 stc
514 3124 599 3152 exstet
609 3123 678 3160 apud
689 3124 808 3153 Gellium
822 3143 831 3159 ‚
851 3124 896 3160 qui
907 3124 1061 3153 memoriter
1071 3122 1136 3151 scri-

2016 2708 2025 2718 ,
2121 2716 2123 2718 .

1180 2728 1251 2764 ρΓιΓΙὶ·
1262 2729 1285 2755 se
1297 2729 1342 2756 ista
1352 2730 1493 2756 confirmat
1504 2741 1510 2757 z
1532 2731 1556 2756 10
1567 2732 1671 2756 inhibere
1683 2728 1836 2768 metaphora
1846 2727 1882 2754 est
1893 2728 1908 2754 a
1919 2736 1947 2753 re
1956 2725 2071 2754 nautica.
2093 2733 2135 2751 re·
2156 2759 2160 2765 ι
2200 2739 2202 2742 -

1182 2774 1237 2791 mos
1250 2765 1380 2797 inhibent,
1392 2776 1451 2792 cum
1462 2766 1604 2793 11111εέ1001
1616 2774 1645 2792 ut
1655 2765 1733 2791 aliter
1743 2771 1878 2799 navigent.

1218 2802 1244 2826 6.
1265 2806 1345 2827 Σκαιαὶ
1363 2810 1443 2835 egomet
1462 2804 1543 2836 milvi]
1565 2802 1642 2828 Nihil
1655 2801 1735 2828 deest.
1755 2801 1783 2826 δε
1795 2800 1828 2826 sic
1839 2798 1998 2825 Terentius:
2019 2798 2074 2823 ‘fine
2092 2794 2138 2829 ips?
2183 2804 2190 2807 ·

1180 2839 1234 2865 huic
1243 2840 1385 2870 rtistatuistc'
1396 2838 1484 2863 modum
1499 2845 1577 2871 pater.
1597 2837 1706 2864 induxit
1717 2835 1875 2862 Lambinuni
1888 2854 1895 2867 ,
1915 2842 1944 2860 ut
1955 2834 2042 2860 locum
2054 2833 2136 2858 niuri-
2180 2864 2183 2866 ι

1182 2873 1236 2913 luni
1248 2873 1379 2905 crederet,
1390 2873 1549 2909 superfluum
1560 2876 1614 2900 tth.
1633 2873 1706 2909 atqui
1717 2872 1821 2907 elegans
1831 2871 1872 2903 id,
1882 2873 1910 2897 δε
1921 2871 2015 2897 tritum
2027 2868 2135 2905 optimi&

1180 2910 1362 2945 scriptoribus.
1383 2912 1530 2935 Gulielmius.

1215 2954 1243 2979 7.
1264 2949 1346 2979 Equiti
1355 2949 1455 2971 Romano
1460 2951 1535 2978 prium
1545 2945 1656 2978 homini]
1679 2941 2010 2970 Estitemfipan.&mss·.
2028 2938 2135 2968 versatis
2170 2967 2174 2971 .
2258 2971 2265 2977 Ν

1180 2990 1256 3007 manu
1270 2982 1416 3008 Hotoinani
1428 2993 1433 3008 :
1448 2990 1532 3017 neque
1542 2981 1597 3008 abit
1609 2987 1728 3006 veterum
1739 2979 1886 3006 editionum
1898 2978 2036 3015 scriptura.
2054 2984 2136 3013 nupe-

1180 3027 1208 3043 ra
1220 3037 1227 3048 ‚
1236 3021 1351 3049 primario
1362 3019 1456 3042 homini.
1582 3022 1585 3024 '
2117 3026 2121 3031 ¹

1194 3063 1198 3067 ·
1215 3052 1246 3093 8¹.
1256 3052 1562 3116 guindediefiuurmnfit.]
1578 3051 1740 3080 Gulielmius
1752 3050 1928 3081 arbitrabatur
1938 3048 2055 3085 expungi
2067 3044 2136 3083 poss‘e

1181 3096 1283 3126 particu
1297 3098 1337 3118 ’.1111
1365 3099 1386 3117 e.

2017 3143 2040 3186 i.
2050 3140 2137 3182 'cumi-
