2295 3400
142 1003 162 1027 ᾖ.)

149 1957 164 1989 υ)

163 142 259 194 330
577 115 1082 167 M.TULL11

164 209 177 226 ¹
190 214 230 236 ex
238 211 304 236 toto
314 200 550 245 negotiatorum,
562 199 760 230 colonorum,
777 196 1022 238 publicanorum.
1039 203 1136 225 arato-

169 255 239 278 rum
252 267 260 279 ‚
281 246 490 286 pecuariorum
505 250 634 271 numero
643 238 750 270 testem
762 238 948 280 producant3
969 237 1039 266 vere
1049 235 1135 267 accu-

172 288 269 320 satum
287 285 345 317 esse
362 283 537 316 concedam.
570 280 626 312 Pro
645 281 688 311 dii
707 280 912 311 immortales!
932 289 999 320 quae
1018 277 1060 308 est
1072 279 1134 309 haec

172 324 277 362 causa?
294 338 360 369 qux
378 323 531 356 defenfio?
555 324 721 354 Provinciae
731 322 837 353 Galliae
848 324 891 352 M.
904 321 1048 359 Fontejus
1058 330 1131 361 prae-

172 370 241 403 fuit,
253 381 318 411 quae
327 367 441 398 constat
450 376 488 396 ex
499 368 535 396 iis
544 364 705 406 generibus
716 365 882 394 hominum
892 383 900 395 ,
917 362 950 393 &
962 364 1129 394 civitatum.

173 414 228 454 qui
248 415 292 450 (ut
310 419 408 440 vetera
425 410 555 445 mittam)
572 408 680 447 partim
700 404 800 436 nostra
814 407 962 435 memoria
973 404 1051 434 bella
1063 413 1135 433 curn

175 454 289 496 populo
306 455 449 483 Romano
466 449 567 480 acerba
579 469 587 482 ‚
624 459 656 479 ac
674 447 817 478 diuturna
833 445 981 488 gess'erunt
998 456 1004 475 z
1027 447 1135 486 partim

177 493 275 527 modb
286 494 321 524 ab
333 492 445 523 nostris
454 490 684 531 imperatoribus
694 488 808 519 subaffi
819 508 828 522 ,
846 487 938 519 mode
949 486 1013 517 bello
1023 487 1134 520 domiti,

177 535 274 569 modo
284 535 444 574 triumphis
456 554 464 566 ‚
477 543 509 564 ac
521 533 733 562 monumentis
741 531 835 560 notati
849 550 857 565 ,
879 528 974 560 modo
985 529 1019 559 ab
1027 532 1137 559 Senatu

177 580 253 620 agris
265 597 272 611 ‚
298 576 478 616 urbibusque
507 575 625 605 multati
644 574 711 604 sunt
723 584 728 601 1
755 574 863 613 partim
877 593 885 606 ,
909 574 962 613 qui
979 581 1050 601 curn
1070 570 1134 610 ipso

178 622 224 651 M.
237 619 365 658 Fontejo
374 617 487 648 ferrum
497 636 505 650 ,
521 626 554 646 ac
564 625 671 646 manus
680 615 873 645 contulerunt
883 635 890 648 ‚
905 613 1061 653 multoque
1073 613 1137 652 ejus

177 661 305 694 sudore,
326 670 359 690 ac
370 659 469 689 labore
479 658 533 689 sub
542 657 648 698 populi
665 658 799 687 Romani
819 657 982 696 imperium
994 674 1002 688 ‚
1022 654 1137 683 ²ditio-

178 712 311 743 nemque
329 700 511 732 ceciderunt.
544 698 595 730 Est
614 701 647 728 in
665 698 768 728 eadem
780 699 935 738 provmcia
943 697 1046 726 Narbo
1058 698 1138 725 Mar-

177 746 252 778 cius,
272 744 402 774 Colonia
411 741 582 772 nostrorum
593 742 718 774 civium,
723 739 834 780 specula
840 739 935 781 populi
949 738 1070 768 Romani
1082 758 1090 770 ,
1106 746 1138 767 ac

178 785 439 828 propugnaculum
450 804 459 817 ,
478 782 542 814 istis
551 781 618 823 ipsis
628 783 802 812 nationibus
811 779 979 822 oppositum
991 800 1000 813 ,
1012 780 1043 809 ὃς
1054 779 1138 818 obje-

180 827 278 858 &unr
299 826 343 857 est
352 828 425 856 item
437 825 506 855 urbs
516 823 656 857 Massilia,
668 824 703 854 de
714 834 771 864 qua
781 823 848 853 ante
860 823 944 855 dixi,
958 819 1138 851 fortill‘imo-

180 879 248 901 rum
262 890 269 902 ,
283 867 588 907 fidelissimorumque
597 867 746 897 sociorum
758 885 766 898 ‚
778 866 830 905 qui
841 865 1028 894 Gallicorum
1040 862 1138 892 bello-

179 921 248 942 rum
259 910 389 950 pericula
406 913 417 937 3
430 909 544 949 populo
556 910 698 938 Romano
708 909 797 937 coriis
808 927 816 939 ,
836 906 982 946 remisque
993 913 1139 943 compen-

182 953 290 984 sarunt.
313 951 356 982 est
373 960 510 991 praeterea
529 959 673 980 numerus
691 951 805 979 civium
825 950 916 978 Rom.
937 956 1023 987 atque
1034 947 1138 975 homi-

182 1004 258 1025 num
270 991 561 1024 honestissimorum.
607 993 688 1021 Huic
697 992 869 1030 provinciae,
881 999 946 1030 quae
955 998 993 1018 ex
1004 989 1056 1018 hac
1066 997 1139 1028 gen-

183 1038 262 1067 tium
280 1038 419 1066 varietate
437 1033 583 1064 constaret
594 1053 601 1065 ‚
627 1035 670 1062 M.
683 1033 826 1071 Fontejus
839 1052 846 1064 ,
868 1034 912 1070 (ut
920 1031 998 1070 dixi)
1009 1029 1136 1069 praei'uit.

180 1079 323 1119 quierant
333 1076 431 1107 hostes
442 1096 450 1110 ,
470 1075 584 1116 subegit
596 1085 600 1103 :
621 1076 672 1115 qui
683 1076 820 1113 proximi
830 1073 947 1103 fuerant
956 1092 965 1106 ‚
987 1081 1038 1101 eos
1049 1081 1087 1100 ex
1099 1072 1136 1100 iis

179 1122 256 1161 agris
268 1140 276 1153 ,
293 1119 401 1160 quibus
411 1127 492 1147 erant
502 1117 620 1146 multari
631 1137 640 1149 ,
661 1115 800 1145 decedere
810 1116 908 1155 co'e'git
922 1125 926 1143 :
946 1115 1049 1144 ceteris
1061 1133 1068 1146 ‚
1087 1113 1139 1152 qui

179 1160 296 1192 idcirco
307 1162 425 1201 magnis
434 1160 505 1198 saepe
516 1167 597 1187 erant
607 1157 694 1187 bellis
705 1158 849 1197 superati,
862 1165 893 1186 ut
903 1156 1017 1195 semper
1025 1155 1139 1194 populo

182 1205 277 1234 Rom.
288 1211 422 1242 parerent
433 1221 441 1234 ‚
462 1211 575 1241 magnos
585 1200 730 1240 equitatus
741 1199 775 1229 ad
786 1209 819 1228 ea
829 1198 905 1228 bella
915 1218 922 1230 ‚
945 1207 1010 1237 quae
1030 1206 1094 1226 tum
1107 1197 1139 1225 in

181 1254 248 1274 toto
259 1244 331 1274 orbe
341 1253 483 1273 terrarum
497 1242 511 1271 a
521 1244 635 1281 populo
645 1243 738 1271 Rom.
754 1240 930 1281 gerebantur
941 1259 947 1271 ‚
963 1248 1079 1278 magnas
1090 1246 1139 1279 pe-

180 1287 278 1315 cuniam
288 1306 296 1320 ,
316 1285 351 1315 ad
361 1295 466 1314 eorum
480 1283 663 1324 stipendium
675 1303 682 1316 ,
704 1284 865 1311 maximam
873 1281 1010 1318 frumenti
1031 1289 1140 1309 nurne-

182 1338 262 1361 rum,
273 1327 308 1357 ad
320 1326 516 1366 Hispaniense
527 1325 641 1355 bellum
654 1323 856 1357 tolerandum,
869 1323 1033 1363 imperavit.
1043 1326 1060 1348 4
1068 1323 1140 1351 Haec

182 1371 236 1410 qui
246 1368 327 1410 geffit
337 1390 345 1402 ‚
367 1372 399 1398 in
408 1368 558 1407 judicium
571 1375 693 1397 vocatur
707 1377 712 1395 :
740 1376 794 1395 vos
805 1385 813 1399 ,
828 1367 881 1406 qui
891 1367 923 1394 in
933 1374 962 1393 re
974 1374 1038 1393 non
1047 1366 1142 1393 inter-

183 1411 281 1442 fuistis
293 1431 300 1444 ,
322 1410 439 1440 causam
452 1409 510 1439 unii
520 1419 590 1438 cum
601 1408 714 1448 populo
722 1410 865 1438 Romano
876 1406 1066 1447 cognoscitis.
1096 1404 1142 1434 di-

183 1452 381 1485 cumcontra,
392 1451 501 1492 quibus
510 1449 680 1488 invitissimis
690 1450 860 1491 imperatum
870 1447 927 1478 est:
945 1447 1051 1478 dicunt
1062 1467 1070 1480 ‚
1089 1447 1142 1487 qui

186 1505 227 1525 ex
246 1496 319 1536 agris
340 1497 400 1523 5ex
419 1496 465 1523 M.
477 1494 596 1522 Fonteii
607 1492 724 1521 decreto
734 1490 873 1521 decedere
884 1491 952 1520 sunt
961 1488 1055 1519 coaffl
1068 1499 1073 1517 :
1096 1488 1144 1518 di-

184 1546 268 1570 cunt,
281 1538 332 1577 qui
344 1545 381 1565 ex
392 1535 484 1567 bello,
503 1533 630 1566 caede,&
639 1532 671 1562 fu
694 1543 707 1562 a
718 1543 799 1563 nunc
806 1531 943 1572 primum
953 1531 1061 1561 audent
1069 1540 1144 1560 con-

185 1587 230 1608 tra
239 1581 282 1608 M.
294 1579 455 1616 Fonteium
465 1577 595 1605 inermem
608 1585 667 1605 con
681 1574 775 1604 istere.
798 1574 880 1616 Qid
900 1574 1004 1604 coloni
1024 1572 1144 1602 Narbo-

185 1620 312 1654 nenses?
329 1619 401 1660 quid
410 1618 540 1649 volunt?
562 1616 635 1658 quid
646 1616 839 1647 existimant?
858 1618 949 1646 Hunc
962 1625 1013 1655 per
1023 1624 1076 1644 vos
1088 1623 1144 1644 vo-

185 1662 253 1692 lunt
264 1674 272 1695 ;
285 1661 313 1692 se
323 1671 374 1701 per
382 1661 465 1690 hunc
474 1659 656 1689 incolumeis
667 1657 840 1689 existimant
850 1656 916 1687 effe.
948 1656 1029 1698 Qid
1041 1654 1144 1685 Malli-

185 1703 325 1734 liensium
345 1704 469 1733 civitas?
497 1703 577 1730 hunc
594 1701 770 1740 praesentem
791 1701 828 1729 iis
847 1698 946 1729 affecit
963 1697 1141 1731 honoribus,

188 1755 266 1786 quos
275 1745 377 1775 habuit
387 1741 585 1783 amplissimos
598 1753 603 1770 z
623 1752 677 1772 vos
686 1751 784 1773 autem
795 1741 897 1771 absens
909 1749 980 1773 orat,
991 1748 1078 1780 atque
1088 1739 1144 1769 ob-

188 1788 289 1820 secrat,
300 1796 332 1817 ut
341 1787 391 1816 sua
399 1786 505 1826 religio
517 1805 524 1818 ,
538 1783 667 1814 laudatio
677 1804 685 1817 ,
695 1783 851 1813 au&01‘itas
862 1803 871 1817 ‚
882 1781 994 1823 aliquid
1005 1781 1081 1822 apud
1092 1791 1143 1811 ve-

186 1828 263 1859 stros
281 1831 399 1858 animos
418 1828 570 1856 momenti
588 1824 720 1855 habuiss'e
729 1825 871 1855 videatur.
907 1823 988 1865 Qid
1000 1826 1010 1852 ?
1028 1825 1145 1854 civium

186 1872 400 1902 Romanorum
418 1879 483 1909 quae
502 1868 640 1897 voluntas
649 1866 711 1897 est?
729 1870 833 1897 Nemo
843 1865 885 1896 est
895 1876 932 1897 ex
942 1874 1024 1896 tanto
1033 1875 1107 1894 num
1114 1875 1144 1894 e-

186 1922 221 1942 ro
231 1932 239 1946 ‚
251 1914 324 1953 quin
335 1912 415 1940 hunc
428 1910 546 1950 optime
557 1909 593 1939 de
603 1911 756 1949 provincia
767 1929 776 1942 ,
791 1908 827 1938 de
837 1909 967 1948 imperio
979 1927 987 1941 ,
998 1907 1034 1937 de
1044 1907 1142 1940 sociis,

192 1954 224 1984 δε
241 1953 358 1984 civibus
375 1961 518 1982 meritum
528 1950 585 1981 esse
596 1951 759 1981 arbitretur.
795 1953 949 1992 Qioniarn
959 1951 1048 1990 igitur
1057 1948 1141 1978 vide-

186 1998 224 2026 tis
236 2017 244 2028 ,
258 1996 310 2036 qui
321 2002 528 2034 oppugnatum
539 1994 581 2022 M.
593 1993 698 2031 Fontej
704 2002 755 2021 um
767 2012 776 2025 ,
787 1992 968 2033 cognoscitis
976 1993 1029 2031 qui
1039 1990 1142 2020 defen-

185 2038 254 2068 sum
265 2037 378 2067 velint:
397 2035 512 2066 statuite
522 2045 616 2068 nunc,
627 2034 700 2074 quid
711 2033 804 2064 vestra
813 2034 939 2075 aeqtiitas,
956 2032 1027 2073 quid
1038 2032 1143 2072 populi

186 2081 322 2110 Romani
331 2078 457 2119 dignitas
465 2076 596 2116 postulet
607 2087 612 2105 :
637 2074 738 2105 utrum
748 2076 867 2106 colonis
877 2074 980 2104 vestris
992 2094 1000 2107 ,
1011 2075 1145 2115 negotia-

187 2121 302 2151 toribus
313 2119 416 2150 vestris
425 2139 434 2153 ‚
445 2116 631 2149 amicissimis
642 2137 649 2150 ‚
661 2126 747 2158 atque
757 2115 971 2158 antiquissimis
981 2117 1067 2146 sociis
1077 2136 1085 2149 ‚
1110 2116 1143 2145 δε

185 2163 316 2195 credere,
326 2162 359 2191 δε
368 2161 521 2191 consulere
533 2160 657 2190 malitis:
681 2169 717 2189 an
728 2161 776 2193 iis,
789 2159 897 2199 quibus
906 2168 1014 2198 neque,
1025 2166 1146 2197 propter

185 2204 369 2234 iracundiam
382 2223 390 2236 ‚
405 2202 492 2241 fidem
502 2214 511 2236 5
522 2211 619 2242 neque
631 2222 639 2234 ‚
652 2199 987 2240 propterinfidelitatem
999 2219 1007 2232 ,
1020 2201 1145 2228 honorem

186 2246 294 2276 habere
312 2245 435 2275 debetis.
468 2243 548 2284 Qid
561 2263 569 2277 ,
586 2241 606 2272 si
617 2244 763 2280 majorem
773 2243 938 2272 hominum
948 2243 1037 2271 etiarn
1050 2242 1144 2270 hone-

190 2285 390 2320 stissimorum
401 2287 518 2325 copiam
529 2283 621 2315 affero
632 2305 640 2317 ,
652 2285 702 2325 qui
714 2284 802 2323 hujus
815 2284 915 2314 virtuti
928 2302 936 2315 ,
955 2291 1040 2323 atque
1052 2285 1145 2311 inno—

188 2331 295 2360 centiae
314 2327 490 2358 testimonio
507 2325 619 2366 possint
637 2325 715 2356 effe?
742 2334 883 2356 tamenne
899 2324 966 2364 plus
986 2324 1144 2353 Gallorum

189 2368 346 2402 consensio
365 2369 491 2402 valebit,
511 2368 601 2409 quam
618 2368 745 2398 summat
763 2366 945 2397 :infirmitatis
959 2367 1145 2401 hominum?

190 2412 271 2444 Cum
282 2412 388 2442 Gallia:
397 2411 539 2449 Fontejus
549 2409 680 2450 praeess‘et
690 2429 698 2443 ‚
722 2409 801 2439 scitis
815 2428 823 2442 ,
840 2407 956 2447 judices
967 2426 975 2440 ‚
993 2408 1147 2437 maximos

188 2455 296 2495 populi
307 2456 400 2484 Rom.
412 2454 558 2483 exercitus
570 2454 601 2481 in
611 2451 722 2481 duabus
734 2451 896 2490 Hispaniis,
913 2446 1147 2488 clarifl'imosque

191 2499 384 2536 imperatores
397 2493 494 2524 fuiss'e.
527 2493 625 2534 Qarn
645 2493 734 2523 multi
752 2494 866 2533 equites
880 2492 1034 2523 Romani,
1056 2500 1147 2530 quam

192 2540 284 2567 multi
294 2537 407 2567 tribuni
418 2534 565 2569 rnilitum,
576 2536 687 2576 quales,
702 2535 733 2565 δε
743 2544 828 2575 quot,
843 2534 875 2563 &
889 2535 1006 2574 quOties
1015 2533 1101 2572 legati
1113 2530 1147 2561 ad

191 2589 243 2609 eos
256 2581 424 2609 exercitus?
439 2587 578 2618 pra-terea
588 2581 642 2607 Cn.
655 2577 816 2617 Pompeius
828 2578 991 2608 maximu5‚
1002 2582 1088 2614 atque
1099 2582 1148 2602 or-

191 2619 359 2651 natissimus
372 2622 516 2650 hiemavit
526 2622 557 2649 in
572 2620 669 2649 Gallia
681 2639 690 2652 ,
708 2621 751 2648 M.
765 2617 892 2657 Fontejo
905 2619 1076 2656 imperante.
1099 2618 1149 2645 Sa-

192 2663 270 2693 tisne
280 2662 368 2692 vobis
382 2662 495 2691 multos
506 2681 514 2695 ,
532 2662 597 2691 satis
608 2661 735 2692 idoneos
746 2659 831 2690 testes
841 2679 850 2694 ,
874 2659 906 2689 δε
918 2658 1053 2688 conscios
1064 2656 1148 2686 vide-

194 2713 242 2734 tur
252 2724 260 2738 ‚
281 2705 342 2743 ipsa
350 2703 469 2733 fortuna
478 2702 537 2733 effe
547 2701 674 2733 voluiss‘e
686 2712 787 2733 earum
797 2711 897 2732 rerum
909 2721 917 2734 ,
939 2710 1005 2741 quae
1015 2702 1059 2729 M.
1069 2701 1149 2728 Fon-

194 2746 257 2786 tejo
273 2754 398 2786 praetore
416 2754 586 2786 gererentur
600 2747 634 2775 in
654 2745 772 2775 Gallia?
793 2746 894 2784 Qem
906 2752 942 2772 ex
954 2751 1036 2772 tanto
1046 2742 1149 2771 homi-

1144 108 1710 162 'C1cssnonts‘

1182 204 1258 225 num
1269 204 1398 225 numero
1408 193 1555 225 testemin
1564 194 1617 224 hac
1625 193 1708 224 causa
1726 189 1888 233 producere
1907 191 2049 234 potestis?
2068 194 2137 237 quie

1180 235 1222 267 est
1241 246 1279 267 ex
1298 247 1336 266 eo
1353 246 1483 267 numero
1495 255 1504 269 ,
1523 237 1576 277 qui
1592 235 1681 266 vobis
1697 233 1942 274 anaor-placeat?
1961 247 1998 267 eo
2009 246 2065 267 nos
2072 239 2135 276 jam

1179 278 1335 312 laudatore,
1347 278 1381 312 (⁵9-
1391 276 1453 314 teste
1460 286 1590 308 utemur.
1615 276 1801 307 Dubitabitis
1813 278 1903 307 etiam
1912 277 2025 308 diutius
2036 299 2045 312 ,
2056 278 2136 316 judi-

1179 330 1238 353 ces,
1250 322 1325 361 quin
1334 319 1421 353 illud,
1431 318 1514 361 quod
1522 318 1612 349 initio
1623 318 1710 348 vobis
1720 317 1872 358 proposui,
1889 318 2079 350 veriss'imum
2090 318 2135 355 fit,

1180 362 1259 392 aliud
1271 372 1321 402 per
1331 362 1547 401 hocjudicium
1557 360 1635 390 nihil
1645 361 1691 400 agi
1703 380 1711 393 .
1732 358 1787 389 nisi
1805 368 1856 394 ut,
1878 362 1921 390 M.
1936 362 2063 401 Fonteio
2079 371 2134 402 op-

1181 402 1277 444 preffo
1288 424 1296 437 ,
1318 402 1500 434 testimoniis
1519 411 1623 432 eorum
1635 421 1643 435 ‚
1669 401 1777 442 quibus
1798 402 1893 432 multa
1914 402 2030 442 reipub.
2050 404 2135 436 causa

1182 444 1369 475 invitiss'imis
1379 446 1521 484 imperata
1530 443 1600 474 sunt
1608 464 1616 476 ‚
1637 443 1773 483 JZ‘gm'orcr
1779 441 1886 484 posthac
1898 444 1937 472 ad
1944 445 2137 486 imperandum

1182 487 1327 528 ceterisinr
1339 507 1347 519 ,
1368 485 1439 516 cum
1451 485 1572 515 videant
1583 495 1634 514 eos
1644 486 1830 525 oppugnari,
1853 485 1962 525 quibus
1980 485 2135 526 oppressis,

1181 530 1286 568 populi
1303 531 1395 559 Rom.
1409 529 1573 567 imperium
1582 527 1735 557 incolume
1746 524 1805 556 ess'e
1815 536 1878 556 non
1888 525 1999 566 poss'it?
2043 528 2136 568 Obje-
2151 535 2173 567 4

1182 569 1266 600 &um
1277 569 1319 600 est
1326 571 1419 600 etiam
1430 589 1438 603 ,
1458 568 1606 610 quaestum
1627 571 1671 598 M.
1685 569 1846 605 Fonteium
1855 578 1892 598 ex
1902 571 2019 599 viarum
2031 572 2139 600 muni-

1183 614 1268 642 tione
1276 609 1376 655 feci-ss'e
1393 621 1399 640 ε
1422 620 1455 640 ut
1463 619 1511 640 aut
1521 620 1557 640 ne
1566 618 1684 652 cogeret
1695 613 1814 639 munire
1826 629 1834 643 ,
1849 619 1899 640 aut
1907 610 1937 640 id
1947 630 1955 644 ‚
1973 610 2054 651 quod
2065 621 2139 642 mu-

1184 655 1284 684 nitum
1294 652 1366 683 esset
1376 673 1385 687 ,
1403 662 1440 682 ne
1452 652 1640 692 improbaret.
1673 651 1746 682 Si&
1755 651 1852 681 coaffi
1862 651 1929 682 sunt
1939 654 2057 683 munire
2067 663 2137 684 otn-

1184 705 1236 725 nes
1247 715 1256 729 ,
1278 695 1310 725 &
1321 695 1490 724 multorum
1500 703 1588 734 opera
1597 693 1765 733 improbata
1775 694 1855 723 sunt:
1882 693 1960 724 certe
1975 703 2138 736 utrumque

1182 736 1290 767 falsum
1302 736 1345 767 est
1356 757 1364 770 ‚
1382 737 1415 766 δε
1425 736 1465 766 ob
1475 737 1661 766 vacationem
1671 737 1802 774 pretium
1813 734 1926 769 datum,
1939 734 2011 765 cum
2021 737 2138 767 immu-

1184 781 1231 808 nis
1245 788 1338 808 nemo
1347 777 1437 808 fuerit
1450 788 1455 807 2
1467 778 1500 807 &
1510 777 1549 807 ob
1558 777 1782 817 probationem,
1793 774 1864 806 cum
1878 777 1974 807 multa
1985 778 2137 819 improba-

1183 829 1211 850 ta
1230 818 1295 850 sint.
1330 819 1411 861 Qid
1423 839 1432 852 ‚
1453 817 1474 849 fi.
1493 819 1550 849 hoc
1559 821 1675 849 crimen
1684 820 1808 859 optimis
1818 819 1995 849 nominibus
2006 820 2140 862 delegare

1184 860 1330 902 possimus
1344 882 1352 894 ,
1364 864 1396 891 ὀί
1409 863 1459 895 ita,
1471 870 1503 891 ut
1512 871 1577 890 non
1585 861 1701 900 culpam
1711 863 1744 890 in
1755 861 1830 890 alios
1841 860 2048 891 transferamus
2059 882 2068 896 ‚
2088 862 2138 893 sed

1186 905 1229 933 uti
1240 903 1399 933 doceamus
1411 924 1418 936 ,
1434 913 1484 933 eos
1493 901 1542 933 isti
1553 904 1719 932 munitioni
1727 901 1874 942 praefuiffe
1885 921 1893 936 ‚
1910 904 1961 943 qui
1969 902 2056 933 facile
2068 901 2139 933 offi-

1185 947 1269 975 cium
1280 945 1364 974 suum
1378 945 1410 974 ὃς
1421 943 1553 984 praestare
1563 964 1571 978 ‚
1592 944 1625 974 &
1635 944 1758 984 probare
1767 942 1907 984 possunt?
1926 953 2066 974 tamenne
2083 955 2141 975 vos

1187 988 1292 1017 omnia
1302 988 1333 1016 in
1344 989 1387 1016 M.
1402 987 1658 1026 Fomejumstwm
1667 984 2025 1023 testibusfteti‚conseretis
2035 990 2047 1016 ἓ
2057 985 2138 1017 Cum

1186 1028 1352 1067 majoribus
1371 1028 1485 1068 reipub.
1504 1030 1633 1069 negotiis
1650 1030 1694 1057 M.
1707 1028 1849 1067 Fontejus
1866 1026 2080 1067 impediretur,
2105 1028 2140 1060 δε

1185 1069 1256 1100 cum
1268 1070 1302 1100 ad
1313 1070 1460 1110 rempubl.
1470 1072 1631 1109 pertineret
1643 1090 1651 1104 ‚
1666 1072 1746 1100 viam
1757 1070 1928 1099 Domitiam
1939 1071 2058 1100 munire
2068 1091 2078 1104 ,
2097 1070 2141 1100 le-

1183 1114 1256 1154 gatis
1269 1112 1339 1144 suis,
1350 1113 1498 1152 primariis
1507 1114 1591 1144 viris,
1604 1114 1636 1141 C.
1650 1113 1753 1141 Annio
1766 1111 1911 1144 Bellieno,
1924 1111 1957 1140 &
1967 1113 1998 1141 C.
2011 1112 2139 1150 Fontejo

1184 1155 1341 1194 negotium
1351 1153 1441 1184 dedit.
1464 1155 1562 1193 itaque
1573 1152 1769 1192 praefuerunt:
1788 1154 2011 1192 imperaverunt
2024 1163 2079 1193 pro
2092 1153 2141 1184 di—
2159 1173 2169 1176 f

1186 1203 1298 1236 gnitate
1308 1195 1357 1225 sua
1368 1214 1376 1228 ‚
1387 1193 1469 1235 quod
1479 1195 1579 1224 visum
1590 1194 1632 1224 est
1642 1215 1649 1227 ‚
1663 1195 1696 1224 δε
1705 1194 1915 1234 probaverunt.
1938 1194 2020 1234 quod
2031 1205 2084 1225 vos
2097 1216 2105 1229 ,
2117 1193 2139 1226 fi

1186 1237 1268 1266 nulla
1275 1237 1330 1267 alia
1339 1247 1377 1266 ex
1386 1247 1426 1270 re,
1438 1246 1476 1266 ex
1488 1236 1580 1266 literis
1589 1235 1713 1276 quidem
1726 1234 1839 1268 vestris,
1850 1246 1922 1276 quas
1933 1235 2092 1276 scripsistis,
2103 1237 2140 1268 δε

1188 1277 1283 1308 miffis
1292 1299 1301 1312 ,
1324 1278 1356 1309 &
1369 1278 1463 1308 allatis
1472 1277 1549 1307 certe
1561 1277 1633 1307 scire
1644 1276 1792 1317 potuistis.
1815 1287 1885 1317 quas
1896 1276 1916 1306 si
1927 1287 2009 1308 antea
2020 1288 2084 1309 non
2094 1279 2137 1309 le-

1185 1320 1278 1361 gistis,
1293 1330 1376 1365 nune
1386 1330 1424 1350 ex
1436 1319 1525 1349 nobis
1536 1339 1543 1353 ,
1556 1319 1628 1360 quid
1638 1320 1673 1349 de
1683 1321 1721 1349 iis
1728 1318 1816 1348 rebus
1827 1319 1969 1359 Fontejus
1979 1319 2015 1350 ad
2027 1320 2140 1361 legatos

1187 1363 1255 1392 suos
1266 1361 1429 1402 scripserit,
1452 1360 1525 1402 quid
1535 1361 1570 1391 ad
1581 1371 1651 1391 eum
1662 1361 1708 1390 illi
1718 1360 1933 1400 rescripserint,
1953 1363 2136 1403 cognoscite.

1187 1405 1332 1433 erEnAE
1353 1412 1398 1433 An
1414 1406 1446 1434 C.
1462 1406 1610 1433 ANNIUM
1628 1412 1702 1432 LEG.
1730 1412 1775 1432 An
1803 1405 1834 1432 C.
1854 1404 2034 1441 FomJuM
2061 1413 2140 1433 Lao.

1188 1447 1331 1476 ωτι-,ΗΕ
1361 1454 1384 1474 A
1409 1448 1441 1476 C.
1461 1447 1574 1475 ANN10
1592 1454 1668 1474 LEG.
1691 1454 1711 1474 A
1735 1446 1767 1474 C.
1790 1447 1934 1482 FourEJo
1961 1455 2035 1475 LEG.
2067 1447 2142 1476 Satis

1188 1485 1365 1527 opinoreffe
1374 1487 1562 1528 perspicuum
1574 1506 1582 1519 ,
1591 1486 1704 1525 judices
1717 1507 1724 1519 ,
1745 1487 1821 1516 hanc
1830 1488 1978 1516 rationem
1991 1489 2140 1517 munitio-

1189 1532 1236 1559 nis
1247 1549 1256 1563 ,
1268 1539 1365 1570 neque
1374 1529 1409 1559 ad
1422 1531 1465 1558 M.
1477 1528 1638 1567 Fontejum
1649 1530 1795 1568 pertinere
1807 1547 1815 1561 ‚
1834 1528 1866 1557 δε
1875 1528 1911 1558 ab
1922 1530 1959 1558 iis
1969 1527 2026 1558 effe
2036 1528 2140 1559 traeta-

1190 1580 1262 1604 tam,
1273 1581 1349 1612 quos
1360 1580 1453 1600 nemo
1464 1567 1554 1611 poffit
1564 1569 1788 1610 reprehendere.
1833 1570 2010 1611 Cognoscite
2020 1581 2100 1602 nunc
2109 1570 2141 1600 de
2155 1577 2176 1608 5

1188 1613 1301 1642 crimine
1318 1613 1430 1642 vinario
1442 1633 1450 1646 ‚
1469 1611 1551 1653 quod
1562 1612 1606 1641 illi
1618 1609 1883 1642 invidiosissimum
1895 1631 1903 1645 ,
1924 1612 1957 1641 δε
1967 1614 2142 1643 maximum

1189 1653 1246 1685 esse
1255 1656 1426 1685 voluerunt.
1450 1656 1573 1684 Crimen
1583 1653 1598 1683 a
1606 1654 1746 1687 Pletorio',
1753 1653 1880 1693 judices,
1891 1655 1931 1684 ita
1943 1653 2143 1685 constitutum

1189 1696 1231 1727 est
1244 1707 1249 1726 :
1274 1696 1401 1736 Fonteio
1415 1706 1477 1726 non
1490 1698 1522 1725 in
1532 1695 1630 1726 Gallia
1637 1694 1773 1735 primum
1781 1693 1894 1725 venisse
1904 1697 1936 1725 in
1947 1705 2094 1729 mentem,
2110 1703 2145 1726 ut

1188 1740 1357 1779 portorium
1366 1740 1431 1769 vini
1441 1737 1624 1771 institueret,
1642 1737 1691 1767 sed
1700 1738 1752 1767 hac
1765 1739 1796 1766 in
1808 1737 1891 1767 Italia
1899 1736 2045 1777 proposita
2052 1739 2144 1768 ratio-

1190 1791 1227 1810 ne
1238 1800 1246 1814 ,
1263 1783 1363 1811 Roma
1370 1778 1551 1820 proredium.
1574 1781 1675 1820 Itaque
1688 1780 1845 1808 Titurium
1855 1779 1977 1809 Tolosae
1986 1787 2144 1819 quaternos

1189 1822 1327 1852 denarios
1338 1823 1372 1851 in
1382 1820 1509 1862 singulas
1518 1822 1582 1851 vini
1592 1821 1750 1861 amphoras
1765 1821 1884 1862 portorii
1905 1822 2014 1850 nomine
2029 1821 2146 1863 exegis-

1191 1865 1218 1894 se
1230 1876 1235 1893 ;
1259 1863 1393 1894 Croduni
1412 1865 1551 1894 Porcium
1563 1882 1571 1896 ‚
1602 1863 1634 1893 ὃς
1660 1864 1813 1892 Numium
1839 1871 1938 1892 ternos
1956 1861 2141 1893 vietor-imos.

1190 1907 1377 1936 Vulchalone
1396 1908 1547 1935 servaeum
1565 1904 1656 1934 binos
1673 1914 1726 1933 u-s
1745 1923 1753 1938 ‚
1787 1904 1820 1933 &
1846 1902 2020 1934 vi&oriatos
2047 1905 2143 1934 mille.

1189 1957 1275 1989 atque
1294 1949 1327 1978 in
1346 1948 1391 1976 his
1410 1947 1485 1977 locis
1502 1950 1653 1976 Servaeum
1664 1945 1797 1976 Croduni
1811 1945 1843 1975 δε
1854 1946 2041 1976 Vulchalone
2051 1946 2087 1976 ab
2097 1947 2146 1976 his

1187 1991 1358 2030 portorium
1377 1987 1436 2018 csse
1454 1987 1595 2018 exatSth
1614 2008 1623 2022 ,
1646 1986 1666 2017 si
1695 1990 1747 2028 qui
1772 1987 1975 2018 Cobiamacho
1994 2007 2002 2022 ‚
2025 1989 2078 2028 qui
2098 1990 2146 2018 vi-

1188 2042 1239 2063 cus
1251 2033 1327 2061 inter
1337 2030 1483 2061 Tolosam
1493 2050 1501 2062 ,
1526 2030 1559 2060 &
1570 2029 1747 2060 Narbonem
1757 2028 1798 2059 est
1808 2049 1817 2062 ,
1843 2029 2081 2063 deverterentur‚
2093 2039 2146 2059 ne-

1189 2084 1246 2115 que
1264 2073 1409 2103 Tolosam
1429 2074 1471 2101 ire
1485 2072 1608 2101 vellent.
1632 2069 1816 2102 Elesiodolus
1827 2069 1944 2100 tantum
1957 2072 2041 2101 senos
2052 2071 2144 2101 dena-

1190 2119 1249 2146 rios
1259 2115 1294 2145 ab
1303 2116 1350 2144 his
1362 2135 1369 2147 ‚
1382 2115 1434 2154 qui
1445 2113 1483 2142 ad
1490 2112 1588 2149 hostem
1597 2121 1749 2153 portarent
1759 2132 1767 2145 ,
1782 2110 1934 2152 exegisset.
1965 2112 2062 2142 Video
2074 2133 2082 2145 ,
2096 2114 2144 2151 ju-

1190 2158 1270 2187 dices
1280 2177 1288 2190 ,
1317 2154 1374 2186 esse
1398 2157 1512 2185 crimen
1525 2176 1532 2188 ,
1566 2155 1598 2184 δε
1631 2164 1736 2195 genere
1754 2154 1818 2192 ipso
1835 2163 1992 2195 magnum.
2021 2153 2147 2195 veCldgal

1191 2201 1274 2229 enim
1292 2197 1349 2227 effe
1368 2196 1542 2236 impositum
1560 2195 1694 2237 frugibus
1712 2194 1820 2224 nostris
1843 2194 1952 2224 dicitur
1972 2205 1977 2224 t
2001 2195 2034 2225 &
2057 2205 2148 2236 pecu-

1191 2242 1273 2270 niam
1284 2248 1476 2280 permagnam
1487 2237 1539 2267 ista
1559 2240 1671 2267 ratione
1691 2239 1757 2277 cogi
1775 2234 1903 2276 potuisse
1922 2235 2088 2271 confiteor,
2114 2237 2147 2268 δε

1192 2283 1349 2311 invidiam.
1382 2280 1439 2310 Vel
1458 2278 1595 2308 maxime
1612 2288 1697 2308 enim
1708 2279 1827 2307 inimici
1838 2279 1914 2308 hanc
1924 2288 1988 2308 rem
1999 2279 2148 2309 sermoni-

1193 2324 1247 2353 bus
1258 2322 1409 2363 divulgare
1421 2321 1591 2351 voluerunt.
1603 2320 1659 2350 Sed
1670 2330 1724 2361 ego
1735 2322 1774 2349 ita
1783 2319 1938 2353 existimo,
1958 2329 2025 2360 Qo
2041 2330 2147 2359 MAJUS

1193 2367 1308 2394 crimen
1327 2362 1359 2393 sit
1376 2363 1405 2392 id
1419 2383 1427 2396 ‚
1449 2362 1529 2402 quod
1538 2361 1709 2392 ostendatur
1718 2359 1775 2391 ess'e
1785 2360 1892 2391 falsum
1903 2381 1912 2395 ‚
1932 2363 1990 2392 hoc
1999 2363 2147 2402 majorem

1193 2405 1228 2436 ab
1238 2415 1275 2435 eo
1294 2406 1435 2439 iniuriam
1456 2403 1518 2433 fieri
1532 2424 1540 2437 ‚
1558 2406 1610 2444 qui
1631 2403 1662 2433 id
1678 2402 1839 2443 confingat.
1863 2404 1928 2433 vult
1936 2406 2021 2433 enim
2031 2405 2147 2445 magni-

1194 2447 1297 2477 tudine
1308 2449 1349 2475 rei
1362 2445 1396 2476 sic
1407 2455 1552 2485 occupare
1561 2447 1680 2476 animos
1689 2455 1806 2478 eorum,
1817 2445 2013 2485 quiaudiunt‚
2026 2454 2058 2476 ut
2068 2443 2148 2476 diffi-

1193 2490 1259 2519 cilis
1270 2488 1366 2518 aditus
1380 2489 1495 2518 veritati
1504 2488 1703 2528 relinquatur.

1238 2552 1340 2581 Omnia
1354 2552 1386 2581 de
1399 2552 1513 2581 crimine
1522 2551 1635 2580 ’vinario
1648 2571 1656 2583 ,
1678 2550 1708 2580 de
1722 2549 1783 2580 §ello
1792 2550 1986 2580 Vocontiorum
1996 2569 2004 2584 ‚
2025 2549 2056 2579 de
2065 2548 2150 2589 dispo-

1191 2594 1292 2636 sitione
1301 2593 1487 2624 szcrnornm
1496 2593 1691 2635 defideranrur.

1242 2661 1280 2688 At
1299 2659 1356 2687 hoc
1366 2657 1446 2687 Galli
1456 2664 1575 2699 negant.
1597 2654 1612 2676 ⁶
1631 2658 1670 2686 At
1679 2657 1752 2685 ratio
1761 2665 1859 2685 rerum
1872 2675 1881 2689 ,
1894 2655 1926 2686 δε
1937 2656 1983 2685 vis
1992 2663 2148 2697 argumen-
2163 2651 2184 2686 6

1200 2708 1300 2730 torum
1320 2701 1463 2740 coarguit.
1487 2697 1585 2729 Potest
1595 2700 1688 2739 igitur
1696 2696 1818 2736 testibus
1830 2697 1920 2734 iudex
1938 2707 2003 2727 non
2012 2696 2150 2727 credere?

1196 2742 1320 2782 Cupidis
1330 2761 1338 2776 ,
1354 2742 1477 2772 &iratis
1488 2761 1497 2775 ‚
1519 2741 1551 2771 &
1561 2741 1721 2780 conjuratis
1732 2759 1740 2772 ‚
1763 2739 1795 2769 &
1805 2739 1841 2770 ab
1853 2739 1998 2780 religione
2015 2739 2151 2772 remotis,

2100 2789 2153 2809 non

233 2871 257 2888 i.
278 2865 318 2888 Ex
326 2869 369 2888 toto
378 2862 567 2896 negotiatorum]
582 2862 645 2890 Non
658 2861 726 2888 male
737 2860 899 2887 Gulielmius
910 2859 987 2886 litera
996 2856 1127 2885 subtr-aeia
1140 2876 1147 2889 ‚

194 2908 224 2927 er
233 2906 264 2924 tot
274 2906 448 2931 neguitiam-mn.

232 2943 259 2965 2„
280 2937 438 2968 Ditionemqm·
454 2933 610 2968 ceciderunt]
630 2934 694 2960 Nou
714 2932 836 2970 displicet
848 2952 855 2966 ,
878 2930 950 2969 quod
968 2931 1003 2957 est
1022 2930 1049 2957 in
1062 2928 1148 2956 Palat.

194 2971 337 2996 reciderunt.

235 3014 261 3042 3.
279 3007 362 3038 'Populo
372 3009 471 3031 Romano
480 3006 547 3031 coriis
556 3006 665 3040 rcmifipte
675 3005 870 3040 caninanfizrcm]
882 3006 894 3032 Ι
898 3012 923 3032 ta
932 3004 1062 3031 editiones
1075 3011 1104 3028 ve
1109 3009 1148 3028 te-

196 3051 237 3070 res
249 3062 256 3074 ‚
277 3042 324 3068 nisi
335 3041 405 3077 quod
416 3041 432 3067 ii
443 3040 542 3067 duabus
553 3041 638 3067 literis
652 3050 704 3075 pop.
715 3046 778 3068 Rom.
796 3043 861 3068 item
873 3044 949 3074 copim.
969 3037 1072 3067 atillud
1084 3038 1150 3064 coriis

195 3078 230 3105 est
242 3079 256 3104 :i
269 3077 325 3104 Pal.
336 3078 376 3103 cui
389 3079 403 3103 ἐι
414 3078 497 3112 prima
508 3086 584 3103 manu
596 3079 676 3103 eorm:
689 3098 696 3109 ,
709 3079 834 3105 nimirum
847 3077 958 3104 Maffilia
968 3077 1038 3103 coria
1051 3073 1148 3101 remos-

193 3123 246 3150 que
256 3113 429 3150 suppeditavit
440 3113 567 3139 Romanis
579 3133 587 3144 ‚
598 3113 660 3148 quid
672 3114 785 3151 planius.
806 3122 832 3144 at
843 3113 906 3151 quid
915 3113 1035 3143 insulsius
1045 3111 1147 3149 pridem

199 3160 208 3176 ν
216 3150 311 3186 ÷=¹getis
324 3151 372 3178 ?‘.P.
383 3153 413 3176 R.
424 3150 490 3183 copiis
500 3150 626 3185 armisque.

1229 2864 1257 2889 4.
1278 2861 1329 2882 Haec
1337 2856 1472 2890 ‹quiggffitj
1494 2855 1539 2881 Pal
1547 2876 1552 2881 .
1564 2855 1590 2881 ὃς
1602 2854 1667 2881 olim
1677 2854 1728 2881 cusi
1740 2873 1748 2886 ‚
1766 2858 1791 2881 Is
1801 2857 1919 2890 quigeffi't.
1939 2853 2018 2880 Nihil
2027 2853 2151 2889 inquina-

1194 2893 1246 2919 tius
1260 2892 1305 2918 hac
1316 2893 1447 2918 oratioue.

1232 2937 1257 2962 5.
1279 2932 1318 2954 Ex
1327 2932 1366 2954 M.
1378 2929 1467 2964 Fonroji
1476 2927 1591 2960 decreto]
1611 2926 1653 2951 Sic
1663 2925 1740 2952 hodie
1751 2926 1864 2961 legimus
1877 2945 1885 2957 ,
1905 2925 1947 2952 sed
1958 2925 1990 2952 de
2000 2923 2151 2956 conieEhim

1195 2965 1352 2991 Hotomani.
1375 2964 1434 2990 libri
1454 2964 1550 2999 quippe
1568 2961 1633 2988 editi
1654 2962 1719 2988 olim
1730 2963 1757 2988 &
1769 2961 1827 2988 mss‘.
1846 2972 1875 2988 ex
1885 2965 1930 2988 Gn.
1941 2965 2041 2996 Pompejl
2055 2962 2151 2987 decreto-

1192 2999 1263 3041 quod
1275 3009 1321 3027 cur
1330 2999 1478 3027 delevimus
1490 3001 1499 3027 ἓ
1518 3001 1585 3026 Sane
1596 2998 1690 3025 Siculis
1708 2998 1817 3025 :idfuiss‘e
1830 3017 1838 3030 ‚
1857 2998 1943 3035 liquet
1962 3007 1995 3025 ex
2006 2997 2149 3025 Maniliana

1192 3047 1220 3064 ca
1239 3044 1275 3064 ite
1290 3045 1332 3063 ιο.

1221 3047 1255 3099 Ξ.
1275 3076 1324 3100 (At
1342 3075 1402 3098 ratio
1421 3080 1499 3098 rerum
1511 3071 1578 3106 (Cy-c]
1601 3072 1710 3097 Secutus
1721 3070 1775 3097 sum
1788 3070 1882 3097 Fae'rui
1894 3069 2007 3096 libi-osne
2016 3078 2047 3097 an
2059 3066 2147 3101 conje-

1194 3108 1281 3136 &uras
1293 3107 1378 3135 „estio
1390 3119 1395 3135 :
1413 3108 1485 3138 nitor
1495 3108 1565 3137 enim
1576 3107 1629 3136 fide
1638 3106 1760 3136 Lambini
1774 3126 1782 3140 ‚
1793 3105 1931 3135 destitutuz
1943 3105 2040 3133 scilicet
2051 3103 2147 3131 c‘ditio-

1168 3135 1177 3173 ἱ
1196 3155 1228 3174 ne
1238 3146 1393 3175 Fae'nnana.

2036 3184 2047 3203 1
2057 3195 2060 3201 .
2072 3174 2151 3207 Cenje-
