2295 3400
157 112 255 161 260
595 110 1093 159 M.Tu1.1.11

155 195 258 227 fallere
269 216 276 229 ‚
291 203 387 235 neque
396 192 459 225 dies
469 191 505 223 de
514 191 596 223 fastis
606 195 749 223 eximere.
773 193 852 223 nihil
864 190 931 224 sane
942 190 1023 222 vafre
1038 211 1046 224 ,
1064 199 1120 221 nec

159 238 308 268 malitiose
318 236 412 266 facere
422 244 546 266 conatus
556 235 599 265 est
611 245 616 264 t
632 235 680 265 sed
691 255 699 268 ‚
712 244 744 265 ut
754 234 849 265 studia
860 255 867 268 ‚
888 233 1121 274 cupiditatesque

158 281 324 311 honorum,
336 287 423 319 atque
434 277 599 306 ambitiones
615 280 623 295 ¹
635 287 670 305 ex
683 275 808 306 omnibus
824 274 993 305 civitatibus
1003 275 1119 308 roderet,

158 331 225 363 quae
236 331 280 351 res
290 324 304 339 '-
314 318 480 350 evertendae
491 320 565 359 reip.
577 319 673 348 solent
682 316 752 351 esse,
761 317 966 350 ostendit‚sese
977 319 1011 346 in
1020 317 1124 346 omni-

157 363 214 394 bus
224 362 394 394 civitatibus
403 360 540 391 censores
551 358 608 390 esse
618 359 779 390 fadsurum.
795 362 897 390 Tanto
908 367 1040 388 mercatu
1048 368 1122 398 prae-

158 407 234 435 toris
244 402 360 434 indieto
369 423 377 435 ‚
396 403 583 432 concurritur
592 402 726 442 undique
735 402 770 432 ad
781 401 871 431 istum
882 401 1044 441 Syracusas.
1069 398 1121 430 fla-

158 447 258 488 grabat
268 445 378 475 domus
389 453 450 474 tota
457 445 593 484 praetoria
603 443 702 474 studio
710 444 887 477 hominum,
900 443 932 472 &
941 443 1007 482 cupi
1014 441 1104 472 ditate
1116 452 1122 470 1

157 498 217 518 nec
233 489 345 517 mirum
356 506 364 520 ‚
383 486 528 515 omnibus
548 487 682 515 comitiis
697 494 742 515 tot
751 487 909 516 civitatum
920 494 1013 515 unam
1025 486 1057 513 in
1068 483 1123 513 do-

160 539 250 559 mum
269 529 412 559 ievocatis
424 547 432 561 ‚
456 536 592 568 tantaque
612 527 781 557 ambitione
800 528 965 567 provinciae
989 527 1081 556 totius
1095 526 1123 554 in

158 582 214 601 amo
226 569 352 600 cubiculo
364 569 484 599 inclusa.
516 567 678 610 Exquisitis
687 568 784 609 palam
796 570 898 609 pretiis
911 589 919 601 ‚
940 568 973 598 δε
982 568 1122 597 licitatio-

159 613 251 643 nibus
259 611 346 642 fastis
355 611 536 642 describebat
544 611 680 642 censores
690 611 779 640 binos
788 613 821 640 in
841 609 968 651 singulas
988 611 1122 639 civitates

160 653 381 686 Timarchides.
409 655 438 683 Is
450 653 503 683 suo
513 653 613 683 labore
625 673 633 686 ,
655 653 771 694 suisque
782 650 993 682 acceffionibus
1004 671 1012 684 ,
1034 651 1085 689 huj
1091 660 1123 679 us

159 697 276 736 negotii
288 704 374 736 atque
388 699 399 722 3
411 696 508 734 operis
518 693 657 725 molestia
667 694 904 735 consequebatur
915 713 923 727 ,
945 702 977 723 ut
986 693 1021 723 ad
1031 691 1123 722 istum

158 737 221 769 sine
231 738 292 768 ulla
302 737 504 767 sollicitudine
516 756 524 770 ‚
538 737 655 776 summa
663 737 782 779 pecunia
797 735 964 766 referretur.
993 736 1061 775 Jam
1077 735 1125 764 hic

159 779 371 811 Timarchides
389 787 532 819 quantam
550 781 711 819 pecuniam
729 777 850 811 fecerit,
870 776 957 817 plane
967 777 1063 806 adhuc
1073 786 1124 805 co-

158 822 301 862 gnoscere
312 831 376 850 non
385 819 522 860 potuistis
535 830 541 849 :
557 828 768 851 verumtamen
777 821 874 860 priore
884 818 1003 849 aditione
1015 837 1022 850 ⁷
1033 818 1124 858 quim

161 864 244 894 varie
255 883 264 897 ,
286 862 377 904 qulam
397 861 537 902 improbe
557 862 702 903 praedatus
720 860 791 892 esset
803 881 811 894 ,
835 861 1002 891 multorum
1024 869 1062 889 ex
1082 868 1125 888 te-

103 901 318 940 54‘stimoniis
335 903 529 944 cognovistis.
573 903 628 934 Sed
642 923 650 937 ,
675 913 713 933 ne
731 904 887 932 miremini
907 922 916 935 ‚
939 912 996 942 qua
1013 903 1126 930 ratione

165 948 216 977 hic
232 955 349 977 tantum
366 945 443 986 apud
462 945 554 975 istum
572 944 687 974 libertus
704 946 853 985 potuerit3
876 953 1028 984 exponam
1038 943 1126 972 vobis

164 988 314 1021 breviter,
338 988 410 1029 quid
420 989 557 1017 hominis
566 985 617 1021 sit3
639 995 673 1016 ut
682 985 808 1016 &istius
819 988 982 1026 nequitiam
993 1004 1002 1018 ,
1019 986 1071 1025 qui
1089 984 1126 1013 il-

167 1030 234 1060 lum
263 1031 361 1060 fiscum
388 1029 523 1060 habuerit
539 1048 548 1062 ‚
572 1038 609 1058 eo
625 1028 786 1068 praesertim
804 1037 933 1057 numero
951 1047 960 1060 ,
984 1037 1016 1056 ac
1035 1027 1104 1055 loco
1119 1037 1128 1060 3

165 1073 205 1102 ὃς
223 1072 420 1102 calamitatem
435 1072 597 1110 provinciae
610 1070 803 1110 cognoscatis.
826 1072 863 1098 In
879 1070 1044 1098 mulierum
1061 1077 1127 1097 cor-

169 1114 292 1153 ruptelis
304 1133 311 1146 ,
326 1113 359 1143 &
369 1115 402 1142 in
412 1114 499 1142 omni
509 1111 660 1149 ejusmodi
670 1112 787 1141 luxuria
796 1131 805 1144 ,
827 1119 913 1151 atque
925 1111 1058 1150 nequitia
1068 1112 1128 1138 rni-

162 1155 292 1186 1andum
303 1157 334 1184 in
347 1154 476 1184 modum
484 1153 668 1193 reperiebam
678 1152 989 1183 huncTimarchidem
999 1151 1034 1182 ad
1045 1150 1130 1181 istius

168 1196 326 1238 flagitiosas
337 1196 477 1225 libidines
488 1215 497 1229 ‚
519 1193 754 1236 singularemque
763 1196 931 1234 nequitiam
941 1201 1046 1223 natum
1058 1213 1066 1227 ‚
1087 1201 1130 1222 at-

165 1249 225 1280 que
235 1247 337 1278 aptum
348 1235 435 1267 fuisse
451 1248 456 1266 :
476 1235 659 1277 investigare,
675 1237 770 1269 adire,
787 1236 936 1277 appellare,
952 1243 1129 1273 corrumpere,

167 1279 289 1321 quidvis
300 1279 394 1309 facere
404 1281 437 1308 in
447 1279 597 1319 ejusmodi
608 1278 694 1308 rebus
704 1298 711 1311 ,
731 1279 870 1318 quamvis
880 1276 988 1307 callide
999 1297 1007 1310 ‚
1022 1273 1130 1317 qu'am-

168 1324 217 1352 vis
226 1321 379 1354 audaeser,
394 1322 532 1362 quamvis
543 1320 750 1360 impudenter:
764 1318 896 1350 eundem
907 1321 982 1348 mira
991 1318 1127 1359 quaedam
1151 1328 1153 1339 ⁴

170 1365 340 1404 excogitare
354 1372 459 1403 genera
477 1362 605 1392 furandi.
637 1371 708 1392 nam
722 1361 821 1401 ipsum
837 1363 961 1390 Verrem
978 1381 986 1394 ,
1011 1359 1130 1390 tantum

167 1407 293 1435 avaritia
312 1405 428 1444 semper
444 1405 562 1437 hiante,
579 1412 666 1444 atque
682 1404 860 1433 imminenti
878 1400 985 1436 fuisse3
1008 1403 1131 1443 ingenio

168 1448 208 1478 ὃ(
217 1448 399 1488 cogitatione
410 1446 494 1476 nulla
505 1457 510 1474 :
526 1454 568 1479 ut,
579 1445 727 1486 quidquid
738 1445 786 1475 sua
797 1445 902 1484 sponte
910 1443 1045 1477 faciebat,
1056 1447 1131 1473 item

168 1498 204 1519 ωε
213 1498 268 1518 vos
279 1491 388 1518 Romae
396 1486 580 1529 cognovistis
592 1507 600 1521 ‚
615 1488 714 1528 eripere
722 1487 834 1526 potius,
845 1496 935 1527 quam
940 1486 1038 1525 fallere
1047 1485 1132 1514 vide-

168 1539 261 1563 retur.
287 1533 358 1560 Haec
368 1528 440 1560 verb
454 1530 543 1568 hujus
556 1537 615 1559 erat
629 1539 673 1558 ars
684 1549 692 1562 ‚
710 1529 742 1558 &
752 1528 866 1558 malitia
876 1527 1010 1558 miranda
1021 1547 1030 1561 ‚
1048 1526 1130 1567 quod

169 1570 336 1603 acutissime
357 1581 417 1601 tota
435 1572 592 1611 provincia
604 1591 612 1604 ‚
625 1570 723 1611 4quid
742 1571 850 1610 cuique
868 1567 1036 1601 accidisset,
1056 1568 1129 1609 quid

168 1615 279 1654 cuique
292 1611 362 1643 esset
372 1612 486 1643 necesse
498 1633 506 1646 ,
522 1612 657 1652 indagare
668 1612 700 1641 &
709 1611 827 1641 odorari
839 1611 967 1641 solebat:
981 1614 996 1638 5
1005 1612 1131 1639 omnium

168 1655 344 1695 adverfhrios
352 1675 360 1688 ,
376 1656 501 1684 omnium
511 1654 637 1683 inimicos
646 1653 807 1694 diligenter
815 1653 992 1693 cognoscere
1003 1672 1012 1685 ,
1034 1652 1132 1682 collo-

170 1699 224 1739 qui
236 1717 246 1730 ,
260 1706 398 1727 attentare
411 1707 416 1726 :
431 1706 468 1726 ex
480 1706 600 1737 utraque
611 1705 689 1735 parte
702 1695 799 1725 causas
811 1715 819 1727 ‚
837 1695 1007 1724 voluntates
1020 1694 1133 1733 perspi-

169 1749 236 1770 cere
247 1759 254 1772 ,
267 1738 419 1768 facultates
430 1739 462 1767 &
471 1740 571 1777 copias
584 1748 588 1765 :
603 1737 712 1778 quibus
723 1746 797 1776 opus
807 1734 888 1768 esset,
904 1744 1011 1765 metum
1021 1734 1131 1765 afferre:

169 1780 279 1822 quibus
290 1782 452 1820 expediret,
463 1780 539 1819 spem
546 1778 702 1809 ostendere
714 1789 719 1807 z
733 1778 946 1811 accusatorum,
962 1778 995 1807 &
1005 1777 1134 1818 quadru-

169 1823 321 1864 platorum
333 1821 479 1863 quidquid
489 1830 547 1850 erat
558 1840 566 1854 ‚
579 1820 704 1850 habebat
717 1822 749 1849 in
759 1819 900 1860 potestate
914 1830 918 1848 :
933 1819 1015 1860 quod
1025 1821 1133 1859 cuique

168 1866 288 1904 negotii
299 1862 429 1894 conflare
439 1862 660 1896 volebat‚nullo
669 1861 769 1891 labore
780 1861 905 1891 faciebat
917 1873 922 1890 2
934 1861 1019 1891 istius
1030 1862 1135 1890 omnia

169 1907 287 1936 decreta
297 1925 305 1939 ,
320 1906 446 1944 imperia
456 1925 463 1938 ,
485 1905 595 1934 litteras
608 1901 781 1943 peritissime
793 1924 802 1936 ,
819 1904 851 1933 δε
864 1902 1051 1932 callidissime
1066 1913 1135 1931 ven-

169 1946 297 1976 affabar.
322 1950 365 1977 Ac
375 1956 439 1976 non
454 1945 553 1976 solum
564 1954 624 1975 erat
636 1944 816 1975 administer
825 1944 910 1974 istius
922 1944 1132 1984 cupiditatum:

168 1990 279 2018 verum
291 1990 378 2017 etiam
389 1988 442 2028 ipfie
451 1988 500 2028 fiss'
513 1988 678 2017 meminerat
688 1996 771 2027 aque.
788 1996 852 2016 non
862 1984 961 2015 solum
973 1995 1132 2019 nummos,

170 2029 247 2071 {iqui
261 2029 309 2060 isti
327 2030 498 2060 exciderant
508 2050 516 2063 ,
535 2029 642 2059 tollere
653 2028 764 2059 solebat
776 2048 785 2061 ,
802 2038 839 2058 ex
855 2028 963 2068 quibus
975 2029 1133 2067 pecuniam

171 2074 342 2102 maximam
361 2071 432 2102 fecit
448 2082 454 2100 :
479 2071 528 2101 sed
546 2073 637 2101 etiam
656 2070 847 2110 voluptatum
867 2089 875 2103 ‚
893 2068 1134 2110 flagitiorumque

171 2113 259 2145 istius
278 2114 339 2153 ipse
356 2114 496 2153 reliquias
510 2112 677 2152 colligebat.
700 2114 802 2152 Itaque
813 2113 845 2140 in
855 2112 955 2141 Sicilia
966 2121 1030 2141 non
1041 2112 1135 2140 Athe-

170 2157 300 2186 nionem
312 2175 321 2188 ‚
331 2157 383 2195 qui
393 2155 514 2184 nulium
524 2153 671 2194 oppidum
683 2155 760 2192 cepit
772 2164 776 2181 :
788 2152 837 2182 sed
848 2153 1074 2182 Timarchidem
1085 2152 1135 2182 fu-

168 2198 304 2238 gitivum
312 2196 457 2226 omnibus
467 2196 586 2236 oppidis
596 2205 648 2235 per
657 2196 824 2224 triennium
837 2194 940 2224 scitote
952 2193 1088 2235 regnasse:
1100 2196 1133 2223 in

171 2238 377 2270 Timarchidis
399 2237 541 2277 potestate
562 2237 712 2267 sociorum
734 2235 839 2275 populi
861 2238 899 2265 R.
912 2234 1135 2276 antiquissimo—

171 2290 242 2312 rum
254 2300 262 2313 ‚
277 2289 363 2320 atque
373 2278 621 2310 amicissimorum
630 2277 740 2307 liberos
751 2298 760 2310 ,
775 2276 1012 2307 matresfamilias
1023 2297 1031 2311 ‚
1044 2277 1133 2311 bona,

172 2321 367 2362 fortunasque
385 2323 507 2351 omneis
523 2319 620 2350 fuisse.
645 2322 674 2349 Is
688 2321 796 2360 igitur,
817 2318 927 2348 utdico
939 2338 947 2351 ‚
964 2319 1136 2348 Timarchi-

174 2363 232 2394 des
247 2365 280 2393 in
290 2364 411 2393 omneis
425 2364 558 2393 civitates
571 2382 579 2394 ,
594 2370 712 2400 accepto
723 2362 818 2400 pretio
828 2379 836 2393 ,
859 2360 995 2390 censores
1012 2359 1134 2389 dimisit.

175 2407 301 2436 comitia
314 2425 322 2438 ‚
341 2404 398 2435 isto
406 2413 530 2444 praetore
540 2424 548 2438 ‚
560 2401 923 2443 censorum,nefimulandi
933 2401 1045 2442 quidem
1054 2402 1139 2440 causti

112 2455 162 2488 55
177 2446 310 2477 fuerunt.
322 2448 390 2488 Jam
401 2447 460 2476 hoc
469 2442 744 2485 impudentiffime:
758 2442 856 2483 palsm
867 2443 985 2482 (licebat
994 2445 1079 2473 enirn
1090 2446 1137 2472 vi-

177 2489 287 2519 delicet
304 2488 430 2530 legibus)
444 2487 566 2528 singulis
575 2486 747 2517 censoribus
766 2484 880 2514 denarii
892 2486 1014 2514 trecenti
1028 2485 1063 2514 ad
1081 2484 1138 2514 sta—

176 2538 258 2561 tuam
270 2531 403 2569 praetoris
412 2530 549 2569 imperati
561 2529 640 2558 sunt.
654 2527 797 2557 Censores
810 2536 902 2556 cxxx
913 2525 984 2556 fac'ti
995 2526 1072 2556 sunt.
1086 2536 1139 2566 peh

175 2573 300 2605 cuniam
320 2572 406 2602 illam
424 2571 465 2601 ob
486 2570 643 2601 censuram
659 2577 763 2600 contra
784 2568 862 2610 leges
881 2568 960 2599 clam
982 2567 1139 2602 dederunm

220 2751 230 2769 Ι
238 2762 244 2769 .
264 2746 304 2769 Ex
312 2744 417 2769 omnibus
426 2745 564 2769 civitatibus
575 2743 685 2777 tollerem]
698 2741 773 2768 Idem
783 2740 892 2778 scriptus
904 2751 933 2768 ex
941 2742 1071 2767 hominibus
1080 2743 1142 2767 civi-

179 2778 314 2812 taffbufiyue
325 2780 370 2804 toll.
383 2789 433 2806 uon
445 2779 481 2804 ita
493 2778 614 2805 absurde.

217 2823 244 2840 2.
264 2814 402 2840 Evertendae
420 2816 518 2847 reipubl.
532 2815 606 2848 Jblent
623 2814 690 2848 effe]
718 2813 832 2848 Vulgata
841 2812 953 2849 amplius
967 2832 976 2845 ,
985 2813 1058 2846 causa
1069 2813 1145 2846 fhlent

178 2850 234 2912 ‘sfflst
251 2849 295 2911 sled.
307 2850 399 2877 vocula
408 2860 498 2877 canon
509 2858 566 2877 erat
586 2853 612 2876 in
624 2851 709 2877 l’alat.
728 2850 755 2876 iu
766 2849 871 2877 Fabi-ic.
891 2851 917 2876 in
928 2848 1034 2875 Metell.
1053 2852 1143 2884 itaque

196 2895 211 2912 u
237 2894 252 2911 u
266 2895 286 2912 ι.

218 2929 245 2956 3.
254 2921 344 2954 ‚operis
352 2921 476 2955 molestia]
498 2921 541 2947 Sic
551 2921 630 2948 Fabr.
641 2922 668 2947 S:
681 2921 773 2947 Metel]
781 2942 786 2947 .
804 2920 938 2956 secutique
949 2921 1009 2948 sunt
1018 2919 1142 2947 Lambin.

180 2957 209 2984 &
221 2957 336 2984 Manutii
347 2956 416 2982 filius
427 2958 454 2982 δε
467 2958 570 2992 Nepos.
591 2958 661 2993 prius
673 2957 723 2983 cusi
736 2977 743 2989 ‚
754 2959 826 2990 operis
836 2959 968 2989 molestiam.

216 2999 246 3025 4.
264 2993 330 3025 ,Φρὺξ
337 2994 420 3026 cuique
429 2993 570 3027 accidiffi’t]
591 2994 674 3028 Triga
685 2993 780 3020 horum
792 2993 932 3019 verborum
942 2993 1058 3029 primum
1068 3000 1142 3018 acce-

181 3027 223 3056 dit
234 3029 357 3055 Ciceroni
371 3039 385 3054 e
398 3027 479 3056 Fabr.
488 3030 518 3053 δε
530 3029 686 3055 Metellano.

220 3072 247 3098 5.
267 3068 374 3090 Omnium
391 3064 569 3099 adversarios]
592 3065 625 3091 Et
637 3065 682 3091 ista
693 3064 753 3099 biga
763 3072 852 3091 ortum
864 3064 941 3091 habet
951 3065 965 3091 εὶ
976 3063 1077 3091 duobus
1088 3063 1142 3090 illis

181 3098 276 3163 Elin-{³3
291 3109 337 3142 nec
346 3099 398 3126 dici
406 3100 511 3137 possunt
520 3099 686 3137 supervacua.
706 3100 780 3130 aliud
797 3102 868 3130 enim
888 3100 946 3130 saue
966 3101 1123 3136 adversarias
1133 3119 1142 3134 ‚

182 3145 199 3163 ε.
212 3144 238 3164 iu
265 3144 387 3164 mamam.

1173 108 1704 156 C1cERoN1s

1169 192 1231 230 haec
1242 188 1400 221 denarium
1413 199 1525 220 xxxix
1536 190 1632 220 millia
1636 184 1736 232 palbm
1741 186 1789 228 [ἃ]
1792 186 1830 217 vis
1836 184 1850 216 l
1851 184 1946 227 egibm
1955 187 2131 220 commiserunt

1170 235 1202 263 in
1215 232 1348 263 statuam.
1373 231 1511 262 Primum
1523 230 1583 272 quo
1595 240 1707 261 tantam
1716 231 1873 270 pecuniam
1886 229 2014 259 ?deinde
2023 240 2129 270 quam-

1169 275 1274 305 obrem
1285 275 1420 304 censores
1439 273 1473 303 ad
1487 272 1611 303 statuam
1626 272 1679 302 tibi
1693 270 1908 302 conferebant?
1923 268 1998 300 ordo
2009 273 2129 312 aliquis,

1169 317 1327 347 censorum
1337 315 1380 346 est
1388 316 1564 356 collegium?
1573 325 1666 356 genus
1676 313 1796 354 aliquod
1805 313 1971 342 hominum
1982 315 1992 341 ?
2003 323 2072 343 nam
2083 322 2134 346 aut

1170 357 1290 398 publice
1309 359 1442 388 civitates
1456 356 1528 386 istos
1546 358 1676 386 honores
1692 357 1818 385 habent:
1836 362 1886 384 aut
1898 356 2062 394 generatim
2076 356 2132 386 ho-

1172 402 1271 430 mines
1282 420 1290 433 ,
1307 408 1493 432 utaratoreS‚
1509 407 1541 428 ut
1553 406 1730 428 mercatores
1743 417 1751 429 ‚
1767 395 1994 426 utnavicularii.
2019 397 2134 428 Censo-

1171 452 1216 471 res
1225 441 1349 482 quidem
1362 439 1413 481 qui
1425 442 1518 480 magis
1527 460 1534 473 ,
1550 440 1640 480 quim
1653 438 1789 469 AEdiles?
1803 436 1836 467 ob
1846 435 2030 475 beneficium?
2053 441 2132 480 Ergo

1171 484 1230 513 hoc
1239 482 1378 516 fatebere,
1391 482 1440 512 abs
1449 491 1477 511 te
1487 484 1550 511 haec
1560 483 1653 521 petita
1662 478 1720 510 esse
1733 491 1738 509 :
1753 478 1766 499 ⁶
1778 489 1850 509 nam
1860 487 1957 518 erepta
1967 489 2030 510 non
2040 481 2134 511 aude-

1171 525 1216 555 bis
1235 524 1332 554 dicere
1345 535 1350 553 :
1369 533 1397 553 te
1407 533 1459 553 eos
1479 523 1665 562 magistratus
1684 521 1862 552 hominibus
1873 541 1881 554 ,
1903 520 2058 556 beneficii,
2080 534 2132 553 non

1170 568 1236 608 reip.
1249 566 1343 605 causa'z,
1355 563 1515 605 permisisse
1526 569 1535 594 ?
1551 567 1618 594 Hoc
1628 573 1727 594 autem
1738 562 1810 593 cum
1819 571 1881 592 ture
1890 562 2019 593 fatebere
2030 583 2038 597 ,
2051 567 2132 605 quis-

1170 618 1261 649 quam
1272 607 1509 648 dubitabit‚quin
1519 616 1549 636 tu
1559 606 1644 636 istam
1654 605 1731 645 apud
1741 605 1867 645 populos
1876 606 2039 645 provinciae
2046 607 2133 640 istius

1172 650 1320 680 invidiam
1332 669 1340 682 ‚
1352 658 1439 689 atque
1448 647 1647 678 offenfionem
1659 668 1667 681 ‚
1680 657 1744 677 non
1753 647 1931 677 ambitionis
1941 666 1949 678 ‚
1970 653 2068 689 neque
2078 650 2133 680 be-

1172 690 1354 722 neficiorum
1372 691 1621 721 collocandorum
1634 711 1642 723 ‚
1658 689 1706 719 sed
1723 688 1841 730 pecuniis
1859 689 2032 719 concilianda
2049 692 2133 731 causis

1172 734 1352 773 susceperis?
1375 735 1476 773 Itaque
1487 733 1533 762 illi
1547 730 1930 764 censoresfeceruntidem,
1941 731 2022 771 quod
2033 734 2133 764 inno·
2162 746 2167 750 ·

1174 775 1228 805 stra
1237 774 1388 814 republica
1397 775 1495 804 solent
1509 776 1530 803 ii
1537 775 1597 814 ‚qui
1606 783 1657 813 per
1669 773 1859 812 largitionem
1870 772 2055 812 magistratus
2063 775 2134 806 ade-

1172 819 1215 857 pti
1225 817 1243 847 s
1239 825 1292 846 unt
1303 827 1307 845 z
1327 816 1474 846 dederunt
1482 825 1603 855 operam
1615 836 1623 849 ‚
1645 824 1676 844 ut
1687 817 1725 844 ita.
1734 813 1908 853 potestatem
1926 825 2078 856 gererent,
2101 825 2136 847 ut

1172 859 1256 888 illam
1277 858 1414 887 lacunam
1432 859 1474 887 rei
1493 858 1649 887 familiaris
1667 856 1817 898 explerent.
1837 857 1888 886 Sic
1895 857 2001 887 census
2016 858 2134 889 habitus

1173 900 1215 930 est
1225 920 1233 934 ,
1246 909 1274 929 te
1283 908 1405 939 praetore
1417 920 1424 933 ‚
1444 908 1477 929 ut
1485 910 1521 929 eo
1529 899 1617 929 censu
1630 899 1744 928 nullius
1755 899 1883 927 civitatis
1892 899 2056 938 respublica
2064 901 2135 940 pos-

1174 943 1216 973 set
1228 941 1437 971 administrari.
1461 951 1532 971 nam
1542 938 1764 980 locupletissimi
1778 940 1920 980 cujusque
1931 942 2036 971 census
2051 951 2135 972 exte-

1174 982 1307 1016 n'uarant,
1321 989 1335 1011 7
1346 981 1509 1013 tenuissimi
1520 991 1670 1012 auxerant.
1693 984 1796 1023 Itaque
1810 983 1843 1011 in
1855 982 1973 1012 tributis
1984 985 2134 1024 imperan-

1175 1025 1220 1055 dis
1229 1034 1345 1055 tantum
1356 1026 1457 1055 oneris
1467 1025 1546 1064 plebi
1563 1023 1776 1063 imponebatur
1785 1044 1792 1056 ‚
1812 1032 1845 1053 ut
1855 1025 1945 1054 etiam
1958 1023 1977 1053 si
1990 1027 2132 1057 homines

1173 1075 1303 1097 tacerent
1313 1087 1321 1100 ,
1332 1077 1372 1096 res
1381 1067 1440 1108 ipsa
1451 1067 1539 1096 illum
1551 1067 1675 1096 censum
1686 1065 1869 1105 repudiaret:
1888 1065 1919 1096 id
1929 1066 2010 1106 quod
2018 1068 2134 1098 intelli-

1174 1108 1358 1151 gifacillime
1369 1109 1468 1148 reipsa
1478 1107 1581 1147 potest.
1607 1110 1687 1137 Nam
1698 1109 1733 1136 L.
1745 1107 1886 1137 Metellus
1897 1129 1905 1141 ‚
1927 1110 1997 1148 qui,
2018 1106 2133 1149 postea-

1174 1150 1266 1191 quam
1277 1160 1332 1195 ego
1343 1150 1515 1190 inquirendi
1525 1149 1609 1179 causa
1618 1151 1650 1178 in
1660 1149 1792 1179 Siciliam
1802 1151 1889 1182 veni,
1901 1151 2020 1190 repente
2029 1153 2134 1182 Letilii

1174 1192 1304 1222 adventu
1316 1212 1324 1225 ‚
1347 1191 1432 1221 istius
1442 1201 1505 1221 nori
1514 1190 1610 1220 modo
1620 1192 1733 1220 amicus
1745 1210 1752 1223 ,
1773 1190 1880 1220 verum
1893 1193 1982 1222 etiam
1993 1202 2137 1234 cognatus

1176 1233 1271 1264 faetus
1295 1233 1337 1264 est
1349 1244 1354 1262 :
1379 1235 1405 1262 is
1415 1253 1423 1267 ,.
1438 1232 1520 1274 qubd
1538 1232 1659 1262 videbat
1684 1227 1698 1250 8
1718 1231 1801 1262 istius
1821 1234 1945 1263 censum
1962 1233 2034 1265 stare
2048 1229 2142 1266 nullo

1178 1275 1273 1306 modo
1283 1274 1364 1315 posse
1375 1295 1383 1309 ‚
1404 1285 1474 1305 eum
1487 1275 1610 1304 censum
1623 1274 1770 1304 observari
1782 1273 1876 1312 iussit,
1897 1278 1948 1316 qui
1958 1277 2024 1306 viro
2033 1276 2137 1307 fortif-

1179 1316 1254 1347 fimo
1264 1337 1272 1351 ,
1291 1326 1378 1358 atque
1396 1315 1644 1347 innocentissimo
1653 1319 1721 1346 Sex.
1731 1316 1874 1346 Peducaeo
1884 1326 2006 1357 praetore
2017 1319 2138 1349 habitus

1176 1357 1254 1389 effet-
1280 1367 1362 1389 erant
1374 1360 1458 1388 enim
1470 1367 1534 1388 tum
1548 1358 1684 1388 censores
1694 1357 1808 1398 legibus
1817 1357 1888 1388 faeti
1903 1379 1911 1392 ,
1931 1359 2041 1390 delesti
2050 1361 2066 1390 a
2076 1361 2138 1391 suis

1176 1401 1349 1432 civitatibus
1359 1411 1363 1430 z
1372 1399 1493 1441 quibus,
1503 1398 1523 1429 fi
1532 1399 1604 1441 quid
1616 1399 1813 1440 commififfint‚
1825 1409 1921 1439 pcenae
1931 1399 2046 1442 legibus
2057 1410 2139 1434 erant

1178 1442 1355 1473 constitutae.
1379 1445 1426 1472 Te
1442 1450 1541 1472 autem
1556 1450 1679 1482 praetore
1691 1461 1698 1474 ‚
1717 1443 1768 1482 qui
1778 1442 1882 1471 censor
1891 1451 1942 1472 aut
1955 1444 2051 1484 legem
2071 1454 2139 1474 me-

1179 1494 1275 1515 tueret
1286 1505 1294 1518 ‚
1309 1494 1366 1525 qua
1376 1494 1439 1514 non
1449 1484 1604 1514 tenebatur
1613 1503 1622 1517 ‚
1643 1486 1789 1523 quoniam
1799 1492 1911 1514 creatus
1921 1485 1983 1525 lege
1994 1495 2059 1515 non
2067 1496 2137 1517 erat:

1177 1535 1227 1557 aut
1243 1525 1533 1556 animadversionem
1544 1534 1625 1555 tuam
1637 1544 1646 1558 ,
1667 1523 1740 1555 curn
1752 1524 1796 1557 id,
1820 1525 1904 1566 quod
1914 1526 1965 1556 abs
1977 1534 2005 1556 te
2015 1536 2137 1562 emerat,

1178 1567 1380 1600 vendidisset?
1402 1571 1518 1598 Teneat
1524 1568 1587 1607 jam
1598 1567 1667 1597 sane
1677 1576 1762 1596 meos
1775 1566 1873 1597 testeis
1883 1568 2025 1598 Metellus
2038 1579 2042 1598 2
2054 1579 2140 1611 cogat

1176 1611 1252 1641 alios
1263 1610 1377 1641 laudare
1388 1630 1396 1643 ‚
1417 1608 1488 1640 ficut
1502 1611 1536 1639 in
1547 1609 1652 1639 multis
1662 1617 1786 1638 conatus
1803 1608 1845 1639 est
1857 1619 1861 1638 :
1884 1613 1901 1636 9
1912 1609 2007 1640 modo
2020 1611 2083 1641 haec
2092 1611 2138 1641 fa-

1177 1655 1235 1682 ciat
1247 1673 1254 1686 ‚
1269 1663 1333 1693 quae
1345 1651 1425 1681 facit.
1448 1653 1525 1693 Qis
1541 1652 1626 1680 enim
1642 1660 1788 1690 umquam
1800 1659 1878 1681 tanta
1887 1651 1901 1681 Ξι
1911 1661 2062 1693 quoquam
2077 1663 2141 1682 con-

1179 1694 1298 1723 ramelia
1312 1714 1320 1727 ‚
1335 1696 1401 1734 quis
1413 1702 1491 1723 tanta
1504 1692 1661 1733 ignominia
1673 1691 1795 1721 affee'ius
1806 1692 1869 1722 est?
1891 1695 2008 1733 Qinto
2017 1704 2139 1735 quoque

1179 1746 1259 1766 anno
1272 1737 1373 1765 Sicilia
1394 1744 1454 1764 tota
1476 1735 1621 1764 censetur.
1653 1742 1713 1763 erat
1732 1734 1818 1763 censa
1839 1743 1963 1774 praetore
1984 1736 2138 1766 Peducaeo.

1180 1779 1304 1818 quintus
1323 1787 1419 1807 annus
1427 1776 1500 1806 cum
1518 1785 1546 1805 te
1559 1784 1681 1815 praetore
1691 1774 1841 1805 incidisset
1850 1796 1857 1809 ‚
1878 1777 1964 1806 censa
1973 1776 2074 1807 denuo
2085 1777 2138 1808 est.

1180 1818 1302 1859 postero
1311 1828 1393 1849 anno
1405 1820 1443 1848 L.
1456 1818 1596 1847 Metellus
1607 1819 1798 1847 mentionem
1811 1819 1853 1846 tui
1863 1819 1966 1848 census
1977 1817 2041 1848 fieri
2052 1827 2139 1850 vetat:

1177 1861 1314 1891 censores
1323 1860 1396 1890 dicit
1404 1860 1440 1889 de
1451 1862 1566 1900 integro
1576 1858 1629 1889 sibi
1638 1860 1727 1889 creari
1737 1859 1861 1898 placere:
1873 1861 1985 1890 interea
1998 1861 2141 1890 Peducaea-

1180 1913 1248 1932 num
1261 1903 1370 1941 sensiam
1382 1900 1520 1941 observari
1527 1899 1618 1940 juber.
1643 1903 1711 1930 Hoc
1722 1899 1741 1929 s1
1755 1909 1822 1930 tuus
1833 1902 1978 1931 inimicus
1989 1902 2044 1932 tibi
2053 1902 2141 1933 fecis-

1180 1945 1222 1974 set
1232 1962 1251 1978 „
1267 1947 1297 1963 ¹0
1307 1953 1406 1974 tamen
1417 1942 1467 1973 etsi
1478 1945 1583 1972 animo
1593 1952 1680 1982 aequo
1699 1944 1854 1981 provincia
1867 1941 1978 1973 tulisset
1987 1964 1996 1978 ‚
2017 1944 2149 1975 inimici'

1177 1986 1331 2026 judicium
1350 1995 1435 2026 grave
1453 1985 1613 2014 videretur.
1636 1983 1708 2019 fecit
1720 1986 1833 2014 amicus
1851 1994 1953 2015 recens
1961 2005 1969 2019 ‚
1988 1986 2020 2016 ὃς
2030 1996 2141 2028 cogna-

1181 2037 1227 2058 tus
1236 2028 1433 2058 voluntarius.
1444 2027 1529 2057 aliter
1537 2028 1619 2055 enim
1632 2045 1640 2059 ,
1661 2024 1876 2065 fiprovinciam
1889 2028 2016 2060 retinere
2029 2049 2037 2061 ‚
2051 2027 2142 2067 fifhi-

1179 2079 1231 2098 vus
1242 2070 1302 2109 ipse
1314 2071 1347 2098 in
1357 2071 1511 2108 provincia
1520 2068 1614 2098 vellet
1624 2066 1682 2097 esse
1694 2087 1705 2101 ‚
1721 2066 1816 2097 facere
1828 2077 1890 2097 non
1904 2060 2024 2108 potuit?
2038 2073 2068 2089 Π
2077 2072 2139 2099 Ex-

1180 2110 1290 2151 spe&as
1301 2112 1391 2140 etiarn
1403 2130 1411 2144 2
1431 2110 1503 2151 quid
1515 2111 1546 2139 hi
1557 2109 1710 2146 judicent?
1732 2111 1760 2138 Si
1773 2109 1828 2138 tibi
1840 2109 2042 2150 magistratum
2053 2111 2140 2141 abro-

1180 2151 1270 2193 gasset
1280 2172 1288 2185 ‚
1310 2154 1428 2181 minore
1439 2154 1446 2180 i
1471 2152 1609 2180 nominia
1619 2159 1645 2179 te
1656 2148 1795 2180 affecisset
1805 2170 1813 2184 ‚
1829 2150 1920 2191 quiim
1931 2155 2002 2181 cum
2010 2163 2043 2182 ea
2053 2173 2060 2187 ‚
2073 2163 2140 2194 quae

1179 2197 1212 2224 in
1223 2193 1394 2234 magistratu
1404 2162 1513 2234 gessisti
1524 2212 1533 2226 ,
1552 2191 1686 2224 sustulit,
1705 2201 1791 2232 atque
1806 2193 1890 2222 irrita
1897 2193 1979 2232 juffir
1991 2193 2047 2232 effe.
2073 2197 2141 2224 Ne-

1179 2237 1279 2276 quein
1288 2236 1340 2265 hac
1350 2245 1381 2264 re
1390 2235 1451 2265 sola
1459 2233 1517 2264 fuit
1535 2233 1686 2271 ejusmodi
1698 2245 1707 2267 3
1725 2232 1772 2263 sed
1784 2254 1791 2267 ‚
1813 2236 1972 2275 antequam
1983 2246 2040 2276 ego
2050 2237 2083 2265 in
2092 2238 2141 2266 Si·-

1179 2278 1282 2307 ciliam
1292 2278 1382 2309 veni,
1402 2278 1434 2305 in
1450 2276 1594 2305 maximis
1605 2275 1691 2304 rebus
1702 2295 1710 2308 ‚
1732 2285 1764 2305 ac
1774 2275 1924 2314 plurimis.
1949 2287 2020 2307 nam
2032 2278 2065 2308 δε
2075 2280 2141 2307 He-

1181 2319 1276 2348 raclio
1288 2318 1468 2357 Syracusano
1488 2326 1554 2346 tuos
1571 2316 1640 2346 illos
1650 2316 1818 2356 palaestritas
1828 2317 1908 2348 bona
1916 2318 2070 2350 restituere
2076 2319 2142 2359 jus-

1182 2359 1216 2389 s1t
1227 2381 1235 2393 ‚
1251 2360 1422 2399 &Epicrati
1435 2358 1558 2388 Bidinos
1573 2380 1580 2392 ,
1597 2358 1629 2387 &
1647 2359 1764 2398 pupillo
1780 2361 1986 2399 Drepanitano
2004 2363 2039 2390 A.
2053 2361 2144 2391 Clau·-

1184 2401 1271 2431 dium
1285 2412 1290 2430 ·.
1310 2399 1411 2434 &misi
1422 2400 1537 2430 mature
1550 2400 1676 2430 Letilius
1686 2403 1718 2429 in
1731 2401 1862 2431 Siciliam
1872 2401 1998 2432 venisset
2013 2413 2084 2432 cum
2093 2400 2150 2433 lit-‘

1184 2445 1255 2472 teris
1267 2463 1275 2476 ‚
1289 2445 1391 2472 minus
1405 2452 1475 2472 xxx
1485 2442 1590 2471 diebus
1600 2442 1741 2471 Metellus
1751 2451 1845 2472 totam
1855 2444 1978 2473 triennii
1987 2453 2143 2484 praeturam

1185 2493 1266 2514 tuam
1283 2483 1452 2514 rescidisset.
1477 2487 1532 2516 Et,
1553 2485 1699 2524 quoniam
1716 2484 1753 2513 de
1771 2494 1804 2513 ea
1821 2487 1963 2524 pecunia,
1986 2495 2076 2526 quam
2089 2486 2145 2516 tibi

1190 2525 1228 2554 ad
1233 2524 1363 2562 statuam
1376 2526 1512 2555 censores
1523 2525 1719 2556 contulerunt
1729 2545 1736 2558 ‚
1757 2525 1822 2555 dixi
1834 2536 1839 2554 ι
1859 2536 1923 2556 non
1935 2529 2013 2557 mihi
2025 2536 2146 2567 praeter-

1187 2567 1373 2599 mittendum
1392 2567 1557 2598 videturne
1568 2566 1645 2597 illud
1654 2567 1776 2608 quidem
1794 2577 1887 2608 genus
1896 2570 2031 2609 pecuniae
2040 2571 2145 2600 conci-

2057 2611 2150 2645 hatae5

1226 2741 1254 2767 6.
1263 2745 1356 2802 meil
1363 2748 1442 2773 erepta
1449 2761 1458 2773 ,
1480 2751 1526 2768 non
1534 2741 1629 2767 audebis
1638 2741 1739 2776 dicere]
1760 2740 1829 2767 Pan.
1839 2741 1867 2767 &
1877 2741 2025 2777 antiquitus
2035 2740 2086 2767 cufi
2095 2748 2147 2766 ere-

1186 2784 1232 2809 pta
1244 2796 1250 2808 ,
1282 2779 1335 2803 lete
1363 2785 1442 2810 xpm.
2114 2790 2118 2794 »

1226 2821 1254 2846 7.
1273 2814 1399 2847 ‘nnmffimi
1409 2813 1563 2848 han-simun]
1583 2814 1624 2839 Ita
1635 2812 1715 2839 Fabr.
1725 2813 1807 2839 Liber
1817 2814 1845 2839 &
1855 2813 1962 2839 Metelli
1974 2832 1983 2845 ‚
2002 2813 2048 2848 qui
2058 2819 2147 2840 tamen

1191 2848 1314 2880 ultimus,
1325 2849 1413 2880 initio,
1427 2850 1559 2882 [uiderant.
1580 2849 1688 2884 vulgata
1698 2848 1780 2875 lcffio
1789 2856 1919 2875 auxerant.

1226 2884 1252 2910 8.
1273 2887 1342 2915 Ifiim
1353 2885 1512 2918 cenfitmstare
1521 2885 1607 2919 nullm]
1620 2885 1725 2911 Metelli
1736 2886 1763 2910 &
1775 2884 1853 2911 Fabr.
1865 2885 2021 2919 cmsmstari.
2041 2883 2149 2911 Guliel-

1191 2920 1258 2946 mius
1270 2920 1331 2946 lib.¹
1340 2941 1345 2946 .
1357 2920 1464 2946 vei-isim
1472 2941 1477 2946 .
1489 2930 1543 2955 cap.
1554 2929 1582 2955 7.
1597 2923 1663 2953 {fiius
1673 2922 1816 2953 ecnsizstarb.

1224 2964 1242 2990 9
1249 2976 1259 2995 ·.
1273 2957 1396 2982 Dummodo
1404 2958 1533 2989 haecfacint
1543 2965 1591 2990 ‹111ae
1595 2958 1659 2989 facit
1664 2957 1685 2990 .]
1697 2956 1786 2992 Vulgo
1796 2963 1900 2992 recepta
1909 2955 1991 2982 leaio
2003 2957 2075 2990 ‚fecit
2085 2974 2095 2988 ‚
2106 2954 2150 2982 sed

1189 2992 1298 3027 praesens
1310 2992 1345 3018 est
1357 2993 1382 3018 in
1394 2991 1500 3018 Metell.
1512 2992 1539 3017 δε
1551 2991 1630 3018 Fabr.
1881 3000 1884 3003 “
2000 3008 2002 3010 -

1228 3036 1269 3053 10.
1289 3029 1374 3053 Tamen
1384 3030 1424 3061 etfi
1431 3037 1491 3061 aequo
1501 3028 1602 3062 animm]
1624 3028 1667 3054 Est
1678 3028 1693 3054 ὲ
1704 3027 1762 3054 mss'.
1773 3027 1933 3063 Mureti‚qui
1946 3026 2065 3054 videatur
2076 3026 2151 3063 supet

1188 3072 1218 3089 ea
1228 3072 1290 3089 voce
1302 3063 1349 3089 lib.
1360 3072 1403 3089 x1.
1415 3062 1665 3099 Vai·.1e&.cap.x7.
1685 3063 1805 3098 vulgata,
1814 3065 1929 3096 tamensi,
1943 3063 1983 3089 vel
1994 3064 2094 3096 tametsi.

1227 3108 1236 3125 1
1246 3108 1267 3125 i.
1288 3101 1417 3133 Exspaflaa
1426 3099 1568 3133 &namquid
1576 3100 1710 3134 injudicent
1720 3100 1744 3133 ἓ]
1757 3099 1852 3126 Codex
1864 3100 1932 3125 Met.
1942 3099 1999 3132 quid
2007 3096 2152 3133 mil>i,quod

1171 3174 1175 3178 ⁸
1187 3133 1308 3172 dispescit
1315 3135 1344 3167 iii
1353 3134 1407 3175 duo
1417 3135 1592 3170 Gulielmius,
1603 3137 1630 3164 ὃ(
1640 3134 1703 3165 'iude
1714 3134 1779 3166 facit
1790 3136 1822 3163 mi
1829 3137 1855 3163 hi
1863 3146 1877 3171 ,1
1883 3134 1910 3164 id
1920 3135 1956 3166 est
1964 3137 2022 3164 mihi
2029 3136 2064 3161 hi.

2065 3167 2154 3198 καὶ

2151 1112 2259 1152 ς6

2158 2077 2215 2132 51„

2216 1181 2231 1189 κ
