2295 3400
200 152 293 222 388
611 146 1115 196 NLTuLLxr

194 242 298 265 tamen
309 231 459 275 dignitatis
469 239 622 271 opponere
631 230 678 259 vis
688 248 698 262 ,
716 237 751 259 ut
760 228 813 260 sub
825 227 959 259 vestrum
977 228 1024 268 jus
1035 248 1043 262 ‚
1065 227 1152 269 juris-

197 276 377 307 dic‘kioncm,
391 273 578 314 potestatem,
591 271 703 304 urbeis,
715 273 863 304 nationes,
873 272 1045 310 provincias
1056 290 1065 304 ‚
1076 271 1153 300 libe-

198 328 248 349 ros
258 317 395 357 populos,
409 324 500 356 reges,
511 322 655 344 terrarum
666 312 798 354 denique
809 312 915 342 orbem
928 312 1154 353 subjungeretis:

198 368 232 389 ut
243 379 251 391 ,
270 359 341 388 cum
352 366 477 386 omnem
487 356 646 395 pecuniam
657 364 695 384 ex
709 356 811 384 aerario
822 352 1021 383 exhausiss'etis
1033 374 1041 387 ‚
1057 364 1094 384 ex
1103 364 1154 383 ve-

200 399 357 441 &igalibus
372 396 564 437 redegissetis,
574 396 610 426 ab
620 396 766 426 omnibus
777 395 895 437 regibus
906 414 914 428 ,
926 395 1064 436 gentibus
1075 416 1083 430 ‚
1095 397 1154 425 im-

199 438 382 481 peratoribus
394 439 500 469 nostris
510 436 695 479 co'e'gissetis,
715 445 816 468 tamen
833 446 942 467 omnes
959 437 1046 467 vobis
1063 447 1153 477 pecu-

199 485 262 512 nias
281 482 319 510 ad
332 488 433 510 nutum
444 479 564 516 vestrum
573 480 716 526 penderent
725 490 737 506 .·
754 487 787 508 ut
801 478 894 509 iidem
903 480 1009 518 partim
1021 478 1155 509 invidio-

199 524 247 554 sos
257 532 340 564 agros
351 522 366 552 {i
376 523 502 553 Sullanis
515 519 735 562 possefforibus,
746 522 853 560 partim
863 520 993 550 desertos
1005 540 1012 553 ,
1024 530 1056 550 ac
1066 520 1155 560 pesti-

197 566 316 598 lentem,
329 565 344 594 a
354 563 458 594 vestris
469 562 635 593 iieccss'ariis
645 582 653 596 ,
664 562 680 592 ὲ
688 560 907 602 vobismetipsis
916 571 1015 591 emtos
1025 582 1032 595 ,
1052 563 1154 603 quanti

198 607 316 636 velletis
329 626 336 638 ,
358 605 471 646 populo
489 607 582 636 Rom.
599 604 797 634 induceretis:
817 612 849 634 ut
862 605 967 634 omnia
976 605 1153 643 municipia,

197 647 390 688 coloniasque
408 647 500 677 Italiae
516 648 604 677 novis
622 646 742 676 colonis
762 647 942 685 occuparetis
955 656 961 675 :
984 654 1017 675 ut
1031 644 1155 685 quibus-

197 699 329 730 cumque
340 692 372 719 in
381 689 455 718 locis
465 688 553 719 vobis
561 687 720 721 videretur,
730 697 762 718 ac
773 697 864 728 quain
874 687 979 717 multis
991 687 1152 718 videretur,

197 732 334 761 colonias
353 730 562 760 collocaretis?
582 738 614 759 ut
632 739 759 759 omnem
778 729 914 768 rempub.
934 727 1039 758 vestris
1051 728 1156 757 militi-

198 773 256 802 bus
270 792 278 805 ,
292 771 395 802 vestris
406 771 528 802 urbibus
540 792 549 805 ,
563 770 666 801 vestris
677 769 818 810 praesidiis
826 771 982 811 cingeretis
994 790 1002 802 ,
1015 779 1099 812 atque
1109 777 1155 809 op-

194 814 312 856 pressam
321 821 443 842 tenerem
454 833 463 846 ,
485 822 518 843 ut
531 813 630 853 ipsum
641 814 695 842 Cn.
708 813 887 851 Pompejum
898 831 906 844 ‚
928 812 1013 850 cujus
1023 810 1155 850 praciidio

197 854 353 895 saepiffune
366 865 405 895 po
428 855 493 884 ulus
504 857 599 884 Rom.
610 863 711 884 contin
721 855 880 882 acerrimos
891 851 1003 882 hosteis
1016 873 1025 885 ,
1039 852 1070 881 &
1081 861 1155 881 cori·

197 906 244 928 tra
256 897 387 937 improbi
413 905 491 925 imos
499 898 591 926 civeis
600 894 700 924 vietor
707 893 820 924 exstitit
830 914 838 927 ‚
860 893 1039 933 proscribere
1051 914 1059 925 ,
1070 901 1155 932 :itque

198 940 309 969 horum
321 937 481 977 conspeftu
491 939 603 977 privare
614 935 752 976 possetis:
775 944 809 965 ut
826 935 903 965 nihil
912 944 985 964 auro
997 934 1028 964 Sc
1038 943 1157 976 argento

197 981 326 1013 violari,
340 980 417 1010 nihil
427 988 554 1008 numero
566 997 574 1012 ‚
592 978 625 1007 &
638 976 781 1017 suffragiis
791 976 948 1009 declarari,
970 979 980 994 ¹
994 977 1074 1005 nihil
1085 976 1158 1004 viae

199 1032 290 1052 manu
297 1020 436 1061 perfringi
448 1018 552 1060 posset,
562 1019 644 1059 quod
655 1029 718 1048 non
729 1027 784 1048 vos
793 1016 962 1058 oppressum
974 1037 982 1051 ‚
998 1027 1084 1058 atque
1094 1027 1158 1047 ere-

198 1073 286 1104 ptum
298 1071 453 1093 teneretis:
476 1061 681 1091 uwohrarens
692 1062 801 1090 interea
811 1061 996 1099 pergentcis,
1011 1068 1157 1100 perregna

199 1107 306 1135 omnia
318 1113 386 1134 cum
400 1104 526 1143 imperio
536 1103 657 1132 summo
669 1121 676 1135 ,
695 1112 766 1132 cum
780 1100 897 1140 judicio
920 1099 1043 1130 infinito
1054 1121 1062 1134 ,
1086 1109 1156 1130 cum

199 1148 287 1176 omni
298 1147 438 1185 pecunia:
460 1153 492 1174 ut
511 1145 652 1174 veniretis
670 1145 703 1172 in
722 1142 811 1172 castra
833 1145 887 1172 Cn.
898 1143 1035 1182 Pompeji
1045 1162 1052 1175 .
1071 1150 1157 1182 atque

198 1188 260 1228 ipsa
269 1187 367 1219 castra,
381 1185 401 1215 si
411 1185 611 1216 commodum
623 1184 710 1214 vobis
722 1183 803 1217 effer,
816 1183 992 1217 venderem,
1006 1186 1158 1213 utinterea

200 1228 385 1270 magistratus
394 1227 543 1268 reliquos,
566 1224 672 1266 legibus
682 1224 807 1255 omnibus
814 1225 921 1264 soluti,
940 1223 1002 1254 sine
1012 1234 1095 1254 metu
1106 1226 1157 1264 ju—

197 1270 348 1301 diciorum
361 1290 370 1302 ,
395 1267 455 1298 fine
464 1269 596 1308 periculo
609 1287 617 1301 ‚
635 1276 732 1307 petere
741 1265 878 1307 pofl‘etis:
902 1275 934 1296 ut
953 1276 1046 1296 nemo
1056 1265 1091 1295 ad
1103 1275 1157 1306 po-

199 1312 309 1352 pulum
319 1313 399 1341 Rom
407 1332 413 1338 .
426 1320 480 1340 vos
493 1309 636 1339 adducere
646 1329 655 1343 ,
667 1318 760 1338 nemo
769 1308 930 1348 producere
941 1327 949 1340 ,
965 1317 1029 1337 non
1040 1307 1156 1338 senatus

197 1363 314 1394 cogere,
330 1362 393 1382 non
404 1351 508 1382 consul
520 1352 666 1383 coei‘cere‚
677 1360 741 1380 non
753 1350 889 1379 tribunus
899 1349 939 1388 pl.
951 1351 1078 1379 retinere
1088 1349 1157 1389 pos-

199 1394 246 1425 fit.
279 1396 352 1423 Haec
361 1403 415 1434 ego
426 1402 481 1423 vos
493 1390 676 1432 concupiifl‘e
687 1401 740 1431 pro
749 1390 843 1421 vestm
852 1390 974 1420 stultitia
987 1410 996 1423 ‚
1013 1400 1098 1431 atque
1108 1392 1157 1419 in-

197 1437 394 1476 temperantia
403 1444 465 1464 non
477 1436 587 1464 miror:
600 1431 731 1472 sperasse,
744 1443 794 1462 mc
803 1431 1051 1473 consule‚afl'equi
1061 1429 1154 1471 posse.

196 1477 341 1508 demiror.
367 1478 447 1506 Nam
458 1474 531 1506 cum
542 1476 669 1504 omnium
679 1474 821 1514 consulum
829 1475 924 1513 gravis
934 1475 967 1503 in
977 1473 1090 1513 republ.
1104 1483 1156 1502 cu-

197 1518 354 1550 stodienda
363 1528 430 1548 cura
444 1537 452 1551 ,
465 1527 496 1547 ac
507 1517 662 1558 diligentia
671 1515 758 1546 debet
771 1514 828 1545 esse
839 1535 848 1549 ,
866 1524 931 1544 tum
944 1524 1050 1544 eorum
1059 1516 1156 1544 maxi-

199 1560 270 1594 me,
295 1561 347 1600 qui
366 1569 430 1589 non
449 1561 482 1588 in
500 1558 656 1588 cunabulis
666 1577 674 1590 ‚
699 1557 749 1587 sed
767 1559 799 1586 in
817 1565 923 1597 campo
942 1555 1009 1585 sunt
1018 1556 1155 1586 consules

196 1601 279 1632 fasti.
302 1601 380 1631 nulli
397 1600 511 1640 populo
531 1602 624 1629 Rom.
643 1608 698 1638 pro
713 1608 763 1627 me
773 1599 900 1637 majores
913 1599 974 1627 mei
984 1597 1156 1637 spoponde-

196 1652 287 1674 runt:
307 1643 383 1672 mihi
400 1641 547 1672 creditum
566 1639 623 1670 est:
644 1640 660 1670 ὲ
679 1649 728 1669 me
737 1648 834 1679 petere
844 1659 853 1673 ‚
872 1638 955 1680 quod
966 1639 1061 1669 debeo
1072 1658 1080 1671 ‚
1104 1648 1154 1668 me

197 1685 299 1725 ipsum
308 1683 450 1724 appellare
460 1682 583 1713 debetis.
612 1680 879 1723 Qemadmodum
890 1701 898 1713 ,
923 1679 994 1710 cum
1004 1680 1152 1720 petebam,

199 1726 279 1757 nulli
299 1736 348 1756 me
366 1725 455 1755 vobis
475 1722 609 1754 austores
618 1724 733 1765 generis
745 1724 807 1752 mei
816 1722 1086 1752 commendarunt:
1103 1720 1152 1754 sic,

194 1768 224 1810 fi
233 1767 448 1810 quiddeliquero
457 1785 465 1800 ,
486 1766 577 1795 nullae
587 1765 653 1794 sunt
662 1766 808 1805 imagines
818 1783 826 1797 ‚
845 1773 909 1805 quae
921 1773 970 1793 me
980 1763 996 1793 ὲ
1006 1763 1092 1793 vobis
1102 1763 1154 1792 de-

1192 146 1735 195 Crczxonr's

1191 229 1328 271 vigilanti
1338 230 1471 264 homini,
1482 240 1546 261 non
1556 230 1667 261 timido
1681 241 1687 260 :
1705 229 1856 271 diligenti.
1868 239 1933 261 non
1943 229 2054 272 ignavo
2062 239 2152 262 com-

1195 270 1322 302 misistis.
1357 275 1421 314 Ego
1432 274 1456 302 is
1466 273 1588 306 consul,
1611 274 1853 313 quiconcionem
1863 275 2018 302 metuam?
2035 274 2087 314 qui
2097 275 2149 303 tri-

1194 313 1292 344 bunos
1301 314 1380 354 pleb.
1390 314 1630 355 perhorrescam?
1651 316 1703 354 qui
1713 314 1786 354 saepe
1798 334 1806 347 ‚
1827 314 1860 343 &
1873 312 1933 343 sine
1943 314 2025 344 causa
2034 314 2150 344 tumul-

1193 358 1277 385 tuei·?
1295 357 1348 396 qui
1362 358 1486 386 timeam
1505 365 1543 385 ne
1554 357 1631 385 mihi
1650 356 1679 384 in
1688 365 1790 384 carcere
1799 354 1985 384 habitandum
1988 355 2030 396 fit
2039 375 2052 388 ,ν
2065 354 2086 385 fi
2096 357 2149 386 tri-

1195 397 1292 426 bunus
1303 397 1383 437 pleb.
1395 395 1612 436 ducijuffiss'et?
1634 400 1648 415 ²
1661 399 1684 427 E
1705 407 1723 426 ο
1739 396 1877 427 nondum
1889 396 1992 427 vestris
2003 398 2094 427 armis
2103 406 2150 427 ai·-

1196 448 1291 468 matus
1301 459 1311 472 ,
1331 437 1552 480 insignibusque
1571 438 1663 477 ampli
1688 440 1758 468 imis
1769 447 1890 468 ornatus
1900 459 1909 472 ,
1929 440 2059 478 imperio
2069 457 2080 472 ,
2095 448 2148 468 au-

1193 479 1346 513 &oritatm
1368 484 1381 508 3
1393 490 1455 509 non
1465 481 1568 509 horrui
1585 481 1617 508 in
1630 479 1712 510 hunc
1722 480 1829 509 locum·
1836 480 1973 519 progredi
1983 500 1991 513 ‚
2005 479 2150 521 vobisque

1194 520 1366 550 auEkoribus
1376 520 1560 560 improbitati
1570 520 1706 550 hominis
1717 519 1859 550 resistere:
1882 531 1961 551 nunc
1973 531 2090 555 verear,
2111 531 2149 551 ne

1194 562 1268 601 resp.
1290 563 1378 592 tantis
1395 564 1512 592 munita
1526 561 1668 601 praesidiis
1679 581 1688 595 ‚
1707 562 1743 591 ab
1754 561 1816 591 istis
1827 563 1908 592 vinci
1921 582 1930 594 ,
1955 571 2005 592 aut
2013 564 2148 603 opprimi

1194 601 1301 643 poisit?
1319 605 1349 633 Si
1359 613 1444 634 antea
1452 602 1615 633 timuiss'em
1627 622 1635 637 ,
1651 604 1704 633 hac
1715 604 1874 636 concione,
1885 604 1942 633 hoc
1952 604 2075 644 populo,
2085 613 2150 634 cer-

1195 644 1222 674 te
1234 655 1298 675 non
1307 655 1431 675 vererer.
1486 647 1531 674 uis
1545 646 1629 674 enim
1639 654 1784 685 umquam
1795 653 1853 675 tam
1866 645 1992 675 secunda
2000 647 2149 676 concione

1194 686 1220 715 le
1241 697 1290 716 em
1300 689 1450 728 Agrai-iarn
1462 685 1558 720 suasit,
1568 686 1657 727 quam
1670 696 1724 727 ego
1736 684 1870 716 difl'uasi?
1888 685 1908 715 fi
1919 688 1977 716 hoc
1985 686 2148 717 diffundere

1194 697 1247 761 είξ,
1258 738 1290 758 ac
1300 737 1364 758 non
1374 726 1535 765 disturbare,
1550 738 1582 758 ac
1590 736 1764 767 pervertere.
1788 730 1835 757 Ex
1845 737 1906 768 quo
1916 729 2056 770 intelligi,
2070 729 2147 769 Qi—

1195 771 1264 799 rites
1276 789 1283 803 ‚
1296 769 1392 809 potest
1405 790 1413 803 ‚
1430 770 1506 799 nihil
1518 767 1575 799 effe
1587 778 1645 799 tam
1657 769 1797 809 populare
1807 788 1816 802 ,
1835 769 1925 809 quam
1935 769 1965 799 id
1976 790 1986 802 ,
2001 770 2082 810 quod
2092 779 2149 810 ego

1194 811 1283 840 vobis
1298 814 1330 840 iri
1340 811 1419 841 hunc
1428 821 1541 841 annum
1553 811 1657 841 consul
1669 811 1819 850 popularis
1829 808 1921 840 affero
1930 830 1937 844 ,
1947 819 2042 850 pacem
2050 830 2058 845 ,
2069 819 2151 840 tran-

1194 852 1383 893 quillitatem,
1406 860 1506 881 orium.
1540 855 1615 892 Qae
1625 853 1713 882 nobis
1723 851 1876 893 designatis
1885 852 2034 884 timebatis
2045 872 2054 887 ,
2072 863 2103 882 ea
2111 862 2151 883 ne

1196 893 1327 923 accidere
1344 892 1462 932 possent
1472 913 1482 927 ,
1500 893 1627 923 consilio
1647 903 1716 923 meo
1727 913 1735 926 ,
1755 903 1787 923 ac
1807 896 1921 923 ratione
1939 895 2055 933 provisa
2074 894 2150 924 sunt.

1197 944 1260 964 non
1271 934 1367 965 modo
1378 945 1431 964 vos
1441 937 1522 964 eritis
1533 938 1565 964 in
1575 936 1650 968 otio,
1662 937 1713 976 qui
1727 935 1842 975 semper
1854 933 1911 965 esse
1921 936 2151 970 volueratiswe-

1196 975 1265 1005 rum
1277 978 1366 1006 etiam
1377 976 1457 1010 istos,
1467 981 1484 1003 4
1493 976 1601 1017 quibus
1613 975 1699 1006 otiosi
1711 979 1866 1017 negotium
1880 976 2056 1010 faceffimus,
2068 979 2151 1007 otio-

1197 1016 1322 1047 siffimos
1332 1018 1463 1048 reddam.
1486 1020 1608 1048 Etenim
1621 1019 1680 1048 illis
1691 1019 1832 1051 honores,
1843 1018 2010 1058 potestates,
2022 1018 2149 1052 divitias,
2163 1042 2165 1045 .

1198 1068 1235 1088 ex
1247 1060 1378 1090 tumultu
1389 1080 1398 1093 ‚
1421 1069 1509 1100 atque
1525 1070 1559 1088 ex
1576 1058 1778 1100 dissensionibus
1797 1061 1907 1089 civium
1927 1064 2088 1100 comparari
2101 1061 2150 1092 so-

1197 1100 1275 1130 lent:
1294 1110 1348 1130 vos
1361 1121 1369 1134 ,
1387 1111 1515 1142 quorum
1526 1103 1615 1142 gratia
1625 1103 1658 1130 in
1671 1099 1816 1142 suffragiis
1825 1100 1973 1135 consistit,
1985 1103 2102 1132 libertas
2116 1104 2149 1132 in

1197 1142 1323 1183 legibus,
1347 1145 1360 1168 5
1371 1144 1468 1172 honos
1480 1144 1512 1172 in
1521 1142 1644 1182 judiciis
1656 1143 1687 1172 δε
1698 1145 1833 1182 aequitate
1844 1142 2027 1184 magistratus
2037 1163 2045 1176 ‚
2062 1143 2095 1174 δε
2104 1152 2150 1174 res

1196 1182 1357 1213 familiares
1378 1185 1410 1213 in
1428 1193 1496 1223 pace
1517 1203 1526 1217 ,
1550 1185 1638 1212 omni
1657 1185 1770 1213 ratione
1789 1186 1887 1214 otium
1907 1194 2006 1214 tenere
2024 1184 2150 1215 debetis.

1194 1222 1210 1244 ⁶
1221 1227 1301 1254 Nam
1311 1244 1318 1258 ,
1332 1223 1351 1254 fi
1363 1226 1384 1254 ii
1397 1244 1405 1258 ,
1418 1227 1469 1264 qui
1478 1232 1596 1264 propter
1604 1223 1745 1254 desidiam
1756 1226 1787 1254 in
1798 1227 1861 1255 otio
1872 1234 1994 1259 Vivum,
2000 1234 2101 1256 tamen
2114 1228 2148 1256 in

1194 1266 1243 1296 sua
1253 1266 1329 1307 turpi
1341 1266 1443 1295 inertia
1452 1267 1572 1305 capiunt
1580 1266 1763 1305 voluptatem
1776 1277 1780 1295 :
1797 1267 1850 1296 sub
1860 1267 1924 1306 ipso
1935 1268 2010 1301 otio,
2020 1276 2148 1307 quovos

1196 1307 1349 1337 fortunam
1360 1309 1475 1349 regitis,
1487 1306 1506 1337 si
1516 1308 1596 1337 hunc
1606 1313 1621 1335 7
1633 1307 1740 1337 statum
1750 1327 1759 1340 ‚
1771 1307 1984 1348 quemhabetis
1996 1329 2004 1342 ‚
2015 1307 2072 1339 effe
2082 1318 2148 1339 me·

1196 1349 1302 1378 liorem
1323 1359 1388 1378 non
1404 1350 1565 1390 ignoratis,
1585 1358 1651 1378 non
1670 1356 1703 1378 ut
1711 1347 1864 1389 quaesitum
1875 1368 1884 1383 ,
1903 1349 1951 1379 sed
1960 1342 2147 1389 vitaparfflm

1197 1392 1294 1420 otium
1304 1392 1470 1420 tenueritis.
1490 1385 1504 1409 8
1515 1390 1605 1428 Qod
1614 1400 1668 1431 ego
1680 1390 1712 1419 δε
1722 1390 1872 1424 concordia,
1887 1400 1977 1431 quam
1986 1392 2064 1422 mihi
2073 1401 2149 1422 con-

1197 1430 1279 1462 stitui
1298 1442 1367 1462 cum
1387 1432 1500 1472 collega
1509 1451 1518 1464 ,
1538 1436 1554 1457 9
1564 1429 1748 1472 invitissimis
1758 1433 1794 1461 iis
1804 1432 1983 1462 hominibus
1998 1453 2007 1467 ,
2025 1443 2101 1474 quos
2114 1435 2148 1464 in

1193 1473 1348 1503 consulatu
1359 1475 1503 1502 inimicos
1514 1471 1570 1502 effe
1582 1473 1614 1502 &
1624 1474 1745 1505 animis,
1763 1473 1796 1502 &
1809 1476 1942 1513 corporis
1951 1473 2065 1505 affibus
2076 1485 2148 1514 pro·-

1193 1513 1256 1545 vidi
1273 1525 1278 1543 ;
1299 1514 1444 1544 omnibus
1452 1514 1590 1554 prospexi
1600 1514 1668 1544 stine
1681 1534 1691 1548 ,
1713 1514 1903 1545 &cr-evocavi.
1925 1515 2007 1545 idem
2018 1516 2147 1546 tribunis

1192 1555 1270 1596 pleb.
1284 1555 1470 1589 denuntiavi,
1481 1555 1553 1596 quid
1564 1555 1740 1589 turbulenti,
1755 1565 1805 1586 me
1815 1556 1937 1586 consule
1949 1576 1958 1590 ,
1970 1556 2146 1588 conflarent.

1192 1600 1355 1628 Summum
1366 1616 1375 1630 ,
1396 1597 1429 1627 ὃς
1450 1595 1653 1627 firmiffimum
1668 1596 1709 1627 est
1727 1597 1803 1628 illud
1824 1596 2015 1627 communibus
2024 1599 2148 1638 fortunis

1192 1636 1362 1678 praefidium
1373 1658 1382 1672 ‚
1395 1640 1539 1680 Quirites,
1550 1647 1595 1672 ut,
1611 1638 1725 1679 qualeis
1734 1648 1788 1669 vos
1796 1639 1943 1670 hodierno
1953 1639 2002 1670 die
2011 1642 2148 1673 maxima

1191 1682 1340 1710 concione
1359 1681 1437 1710 milii
1456 1689 1509 1720 pro
1526 1680 1615 1710 salute
1623 1679 1717 1710 vestra
1727 1680 1912 1719 praebuistis,
1929 1682 2012 1711 taleis
2020 1682 2146 1723 reliquis

1191 1721 1377 1762 temporibus
1388 1722 1501 1761 populo
1516 1724 1659 1751 Romano
1678 1721 1839 1761 praebeatis.
1863 1725 1893 1742 ¹0
1900 1732 1955 1762 pro
1966 1731 2045 1753 certo
2055 1724 2149 1763 polii-

1191 1773 1259 1793 ceor
1271 1764 1329 1793 hoc
1339 1763 1426 1792 vobis
1435 1783 1443 1796 ,
1456 1772 1541 1803 atque
1551 1761 1701 1793 confirmo
1715 1783 1724 1796 ‚
1743 1773 1793 1792 me
1802 1763 1861 1793 effe
1871 1763 2074 1804 perfeElmrum
2084 1784 2094 1799 ,
2114 1773 2148 1796 ut

141 1824 154 1856 3
166 1823 182 1855 7
200 1813 362 1851 precentur.
402 1809 498 1848 Qare
509 1827 519 1839 ,
533 1805 628 1835 mode>
639 1815 671 1852 ut
678 1808 737 1835 vita
746 1806 894 1845 suppetat,
906 1814 1086 1852 quamquam
1098 1814 1152 1845 ego
1190 1805 1254 1851 jam
1273 1804 1393 1851 tandem
1410 1805 1474 1838 illi,
1497 1806 1550 1845 qui
1564 1805 1674 1851 honori
1686 1804 1859 1853 inviderunt
1869 1815 1958 1851 meo‘,
1971 1814 2079 1851 ‘tamen
2092 1816 2148 1837 vos

199 1852 267 1882 sum
278 1853 320 1883 is,
341 1850 392 1890 qui
401 1858 467 1878 eam
476 1846 583 1888 possim
594 1847 629 1877 ab
638 1846 764 1877 istomm
776 1847 880 1877 scelere
893 1866 901 1880 ‚
918 1845 1091 1885 insidiisque
1100 1846 1152 1875 de—
1192 1850 1348 1877 univerlos
1366 1856 1399 1878 m
1416 1846 1539 1878 consule
1561 1846 1719 1889 deligendo
1734 1846 1893 1887 plurimum
1910 1846 2008 1887 vidiffe
2033 1847 2150 1880 fatean-

199 1893 324 1924 fendere
337 1902 341 1921 ;
351 1890 498 1932 polliceor
507 1890 566 1920 hoc
576 1888 820 1930 vobi5,Qi·ites,
831 1888 909 1919 bona
918 1887 976 1919 fide
985 1898 991 1917 :
1000 1887 1149 1929 rempubl.
1192 1895 1249 1919 tur.

1877 1966 1948 2014 M.
1985 1966 2150 2014 Tui.-

239 2130 262 2148 1.
281 2122 393 2156 thIvi
402 2130 431 2146 ac
440 2121 537 2154 manu]
550 2120 592 2147 13st
604 2122 618 2147 ἐι
629 2121 781 2155 εοτῄεθευιη
792 2123 1000 2151 Lauredaiiiana.
1020 2134 1079 2151 nam
1093 2124 1152 2150 vul-

196 2167 235 2194 go
246 2166 348 2192 recepta
359 2156 451 2187 letfi‘tio,
461 2159 605 2188 nihileleim,
616 2166 667 2183 non
678 2157 770 2183 vilitui·
780 2158 805 2184 iii
817 2158 882 2185 olim
893 2159 1030 2195 editis‚qui
1041 2162 1103 2186 nihil
1110 2170 1154 2185 ve-

196 2197 253 2220 lata
263 2212 271 2225 ‚
281 2191 351 2232 quod
363 2194 390 2218 δε
401 2193 427 2218 in
439 2192 495 2218 Pal.
507 2201 547 2227 pr.
559 2201 617 2218 iiani
629 2192 677 2218 sce.
689 2195 792 2219 vellera.
812 2194 923 2220 alioruin
936 2195 1022 2230 scripti
1032 2198 1074 2221 vel
1081 2198 1151 2222 festa.

198 2228 269 2256 unde
280 2228 392 2254 iaciebat
402 2228 562 2254 Gulielmius
575 2247 582 2259 ,
601 2230 691 2254 nihil-ae
700 2231 760 2254 lma
769 2239 852 2255 manu.
871 2229 1051 2258 divinationes
1063 2231 1151 2267 plures

198 2264 368 2300 suppeditant
380 2264 460 2289 Nota:
472 2263 606 2289 Lambini.

236 2310 265 2326 2.
284 2303 330 2333 Ego
346 2300 446 2324 nondum
462 2300 546 2331 vestris
562 2300 636 2324 armis
653 2299 790 2333 armatur]
811 2300 896 2327 Locus
908 2301 952 2328 iste
963 2308 1034 2328 totus
1054 2303 1089 2329 est
1101 2302 1156 2331 fra,-

200 2335 270 2363 ἂιις.
289 2344 348 2362 iiam
362 2335 417 2360 i‘ai.
427 2344 468 2370 pr.
478 2336 524 2367 Ego
533 2343 584 2359 cum
592 2335 676 2366 vestris
687 2353 695 2365 ,
711 2334 796 2370 ficque
807 2335 884 2362 editt.
895 2344 964 2363 vett.
974 2337 1030 2363 Pal.
1041 2337 1091 2363 sec.
1110 2341 1157 2370 Ego

199 2380 250 2397 rum
260 2372 346 2404 vestris
356 2390 364 2401 ‚
375 2372 426 2401 (lte.
446 2371 511 2396 Mox
525 2369 567 2395 ubi
579 2369 656 2395 hodie
667 2370 765 2405 legitur
777 2381 782 2396 :
797 2381 859 2397 mmc
868 2382 954 2398 verear
964 2382 991 2397 ne
1000 2374 1092 2406 respub.
1102 2373 1154 2402 &aa

201 2408 278 2434 habet
291 2406 347 2433 Pal.
359 2405 408 2432 sec.
418 2408 515 2439 resistere
526 2425 533 2437 ‚
543 2415 626 2430 mrem·
634 2415 661 2430 nc
671 2409 700 2431 P.
711 2409 740 2432 R.
750 2408 834 2432 rantis.
851 2416 892 2443 pr.
903 2409 999 2441 resistere
1009 2418 1063 2433 :nec
1071 2417 1154 2433 vereor

203 2489 250 2506 niis
262 2478 398 2509 tentabam
417 2486 480 2504 nunc
488 2485 577 2503 vert-ar
592 2478 667 2503 tamis
685 2480 791 2503 munitm
806 2480 912 2514 praestdi‘i‘s
922 2499 931 2512 ,
948 2488 976 2505 ne
986 2481 1045 2514 resp.
1056 2481 1086 2505 ab
1096 2481 1155 2512 istis,

202 2524 254 2546 wc.

241 2558 253 2585 3
263 2570 267 2575 .
290 2553 339 2575 Nan
349 2551 430 2575 horrui
438 2550 464 2574 in
473 2549 535 2574 hunc
542 2550 613 2574 lorum
619 2549 872 2584 pragi-cdi‚vobtjs‹'1ue.]
890 2549 949 2577 Mss'.
962 2549 1041 2577 nostri
1052 2550 1079 2576 Sc
1091 2548 1156 2576 editi

203 2593 264 2612 :inte
275 2593 380 2611 centuni
392 2586 419 2610 &
430 2585 542 2618 triginta
551 2593 643 2615 annos,
653 2594 697 2610 non
706 2587 784 2610 horreo
793 2589 818 2611 in
828 2588 889 2611 hum
899 2589 969 2612 lucum
975 2586 1156 2619 pragvaedipffi,

202 2622 320 2654 mumque.
332 2620 402 2656 quod
409 2621 466 2653 poffe
476 2621 502 2647 in
512 2619 633 2646 omnibus
646 2619 702 2647 fere
712 2620 795 2647 adhuc
805 2621 944 2658 impreslis,
955 2628 1064 2658 excepta
1073 2623 1156 2649 Lam-

204 2657 308 2683 biniana
321 2675 328 2685 ‚
339 2655 444 2691 ejustlue
457 2655 619 2682 traducibus.

239 2700 267 2724 4.
286 2693 377 2724 Qibrzr
394 2693 454 2723 oriaefi
469 2694 578 2723 negotium
590 2692 748 2726 sactffimm]
761 2692 827 2718 Hzee
836 2693 872 2720 est
883 2691 1032 2726 conjetstura
1043 2693 1156 2728 Sigonii.

204 2736 266 2754 nam
279 2729 358 2762 vulgo
367 2726 402 2752 est
416 2745 423 2756 ,
435 2728 575 2760 fcczjlscmm.
594 2734 622 2752 :it
632 2727 794 2762 antiquiores
805 2727 867 2755 edd.
882 2731 968 2764 quibm
976 2730 1036 2759 orioli
1042 2732 1113 2755 otium
1119 2731 1156 2763 sc-

201 2764 317 2797 crjffkmus.
337 2761 406 2797 quod
418 2762 444 2787 &
456 2762 481 2788 iii
494 2762 549 2788 Pal.
560 2771 600 2798 pr.
612 2763 707 2799 quippe
718 2763 766 2790 sec.
776 2763 878 2797 adjicit,
889 2772 959 2799 arque
967 2765 1043 2798 otiosbs
1053 2765 1158 2791 reddam.

206 2797 277 2833 quod
289 2805 357 2831 mque
368 2799 448 2827 ctiam
459 2798 537 2827 restat
545 2799 573 2826 iii
582 2797 699 2827 editione
710 2800 771 2829 anni
782 2809 815 2828 cc
821 2809 991 2829 ccnxxxiii.
1002 2800 1047 2838 qui
1059 2807 1158 2833 tamen,

207 2835 349 2868 miqlfffimos.

1233 2133 1247 2158 5
1254 2144 1260 2150 .
1278 2128 1353 2150 Hunos
1363 2126 1389 2149 in
1390 2123 1490 2156 judiciis
1498 2123 1528 2153 &a
1535 2125 1644 2157 aequitate
1652 2126 1804 2156 magistratui·
1813 2144 1821 2155 ,
1841 2125 1870 2155 ὠ·
1880 2134 1916 2150 res
1922 2127 2060 2159 familiares
2068 2130 2094 2153 In
2100 2135 2151 2161 pa-

1197 2161 1246 2193 ce.]
1268 2159 1335 2185 Pali.
1348 2161 1386 2184 hos
1397 2160 1522 2192 injudiciis
1531 2159 1675 2193 &equitare
1685 2169 1778 2191 magnos
1789 2163 1880 2186 timeres
1887 2163 2025 2194 familiares
2042 2166 2068 2188 in
2081 2171 2151 2196 pace.

1197 2205 1281 2230 neque
1291 2194 1370 2222 :iliter
1380 2194 1463 2221 editio
1472 2195 1558 2229 prima
1570 2213 1578 2226 ‚
1597 2195 1644 2221 nili
1655 2195 1724 2230 quod
1737 2194 1787 2230 ipik
1796 2197 1845 2221 hor.
1864 2196 1974 2223 secunda
1985 2205 2070 2225 tamen
2082 2208 2150 2234 prae-

1178 2237 1180 2248 ¹
1196 2230 1249 2257 sert
1258 2233 1337 2256 honos.

1232 2267 1260 2292 6.
1278 2267 1376 2301 Qmfi
1383 2267 1420 2290 hic
1431 2283 1439 2296 ‚
1449 2265 1515 2298 dfe-n]
1529 2264 1584 2291 Pal.
1596 2264 1675 2300 prim.
1686 2267 1750 2290 Nam
1760 2266 1800 2299 etfi
1806 2268 1836 2291 ei.
1847 2265 1908 2292 edd.
1920 2274 1986 2294 vett.
1996 2270 2060 2294 Nam
2069 2271 2150 2305 crfibi.

1197 2302 1255 2328 Pal.
1267 2300 1370 2327 secund.
1380 2302 1491 2332 Tamenst
1497 2302 1541 2325 hii.

1231 2345 1247 2369 7
1254 2357 1259 2362 .
1278 2341 1371 2362 Statum
1380 2345 1446 2369 quem
1454 2335 1544 2360 haberis
1556 2353 1563 2365 ‚
1574 2334 1614 2367 eſji·
1624 2336 1737 2360 meliorem
1746 2345 1790 2360 non
1800 2337 1921 2368 ignoraris,
1931 2348 1975 2364 nan
1984 2347 2010 2364 m
2022 2343 2150 2376 quaestrum,

1188 2372 1232 2405 sed
1239 2373 1306 2405 &c.]
1327 2371 1381 2397 Pal.
1392 2379 1433 2406 pr.
1440 2372 1529 2403 statum
1538 2379 1603 2403 quem
1612 2371 1700 2395 habetis
1710 2371 1750 2403 effic
1766 2381 1811 2396 non
1829 2375 1937 2404 ignoravi
1946 2393 1955 2407 ‚
1975 2384 2008 2400 rin
2017 2378 2130 2410 quaesstum
2142 2398 2151 2411 ¹

551 2442 554 2445 Ι
642 2442 644 2445 v
663 2442 667 2445 v
1177 2418 1179 2437 ,¹
1189 2408 1234 2440 fid
1241 2417 1291 2437 0⁵
1309 2407 1359 2433 sec,
1371 2408 1463 2438 statum
1472 2407 1602 2439 quemhab.
1614 2406 1654 2438 effe
1663 2410 1823 2439 nonignoravi
1834 2418 1878 2433 nun
1888 2411 2001 2442 quesitum
2013 2412 2076 2444 ‚Jkffl
2097 2423 2152 2449 quo

199 2454 228 2469 m·
239 2446 309 2468 R.⁴P.
319 2441 455 2477 quomodo
473 2442 501 2467 &
520 2441 586 2467 olim
605 2440 670 2466 editi
683 2460 691 2472 ,
711 2441 756 2468 nisi
776 2443 846 2478 quod
859 2443 959 2479 primus
979 2447 1038 2477 resp.
1059 2444 1157 2469 Putea·
1177 2446 1179 2455 ⁴

1197 2442 1277 2468 inodo
1287 2442 1363 2469 habet
1373 2450 1477 2477 quoque
1488 2440 1570 2468 editio
1580 2441 1664 2476 prima
1675 2452 1681 2468 ;
1697 2450 1787 2469 verum
1798 2442 1908 2471 secunda
1918 2446 2027 2478 retinet,
2042 2451 2153 2482 ignaram·

1198 2487 1230 2504 an
1240 2480 1364 2512 ‹qu-efitum.
1477 2501 1479 2504 .

1233 2513 1261 2540 8.
1280 2515 1385 2547 Qodego
1394 2514 1424 2544 ὠ·
1433 2512 1576 2546 concordia]
1598 2511 1641 2537 Sic
1651 2512 1718 2538 Pali.
1728 2512 1863 2549 editioque
1874 2514 1994 2543 sccunda.
2015 2527 2073 2546 nam
2090 2521 2151 2555 pri-

1198 2559 1240 2576 ma
1251 2569 1258 2581 ,
1269 2559 1297 2575 ex
1306 2550 1424 2575 cunt-ordia
1435 2568 1443 2579 ,
1454 2547 1523 2584 quod
1536 2548 1633 2584 recepit
1643 2547 1825 2576 Lambiniana,

1232 2594 1261 2620 9.
1280 2585 1422 2618 Invitrffimis
1434 2586 1463 2610 iis
1473 2585 1614 2615 hominibm,
1624 2593 1681 2618 quos
1689 2585 1757 2618 elya]
1777 2586 1924 2622 Proponam
1935 2588 2044 2616 Criticis
2055 2591 2083 2616 Sc
2092 2591 2152 2618 heic

1198 2621 1277 2657 louge
1289 2621 1425 2646 nit-liorem
1437 2620 1590 2655 scripturam
1602 2619 1821 2647 membranarum.
1842 2622 1898 2649 Pal.
1909 2632 1950 2658 pr.
1968 2627 2107 2660 inviriffimie
2121 2629 2152 2654 iis

1198 2658 1238 2689 effi:
1248 2659 1378 2682 hominibus
1388 2675 1396 2687 ,
1406 2665 1462 2690 quos
1470 2665 1515 2681 vos
1525 2658 1551 2680 in
1562 2657 1633 2681 Cos.
1644 2657 1736 2681 inimico
1746 2657 1785 2690 esti·
1794 2657 1823 2687 ὁ
1832 2659 1929 2691 corporis
1931 2660 2040 2693 jaHihm·
2044 2664 2141 2694 provida·
2144 2683 2151 2690 .

1179 2712 1181 2721 ⁴
1199 2692 1247 2718 sec.
1258 2694 1420 2725 inviflffmm
1430 2692 1470 2726 ‘'ffi'
1478 2693 1608 2717 hominihus·
1616 2700 1671 2724 quos
1681 2700 1721 2716 nos
1731 2694 1756 2717 in
1766 2693 1823 2725 confi
1835 2697 1926 2720 inimico
1934 2696 1974 2727 effiz
1982 2697 2011 2726 (ἐν
2020 2699 2152 2730 corpora„

1180 2758 1182 2769 Ι
1199 2730 1292 2754 aflibm·
1304 2729 1412 2761 pro-vidi.
1437 2734 1516 2763 atque
1534 2727 1574 2753 liis
1594 2726 1650 2753 fert:
1662 2726 1755 2754 fiinilia
1766 2727 1884 2757 visuntur
1893 2730 1919 2756 in
1930 2730 2090 2760 editionibus
2101 2742 2152 2761 ex·

1198 2765 1286 2790 oletis.

1241 2809 1281 2826 ιο.
1300 2802 1347 2824 Pro
1357 2805 1415 2824 certo
1423 2799 1522 2830 polliceor
1531 2799 1568 2824 hoe
1578 2798 1654 2832 vobi-5,
1663 2798 1731 2835 glyc]
1743 2798 1828 2829 Palat.
1838 2799 1888 2828 sec.
1902 2807 1982 2838 atque
1993 2802 2102 2831 Erfurd.
2110 2812 2154 2838 pn

1180 2837 1184 2871 ὲ
1201 2844 1260 2862 certo
1269 2836 1464 2870 repertapvlltceor
1475 2857 1484 2868 ,
1493 2835 1544 2865 &a

2033 3079 2057 3098 ι.
2075 3073 2162 3107 Qud
