2347 3385
208 1583 249 1608 21

274 124 364 184 176
701 121 769 167 M.
839 118 1198 165 Tunnit

267 205 385 236 odiosas
404 202 608 245 imprudentes
625 201 795 233 inciderunt
810 221 819 235 ‚
843 204 854 220 ¹
866 208 899 230 ut
912 200 1032 238 Stajeno
1045 207 1140 238 nuper
1148 198 1223 228 acci-

268 247 312 278 dit
325 259 330 277 z
350 249 401 288 qui
413 257 445 277 ca
456 248 572 276 locutus
583 245 625 275 est
635 265 643 279 ‚
664 245 754 274 bonis
766 245 836 273 viris
847 241 1133 272 subauscultantibus
1143 259 1152 273 ,
1170 246 1223 281 pa-

265 289 336 318 riete
344 288 496 332 interposito
507 307 514 321 ‚
525 287 633 328 quibus
642 284 794 326 patefaffis
806 305 814 317 ‚
828 285 860 314 in
872 284 1081 323 judiciumque
1091 281 1224 322 prolatis,

266 333 310 361 rei
319 333 450 370 capitalis
463 331 523 367 jure
534 330 690 358 damnatus
699 326 750 357 est.
771 328 852 356 Huic
860 325 956 355 simile
967 324 1111 366 quiddam
1121 323 1157 353 de
1167 324 1224 353 La-

265 372 457 405 cedaemonio
467 371 606 401 Pausania
619 370 798 409 accepimus.
821 365 981 398 Concursio
1000 375 1099 396 autem
1116 364 1225 395 fortui-

268 422 369 444 torum
381 414 446 443 talis
457 412 499 442 est
510 433 518 445 ,
529 421 561 441 ut
572 433 579 445 ‚
592 410 612 440 si
623 413 827 441 interventum
838 408 880 439 est
889 409 954 439 casu
965 428 974 442 ,
987 406 1224 448 cumautagere-

266 464 314 485 tur
332 455 443 496 ahquid
455 475 462 488 ‚
483 454 565 494 quod
583 451 798 493 proferendum
817 461 882 481 non
902 449 973 480 esset
982 470 990 483 ‚
1011 458 1059 480 aut
1067 449 1223 480 diceretur.

266 499 305 526 Iri
317 498 374 526 hoc
383 506 489 537 genere
500 498 590 525 etiam
599 495 651 524 illa
661 493 703 524 est
712 496 743 524 in
753 493 942 524 Palamedem
951 490 1226 530 conjectasuspicio·

265 548 335 567 num
344 538 526 578 proditionis
537 535 703 567 multitudo
714 547 719 566 z
732 535 814 577 quod
823 544 917 577 genus
933 533 1058 564 refutare
1069 531 1220 563 interdurn

265 583 371 609 veritas
394 582 447 609 vix
467 578 572 619 potest.
597 579 697 618 Hujus
716 580 806 608 etiam
828 578 944 618 generis
965 574 1009 605 est
1029 574 1109 604 fama
1130 574 1222 613 vulgi,

266 621 419 661 quoddam
440 620 646 651 multitudinis
664 619 885 655 testimonium.
908 620 983 659 Qae
1000 626 1100 647 autem
1112 617 1221 645 virtute

268 662 362 692 fidem
375 662 505 695 faciunt,
529 673 562 693 ea
572 662 711 702 bipertita
728 662 803 692 sunt.
828 663 876 691 Ex
885 660 995 701 quibus
1005 659 1130 689 alterum
1143 677 1151 690 ‚
1172 665 1225 686 na-

267 712 332 735 tum
341 705 436 734 valet:
454 705 581 735 alterurn
593 725 601 738 ‚
614 702 768 734 industria.
791 705 943 732 DEORUM
954 703 1037 731 enim
1047 701 1143 729 virtus
1154 707 1226 741 ‚na-

266 753 331 776 tura
341 746 463 776 excellit
474 757 479 775 ·.
490 747 656 776 hominum
666 754 777 778 autem,
790 743 943 774 industria.
967 744 1081 772 Divina
1092 741 1154 769 liaec
1163 738 1225 768 iere

267 788 338 818 sunt
357 787 531 818 testimonia
549 799 555 817 :
578 786 717 818 Primum
729 787 883 816 orationis.
907 784 1025 814 oracula
1042 784 1126 812 enim
1138 789 1177 810 ex
1190 790 1226 810 eo

267 830 334 869 ipso
344 830 485 870 appellata
495 827 658 870 sunt‚qubd
669 827 746 858 inest
759 830 791 857 in
801 828 848 856 his
858 826 985 856 deorum
997 826 1109 855 oratio:
1129 824 1227 852 Dein-

269 871 307 901 de
324 882 423 901 rerum
435 892 444 905 ‚
464 874 498 901 in
508 871 618 912 quibus
637 871 738 900 insunt
754 867 832 910 quasi
850 872 937 907 opera
955 867 1058 896 divina
1077 863 1224 906 quaedam:

268 912 409 944 Primum
429 914 490 954 ipse
510 912 642 943 mundus
653 932 660 946 ,
680 911 800 951 ejusque
819 911 922 939 omnis
938 908 1013 938 ordo
1024 928 1033 942 ‚
1054 907 1088 937 &
1097 914 1228 936 ornatus:

268 954 410 994 deinceps
426 957 500 985 aerei
513 955 629 984 volatus
638 956 738 983 avium
751 972 759 986 ,
779 960 865 992 atque
880 960 982 981 cantus
1004 961 1009 979 ;
1033 948 1142 978 deinde
1151 948 1229 987 ejus-

269 996 341 1027 dem
352 998 426 1026 a‘e‘ris
438 997 563 1030 sonitus,
577 996 609 1025 &
619 995 736 1025 ardores
747 1014 755 1028 ,
768 994 990 1033 multarumque
1001 1001 1101 1021 rerum
1112 992 1144 1020 in
1155 998 1229 1019 terra

268 1046 423 1078 portenta:
441 1047 527 1079 atque
544 1040 632 1067 etiarn
644 1046 695 1077 per
704 1045 770 1066 exta
781 1055 790 1069 ,
810 1038 932 1064 inventa
941 1031 1105 1073 praesensio.
1130 1035 1156 1061 A
1165 1031 1230 1060 dor-

268 1079 422 1109 mientibus
439 1090 559 1121 quoque
578 1079 672 1109 multa
689 1075 847 1119 significata
865 1074 933 1107 vifis
944 1097 952 1109 ‚
976 1074 1085 1116 quibus
1104 1084 1142 1104 ex
1154 1073 1227 1102 locis

269 1122 350 1151 sumi
368 1122 520 1151 interdum
533 1121 630 1151 solent
646 1120 681 1150 ad
693 1119 785 1150 fidem
795 1117 963 1148 faciendam
972 1115 1146 1146 testimonia
1155 1115 1227 1144 deo-

268 1172 348 1193 rum.
370 1166 406 1194 In
417 1165 543 1193 homine
560 1165 727 1192 Vin-ruris
746 1161 853 1201 opinio
864 1160 941 1189 valet
951 1157 1130 1199 plurimum.
1155 1157 1228 1196 Opi—

270 1215 326 1235 nio
336 1213 435 1234 autem
447 1204 490 1235 est
501 1225 509 1238 ,
534 1214 599 1234 non
617 1203 713 1234 modo
731 1212 783 1233 eos
801 1203 944 1231 virtutem
954 1201 1061 1230 habere
1071 1219 1080 1233 ³
1104 1200 1156 1239 qui
1176 1199 1228 1227 ha—

270 1247 360 1277 beant
370 1266 378 1280 ‚
399 1247 448 1276 sed
458 1256 508 1276 eos
518 1249 608 1277 etiam
620 1266 628 1280 ,
646 1248 698 1287 qui
708 1245 814 1275 habere
822 1243 990 1274 videantur.
1012 1245 1113 1282 ltaque
1124 1260 1133 1274 ,
1153 1249 1228 1280 quos

269 1289 396 1328 ingenio
406 1308 415 1322 ,
426 1298 502 1329 quos
512 1288 610 1318 studio
622 1309 630 1322 ‚
643 1297 718 1329 quos
729 1285 864 1316 doStrina
873 1284 1014 1325 praeditos
1025 1284 1140 1316 vident,
1152 1291 1227 1322 quo-

268 1340 397 1371 rumque
407 1333 499 1361 vitam
507 1329 695 1361 constantem
708 1350 716 1363 ,
736 1329 769 1358 &
779 1327 933 1368 probatam
945 1346 953 1361 ‚
966 1336 998 1356 ut
1008 1326 1128 1356 Catonis
1140 1344 1148 1357 ,
1160 1326 1228 1353 Lae-

267 1371 323 1405 lii,
342 1374 490 1412 Scipionis
501 1392 510 1406 ,
522 1373 712 1413 aliorumque
721 1370 854 1411 plurium
865 1389 873 1402 ,
885 1376 987 1398 rentur
996 1378 1047 1397 eos
1059 1365 1116 1396 esse
1127 1385 1137 1400 ‚
1156 1375 1228 1408 qua—

270 1414 326 1443 leis
339 1412 422 1454 seipsi
431 1414 537 1444 velint.
561 1417 627 1444 Nec
636 1412 735 1445 solum
745 1421 796 1441 eos
811 1411 933 1441 censent
943 1410 1026 1440 taleis
1036 1407 1094 1438 ess'e
1106 1428 1114 1442 ‚
1132 1409 1185 1448 qui
1195 1408 1228 1436 in

269 1455 438 1485 honoribus
448 1457 564 1496 populi,
575 1465 665 1496 reque
675 1454 795 1495 publica
802 1453 955 1483 versantur
964 1472 972 1486 ‚
985 1450 1033 1481 sed
1045 1450 1077 1480 δε
1085 1451 1225 1483 oratoreS,

269 1496 304 1526 δε
313 1497 509 1537 philosophos
521 1518 528 1531 ,
541 1497 573 1527 &
582 1498 683 1537 poetas
693 1516 700 1530 ,
714 1496 746 1525 &
756 1494 914 1525 historicos
926 1504 931 1522 z
952 1503 990 1523 ex
999 1501 1128 1537 quorum
1140 1491 1172 1522 ὃς
1182 1490 1228 1520 di-

271 1537 328 1568 8115
337 1558 346 1572 ‚
370 1539 404 1569 &
423 1540 537 1579 scriptis
547 1539 621 1579 saepe
637 1538 795 1569 annositas
816 1538 926 1576 petitur
944 1535 980 1565 ad
1001 1532 1168 1564 taciendam
1189 1531 1226 1561 fi-

272 1579 352 1610 dem.
377 1584 555 1611 EXPOSXTis
575 1580 720 1611 omnibus
731 1577 958 1620 argumentandi
970 1577 1043 1606 locis
1053 1595 1061 1609 ‚
1080 1575 1155 1605 illud
1166 1575 1227 1614 pri-

271 1620 363 1652 mum
374 1623 608 1663 intelligendum
618 1622 660 1652 est
671 1642 679 1656 ,
700 1632 756 1651 nec
765 1621 858 1650 ullam
871 1617 928 1649 efl'e
939 1618 1182 1658 disputationem,
1195 1617 1228 1645 in

271 1674 364 1705 quarn
374 1674 439 1694 non
448 1666 554 1705 aliquis
563 1665 648 1695 locus
658 1666 786 1694 incurrat
796 1682 803 1696 ,
816 1672 871 1691 nec
880 1660 941 1690 fere
953 1661 1074 1690 omneis
1085 1660 1168 1688 locos
1181 1660 1227 1687 in-

268 1705 368 1737 cidere
376 1708 410 1736 in
419 1716 546 1736 omnem
557 1706 754 1747 quaestionem
766 1723 775 1738 ,
787 1704 820 1734 δε
829 1702 1005 1744 quibusdam
1015 1700 1230 1742 quaestionibus

268 1747 346 1779 alios
363 1768 371 1782 ‚
395 1748 571 1789 quibusdam
590 1747 647 1778 esse
665 1748 740 1777 alios
755 1748 880 1786 aptiores
900 1744 996 1774 locos.
1019 1742 1229 1784 Qaestionum

272 1788 334 1819 duo
345 1790 412 1819 sunt
421 1800 527 1831 genera
543 1800 549 1819 :
577 1790 703 1820 alterum
714 1787 871 1818 infinitum
889 1806 898 1820 ‚
920 1786 1046 1816 alterum
1057 1783 1228 1814 definitum.

273 1832 447 1866 Definitum
460 1835 501 1864 est
512 1853 520 1867 ,
537 1836 619 1874 quod
635 1830 782 1863 ὑπόὸῑστν
793 1832 900 1863 Graeci,
913 1839 968 1859 nos
979 1828 1100 1867 caufizm.
1123 1827 1231 1858 Infini-

272 1888 340 1909 tum
359 1900 367 1912 ‚
392 1878 472 1920 quod
487 1876 561 1907 sim
571 1878 617 1906 illi
635 1875 802 1915 appellant,
826 1885 882 1921 nos
900 1871 1232 1916 propositumpoffumus
1252 1888 1254 1895 ν

271 1923 443 1951 nominare.
468 1921 558 1951 Causa
567 1919 653 1949 certis
663 1918 795 1957 personis
806 1937 813 1950 ‚
825 1917 899 1946 locis
911 1937 919 1949 ,
933 1914 1230 1955 temporibusfflkho-

272 1963 364 1993 nibus
375 1982 383 1997 ,
395 1964 524 2003 negotiis
534 1962 683 1992 cernitur,
697 1961 788 1989 autin
799 1957 944 1988 omnibus
955 1978 963 1991 ‚
984 1958 1075 1987 autin
1084 1957 1231 1997 plerisque

273 2014 390 2035 eorum.
412 2002 602 2044 Propositum
612 2010 712 2032 autem
724 2021 732 2035 ,
754 2003 788 2031 in
807 2000 908 2040 aliquo
918 2008 1023 2029 eorum
1036 2018 1044 2031 2
1063 2008 1112 2028 aut
1122 2000 1154 2028 in
1164 2000 1232 2039 plu-

273 2046 357 2077 ribus
368 2066 376 2079 ,
402 2056 457 2076 nec
478 2055 579 2077 tamen
598 2046 630 2073 in
643 2045 796 2072 maximis.
820 2045 920 2082 Itaque
936 2038 1121 2081 propositum
1131 2060 1139 2074 ,
1167 2050 1231 2080 pars

275 2088 369 2118 causae
379 2086 432 2117 est.
457 2087 512 2118 Sed
523 2088 625 2117 omnis
635 2084 761 2125 quaestio
771 2105 780 2117 ,
795 2093 896 2114 earum
906 2084 1003 2123 aliqua
1014 2082 1050 2112 de
1061 2093 1090 2113 re
1099 2081 1151 2116 est,
1164 2084 1233 2122 qui-

275 2130 331 2160 bus
341 2130 433 2159 causae
441 2131 636 2159 continentur
654 2146 663 2160 ‚
686 2134 804 2155 autuna
821 2145 829 2159 ‚
852 2124 1045 2164 ampliu-ibus
1061 2144 1069 2157 ‚
1093 2133 1233 2154 autnon-

276 2181 446 2212 numquam
463 2170 618 2200 omnibus.
641 2167 852 2209 Qaestionum
867 2175 969 2196 autem
980 2184 989 2199 ,
1007 2175 1186 2206 quacunque
1196 2165 1233 2195 de

274 2223 307 2243 re
318 2211 373 2242 sint
391 2232 401 2245 ‚
424 2212 485 2242 duo
498 2213 700 2252 suntgenera:
723 2218 839 2242 unuin,
861 2208 1045 2248 cognitionis
1065 2217 1071 2235 ε
1093 2206 1231 2240 alterum,
1255 2232 1256 2249 ἢ

275 2254 417 2284 actionis.
450 2255 640 2295 Cognitionis
652 2252 719 2281 sunt
727 2251 773 2280 hae
792 2270 801 2285 ,
824 2258 951 2290 quarum
962 2246 1032 2277 finis
1042 2247 1085 2278 est
1100 2248 1230 2278 scientia.

276 2299 320 2327 Ut
331 2316 339 2329 ,
354 2294 373 2324 fi
384 2304 549 2336 quaeratur,
571 2294 587 2324 a
597 2303 738 2323 naturane
745 2294 791 2330 jus
800 2289 970 2332 profe&um
979 2288 1013 2319 sit
1023 2309 1031 2322 ,
1043 2299 1079 2319 an
1090 2289 1126 2319 ab
1135 2290 1232 2330 aliqua

273 2336 351 2378 quasi
364 2337 541 2367 conditione
551 2337 716 2365 hominurn
728 2354 736 2368 ,
758 2334 790 2363 δε
800 2332 948 2373 pactione.
972 2330 1112 2360 Aetionis
1129 2340 1229 2360 autem

274 2379 452 2417 hujusmodi
462 2379 599 2418 exempla
610 2378 677 2408 funt
691 2387 696 2405 2
719 2376 799 2405 Sitne
804 2374 937 2415 sapientis
945 2372 981 2402 ad
992 2372 1129 2412 rempub.
1151 2382 1232 2402 acc„-

275 2422 353 2451 dere.
378 2422 568 2461 Cognitionis
578 2418 757 2460 quaestiones
767 2418 916 2456 tripai‘t'itae
926 2415 994 2445 sunt
1004 2435 1012 2448 ‚
1025 2412 1096 2445 cum
1109 2434 1117 2447 ‚
1138 2424 1175 2444 an
1185 2412 1229 2443 fit:

277 2471 344 2496 aut,
364 2463 436 2503 quid
449 2461 499 2492 sit:
518 2469 584 2496 aut,
604 2460 689 2501 quale
700 2458 751 2493 sit,
771 2459 921 2499 quaeritur.
946 2459 1066 2486 Horum
1081 2458 1230 2495 primum,
1254 2486 1256 2495 ,

275 2504 463 2544 conjcStura:
483 2503 645 2534 secundum
657 2522 666 2535 ,
683 2499 880 2532 definitione:
899 2499 1020 2529 tertium
1032 2517 1040 2531 ‚
1057 2497 1232 2537 juris&in-

272 2547 361 2586 juriae
372 2544 567 2575 distimffione
577 2544 750 2584 explicatur.
771 2540 960 2582 ConjetSlurae
968 2541 1042 2570 ratio
1051 2541 1084 2568 in
1093 2547 1232 2579 quattuor

273 2590 380 2628 parteis
392 2586 546 2617 distributa
563 2585 615 2617 est.
637 2594 763 2626 quarum
774 2594 833 2614 una
843 2581 903 2616 est,
923 2581 995 2612 cum
1005 2582 1162 2622 quaeritur,
1184 2578 1232 2610 sit-

262 2623 264 2625 ’
275 2640 314 2659 ne
324 2628 448 2670 aliquid.
461 2629 546 2658 altera
554 2648 563 2661 ,
575 2627 654 2657 unde
665 2634 767 2656 ortum
778 2624 820 2655 sit.
832 2626 916 2655 tertia
924 2644 932 2658 ‚
946 2633 1012 2666 quae
1021 2622 1051 2652 id
1063 2622 1147 2652 causa
1155 2620 1228 2651 effe-

276 2680 359 2701 cerit.
370 2679 468 2711 quarta
476 2690 484 2703 ‚
497 2672 529 2699 in
540 2679 597 2710 qua
607 2669 642 2699 de
652 2669 820 2698 mntatione
830 2667 872 2696 rei
882 2667 1037 2707 quaeritur:
1061 2665 1104 2694 Sit
1114 2684 1122 2697 ‚
1134 2673 1229 2693 necne

275 2711 309 2742 sit
322 2723 327 2741 ¹.
351 2711 538 2753 Ecquidriam
549 2710 710 2741 honestum
721 2708 754 2739 sit
765 2730 773 2743 ,
798 2707 911 2749 Ecquid
922 2717 1041 2748 aequum
1053 2716 1083 2735 re
1091 2715 1160 2735 vera
1171 2725 1179 2739 ,
1190 2715 1229 2734 an

275 2755 339 2784 haec
350 2753 468 2784 tantum
478 2756 510 2783 in
519 2754 664 2792 opinione
675 2749 731 2781 fint
749 2761 755 2780 t
778 2751 867 2780 Unde
877 2758 976 2780 autern
987 2746 1021 2778 sit
1030 2756 1132 2777 ortum
1151 2766 1160 2780 ‚
1184 2755 1226 2780 ut,

276 2794 348 2826 cum
359 2798 509 2836 quaeritur‚
520 2801 623 2823 natura
632 2814 639 2827 ‚
652 2803 688 2823 an
698 2791 834 2822 doctrina
843 2788 1017 2832 possiteffici
1025 2791 1128 2819 virtus.
1152 2791 1228 2819 Cau-

273 2838 305 2867 sa
314 2847 413 2867 autem
424 2835 557 2866 efficiens
568 2834 604 2865 sic
614 2855 623 2868 ‚
637 2844 667 2864 ut
679 2855 687 2868 ,
699 2833 771 2865 cum
779 2835 920 2875 quaeritur
928 2853 936 2865 ‚
950 2831 1060 2872 quibus
1069 2831 1156 2860 rebus
1166 2830 1230 2860 elo-
1252 2859 1253 2871 1

275 2880 398 2919 quentia
408 2877 562 2908 efficiatur.
576 2880 623 2907 De
633 2878 872 2907 commutatione
883 2872 932 2908 ,sic
944 2884 949 2902 :
959 2872 1077 2912 Poffitne
1086 2872 1230 2913 eloquen*

215 2921 262 2946 22
276 2930 314 2950 tia
331 2921 568 2949 commutatione
579 2920 676 2959 aliqua
685 2919 819 2947 converti
836 2919 870 2946 iri
887 2915 1057 2945 infantiam.
1080 2912 1160 2944 Cum
1178 2924 1230 2944 au-

276 2970 339 2993 tem
350 2981 359 2996 ,
369 2961 442 3002 quid
451 2960 485 2990 sit
493 2980 501 2994 ‚
513 2962 655 3001 quaeritur
667 2970 672 2988 :
690 2961 778 2989 notio
788 2957 963 2999 explicanda
972 2955 1015 2986 est
1025 2977 1034 2990 ‚
1055 2956 1088 2986 &
1097 2957 1229 2996 proprie-

313 3086 324 3104 ι
332 3098 337 3104 .
360 3079 387 3103 Ut
394 3077 485 3110 Stajem
494 3083 568 3107 nuper
577 3075 674 3105 accidit,
683 3072 749 3108 &c.]
764 3072 807 3098 Est
816 3071 848 3098 ab
859 3069 1046 3106 Hittorpiaiio‚
1056 3075 1226 3095 :innotatum-

274 3123 326 3150 que
344 3112 414 3139 idem
435 3114 460 3138 in
471 3110 725 3147 Bellaquensiintei·
744 3109 836 3136 lineas.
864 3106 907 3134 sed
918 3108 945 3134 St
956 3106 1074 3142 alioquin
1093 3104 1229 3133 alludebat

273 3150 332 3180 Pal.
343 3150 370 3177 in
381 3158 434 3185 quo
442 3149 552 3183 Stajem‘o.

1277 115 1803 164 C1cERouis

1268 204 1310 226 tas
1319 215 1330 230 ,
1353 195 1386 226 δε
1395 195 1501 228 divisio
1518 217 1527 232 ,
1551 197 1585 228 &
1592 198 1722 239 partitio.
1746 199 1818 228 Haec
1828 195 1911 227 enim
1924 195 1992 227 sunt
2002 194 2176 229 definitioni
2183 204 2228 229 at·-

1268 240 1394 271 tributa:
1410 240 1528 272 additur
1538 245 1628 273 etiam
1638 242 1796 283 descriptio
1806 263 1814 276 ‚
1832 251 1922 283 quam
1934 244 2030 272 Graeci
2040 238 2228 280 χριρρεκτῗιεω

1268 290 1387 312 vocant.
1410 285 1507 314 Notio
1519 283 1557 315 fic
1566 286 1709 326 quaeritur
1718 305 1727 319 ‚
1743 284 1816 326 fitne
1826 284 1855 314 id
1866 293 1986 324 aequum
1998 303 2006 317 ‚
2017 283 2098 324 quod
2107 285 2154 317 ei,
2174 284 2229 325 qui

1269 323 1336 363 plus
1344 323 1441 364 potest
1450 345 1458 359 ‚
1477 327 1550 355 utile
1560 325 1613 356 est.
1637 328 1800 366 Proprietas
1808 325 1847 356 fic
1867 336 1875 363 :-
1897 329 1932 354 In
1942 326 2112 355 hominemne
2123 324 2226 357 solum

1255 365 1351 395 ·cadat
1360 386 1368 399 ‚
1378 376 1415 396 an
1423 369 1512 397 etiam
1523 369 1556 398 in
1566 368 1677 398 belluas
1686 367 1840 408 aegritudo.
1864 366 1983 397 Divisio
1993 387 2001 401 ‚
2014 367 2048 397 &
2057 367 2163 397 eodem
2173 376 2228 407 pa-

1271 406 1321 436 ὁὶο
1331 409 1450 447 partitio
1462 429 1469 441 ‚
1483 408 1535 439 sic:
1556 411 1667 441 Triane
1676 420 1709 450 ge
1715 419 1784 440 nera
1793 409 1945 439 bonorum
1955 407 2019 439 sint.
2043 409 2226 448 Descriptio,

1270 450 1372 490 Qalis
1384 447 1416 478 sit
1425 460 1526 480 avarus
1538 472 1546 485 ‚
1567 452 1661 491 qualis
1671 449 1842 483 affenraror,
1867 459 2020 490 ceteraque
2030 450 2163 489 ejusdem
2174 460 2227 491 ge-

1269 492 1367 523 neris,
1391 492 1423 520 in
1439 492 1548 532 quibus
1566 501 1685 526 natura,
1710 493 1812 522 &vita
1829 491 2009 521 describitur.
2034 490 2114 522 Cum
2123 500 2227 524 autem

1268 533 1420 572 quaeritur,
1431 533 1515 573 quale
1525 533 1597 574 quid
1608 533 1642 564 sit
1653 545 1658 563 :
1669 542 1718 564 aut
1728 532 1899 573 simpliciter
1909 534 2051 573 quaeritur
2060 553 2068 566 ,
2079 542 2130 563 aut
2138 543 2228 563 corn-

1267 573 1374 612 parate.
1398 575 1581 614 Simpliciter
1595 595 1604 609 ‚
1627 575 1841 616 Expetendane
1853 573 1885 604 sit
1892 575 1986 616 gloria
2006 585 2011 604 :
2035 575 2227 615 Comparate,

1269 616 1511 654 Praeponendane
1529 615 1564 647 sit
1574 617 1689 647 divitiis
1708 617 1811 658 gloria.
1834 616 2027 656 Simplicium
2046 618 2100 646 tria
2120 626 2229 659 genera

1271 656 1339 686 sunt
1351 667 1356 684 τ
1367 657 1404 687 de
1415 658 1584 698 expetendo
1595 680 1603 692 ‚
1616 658 1834 700 fugiendoque:
1847 658 1884 688 de
1893 667 1979 699 aequo
1990 679 1999 692 ‚
2011 658 2161 699 &iniquo
2172 669 2178 689 z
2189 658 2229 690 de

1270 698 1398 728 honesto
1409 719 1417 732 ,
1439 700 1471 729 &
1481 702 1571 740 tui-pi.
1595 703 1867 741 Comparationum
1877 709 1976 729 autem
1986 699 2048 730 duo
2058 719 2067 734 ,
2084 710 2182 730 unum
2191 700 2231 732 de

1271 740 1378 770 eodeni
1391 760 1399 774 ‚
1423 742 1456 771 &
1465 743 1524 772 alio
1548 753 1554 771 :
1577 743 1703 773 alterum
1715 743 1751 772 de
1762 743 1875 779 majore
1886 761 1893 773 .
1920 741 1952 771 &
1963 742 2093 771 minore.
2116 744 2165 772 De
2175 752 2230 773 ex-

1271 781 1400 820 petendo
1409 802 1417 816 ,
1430 783 1627 824 &fugiendo,
1638 783 1813 823 hujusmodi
1826 794 1832 812 τ
1854 786 1869 803 ²
1879 785 1909 814 Si
1918 783 2093 823 expetendae
2103 783 2230 820 divitiae,

1273 822 1291 853 si
1312 822 1451 864 fugienda
1467 834 1630 865 paupertas.
1654 829 1701 855 De
1712 835 1798 866 aequo
1813 826 1964 865 &iniquo
1983 835 1990 854 z
2012 826 2188 866 eAEquumne
2196 824 2231 857 fit

1273 864 1376 894 ulcisci
1387 886 1396 898 ‚
1418 865 1434 896 a
1443 877 1635 908 quocumque
1645 869 1787 907 injuriam
1798 869 1953 907 acceperis.
1977 869 2025 896 De
2034 866 2163 898 honesto
2173 887 2183 901 ‚
2195 868 2233 899 &

1273 908 1351 947 turpi
1363 917 1368 935 ι
1392 907 1604 938 Honestumne
1614 908 1647 938 sit
1655 929 1663 942 ‚
1681 917 1730 951 pro
1744 909 1844 951 patria
1862 909 1945 937 mori.
1969 911 2015 938 Ex
2024 908 2117 939 altero
2125 917 2228 941 autem

1271 959 1378 990 genere
1389 969 1397 982 ‚
1410 950 1490 990 quod
1501 959 1560 980 erat
1569 949 1754 990 bipartitum,
1767 960 1864 980 unum
1873 949 1917 980 est
1925 950 1961 980 de
1973 950 2082 981 eodem
2092 971 2101 984 ,
2114 951 2147 982 δε
2156 951 2228 982 alio:

1272 999 1303 1020 ut
1314 1010 1322 1024 ,
1347 989 1367 1020 fi
1384 1001 1546 1031 quaeratur‚
1565 991 1760 1033 quidintersit
1769 995 1846 1022 inter
1855 993 1987 1023 amicum
1999 1012 2007 1026 ,
2032 991 2232 1023 &assentato-

1270 1042 1334 1062 rem
1347 1043 1351 1060 z
1372 1043 1473 1074 regem
1486 1054 1495 1068 ‚
1507 1034 1541 1064 &
1550 1043 1720 1074 tyrannum.
1744 1035 1881 1065 Alterum
1891 1033 1928 1064 de
1937 1035 2052 1074 majore
2061 1054 2071 1069 ,
2083 1034 2116 1064 δε
2126 1037 2231 1065 mino·

1270 1084 1299 1104 re
1323 1085 1329 1103 ;
1353 1083 1385 1104 111
1396 1095 1403 1107 ,
1425 1074 1445 1104 si
1456 1086 1602 1116 quaeratur
1614 1097 1622 1109 ,
1646 1076 1836 1117 eloquentiane
1844 1076 1938 1116 pluris
1949 1074 1982 1105 sit
1993 1096 2002 1109 ,
2020 1085 2058 1105 an
2066 1076 2143 1115 juris
2153 1078 2232 1106 civi-

1271 1116 1306 1145 lis
1318 1116 1448 1147 scientia.
1473 1120 1522 1148 De
1533 1119 1715 1159 cognitionis
1725 1117 1942 1158 quaestionibus
1953 1116 2107 1147 haetenus.
2124 1116 2233 1148 Aetio-

1270 1160 1317 1187 nis
1328 1158 1447 1199 reliquae
1459 1159 1542 1189 sunt:
1565 1170 1691 1200 quarum
1703 1159 1764 1189 duo
1776 1161 1843 1190 sunt
1850 1169 1956 1200 genera
1972 1170 1978 1188 ;
2002 1168 2100 1188 111111111
2108 1159 2145 1189 ad
2155 1158 2228 1190 offi-

1270 1201 1355 1229 cium
1379 1210 1384 1228 :
1406 1201 1533 1231 alterurn
1551 1202 1587 1231 ad
1597 1210 1717 1231 motum
1727 1203 1822 1231 animi
1831 1201 1880 1231 vel
1889 1200 2076 1246 gignendum
2094 1220 2104 1235 ‚
2125 1202 2175 1231 vel
2186 1202 2231 1232 se-

1270 1240 1402 1271 dandum
1415 1262 1423 1275 ,
1446 1243 1571 1282 planeve
1590 1243 1772 1273 tollendum.
1795 1242 1842 1273 Ad
1854 1241 1991 1273 officium
2001 1240 2058 1277 fic3
2081 1251 2114 1273 ut
2122 1262 2131 1277 ‚
2154 1242 2229 1274 curn

1271 1285 1410 1323 quaeritur
1420 1304 1429 1318 ‚
1448 1284 1667 1325 suscipiendine
1675 1283 1837 1315 fintliberi.
1860 1284 1907 1314 Ad
1918 1283 2086 1314 movendos
2096 1286 2228 1319 animos,

1269 1324 1341 1355 cum
1360 1324 1438 1356 fiunt
1453 1327 1676 1357 cohortationes
1687 1326 1721 1357 ad
1732 1325 1953 1356 defendendam
1963 1326 2102 1365 rempub.
2114 1326 2150 1357 ad
2159 1326 2228 1368 glo-

1270 1368 1346 1397 riam
1357 1388 1365 1402 ,
1378 1368 1410 1398 86
1420 1368 1455 1398 ad
1466 1368 1585 1398 laudem
1595 1379 1600 1398 :
1612 1379 1674 1410 quo
1683 1378 1833 1409 exgenere
1845 1367 2047 1408 suntquerelae
2056 1387 2065 1402 ,
2075 1369 2230 1399 incitatio-

1271 1419 1324 1439 nes
1335 1430 1344 1443 ,
1369 1410 1633 1451 miserationesque
1649 1409 1766 1440 flebiles
1779 1430 1788 1444 ‚
1809 1410 1965 1451 rursusque
1975 1411 2072 1440 oratio
2082 1408 2154 1439 cum
2171 1411 2230 1441 ira-

1269 1451 1411 1481 cundiam
1422 1451 1607 1494 restinguens
1616 1473 1624 1486 ‚
1637 1462 1704 1483 turn
1715 1461 1833 1482 metum
1842 1453 1972 1492 eripiens
1983 1471 1991 1485 ‚
2003 1459 2068 1481 turn
2079 1451 2232 1482 exsultan-

1270 1501 1332 1522 tem
1351 1493 1487 1524 laetitiam
1498 1496 1704 1534 comprimens
1721 1514 1731 1528 ,
1754 1501 1820 1523 tum
1831 1492 2038 1534 aegritudinern
2050 1492 2231 1534 abstergens.

1272 1537 1346 1565 Haec
1363 1534 1434 1565 cum
1454 1538 1487 1565 in
1505 1535 1661 1576 propositis
1672 1534 1887 1576 quaestionibus
1901 1544 2008 1575 genera
2024 1533 2100 1568 sint,
2122 1534 2228 1566 eadem

1272 1618 1385 1649 stiones
1393 1619 1614 1649 accommodati
1624 1619 1702 1653 sunt,
1713 1618 1853 1658 deinceps
1864 1617 1907 1648 est
1916 1617 2092 1648 videndum.
2110 1620 2227 1650 Omnes

1271 1661 1395 1702 quidem
1406 1662 1470 1695 illi,
1492 1671 1568 1702 quos
1577 1661 1662 1702 supra
1670 1660 1806 1691 diximus
1828 1681 1837 1694 ‚
1858 1659 2055 1700 adplerasque
2064 1660 2135 1691 sunt
2147 1671 2153 1690 :
2176 1660 2228 1692 sed

1270 1704 1320 1733 alii
1331 1702 1366 1733 ad
1375 1702 1492 1737 alias‚ut
1500 1703 1577 1737 dixi,
1588 1705 1724 1743 aptiores.
1748 1702 1793 1732 Ad
1804 1702 1872 1741 conj
1877 1701 2010 1732 3811113111
2019 1703 2109 1742 igitur
2124 1703 2227 1733 maxi-

1269 1744 1320 1774 me
1330 1753 1472 1785 apta‚quae
1482 1755 1520 1775 ex
1528 1743 1630 1779 causis,
1642 1755 1708 1786 qua:
1720 1754 1758 1774 ex
1769 1743 1884 1776 effeffls
1897 1764 1905 1777 ,
1940 1753 1984 1774 uae
1992 1753 2030 1773 ex
2040 1743 2227 1783 conjunffis,

1275 1787 1354 1817 sumi
1372 1785 1502 1827 pofl'unt.
1524 1786 1573 1817 Ad
1584 1786 1797 1817 definitionem
1815 1794 1916 1815 autern
1952 1787 2060 1815 ertinet
2076 1787 2151 1816 ratio
2161 1805 2170 1820 ‚
2194 1785 2230 1817 δε

1275 1829 1396 1859 scientia
1408 1827 1584 1859 definiendi.
1607 1832 1704 1869 Atque
1713 1829 1783 1858 huic
1798 1828 1899 1868 generi
1911 1825 2079 1856 finitimum
2088 1826 2132 1857 est
2141 1826 2232 1861 illud,

1275 1870 1356 1912 quod
1366 1870 1504 1911 appellari
1513 1870 1549 1899 de
1560 1871 1668 1900 eodem
1681 1890 1690 1904 ‚
1708 1870 1740 1900 δε
1749 1870 1842 1899 altero
1853 1868 1989 1898 diximus
2013 1878 2019 1898 ;
2042 1868 2123 1909 quod
2133 1879 2230 1911 genus

1274 1914 1373 1942 forma
1382 1911 1516 1952 quaedam
1527 1910 1713 1941 definitionis
1723 1910 1774 1941 est.
1797 1912 1827 1941 Si
1837 1912 1922 1940 enim
1934 1918 2096 1950 quaeratur,
2107 1911 2233 1941 idemne

1277 1953 1311 1984 sit
1319 1955 1474 1994 pertinacia
1486 1974 1494 1987 ‚
1518 1953 1550 1984 ὃς
1558 1954 1763 1995 perseverantia
1773 1973 1782 1986 ‚
1796 1950 2025 1982 definitionibus
2031 1951 2232 1991 judicandum

1276 1995 1327 2026 est.
1352 1998 1427 2026 Loci
1444 2005 1544 2026 autem
1562 1997 1747 2026 convenient
1764 1996 1798 2024 in
1815 1995 1878 2032 ejus
1896 1995 2014 2034 generis
2022 1992 2233 2034 quaestionem,

1277 2038 1492 2079 consequentes
1501 2059 1509 2073 ‚
1521 2037 1728 2069 antecedentes
1737 2057 1745 2070 ‚
1756 2045 1953 2077 repugnantes
1962 2056 1970 2068 ‚
1982 2034 2130 2072 adjunffis
2141 2037 2233 2067 etiam

1278 2080 1395 2110 duobus
1417 2082 1454 2110 iis
1471 2101 1480 2113 ‚
1504 2082 1557 2122 qui
1576 2081 1734 2111 sumuntur
1756 2088 1795 2108 ex
1817 2075 1906 2107 causis
1929 2077 1961 2106 &
1972 2075 2096 2106 effe-fitis.
2119 2080 2200 2107 Nam
2211 2075 2235 2108 fi

1277 2123 1353 2151 hanc
1363 2132 1427 2151 rem
1437 2122 1487 2152 illa
1496 2123 1636 2162 sequitur,
1648 2122 1723 2151 hanc
1732 2128 1831 2150 autem
1844 2128 1909 2148 non
1918 2118 2062 2158 sequitur:
2073 2127 2121 2148 aut
2129 2117 2149 2148 si
2160 2120 2234 2149 huic

1273 2205 1403 2246 gnat‚illi
1412 2215 1476 2234 non
1487 2213 1629 2245 repugnat
1641 2214 1648 2233 ς
1665 2202 1747 2237 aut‚si
1757 2203 1808 2239 huj
1813 2212 1846 2232 us
1857 2203 1898 2231 rei
1909 2201 2067 2235 haec‚illius
2078 2202 2133 2231 alia
2141 2202 2227 2233 causa

1279 2245 1339 2276 est:
1363 2255 1413 2276 aut
1423 2244 1443 2274 fi
1454 2256 1491 2276 ex
1500 2247 1560 2276 alio
1570 2247 1630 2275 hoc
1640 2265 1648 2279 ,
1669 2255 1705 2275 ex
1715 2245 1775 2275 alio
1786 2243 1861 2273 illud
1872 2241 2015 2273 effectum
2026 2242 2085 2273 est:
2103 2253 2142 2272 ex
2152 2253 2233 2284 quo-

1278 2289 1324 2318 vis
1334 2289 1442 2317 horum
1454 2287 1484 2317 id
1497 2307 1505 2320 ,
1525 2287 1560 2317 de
1571 2297 1632 2328 quo
1643 2288 1784 2327 quaeritur
1794 2305 1803 2319 ‚
1822 2285 1945 2315 idemne
1955 2305 1963 2319 ‚
1980 2294 2017 2315 an
2027 2284 2107 2315 aliud
2117 2283 2150 2314 sit
2161 2305 2170 2318 ,
2182 2287 2232 2315 in-

1254 2350 1257 2372 l
1277 2330 1374 2359 veniri
1385 2328 1489 2368 potest.
1513 2329 1559 2359 Ad
1571 2330 1691 2359 tertium
1701 2337 1794 2368 genus
1804 2326 1977 2368 quaestionis
1989 2346 1997 2360 ,
2010 2328 2042 2356 111
2051 2336 2112 2367 quo
2122 2346 2131 2360 ,
2143 2327 2231 2368 quale

1255 2374 1257 2378 ⁴
1278 2369 1312 2400 sit
1323 2390 1331 2404 ‚
1343 2372 1483 2411 quaeritur
1493 2391 1501 2404 ,
1513 2372 1545 2400 in
1556 2379 1814 2410 comparationem
1823 2379 1856 2398 ea
1864 2367 1984 2402 cadunt,
1996 2379 2061 2409 quae
2069 2369 2169 2408 paullo
2179 2378 2232 2398 an-

1277 2412 1305 2442 te
1326 2414 1359 2442 in
1376 2414 1605 2452 comparationis
1625 2414 1694 2441 loco
1712 2419 1884 2441 enumerata
1892 2410 1969 2440 sunt.
1991 2413 2028 2439 In
2044 2409 2120 2439 illud
2130 2418 2232 2440 autem

1277 2464 1369 2496 genus
1379 2474 1387 2487 ‚
1400 2456 1432 2484 in
1442 2464 1502 2494 quo
1512 2453 1548 2484 de
1559 2453 1727 2493 expetendo
1738 2473 1746 2487 ‚
1763 2451 1967 2493 fugiendoque
1976 2452 2117 2492 quaeritur
2126 2471 2134 2484 ‚
2146 2451 2232 2481 adhi-

1254 2504 1255 2509 ’
1277 2498 1383 2526 bentur
1392 2506 1435 2529 ea,
1449 2506 1514 2536 quae
1525 2497 1591 2526 sunt
1601 2504 1650 2525 aut
1659 2496 1765 2529 animi,
1783 2502 1833 2524 aut
1844 2494 1987 2533 emporis,
1998 2503 2046 2523 aut
2054 2501 2175 2523 externa
2183 2493 2234 2523 vel

1254 2542 1255 2551 ¹
1277 2538 1440 2568 commoda
1451 2558 1460 2570 ‚
1484 2538 1533 2567 vel
1554 2536 1762 2567 incommoda.
1785 2539 1923 2576 Itemque
1943 2533 2017 2565 cum
2038 2534 2075 2565 de
2089 2533 2231 2569 honestos

1277 2582 1414 2620 turpique
1423 2581 1563 2619 quaeritur
1573 2599 1581 2612 ,
1601 2578 1636 2609 ad
1647 2579 1847 2610 animibona‚
1869 2576 1919 2606 vel
1929 2577 2024 2610 mala,
2047 2577 2150 2606 omnis
2159 2575 2232 2606 dirt-

1253 2630 1255 2653 ,Ι
1276 2621 1371 2661 genda
1379 2623 1473 2651 oratio
1483 2620 1536 2651 est.
1561 2620 1640 2651 Cum
1650 2629 1749 2650 autem
1759 2620 1795 2649 de
1806 2628 1879 2660 aquo
1890 2638 1899 2651 ,
1921 2617 2062 2659 &iniquo
2073 2616 2233 2652 disseritur,

1277 2664 1419 2703 aequitatis
1431 2663 1489 2692 loci
1500 2663 1694 2703 colliguntur.
1721 2663 1753 2691 hi
1764 2668 1929 2690 cernuntur
1943 2657 2083 2700 bipartito
2107 2670 2113 2688 :
2136 2658 2169 2688 &
2178 2668 2232 2689 na-

1277 2713 1349 2737 tura,
1362 2705 1394 2734 &
1405 2704 1553 2734 instituto.
1578 2707 1691 2733 Natura
1700 2704 1804 2743 parteis
1812 2701 1901 2731 habet
1910 2700 1980 2731 duas
1989 2721 1997 2735 ‚
2011 2701 2160 2731 tuitionem
2169 2700 2230 2733 suh·

1252 2770 1254 2773 .
1279 2747 1313 2776 &
1336 2746 1498 2776 ulciscendi
1512 2747 1572 2785 jus.
1595 2744 1750 2775 Institutio
1768 2753 1867 2774 autem
1885 2744 2033 2784 ,aequitatis
2050 2761 2059 2777 ‚
2083 2743 2228 2782 tripertita

1277 2787 1331 2818 est.
1355 2797 1412 2817 una
1421 2797 1486 2827 pars
1496 2807 1504 2821 ‚
1527 2787 1660 2827 legitima
1668 2785 1711 2816 est
1720 2806 1729 2819 ‚
1748 2786 1837 2816 altera
1845 2786 2030 2815 conveniens
2041 2804 2053 2818 ⁷
2069 2786 2154 2814 tertia
2162 2792 2232 2813 mo-

1277 2831 1316 2859 ris
1326 2829 1467 2859 vetustate
1478 2827 1661 2859 confirmata.
1682 2830 1781 2868 Atque
1792 2829 1882 2857 etiam
1899 2826 1999 2857 rursus
2008 2827 2128 2867 aequitas
2147 2845 2156 2859 ,
2180 2825 2233 2855 tri-

1279 2915 1362 2943 tertia
1370 2913 1406 2942 ad
1415 2914 1557 2942 homines
1566 2913 1729 2951 pertinere:
1753 2912 1851 2941 Prima
1862 2930 1870 2943 ‚
1881 2911 1988 2950 pietas:
2003 2909 2130 2940 secunda
2138 2929 2148 2944 ‚
2165 2909 2234 2942 san-¹

2162 2992 2231 3022 satis

1308 3069 1364 3092 2057
1373 3067 1498 3099 expetmdae
1507 3067 1605 3097 Ᾰὶνίιίι,
1611 3064 1830 3099 fifiegicnda,&c.]
1843 3062 1986 3091 Lambinus
1999 3060 2142 3098 supposuit,
2151 3063 2233 3086 sintne

1275 3104 1402 3136 εκμτεηήε
1411 3102 1683 3135 diviti.e‚j;'inefi1g.&c.
1693 3100 1736 3126 sed
1747 3108 1798 3127 non
1809 3099 1914 3134 adjutus
1926 3102 1940 3125 a
1952 3098 2009 3125 mff.
2020 3098 2105 3124 libris.
2116 3096 2229 3123 alterum

1246 3126 1258 3170 1
1279 3138 1338 3167 sane
1350 3137 1422 3166 reite
1431 3137 1483 3166 dici
1494 3137 1612 3174 pluribus
1623 3136 1736 3166 ostendit
1746 3136 1839 3172 Cujact
1850 3135 1931 3163 lib-11
1939 3145 1962 3163 i.
1973 3133 2085 3162 Observ.
2095 3139 2236 3201 czip.137g.2«⁴²

1271 1578 1304 1606 in
1314 1577 1411 1606 causas
1422 1577 1645 1607 transferuntur.
1667 1579 1744 1608 Loci
1754 1585 1854 1607 autem
1866 1597 1874 1609 ‚
1893 1578 1946 1616 qui
1956 1575 1991 1606 ad
2006 1576 2134 1617 quasque
2143 1586 2225 1617 quae-
2239 1584 2264 1609 ⁷2
2276 1576 2297 1620 3¹

1276 2165 1318 2193 rei
1328 2164 1379 2193 illa
1387 2163 1534 2193 antecedit
1543 2183 1552 2196 ‚
1573 2164 1645 2193 huic
1654 2172 1718 2193 non
1728 2160 1877 2192 antecedit
1888 2170 1894 2188 t
1910 2169 1958 2190 aut
1969 2158 2068 2190 sihuic
2089 2162 2132 2189 rei
2142 2168 2235 2200 repu-‘
2276 2166 2281 2167 ⁷

1277 2873 1381 2911 pertita
1390 2872 1497 2901 dicitur
1507 2869 1564 2901 effe
1583 2880 1590 2899 ε
1614 2879 1673 2899 una
1681 2868 1717 2899 ad
1727 2870 1846 2909 superos
1859 2868 1931 2898 deos
1944 2889 1953 2903 ‚
1976 2868 2064 2899 alteia
2071 2867 2107 2898 ad
2117 2870 2233 2900 manes3
2262 2890 2266 2893 .

1281 2954 1365 2991 &itas
1375 2965 1380 2983 z
1390 2956 1475 2985 tertia
1484 2975 1493 2989 ‚
1501 2955 1513 2995 j
1518 2953 1632 2987 ustitia,
1643 2961 1693 2984 aut
1701 2954 1820 2993 aequitas
1829 2953 2010 2982 nominatur.
2021 2953 2069 2981 De
2079 2948 2231 2992 proposito
2247 2960 2292 2996 24
2328 2954 2329 2958 ’
