2379 3400
274 102 400 156 1314
672 79 740 127 M.
822 75 1186 122 'runnu

311 166 461 202 Nowtib.
483 165 514 195 de
522 160 594 193 dest.
618 157 774 199 indagine]
799 157 866 187 Nec
885 163 1002 187 tantum
1012 155 1162 193 Karthago
1174 152 1228 182 lia-

270 211 378 244 buisi'et
388 217 483 250 opum
493 207 648 237 sexcentos
666 200 730 231 fere
741 207 838 230 annos
848 197 910 229 sine
919 194 1055 229 consiliis
1066 215 1074 230 ,
1096 195 1129 226 ὅ(
1140 194 1231 226 disci-

298 256 368 283 lina.

275 265 294 296 p
323 296 409 323 Nou.
422 285 623 327 nominarim]
646 282 728 323 Quid
739 286 749 313 ?
760 280 934 316 tunc‚cum
945 290 976 311 es
986 280 1075 311 iratus
1087 299 1096 313 ,
1107 278 1233 320 permit-

278 338 314 367 tis
327 334 370 363 illi
382 330 540 363 iracundiae
549 329 742 358 dominatum
753 325 849 355 animi
859 325 926 353 tui?

320 378 406 405 Nou.
421 370 568 413 Animas]
593 372 671 409 Ergo
685 376 747 398 non
763 365 902 407 probares
915 362 1043 394 consilio
1059 362 1147 403 pulso
1164 361 1233 392 libi-

278 417 364 448 dines
377 436 386 449 ‚
404 425 469 456 quae
490 415 556 445 sunt
570 408 823 443 innumerabiles,
842 406 1012 437 iracundias
1024 425 1031 439 ,
1054 414 1084 442 4.
1099 413 1233 445 quaeter-

279 466 346 489 rent
355 459 469 487 omnia.
493 458 557 495 Ego
571 452 643 484 vero
655 451 734 482 nihil
748 448 805 480 isto
815 451 920 480 animo
932 469 940 483 ‚
962 448 1040 478 nihil
1050 449 1091 477 ita
1100 448 1234 477 animato

279 501 406 530 homine
416 498 554 529 miserius
566 496 719 526 ducerem.
1111 525 1113 527 q

323 543 411 571 Nou.
434 537 591 579 Invitam]
615 537 756 577 Denique
766 533 825 575 ipsa
835 541 936 564 natura
953 542 1018 563 non
1031 532 1172 562 invitaret
1186 530 1235 561 so-

281 582 346 614 ium
358 603 366 617 ,
379 582 427 613 sed
437 584 527 612 etiarn
537 587 663 619 cogeret,

323 627 466 656 Faouro.
507 621 623 662 Populo
633 616 798 660 gratificans
810 617 843 648 δε
854 618 949 648 aliena
961 637 969 651 ,
982 616 1014 646 &
1025 615 1085 646 sua.

325 624 488 706 Facu-ro}
514 666 580 693 Nec
590 661 730 700 verojam
742 670 812 690 meo
825 661 952 690 nomine
962 657 1098 689 abstinet.

326 710 416 738 Nou.
432 705 605 737 Horrendcam
623 702 659 732 ab
678 702 810 742 horrida]
834 702 890 732 Scd
906 710 938 732 ut
952 701 1022 734 ille,
1044 698 1239 740 quinavigat,

285 748 355 781 cum
367 748 465 780 subito
477 757 556 778 mare
566 747 657 785 coepit
667 744 842 774 horrescere.

325 794 440 822 MACR.
461 787 510 819 lib.
533 788 565 818 de
581 788 717 829 different.
738 786 772 818 &-
785 783 969 824 chi'craribus
985 783 1071 813 Graeci
1084 782 1244 822 Latinique

282 832 388 874 verbi]
411 831 554 863 Libenter
561 831 619 861 tibi
628 850 638 864 ‚
659 828 733 859 Laeli
743 849 752 863 ,
774 829 817 858 uti
835 837 906 858 eum
916 825 1060 856 desideras
1069 844 1078 859 ,
1100 824 1241 866 equidem

288 873 469 908 concersexo.

722 922 742 942 E
785 922 805 942 x

515 959 559 986 M.
583 958 720 987 TuLLi
735 964 745 984 i
770 956 1015 984 CICERONIS

456 1001 487 1030 D
539 1001 564 1029 E
648 999 676 1027 R
729 999 755 1027 Ε
804 998 827 1026 Ρ
879 997 910 1025 U
961 996 985 1024 B
1035 995 1071 1023 L.

624 1041 651 1069 L
677 1048 688 1068 x
714 1048 733 1068 B
756 1047 775 1067 E
798 1047 820 1068 R
855 1038 869 1066 1
879 1039 902 1066 Ι.

328 1087 415 1115 Nou.
436 1081 616 1124 Eat-sultare]
640 1079 691 1111 Est
710 1081 799 1120 igitur
817 1077 961 1119 quiddam
982 1076 1188 1107 turbulentum
1211 1075 1243 1104 in

287 1125 468 1157 hominibus
478 1124 599 1166 singulis
611 1143 619 1158 ,
638 1122 720 1164 quod
732 1121 781 1152 vel
790 1120 918 1151 exsultat
926 1119 1078 1160 voluptate
1090 1139 1098 1152 ,
1116 1117 1165 1147 vel
1175 1126 1244 1147 mo-

286 1168 370 1200 lestia
379 1167 536 1207 frangitur.
550 1177 553 1181 ·

331 1213 417 1240 Nou.
434 1206 674 1248 Volutabundus]
698 1204 816 1246 Cupido
834 1213 954 1237 autem,
975 1204 1008 1234 &
1021 1202 1191 1242 expetenti,
1213 1200 1246 1230 &

287 1251 456 1283 libidinoso
466 1271 474 1286 ,
486 1251 518 1282 &
529 1248 738 1280 volutabundo
750 1250 781 1277 in
793 1245 1008 1287 voluptatibus.

333 1296 474 1324 Nemus.
487 1290 674 1331 „Ans-itudo]
699 1292 876 1330 Qantaque
885 1286 1033 1318 anxitudo
1046 1294 1140 1326 prona
1152 1283 1187 1316 ad
1200 1284 1248 1314 lu-

288 1334 373 1367 &um
384 1355 392 1369 ‚
406 1335 438 1365 &
451 1343 582 1365 moerens
592 1353 600 1367 ,
613 1333 787 1372 semperque
798 1330 857 1371 ipsa
867 1330 894 1359 se
906 1329 1081 1360 sollicitans.

333 1380 420 1408 NON.
435 1378 532 1407 Timor
541 1396 549 1410 ,
561 1375 596 1408 ὼ
606 1373 775 1413 timiditas]
803 1382 827 1403 1.
845 1370 911 1402 Effe
921 1378 1021 1401 autern
1033 1378 1158 1411 angores
1169 1388 1178 1402 ,
1189 1366 1248 1398 effe

289 1419 409 1451 miseria
417 1417 541 1448 affliaas
553 1438 561 1451 ,
572 1426 659 1457 atque
668 1414 796 1455 abjeaas
806 1413 968 1444 timiditate
980 1432 990 1446 ,
1001 1412 1034 1442 &
1045 1412 1172 1452 ignavia.

333 1463 419 1491 Nou.
437 1459 573 1500 Elidem]
597 1468 626 1488 2.
641 1461 684 1488 Ut
700 1458 800 1498 auriga
816 1454 960 1486 indoetus
971 1455 988 1485 e
1009 1463 1097 1485 curru
1111 1453 1247 1485 trahitur,

293 1505 427 1544 operitur
438 1522 446 1536 ‚
457 1501 581 1532 eliditur
591 1520 600 1534 ‚
612 1502 750 1530 laniatur.

335 1547 421 1574 Nou.
435 1542 601 1584 offendere]
622 1541 677 1571 Sed
687 1541 794 1570 imitor
802 1539 956 1569 Architam
967 1537 1168 1568 Tarentinum
1179 1555 1187 1569 ,
1198 1535 1251 1576 qui

294 1585 365 1617 cum
377 1584 411 1614 ad
422 1587 526 1615 villam
537 1580 663 1613 veniss'et
672 1601 680 1614 ‚
693 1582 725 1610 &
734 1583 840 1610 omnia
848 1581 932 1610 aliter
941 1576 1123 1608 offendisset.

337 1629 423 1657 Nou.
438 1625 513 1656 vrbs
523 1621 542 1654 ἂ
551 1623 699 1663 civitam]
718 1621 734 1636 ’¹‘
754 1632 815 1663 quo
826 1620 947 1652 auditore
959 1641 968 1654 ‚
980 1620 1013 1650 &
1022 1620 1155 1660 principe
1166 1617 1252 1648 voci-

296 1677 371 1700 tatur
383 1670 498 1698 civitas.

337 1712 425 1740 Nou.
439 1706 616 1748 Modicam]
639 1709 741 1737 statuo
759 1703 817 1734 effe
837 1702 954 1743 optime
968 1700 1160 1732 constitutam
1173 1709 1254 1729 rem-

291 1752 376 1793 publ.
387 1761 453 1793 quae
466 1760 504 1780 ex
514 1750 608 1779 tribus
618 1746 778 1788 generibus
788 1746 847 1775 illis
858 1763 865 1777 ,
892 1753 917 1785 3.
929 1743 1017 1783 regali
1029 1762 1037 1776 ‚
1059 1743 1178 1781 optimo
1191 1760 1201 1772 ,
1220 1740 1253 1769 &

293 1794 429 1836 populari
447 1790 570 1824 confusa
588 1788 709 1820 modice
725 1807 734 1821 ,
753 1797 810 1818 nec
827 1785 985 1826 puniendo
1002 1785 1096 1814 irritet
1112 1783 1250 1813 animum

293 1839 462 1867 immanem
471 1843 503 1865 ac
513 1832 611 1863 ferum
625 1852 634 1865 ‚
654 1840 708 1861 nec
721 1830 826 1860 omnia
837 1824 1093 1870 praetermittendo
1104 1844 1114 1859 ,
1133 1824 1255 1854 licentia

293 1879 386 1911 civeis
397 1876 559 1908 deteriores
570 1873 679 1904 reddat.

337 1922 469 1950 D.Auc‚.
483 1916 573 1947 lib.2.
587 1924 645 1956 cap⁴
658 1924 707 1945 21.
720 1912 827 1955 civiti]
851 1913 939 1942 Utin
954 1909 1064 1941 fidibus
1078 1929 1087 1942 ‚
1106 1918 1139 1939 ac
1159 1907 1252 1940 tibiis,

295 1971 382 2003 atque
394 1970 479 1992 cantu
495 1959 560 1999 ipso
573 1978 581 1992 ‚
601 1967 634 1988 ac
642 1956 772 1987 vocibus
783 1962 949 1985 concentus
959 1952 1002 1984 est
1011 1951 1135 1993 quidam
1146 1959 1253 1980 tenen-

296 2005 353 2034 dus
368 2013 406 2034 ex
421 2000 571 2033 distineris
585 1999 665 2030 sonis
676 2019 684 2032 ,
704 2007 794 2039 quem
807 1998 1003 2027 immutatum
1016 2014 1025 2028 ,
1043 2004 1074 2023 ac
1084 1992 1254 2031 discrepan-

295 2055 357 2078 tem
376 2054 458 2076 aures
476 2043 598 2073 eruditae
614 2041 690 2072 ferre
705 2049 768 2069 non
782 2037 923 2079 possunt,
943 2037 1026 2078 isque
1040 2042 1206 2066 concentus
1217 2042 1255 2062 ex

296 2086 563 2119 diffimillimarum
581 2093 692 2114 vocum
712 2080 920 2111 moderatione
933 2087 1060 2109 concors
1073 2085 1175 2107 tamen
1188 2074 1255 2105 effi--

296 2132 373 2160 citur
392 2129 424 2159 δε
443 2135 628 2168 congruens:
651 2122 688 2154 sic
707 2133 743 2152 ex
761 2122 889 2153 summis
902 2118 1081 2153 &infimis,
1101 2119 1133 2149 ὅ(
1146 2116 1256 2147 mediis

299 2169 465 2210 interjeffis
478 2168 638 2199 ordinibus
651 2186 660 2200 ,
679 2174 711 2196 ut
724 2165 825 2198 sonis,
847 2163 1000 2196 moderata
1018 2164 1133 2192 ratione
1151 2161 1256 2189 civitas

297 2213 445 2244 consensu
463 2209 735 2241 diffimillimorum
754 2207 910 2238 concinit,
933 2204 965 2234 &
981 2214 1047 2244 quae
1066 2202 1224 2233 harmonia
1241 2201 1257 2230 ὲ

298 2254 419 2285 musicis
428 2253 536 2284 dicitur
547 2254 578 2282 in
589 2260 676 2281 cantu
687 2269 695 2284 ,
709 2258 741 2278 ea
751 2247 793 2278 est
803 2250 835 2278 in
845 2249 963 2278 civitate
972 2245 1144 2277 concordia,
1155 2242 1257 2273 arffis-

298 2295 410 2327 simum
428 2304 515 2336 atque
532 2295 686 2334 optimum
701 2294 787 2321 omni
803 2292 835 2320 in
848 2289 947 2329 repub.
961 2287 1122 2317 vinculum
1137 2285 1258 2316 incolu-

297 2340 411 2369 mitatis
425 2348 506 2378 :quai
515 2335 573 2366 sine
582 2333 694 2373 justitia
705 2332 791 2363 nullo
802 2330 887 2372 padio
897 2329 954 2361 effe
964 2328 1070 2370 potest.

349 2383 435 2411 Nou.
450 2376 637 2418 Projedum]
658 2374 777 2418 Justitia
790 2373 868 2404 foras
878 2371 986 2414 spediat
995 2391 1003 2406 ,
1015 2370 1048 2401 &
1057 2368 1188 2411 projesta
1199 2376 1261 2400 tota

304 2421 345 2454 est
356 2442 364 2456 ,
376 2430 463 2462 atque
471 2423 596 2450 eminet.

345 2467 432 2494 Nori.
446 2460 625 2503 lia-plicare]
649 2462 725 2496 Quae
741 2459 837 2489 virtus
846 2465 950 2497 praeter
959 2463 1067 2486 ceteras
1082 2462 1175 2485 totam
1188 2452 1216 2484 se
1226 2452 1260 2483 ad

308 2507 418 2538 alienas
428 2506 571 2534 utilitates
581 2503 704 2543 porrigit
714 2522 722 2534 ‚
733 2510 818 2540 atque
831 2499 968 2539 explicat.

347 2549 434 2578 Nou.
449 2544 631 2586 Exficltare]
651 2544 668 2558 '⁵
686 2553 751 2585 quae
761 2543 904 2581 sanguine
913 2541 1017 2573 alitur,
1029 2546 1116 2579 atque
1126 2538 1158 2568 in
1171 2538 1259 2567 omni

304 2589 476 2621 crudelitate
487 2587 524 2618 fic
534 2587 680 2620 exsultat,
700 2594 733 2616 ut
743 2586 797 2617 vix
808 2584 973 2613 hominum
983 2580 1095 2612 acerbis
1104 2579 1262 2610 funeribus

305 2633 432 2662 satietur.

348 2676 434 2703 Nos.
455 2670 505 2701 lib.
517 2671 548 2701 de
557 2668 629 2700 doci.
642 2667 800 2710 indagine]
824 2670 925 2709 Itaque
937 2665 1071 2707 praeclara
1082 2663 1263 2694 illainstitu-

305 2716 487 2785 &pl-Romuli
496 2714 567 2744 cum
578 2713 722 2744 ducentos
732 2720 828 2741 annos
838 2710 869 2741 ὃς
879 2712 998 2750 triginta
1008 2707 1068 2737 fere
1079 2705 1166 2737 firma
1174 2714 1263 2736 man-

310 2755 329 2785 si
356 2766 392 2786 et.

352 2799 436 2827 Nou.
452 2797 598 2837 Viritim]
623 2798 665 2826 Ac
679 2796 794 2835 primus
806 2803 889 2835 agros
902 2814 911 2827 ,
931 2802 1007 2834 quos
1016 2791 1098 2822 bello
1109 2790 1264 2822 Romulus

308 2846 439 2878 ceperat,
452 2838 550 2869 divisit
561 2840 675 2868 vrritim
686 2837 814 2867 civibus.

353 2880 512 2920 FRONTQ]
536 2880 614 2910 Cum
626 2879 706 2909 aliud
718 2879 794 2908 nihil
809 2877 937 2908 domum
949 2876 1032 2906 suam
1044 2871 1263 2915 deportaviss‘et.

352 2923 438 2950 Nom.
454 2922 642 2961 Pecuniosus]
657 2922 672 2935 *
684 2921 836 2960 multaque
846 2919 963 2949 ditione
973 2921 1080 2948 ovium
1089 2937 1097 2949 ,
1114 2917 1145 2947 &
1157 2917 1263 2948 boum,

310 2961 393 3004 quod
406 2972 474 2992 tunc
485 2971 543 2991 erat
553 2973 596 2991 rcs
607 2965 638 2992 in
650 2972 754 3002 pecore
766 2982 775 2995 ,
791 2961 822 2991 δε
833 2963 864 2990 in
875 2961 1012 2990 locorum
1024 2957 1264 3000 possessionibus,

309 3015 348 3036 ex
358 3014 419 3045 quo
428 3003 579 3043 pecuniosi
591 3023 599 3036 ,
613 3003 815 3043 &locupletes
825 3002 1017 3032 vocabantur.

350 3048 436 3076 Now.
455 3043 635 3084 calumnias]
658 3043 674 3058 ³*
697 3054 729 3074 ut
739 3044 883 3074 Carneadi
895 3042 1095 3083 respondeatis
1108 3062 1118 3075 ,
1128 3043 1180 3084 qui
1190 3041 1265 3083 saepe

303 3089 436 3130 optimas
444 3087 542 3120 causas
554 3087 671 3128 ingenii
680 3086 830 3117 calumnia
839 3084 985 3117 ludificari
995 3084 1116 3117 solebat.
1142 3087 1145 3089 ’
1181 3089 1183 3091 ·

1264 73 1815 120 (ἶῐειιιοκιε

1272 151 1455 225 ἱῈῖἳΝτ-ο]
1479 152 1586 192 Neque
1606 151 1689 182 enim
1707 150 1743 182 ad
1757 161 1837 184 rnare
1848 152 2002 192 admovit,
2022 154 2105 198 quod
2123 155 2151 187 ei
2166 154 2228 188 faie

1286 206 1328 227 acl
1345 203 1466 225 dmum-

1318 239 1358 268 D.
1370 239 1453 267 Auo.
1469 234 1518 264 lib.
1530 245 1560 282 a..
1571 241 1633 276 cap.
1644 244 1694 265 21.
1707 234 1815 278 civit]
1840 237 1929 267 Nihil
1942 238 1983 269 est
1992 239 2072 281 quod
2083 240 2178 271 adhuc
2192 238 2231 270 de

1276 278 1380 319 repub.
1391 286 1496 318 putem
1505 276 1622 307 dietum
1636 296 1644 310 ,
1657 277 1690 306 &
1699 287 1760 318 quo
1771 277 1876 318 poffim
1888 279 2008 319 longius
2017 282 2163 323 progredi,
2177 279 2234 312 nisi

1276 319 1533 352 sirconfirmatum
1545 339 1553 352 ‚
1577 328 1642 348 non
1652 319 1748 349 modo
1763 320 1872 350 falsum
1891 319 1950 350 effe
1967 321 2039 352 illud
2051 342 2060 356 ,
2078 323 2138 354 fine
2149 324 2234 363 inju-

1277 365 1318 394 n'a
1337 372 1402 392 non
1423 359 1522 409 poste,
1544 360 1592 391 sed
1610 361 1670 392 hoc
1689 360 1876 393 veriffimum
1888 381 1898 396 ,
1918 361 1980 394 fine
1991 363 2108 396 sumina
2119 365 2234 406 justitia

1278 414 1372 446 remp.
1384 413 1445 446 regi
1459 412 1524 433 non
1536 400 1632 444 poffe.

1470 471 2017 540 ’Μ-Τυιιιῗέισειοκῐς

1450 555 1482 584 D
1534 556 1559 584 E
1643 556 1672 585 R
1725 558 1750 586 E
1799 558 1822 586 P
1872 558 1903 586 U
1956 557 1979 585 B
2029 555 2068 586 L.

1602 605 1795 634 Linea
1838 606 1913 634 111.

1322 655 1365 683 D.
1376 655 1457 703 ᾼυῡ.
1471 653 1551 692 lib.4.
1563 664 1658 685 contra
1667 656 1855 697 Pelagium]
1871 658 1977 687 Homo
1987 665 2051 687 non
2063 656 2121 688 υἱὲ
2132 664 2238 692 matre,

1282 695 1330 726 sed
1342 705 1398 743 uta
1408 705 1536 727 noverca
1545 707 1646 730 natura
1655 700 1752 730 editus
1763 698 1845 729 estin
1856 701 1948 729 vitam
1957 708 2082 739 corpore
2092 699 2174 729 nudo
2184 720 2195 733 ,
2206 700 2241 730 &

1282 737 1400 784 fragili,
1411 737 1444 767 δε
1455 737 1598 769 infirmo.
1618 743 1723 771 animo
1734 749 1833 771 autem
1845 743 1939 771 anxio
1950 740 1985 771 ad
1997 740 2147 772 molestias
2159 761 2168 774 ,
2183 742 2241 771 hu-

1285 779 1399 809 miliad
1410 781 1553 814 timores,
1573 783 1708 813 molliad
1720 782 1836 812 labores
1847 802 1856 816 ,
1875 792 1974 822 prono
1983 781 2018 812 ad
2029 782 2187 812 libidines:
2207 784 2242 813 in

1283 831 1346 862 quo
1364 830 1466 869 tamen
1483 821 1561 853 inest
1579 832 1720 866 tanquam
1739 824 1864 855 obrutus
1883 823 2006 865 quidam
2024 823 2148 855 divinus
2161 825 2242 866 ignis

1285 865 1399 904 ingenii
1411 883 1420 897 ,
1432 863 1464 893 &
1477 866 1600 896 mentis.

1328 908 1461 936 SENECA
1475 905 1522 935 lib.
1532 916 1576 946 ¹9-
1586 907 1679 950 epist]
1698 909 1852 951 Qoniam
1864 908 1966 939 sumus
1974 906 2011 938 ab
2021 908 2082 948 ipsa
2089 907 2168 938 calce
2178 906 2244 948 ejus

1287 947 1528 987 interpellatione
1538 953 1678 980 revocati.

1330 991 1434 1019 Lacr.
1449 990 1565 1031 epitome
1580 999 1640 1032 cap.
1654 991 1700 1033 1.]
1725 992 1855 1022 Nullum
1867 991 1965 1031 estjus
1976 991 2121 1022 naturale.
2143 992 2245 1032 itaque

1287 1040 1396 1061 omnes
1406 1033 1573 1062 animantes
1584 1034 1644 1073 ipsa
1652 1034 1779 1064 ducente
1792 1043 1891 1064 natura
1900 1033 2063 1064 commoda
2077 1034 2124 1063 sua
2135 1033 2244 1063 defen-

1286 1072 1381 1103 dunt:
1402 1073 1435 1103 &
1445 1073 1636 1114 ideojustitia
1646 1095 1654 1109 ,
1674 1074 1694 1105 fi
1704 1076 1810 1105 alienis
1820 1075 1999 1105 utilitatibus
2007 1074 2161 1109 consulat,
2179 1074 2246 1105 suas

1287 1115 1418 1156 negligat
1430 1135 1440 1148 ,
1458 1114 1583 1146 stultitia
1591 1116 1634 1147 est
1642 1116 1778 1148 dicenda.
1802 1115 1893 1158 Qod
1904 1116 1924 1146 fi
1935 1126 2043 1146 omnes
2052 1117 2154 1156 populi
2168 1136 2176 1150 ,
2194 1126 2247 1156 pe-

1289 1166 1342 1187 ries
1354 1166 1429 1197 quos
1440 1155 1473 1187 sit
1483 1159 1645 1197 imperium
1658 1179 1667 1192 ‚
1683 1157 1794 1200 ipsique
1804 1160 1957 1191 Romani,
1972 1161 2022 1199 qui
2032 1158 2134 1188 orbem
2145 1167 2248 1189 totum
2271 1189 2274 1194 ,

1290 1197 1443 1239 possedere
1454 1218 1462 1232 ‚
1474 1198 1618 1238 justitiam
1631 1201 1712 1242 sequi
1724 1201 1838 1234 velint,
1855 1211 1887 1231 ac
1897 1201 1983 1231 suum
1993 1202 2101 1240 cuique
2111 1198 2250 1230 restitue-

1291 1250 1321 1270 re
1334 1262 1344 1274 ,
1359 1240 1442 1281 quod
1453 1242 1526 1272 vi&
1537 1245 1627 1272 armis
1639 1252 1857 1283 occupaverunt
1869 1263 1879 1276 ‚
1892 1243 1925 1273 ad
1936 1242 2012 1272 casas
2024 1262 2032 1275 ‚
2045 1245 2076 1271 6:
2087 1241 2249 1282 egestatem

1288 1292 1482 1313 revertentur.
1507 1284 1588 1324 quod
1599 1283 1619 1314 fi
1630 1284 1775 1318 fecerint,
1788 1283 1883 1323 justos
1895 1285 2029 1314 dicemus
2038 1284 2163 1324 quidem
2174 1303 2182 1316 ,
2198 1281 2249 1313 sed

1290 1333 1390 1354 tamen
1404 1323 1650 1365 stultosjudicare
1660 1324 1774 1357 neceffe
1784 1325 1826 1356 est
1835 1346 1843 1360 ,
1854 1329 1906 1367 qui
1916 1346 1926 1360 ,
1935 1335 1966 1356 ut
1976 1326 2041 1356 aliis
2053 1324 2162 1365 prosint
2172 1345 2182 1359 2
2194 1323 2248 1356 fibi

1291 1376 1399 1396 nocere
1409 1367 1610 1398 contendunt.

1335 1410 1439 1438 LAcT.
1453 1408 1472 1437 l.
1482 1418 1511 1447 5.
1523 1420 1545 1438 c.
1560 1410 1605 1440 16.
1617 1411 1696 1451 Epir.
1708 1422 1730 1439 c.
1748 1410 1795 1451 1.]
1817 1412 1919 1440 Bonus
1929 1411 1977 1439 vir
1987 1407 2005 1438 fi
2016 1408 2119 1438 habeat
2128 1408 2248 1439 servum

1291 1448 1454 1492 fugitivum
1465 1470 1474 1485 ,
1493 1451 1542 1480 vel
1552 1451 1680 1481 domum
1693 1453 1873 1482 insalubrem
1886 1471 1894 1484 ,
1913 1450 2143 1490 acpestilentem
2155 1470 2163 1484 ,
2181 1459 2248 1490 qua’.

1294 1494 1370 1522 vitia
1387 1492 1469 1522 solus
1489 1493 1577 1526 sciat,
1597 1494 1709 1523 &ideo
1723 1493 1904 1532 proscribat,
1922 1501 1955 1521 ut
1964 1497 2086 1521 vendat:
2109 1501 2250 1521 utrumne

1290 1532 1481 1573 profitebitur
1492 1551 1500 1566 ‚
1518 1533 1685 1573 fugitivum
1702 1534 1822 1563 servum
1833 1543 1864 1563 ac
1876 1532 2064 1572 pestilentem
2078 1532 2206 1562 domum
2220 1532 2249 1562 se

1292 1574 1439 1607 vendere,
1460 1583 1496 1618 an
1512 1575 1620 1604 celabit
1629 1578 1801 1605 emtorem?
1820 1573 2159 1614 fiprofitebituremtori
2170 1593 2179 1607 ,
2199 1572 2250 1603 fu-

1290 1615 1421 1656 gitivum
1434 1613 1508 1644 esse:
1529 1615 1627 1645 bonus
1638 1616 1761 1655 quidem
1774 1636 1782 1649 ,
1801 1626 1870 1656 quia
1887 1626 1950 1646 non
1968 1615 2067 1648 fallet,
2090 1615 2135 1645 sed
2146 1624 2250 1645 tamen

1293 1656 1399 1686 stultus
1407 1655 1601 1695 judicabitur,
1611 1660 1680 1696 quia
1691 1658 1737 1686 vel
1748 1667 1838 1696 parvo
1849 1657 1958 1686 vendet
1967 1676 1977 1690 ,
1985 1658 2033 1686 vel
2043 1658 2175 1686 omnino
2186 1665 2252 1687 non

1293 1697 1412 1727 vendet.
1436 1696 1456 1725 fi
1474 1697 1631 1731 celaverit,
1652 1699 1708 1727 erit
1720 1698 1844 1738 quidem
1857 1699 1970 1738 sapiens
1984 1718 1995 1731 ,
2012 1701 2082 1738 quia
2091 1699 2132 1727 rei
2142 1698 2251 1728 consu-

1294 1739 1351 1768 let:
1372 1737 1517 1768 sedidem
1532 1739 1628 1769 malus
1640 1759 1648 1773 ‚
1669 1743 1740 1780 quia
1751 1738 1844 1770 fallet.
1868 1738 2011 1772 Deinde,
2032 1738 2252 1779 sireperiatho-

1295 1782 1413 1810 minem
1426 1799 1434 1813 ,
1453 1781 1506 1820 qui
1526 1789 1576 1811 aut
1591 1791 1696 1811 aurum
1713 1791 1767 1821 pro
1781 1782 1949 1815 orichalco,
1969 1790 2018 1810 aut
2031 1789 2185 1820 argentum
2197 1790 2254 1821 pro

1293 1821 1424 1862 plumbo
1434 1821 1543 1852 vendat
1553 1831 1603 1862 per
1611 1832 1743 1853 errorem
1757 1834 1762 1852 :
1782 1832 1868 1864 atque
1883 1822 1914 1852 id
1928 1832 2027 1853 emere
2040 1820 2189 1852 neceffitas
2199 1832 2254 1853 co-

1293 1872 1355 1906 gat:
1377 1862 1479 1893 utrum
1491 1862 1685 1895 diffimulabit
1695 1885 1703 1899 ,
1719 1865 1752 1895 &
1763 1875 1842 1895 emet
1853 1874 1943 1905 parvo
1953 1884 1962 1898 ,
1981 1874 2017 1894 an
2027 1863 2128 1904 potius
2138 1863 2254 1895 indica·

1296 1907 1339 1937 bit
1350 1904 1464 1945 ?justus
1477 1907 1578 1947 utique
1588 1906 1703 1937 dicetur
1713 1926 1721 1941 ,
1733 1908 1802 1947 quia
1811 1917 1876 1936 non
1885 1905 1994 1936 fefellit
2005 1927 2014 1939 ,
2027 1906 2169 1937 sedidem
2180 1905 2254 1937 stul-

1296 1957 1343 1979 tus
1354 1967 1363 1981 ,
1384 1949 1436 1988 qui
1446 1948 1527 1977 alteri
1538 1947 1641 1979 fecerit
1652 1948 1769 1979 lucrum
1783 1968 1792 1982 ‚
1811 1947 1863 1979 sibi
1874 1948 2031 1979 damnum.
2055 1947 2104 1978 sed
2118 1947 2204 1979 facile
2215 1947 2253 1979 de

1297 1990 1411 2021 damno
1421 1988 1479 2019 est:
1496 1995 1526 2019 ἰ-
1544 1989 1626 2030 quisi
1637 1992 1695 2020 vita
1706 1992 1771 2030 ejus
1783 1992 1814 2021 in
1824 1990 1995 2031 periculum
2005 1991 2107 2020 veniet
2116 2010 2127 2024 ,
2139 1999 2170 2020 ut
2180 1999 2252 2021 eum

1296 2030 1458 2072 aliquando
1468 2031 1582 2062 necefl‘e
1592 2031 1626 2062 sit
1636 2053 1645 2066 ,
1658 2041 1708 2062 aut
1716 2042 1857 2073 occupare
1868 2052 1878 2067 ,
1890 2041 1938 2062 aut
1949 2033 2027 2062 mori
2038 2052 2049 2066 ,
2062 2031 2133 2073 quid
2144 2031 2254 2062 faciet?

1298 2072 1396 2105 Potest
1417 2075 1475 2103 hoc
1491 2076 1632 2108 evenire,
1654 2083 1686 2105 ut
1705 2073 1858 2115 naufragio
1876 2072 1957 2104 facio
1973 2075 2110 2103 inveniat
2121 2073 2253 2114 aliquem

1297 2115 1488 2146 imbecillum
1502 2135 1510 2149 ,
1532 2117 1637 2147 tabulae
1649 2117 1844 2147 inhaerentem
1857 2126 1863 2145 :
1881 2124 1932 2146 aut
1941 2114 2024 2146 νίξὶτο
2034 2117 2169 2146 exercitu
2181 2135 2192 2149 ,
2207 2114 2257 2145 fu-

1297 2160 1382 2200 giens
1409 2159 1533 2197 reperiat
1554 2158 1686 2198 aliquem
1709 2158 1899 2189 vulneratum
1919 2177 1928 2192 ,
1957 2167 2034 2198 equo
2056 2155 2235 2188 insidentem
2247 2166 2257 2188 ε

1300 2209 1442 2231 utrumne
1452 2209 1502 2230 aut
1520 2200 1607 2229 illum
1630 2200 1745 2234 tabula,
1765 2209 1814 2230 aut
1831 2202 1911 2230 hunc
1923 2209 2002 2239 equo
2017 2198 2206 2233 deturbabit,
2225 2206 2260 2230 ut

1299 2243 1359 2282 ipse
1369 2240 1458 2282 pofl'it
1468 2241 1591 2272 evadere
1601 2244 1611 2271 ?
1620 2241 1640 2272 si
1650 2241 1834 2282 voletjustus
1843 2239 1912 2274 effe,
1924 2251 1988 2271 non
1998 2239 2094 2271 faciet.
2110 2241 2254 2271 sedidem

1299 2283 1592 2323 stultusjudicabitur
1602 2304 1610 2317 ,
1622 2286 1674 2325 qui
1686 2284 1759 2314 dum
1769 2285 1889 2314 alterius
1899 2283 1968 2313 vitae
1977 2284 2067 2323 parcit
2077 2302 2084 2316 ,
2097 2282 2176 2313 suam
2190 2291 2259 2323 per-

1300 2327 1359 2357 det.
1378 2324 1397 2356 si
1408 2325 1513 2359 faciet,
1527 2326 1639 2366 sapiens
1650 2326 1774 2366 quidem
1786 2325 1956 2360 videbitur,
1966 2327 2037 2367 quia
2047 2323 2100 2355 fibi
2109 2325 2257 2356 consulit:

1302 2368 1350 2400 sed
1363 2367 1488 2398 &idem
1503 2369 1599 2398 maius
1610 2389 1620 2401 ‚
1630 2370 1698 2408 quia
1709 2368 1840 2399 nocebit.

1343 2412 1446 2440 LAc-r.
1461 2408 1534 2447 lib-5
1557 2419 1614 2450 cap.
1624 2410 1686 2451 12]
1710 2412 1837 2451 Qaero,
1848 2408 1868 2439 fi
1878 2409 1940 2440 duo
1952 2407 2026 2443 fint,
2046 2418 2174 2450 quorum
2187 2407 2261 2440 aiter

1302 2455 1436 2492 optimus
1447 2453 1493 2481 vir
1504 2471 1513 2485 ,
1533 2450 1715 2493 aequiffimus
1727 2471 1736 2485 ,
1758 2450 2014 2489 summajustitia,
2032 2450 2168 2492 singulari
2181 2449 2260 2481 fide:

1302 2496 1374 2525 alter
1392 2491 1501 2534 insigni
1520 2494 1625 2524 scelere
1644 2494 1678 2524 δε
1695 2493 1814 2524 audacia
1831 2492 2040 2523 existimetur:
2061 2492 2093 2523 &
2105 2491 2123 2522 fi
2134 2496 2165 2522 in
2179 2489 2260 2523 eosic

1304 2545 1401 2566 errore
1415 2537 1520 2565 civitas
1532 2555 1540 2568 ‚
1561 2545 1592 2566 ur
1603 2536 1720 2565 bonum
1735 2536 1826 2565 illum
1836 2536 1936 2565 virum
1949 2554 1957 2568 ,
1979 2535 2149 2565 sceleratum
2162 2554 2171 2568 ,
2187 2533 2262 2564 faci-

1305 2578 1450 2608 norosum
1464 2598 1472 2610 ‚
1485 2576 1631 2607 nefarium
1643 2586 1739 2617 putet:
1754 2578 1856 2607 contra
1866 2586 1964 2608 autern
1974 2596 1982 2610 ,
1994 2578 2045 2616 qui
2056 2574 2089 2606 sit
2100 2574 2262 2617 improbis-

1305 2619 1396 2650 simus
1407 2639 1416 2653 ‚
1439 2619 1555 2649 summa
1572 2618 1630 2649 ess'e
1649 2619 1794 2661 probitate
1809 2638 1819 2653 ,
1838 2629 1870 2649 ac
1884 2617 1942 2649 fide
1957 2617 2129 2652 existimet,
2147 2625 2260 2658 proque

1305 2664 1358 2693 hac
1368 2663 1514 2702 opinione
1524 2664 1668 2691 omniurn
1677 2663 1794 2691 civium
1806 2681 1815 2695 ,
1835 2661 1933 2691 bonus
1944 2661 1996 2690 ille
2006 2661 2052 2691 vir
2061 2669 2185 2690 vexetur
2194 2677 2202 2692 ‚
2213 2667 2260 2688 ra-

1304 2706 1420 2745 piatur,
1433 2713 1538 2734 manus
1548 2706 1575 2733 ei
1586 2704 1714 2744 denique
1724 2701 1882 2733 afferantur
1891 2722 1899 2736 ,
1911 2700 2090 2732 effodiantur
2099 2700 2198 2733 oculi,
2209 2698 2262 2729 da-

1307 2756 1427 2776 mnetur
1438 2766 1447 2778 ‚
1466 2748 1612 2776 vinciatur
1623 2766 1632 2779 ,
1647 2755 1762 2778 uratur,
1776 2746 2014 2778 eXterminetur‚
2033 2751 2128 2784 egeat:
2149 2739 2263 2781 postre-

1307 2799 1360 2818 mo
1372 2789 1437 2827 jure
1450 2789 1540 2817 etiam
1555 2789 1674 2827 optimo
1685 2786 1831 2817 omnibus
1841 2786 2028 2816 miserrimus
2038 2782 2094 2814 ess'e
2103 2783 2239 2813 videatur
2256 2792 2265 2812 ε

1305 2839 1408 2861 contra
1418 2838 1518 2859 autem
1530 2829 1581 2858 ille
1593 2829 1748 2869 improbus
1760 2828 1896 2858 laudetur
1906 2846 1916 2861 ,
1927 2826 2040 2856 colatur
2050 2845 2060 2858 ,
2070 2825 2106 2855 ab
2116 2824 2266 2854 omnibus

1307 2873 1462 2912 diligatur,
1476 2880 1583 2900 omnes
1594 2872 1628 2902 ad
1639 2880 1708 2901 eum
1721 2871 1851 2900 honores
1861 2889 1870 2903 ,
1882 2869 1986 2899 omnia
1996 2868 2140 2906 imperia,
2151 2875 2264 2897 omnes

1307 2923 1388 2954 opes,
1401 2923 1509 2943 omnes
1520 2912 1649 2952 denique
1660 2914 1753 2952 copiae
1765 2909 1955 2942 conferantur
1968 2909 2031 2937 :vir
2041 2908 2172 2948 denique
2183 2909 2264 2947 opti-

1309 2965 1376 2986 mus
1387 2956 1528 2985 omnium
1541 2955 1763 2984 existimatione
1776 2972 1785 2986 ,
1805 2951 1838 2981 δε
1848 2947 2039 2991 dignissimus
2048 2952 2136 2979 omni
2145 2949 2267 2981 fortuna

1305 2998 1465 3038 judicetur:
1474 2997 1541 3036 quis
1552 2996 1671 3027 tandem
1682 2996 1738 3024 erit
1748 3002 1808 3024 tam
1818 2992 1954 3025 demens,
1965 2993 2018 3033 qui
2026 2990 2153 3026 dubitet,
2162 3000 2266 3022 utrum

1309 3040 1338 3070 se
1350 3038 1407 3068 esse
1418 3039 1525 3068 malit?

1351 3083 1438 3112 Nou.
1460 3077 1661 3119 Famularur]
1691 3075 1742 3110 Est
1762 3077 1845 3108 enim
1863 3085 1959 3118 genus
1975 3073 2092 3117 injustae
2109 3073 2271 3110 servitutis,

2199 3115 2272 3151 cum
