2379 3400
263 122 388 170 1232
677 94 1185 144 M.TurLL1r

259 187 368 227 igitur,
381 182 460 224 quod
473 189 521 211 me
534 177 686 218 impediat,
698 184 741 209 ea,
754 183 820 214 quae
833 174 910 204 mihi
919 171 1083 212 probabilia
1092 168 1216 200 videan-

260 238 307 257 tur
317 248 324 260 ‚
341 227 419 265 sequi
432 235 436 252 2
448 232 511 262 qna:
521 221 623 250 contra
634 238 642 251 ‚
664 218 832 257 improbare
844 226 850 244 :
861 224 948 255 atque
956 211 1216 257 affirmandi-arro-

259 270 389 308 ganti-im
410 266 554 294 vitantem
567 281 574 294 ‚
595 260 697 299 fugere
719 258 920 288 temeritatem
934 276 942 289 ,
962 264 1027 296 quae
1045 254 1061 284 a
1077 254 1218 292 sapientia

259 306 572 346 dillidetplurimum?
592 304 705 331 Contra
720 308 820 330 autem
838 300 944 328 omnia
963 294 1218 335 disputaturano-

262 350 327 379 stris
336 369 343 380 ,
354 346 434 388 quod
447 348 503 375 hoc
514 344 611 384 ipsum
623 342 776 382 probabile
785 341 900 370 elucere
915 348 979 368 non
990 336 1083 378 poss'et
1094 355 1102 370 ,
1113 334 1169 366 nisi
1179 345 1219 365 ex

259 399 382 429 titi-aque
412 396 488 427 parte
515 385 667 416 causarum
686 381 756 412 ess'et
789 381 865 412 faElm
882 381 1045 411 contentio.
1079 377 1136 408 Sed
1159 378 1220 407 haec

261 432 414 462 explanata
434 430 501 459 sunt
518 429 549 457 in
566 426 752 457 Academicis
771 422 880 453 nostris
903 423 967 452 satis
991 441 1000 454 ,
1028 429 1061 450 ut
1079 419 1216 451 arbitror,

258 465 425 502 dil'iventer.
449 470 522 500 Tibi
542 477 662 500 autem,
687 468 730 496 mi
751 468 855 496 Cicero
868 484 877 498 ,
899 471 1081 504 quamquam
1101 463 1132 490 in
1142 464 1221 490 anti-

259 497 415 554 quii'iima,
435 509 677 550 nobilissimaque
698 507 908 548 philosophia,
928 507 1069 544 Cratippo
1089 501 1220 535 auetore,

259 555 394 587 versaris,
407 556 442 583 iis
452 552 610 582 simillimo
621 571 630 584 ‚
641 552 694 590 qui
705 549 758 579 ista
767 548 902 589 pra-,clara
911 554 1107 587 pepererunt:
1121 553 1221 574 tamen

262 598 324 626 liaec
335 595 432 625 nostra
452 599 460 613 ¹
476 593 606 624 finitima
627 591 748 624 vestris,
773 594 875 631 ignota
897 587 955 618 ess'e
975 588 1070 618 nolui.
1095 586 1222 625 Sedjam

267 639 298 668 δε
309 638 344 668 ad
355 636 488 667 instituta
508 644 674 676 pergamus.
715 634 858 673 Qinque
877 633 968 670 igitur
977 629 1142 659 rationibus
1153 637 1223 666 pro-

263 678 365 719 positis
374 677 467 708 officii
478 675 672 717 persequendi
684 694 693 707 .
703 684 828 714 quarum
839 673 904 702 duae
915 671 950 702 ad
960 671 1049 701 decus
1064 690 1073 704 ,
1086 668 1223 699 honesta-

265 731 385 760 temque
395 721 545 759 pertinent
559 730 565 747 ;
584 718 650 747 duae
665 716 700 746 ad
721 714 886 745 commoda
896 716 965 744 vitae
978 733 987 747 ,
1005 722 1106 752 copias
1118 731 1126 744 ,
1138 719 1221 749 opes,

264 762 433 792 facultates:
448 762 553 801 quinta
564 759 599 790 ad
611 757 739 798 eligendi
749 757 899 797 judicium
911 775 919 789 ,
931 753 951 784 si
962 755 1083 795 quando
1095 763 1127 782 ea
1139 772 1146 785 ,
1158 761 1223 792 qua:

265 805 330 834 dixi
344 824 351 836 ,
373 813 502 843 pugnare
513 804 591 831 inter
601 801 628 830 se
638 800 810 830 viderentur
828 809 834 827 ε
853 797 1038 827 ²h0nestatis
1053 804 1133 835 pars,
1150 803 1224 824 con-

263 844 340 875 festa
351 844 410 874 est:
432 853 521 885 quam
541 841 667 883 quidem
685 841 740 871 tibi
758 842 849 880 cupio
867 838 925 869 ess'e
936 836 1132 868 notiffimam.
1156 837 1225 865 Hoc

265 897 362 918 autem
375 906 383 919 ,
405 885 441 915 de
451 895 513 925 quo
523 894 604 914 nunc
616 885 731 925 agimus
742 903 750 916 ,
775 883 805 912 id
816 882 914 921 ipsum
925 880 966 910 est
978 900 985 913 ,
996 880 1077 920 quod
1091 878 1163 908 utile
1173 886 1224 916 ap-

264 929 398 969 pellatur‘.
427 930 482 956 3in
503 936 564 967 quo
585 927 676 955 verbo
702 924 778 963 lapsa
788 922 975 953 consuetudo
985 920 1109 951 deflexit
1118 919 1153 949 de
1164 921 1222 951 via,

267 969 436 1010 sensimque
447 968 484 998 eo
497 966 623 998 dednSm
634 966 675 996 est
685 985 693 998 ‚
708 975 739 995 tit
750 963 936 995 honestatem
947 963 983 993 ab
993 962 1123 991 utilitate
1134 962 1226 991 secer-

266 1022 342 1043 nens
355 1032 363 1044 ,
385 1011 419 1040 &
437 1009 630 1041 constitueret
649 1007 809 1038 honestum
830 1005 889 1036 effe
904 1005 1017 1046 aliquid
1034 1024 1042 1038 ,
1059 1003 1141 1044 quod
1154 1003 1224 1032 utile

266 1063 331 1083 non
341 1051 426 1082 effet:
450 1052 482 1081 δε
492 1051 565 1081 utile
577 1070 586 1083 ‚
608 1049 691 1090 quod
703 1059 766 1079 non
776 1048 937 1078 honestum
949 1058 954 1076 2
966 1056 1022 1087 qua
1033 1046 1113 1075 nulla
1126 1045 1226 1084 perni-

265 1095 433 1132 ciesinajor
452 1094 616 1122 hominum
639 1093 706 1121 vitae
725 1092 824 1131 potuit
837 1088 943 1120 afferri.
967 1092 1092 1118 Summa
1101 1085 1224 1127 quidem

266 1136 439 1166 auctoritate
458 1134 630 1174 philosophi
652 1133 751 1163 severe
771 1131 838 1162 sane
855 1151 864 1165 ,
891 1140 978 1171 atque
998 1128 1121 1159 honeste
1134 1147 1143 1161 ,
1165 1129 1227 1156 haec

267 1180 321 1208 tria
337 1187 444 1219 genera
463 1175 586 1207 confusa
604 1195 611 1207 ‚
646 1175 828 1216 cogitatione
849 1172 1047 1213 distinguunt.
1078 1168 1226 1212 quidquid

266 1223 352 1250 enim
363 1218 473 1255 iustum
485 1216 518 1248 sit
530 1238 539 1252 ,
552 1218 580 1248 id
593 1218 681 1247 etiarn
695 1216 769 1246 utile
778 1214 835 1245 effe
845 1214 968 1245 censent
980 1215 1129 1252 :itemque
1145 1210 1227 1251 quod

264 1260 428 1293 honestum
442 1281 450 1293 ‚
471 1260 553 1290 idem
574 1258 699 1297 justum.
723 1268 760 1288 ex
775 1267 837 1298 quo
848 1255 993 1288 efficitur,
1010 1263 1060 1287 ut,
1080 1251 1227 1294 quidquid

267 1303 430 1334 honestum
443 1301 475 1331 sit
487 1321 496 1334 ,
507 1302 588 1331 idem
602 1300 635 1330 sit
646 1301 727 1329 utile.
748 1298 838 1338 Qod
850 1299 901 1338 qui
914 1306 1018 1337 parum
1031 1296 1226 1339 perspiciunt,

266 1346 298 1374 hi
310 1345 382 1385 saepe
401 1344 533 1373 versutos
552 1344 694 1373 homines
706 1362 715 1374 ‚
735 1341 768 1370 δε
785 1340 910 1370 callidos
928 1334 1229 1370 admirantes3mali-

265 1387 356 1419 tiam,
379 1386 552 1425 sapientiam
570 1384 716 1425 judicant.
740 1392 868 1423 quorum
888 1390 968 1411 error
986 1378 1158 1419 eripiendus
1173 1376 1227 1410 est,

267 1430 433 1468 opinioque
456 1428 560 1456 omnis
578 1426 613 1456 ad
634 1435 700 1455 eain
719 1426 802 1465 spem
823 1422 1019 1455 traducenda,
1043 1430 1075 1451 ut
1094 1418 1228 1450 honestis

267 1469 399 1500 confilns
416 1487 425 1502 ,
434 1468 579 1509 justisque
589 1467 674 1498 fa&is
685 1486 694 1500 ,
705 1477 768 1496 non
777 1465 892 1498 fraude,
906 1465 939 1494 &
950 1464 1064 1493 malitia
1076 1462 1103 1492 se
1115 1461 1228 1491 intelli-

266 1520 336 1552 gant
347 1521 398 1545 ea,
417 1520 482 1550 quae
504 1511 622 1543 velint,
641 1509 785 1548 consequi
806 1506 899 1547 pofl‘e.
923 1509 998 1545 Qae
1008 1514 1079 1544 ergo
1088 1503 1123 1533 ad
1136 1505 1229 1533 vitam

268 1554 432 1582 hominum
451 1552 591 1580 tuendam
611 1552 781 1590 pertinent,
803 1550 909 1588 partim
932 1548 1001 1577 sunt
1021 1548 1156 1576 inanima
1170 1564 1178 1576 ‚
1198 1553 1231 1573 ut

268 1604 397 1634 aurum,
420 1600 576 1633 argentum
589 1612 597 1625 ,
619 1601 708 1624 ntea,
727 1601 792 1631 quae
803 1592 967 1630 gignuntur
986 1588 1003 1617 ὲ
1015 1596 1108 1620 terra,
1131 1595 1162 1616 ut
1174 1585 1230 1614 alia

269 1635 405 1674 ejusdem
418 1635 537 1675 generis
550 1635 672 1674 :partim
682 1631 824 1662 animalia
837 1650 845 1663 ‚
858 1640 924 1670 quae
935 1628 1044 1659 habent
1055 1629 1122 1658 suos
1133 1629 1230 1665 impe-

270 1686 330 1709 tus,
343 1677 375 1707 &
388 1685 486 1706 rerum
497 1677 652 1715 appetitus.
670 1676 780 1704 Eorum
792 1682 893 1703 autem
903 1672 958 1701 alia
967 1672 1089 1700 rationis
1100 1670 1231 1708 expertia

269 1720 339 1750 sunt
350 1738 357 1751 ,
370 1719 425 1748 alia
434 1718 548 1747 ratione
562 1717 684 1747 utentia.
708 1719 853 1754 Expertes
863 1714 987 1743 rationis
1002 1732 1010 1745 ,
1021 1712 1111 1751 equi,
1122 1710 1229 1742 boves,

272 1760 395 1800 reliquae
414 1757 562 1799 pecudes,
585 1767 653 1797 apes
665 1777 673 1789 ‚
694 1761 711 1783 4
725 1765 851 1796 quarum
870 1764 958 1793 opere
976 1752 1104 1782 efficitur
1117 1750 1231 1790 aliquid

269 1802 306 1832 ad
319 1803 481 1832 hominum
496 1800 593 1832 usum,
606 1808 694 1839 atque
705 1800 808 1827 vitam.
827 1798 956 1825 Ratione
966 1803 1064 1824 autem
1078 1801 1231 1822 utentium

273 1842 333 1872 duo
342 1853 449 1883 genera
462 1850 633 1881 ponuntur:
653 1849 748 1871 unum
759 1838 886 1869 deorum:
909 1837 1036 1866 alierum
1047 1854 1055 1868 ,
1075 1834 1231 1863 hominum.

273 1884 346 1914 deos
356 1905 365 1919 ‚
380 1885 527 1925 placatos„
537 1885 628 1922 pietas
638 1880 758 1914 efficiet,
767 1880 803 1912 ,ὃς
813 1878 958 1909 [ειῃὸὶὶπαεε
968 1877 1108 1917 proxime
1119 1884 1230 1908 autern,

273 1926 481 1958 &secundum
501 1924 573 1955 deos
589 1943 597 1957 ,
621 1924 764 1953 homines
782 1919 963 1951 hominibus
985 1917 1121 1948 maxime
1142 1917 1231 1947 utiles

270 1966 330 1997 esse
341 1967 470 2008 possunt.
495 1969 666 2005 Earumque
686 1973 786 1994 rerum
799 1982 808 1996 ,
829 1972 894 2003 quae
908 1969 1053 1993 noceant,
1076 1959 1108 1989 &
1122 1957 1230 1992 obsint,

271 2010 374 2041 eadem
386 2011 493 2045 divisio
511 2006 565 2041 est.
588 2007 645 2039 Sed
669 2007 739 2047 quia
762 2004 836 2035 deos
849 2013 957 2034 nocere
968 2012 1032 2033 non
1042 2010 1147 2042 putant
1159 2021 1167 2035 ‚
1183 2001 1231 2030 his

1265 92 1804 139 C1cERoN1s

1258 172 1389 211 exceptis
1402 189 1411 204 ‚
1431 170 1575 200 homines
1586 189 1595 204 ,
1616 170 1794 201 hominibus
1811 170 1934 203 robess‘e
1954 170 2124 213 plurimum
2137 190 2147 207 ‚
2165 181 2215 203 ar-

1260 213 1415 243 bitrantur.
1443 222 1477 243 ea
1487 214 1569 242 enirn
1582 212 1643 252 ipsa
1654 232 1662 246 ,
1686 222 1752 252 quae
1762 213 1895 244 inanima
1903 214 2039 244 diximus
2050 234 2058 247 ‚
2070 215 2212 254 pleraque

1258 255 1326 284 sunt
1337 254 1501 283 hominum
1521 263 1619 293 operis
1640 252 1763 287 effe&a,
1792 264 1857 294 quae
1877 265 1932 285 nec
1945 256 2138 289 haberemus,
2159 254 2218 286 nist

1261 305 1360 325 manus
1372 315 1380 328 ,
1405 296 1490 325 &ars
1499 293 1693 325 acceffiffent:
1717 305 1774 325 nec
1784 296 1830 325 his
1841 294 1898 325 fine
1910 297 2071 327 hominum
2083 297 2219 327 admini-

1260 337 1400 368 stratione
1410 346 1570 366 uteremur.
1594 346 1691 377 neque
1705 338 1788 366 enim
1800 336 1973 367 valitudinis
1984 341 2106 372 curatio,
2119 347 2218 378 neque

1260 380 1410 418 navigatio
1421 398 1429 412 ,
1442 388 1539 419 neque
1548 380 1724 419 agricultura
1734 397 1743 410 ‚
1759 387 1856 418 neque
1866 377 1985 418 frugum
1997 398 2005 412 ,
2017 378 2220 420 fu&uumque

1261 422 1445 461 reliquorum
1462 422 1624 460 perceptio,
1635 420 1667 450 &
1676 420 1876 452 conservatio,
1887 418 1946 449 fine
1957 421 2120 450 hominum
2130 430 2220 461 opera

1262 463 1322 493 ulla
1333 459 1391 491 effe
1398 459 1546 501 potuiffet.
1566 462 1635 503 Jam
1647 461 1718 491 vero
1729 461 1761 491 δε
1770 470 1870 491 earum
1881 470 1994 495 rerum,
2005 461 2112 501 quibus
2121 460 2221 492 abu‘n-

1262 505 1400 534 daremus
1414 523 1423 536 ,
1441 506 1607 543 exportatio
1620 523 1627 536 ‚
1647 503 1679 533 δε
1703 512 1803 532 earum
1818 523 1827 536 ,
1847 502 1956 542 quibus
1975 512 2126 542 egeremus
2138 523 2146 536 ,
2169 505 2220 534 in-

1263 545 1374 578 veffio,
1386 546 1467 575 certe
1482 544 1565 574 nulla
1575 542 1645 574 effer
1657 565 1665 578 ,
1683 543 1736 574 nisi
1748 545 1794 574 his
1809 545 1985 574 muneribus
1997 545 2137 573 homines
2147 543 2220 575 furi-

1263 595 1416 628 gerentur.
1438 585 1602 626 eademque
1611 588 1724 616 ratione
1749 596 1804 616 nec
1815 586 1926 626 lapides
1938 586 1953 615 ὲ
1966 594 2038 615 terra
2048 585 2222 617 excideren-

1266 639 1314 659 tur
1324 628 1358 659 ad
1379 628 1467 657 usum
1490 627 1627 657 nostrum
1646 626 1807 658 neceffarii:

1359 667 1375 689 ⁶
1385 671 1452 710 TQc
1473 678 1564 698 errum
1573 689 1582 702 ‚
1592 679 1623 697 ω
1633 689 1641 701 ,
1652 679 1755 698 aurum
1765 689 1773 703 ,
1784 676 1933 710 argentum
1944 668 2103 709 effoderetur
2112 667 2225 710 penitus

1515 709 1655 740 abditum.

1267 753 1327 784 fine
1338 754 1502 783 hominum
1523 753 1622 783 labore
1634 772 1642 786 ,
1665 753 1697 783 ὃς
1715 761 1818 783 manu.
1841 751 1935 782 Τεᾶὶε
1955 752 2046 786 vero,
2069 750 2224 792 quibus&
2238 758 2260 790 4

1266 795 1414 836 frigorum
1424 796 1469 824 vis
1489 795 1648 834 pelleretur
1671 795 1704 825 &
1721 795 1855 825 calorum
1875 793 2023 824 molestia:
2042 794 2224 827 sedarentur,

1269 838 1349 867 unde
1360 846 1410 867 aut
1427 835 1517 866 initio
1528 838 1628 877 generi
1640 838 1774 866 humano
1784 835 1847 865 dari
1859 835 2036 876 potuiffent,
2060 840 2074 863 7
2085 843 2134 865 aut
2143 834 2226 876 post-

1263 880 1295 909 ea
1308 879 1459 909 subveniri
1471 898 1478 912 2
1500 876 1518 907 si
1533 888 1581 908 aui:
1601 879 1633 908 vi
1646 877 1829 918 tempestatis
1842 897 1850 910 ‚
1873 887 1923 908 aut
1943 886 2026 907 terrae
2045 885 2131 906 motu
2146 895 2155 910 ‚
2173 884 2225 906 aut

1266 919 1409 951 vetustate
1430 918 1618 953 cecidissent,
1640 918 1694 949 nifi
1717 921 1892 950 communis
1911 921 1971 949 vita
1989 919 2025 949 ab
2045 917 2248 949 hominibusi

1267 964 1373 992 harum
1383 971 1482 992 rerum
1493 962 1603 991 auxilia
1613 970 1712 1001 petere
1720 959 1878 992 didicisset?
1895 956 1909 979 ⁸
1921 959 2006 990 Adde
2016 959 2124 989 dufiffls
2135 969 2228 999 aqua-

1267 1014 1334 1034 rum
1346 1023 1354 1037 ‚
1366 1003 1566 1033 derivationes
1577 1002 1756 1036 fluminum,
1766 1012 1907 1042 agrorum
1918 1003 2114 1042 irrigationes,
2124 1001 2227 1032 moles

1269 1044 1415 1085 oppositas
1425 1043 1566 1074 fluetibus
1581 1064 1590 1076 ,
1611 1053 1715 1084 portus
1727 1054 1817 1074 manu
1828 1043 1923 1074 fafitos
1935 1062 1943 1076 ,
1963 1047 2050 1084 9quae
2071 1042 2151 1072 unde
2160 1040 2226 1072 vsine

1267 1089 1433 1117 hominum
1444 1095 1532 1126 opera
1552 1086 1657 1116 habere
1668 1084 1843 1125 possemus?
1861 1095 1899 1115 ex
1913 1085 2021 1126 quibus
2031 1104 2039 1117 ‚
2061 1083 2227 1124 multisque

1266 1130 1332 1159 aliis
1345 1128 1533 1168 perspicuum
1553 1126 1595 1157 est
1609 1147 1617 1161 ,
1632 1130 1688 1167 qui
1710 1126 1825 1157 fruaris
1837 1147 1845 1160 ,
1884 1136 2007 1167 quaeque
2024 1126 2227 1156 utilitatesxex

1268 1171 1357 1201 rebus
1368 1172 1405 1199 iis
1420 1179 1504 1210 ,quae
1514 1169 1581 1199 sunt
1592 1170 1733 1199 inanimae
1747 1189 1756 1202 ,
1781 1170 1979 1209 percipiantur
1993 1187 2002 1201 ,
2017 1177 2065 1198 eas
2076 1177 2130 1197 nos
2138 1167 2228 1197 nullo

1268 1211 1364 1242 modo
1376 1209 1436 1240 sinc
1460 1212 1623 1241 hominum
1645 1221 1738 1240 manu
1750 1231 1758 1244 ,
1776 1220 1864 1251 atque
1884 1220 1970 1250 opera
1979 1218 2080 1248 capere
2089 1207 2228 1248 potuisse.

1270 1255 1332 1296 Qi
1342 1253 1476 1293 denique
1494 1262 1533 1282 ex
1545 1250 1635 1288 bestiis
1643 1252 1758 1285 fruitus
1769 1272 1777 1286 ,
1797 1262 1922 1293 autquae
1931 1250 2132 1282 commoditas
2142 1270 2151 1284 ‚
2171 1249 2228 1281 nili

1270 1297 1412 1325 homines
1422 1295 1595 1333 adJ'uvarent
1607 1313 1616 1328 ,
1638 1296 1749 1335 percipi
1760 1293 1874 1334 posset?
1892 1303 1963 1324 nam
1974 1292 2006 1322 δε
2018 1293 2068 1333 qui
2078 1294 2229 1332 principes

1270 1336 1450 1367 inveniendi
1459 1335 1600 1370 fuerunt,
1625 1346 1716 1376 quern
1743 1346 1781 1366 ex
1800 1346 1914 1377 quaque
1930 1335 2017 1365 belua
2026 1336 2111 1364 usum
2123 1334 2230 1365 habere

1269 1376 1439 1419 pofl‘emiTS,
1456 1378 1598 1407 homines
1623 1379 1701 1408 certe
1721 1376 1859 1408 fuerunt:
1879 1387 1933 1408 nec
1955 1378 2014 1406 hoc
2023 1385 2157 1416 tempore
2166 1374 2230 1406 fine

1273 1422 1436 1451 hominum
1456 1429 1545 1459 opera
1565 1429 1614 1449 aut
1635 1419 1749 1459 pascere
1766 1429 1832 1453 eas,
1854 1428 1904 1449 aut
1913 1419 2035 1448 domare
2048 1437 2056 1450 ,
2079 1426 2130 1447 aut
2140 1419 2229 1451 tueri,

1274 1471 1324 1492 aut
1334 1460 1528 1501 tempestivos
1548 1459 1664 1490 fruERus
1682 1470 1720 1491 ex
1731 1462 1777 1491 his
1788 1471 1888 1502 capere
1898 1457 2068 1499 possemus:
2088 1459 2162 1488 ¹⁰ab
2171 1459 2230 1490 eis·-

1273 1505 1402 1543 demque
1415 1503 1447 1532 &
1471 1512 1512 1532 eae
1523 1522 1532 1536 ‚
1552 1511 1618 1542 quae
1630 1511 1741 1531 nocent
1755 1522 1763 1535 ,
1787 1500 2023 1532 interficiuntur:
2043 1500 2076 1529 &
2086 1510 2150 1540 quae
2161 1500 2229 1530 usui

1271 1544 1392 1585 possunt
1407 1542 1486 1576 effe,
1507 1545 1677 1582 capiuntur.
1699 1543 1779 1584 Qid
1802 1552 1976 1572 enumerem
1996 1544 2105 1572 artium
2123 1541 2231 1571 multi-

1273 1585 1430 1617 tudinem,
1450 1583 1509 1613 fine
1529 1585 1638 1624 quibus
1660 1585 1720 1614 vita
1745 1586 1876 1614 omnino
1895 1583 1978 1613 nulla
1994 1581 2053 1613 effe
2073 1581 2230 1622 potuisset?

1271 1628 1339 1668 quis
1357 1628 1440 1656 enim
1464 1627 1548 1667 aegris
1566 1626 1755 1655 subveniret:
1774 1636 1840 1666 quae
1856 1623 1927 1655 esset
1946 1623 2108 1654 obleelffltio
2125 1622 2230 1654 valen'-

1271 1678 1347 1698 tium
1362 1687 1371 1700 ,
1387 1669 1440 1707 qui
1451 1668 1547 1697 viCtus
1563 1686 1571 1700 ‚
1582 1675 1630 1696 aut
1640 1668 1736 1696 cultus
1749 1687 1757 1701 ,
1769 1666 1823 1696 nisi
1833 1676 1892 1697 tam
1905 1670 1931 1686 ¹¹
1943 1666 2046 1696 multae
2056 1665 2144 1695 nobis
2154 1673 2232 1695 artes

1272 1703 1473 1740 minisffirent?
1486 1708 1596 1748 quibus
1605 1708 1691 1737 rebus
1701 1708 1819 1738 exculta
1829 1709 1990 1737 hominum
2002 1709 2062 1737 vita
2071 1710 2098 1726 ¹2
2109 1715 2230 1738 tantum

1272 1750 1386 1780 destitit
1395 1749 1410 1779 a
1420 1748 1503 1779 victu
1513 1768 1522 1782 ,
1543 1748 1576 1778 &
1588 1749 1670 1778 cultu
1684 1748 1852 1779 bestiarum.
1875 1747 1964 1777 vrbes
1973 1747 2044 1778 vero
2054 1746 2113 1778 fine
2127 1745 2233 1778 homi-

1272 1801 1347 1822 num
1358 1799 1437 1820 coetu
1456 1800 1521 1820 non
1540 1788 1704 1830 potuiffent
1723 1800 1780 1820 nec
1794 1788 1933 1820 aedificari
1945 1810 1952 1824 ‚
1974 1799 2029 1819 nec
2038 1789 2233 1829 frequentari:

1273 1842 1310 1863 ex
1321 1842 1381 1873 quo
1393 1833 1471 1873 leges
1481 1851 1490 1865 ‚
1512 1832 1670 1872 moresque
1683 1831 1855 1862 constituti:
1869 1840 1932 1862 tum
1941 1832 2018 1872 juris
2030 1840 2112 1871 aequa
2121 1830 2233 1860 descri-

1273 1876 1348 1915 ptio,
1363 1876 1532 1914 ¹3certaque
1543 1873 1669 1904 vivendi
1679 1873 1846 1914 disciplina.
1856 1881 1928 1913 quas
1937 1883 1982 1903 res
1992 1873 2024 1902 &
2034 1871 2233 1902 mansuetudo

1273 1917 1449 1947 animorum
1461 1915 1618 1947 consecuta
1628 1935 1636 1949 ,
1658 1915 1690 1945 &
1700 1915 1879 1945 verecundia
1888 1913 1944 1944 est:
1967 1912 2187 1954 effeEtumque,
2199 1921 2233 1945 ut

1274 1956 1344 1988 effet
1356 1959 1416 1988 vita
1430 1959 1578 1987 munitior
1589 1969 1598 1991 3
1608 1965 1694 1997 atque
1707 1966 1739 1988 ut
1748 1956 1859 1990 dando,
1872 1956 1905 1986 &
1914 1956 2088 1996 accipiendo
2102 1975 2111 1989 ,
2125 1958 2154 1983 ¹4
2165 1952 2235 1985 mu-

1276 1999 1432 2040 tandisque
1451 1998 1638 2030 facultatibus
1649 2018 1658 2034 ,
1679 2000 1712 2030 &
1730 1997 1905 2030 commodis
1923 1999 2006 2029 nulla
2024 2007 2054 2028 re
2068 2005 2234 2038 egeremus.

2095 2039 2235 2080 Longio-

311 2135 333 2151 ι.
359 2127 501 2161 Finitima]
522 2129 645 2152 Finituma
656 2144 664 2156 ,
684 2124 776 2159 quinta
794 2122 878 2149 vocali
891 2132 943 2148 nou
965 2121 1045 2148 tertia
1064 2120 1120 2148 fere
1140 2120 1232 2148 scribi-

274 2169 318 2188 tur
338 2162 363 2188 in
378 2162 434 2188 mll'.
445 2161 668 2198 quemadmodum
678 2160 741 2186 &in
755 2158 882 2185 similibus
893 2157 1066 2184 die'tionibus.
1087 2157 1160 2193 quod
1180 2166 1233 2184 uno

272 2197 353 2223 verbo
372 2207 481 2225 monere
503 2198 573 2224 volui
587 2217 594 2228 ‚
615 2197 675 2233 quia
684 2195 832 2222 existimem
843 2194 987 2229 genuinam
998 2202 1054 2219 eam
1066 2192 1234 2228 scripturam,

273 2234 303 2259 δε
314 2233 344 2259 ab
353 2233 409 2269 ipso
421 2235 551 2260 Cicerone
561 2232 610 2260 esse
622 2244 628 2260 z
649 2234 711 2258 cum
721 2231 822 2267 primus
833 2229 958 2256 DiEtator
968 2228 1053 2256 Caeiiu·
1063 2230 1090 2256 in
1101 2229 1139 2256 his
1151 2229 1234 2256 vocali

274 2270 355 2297 tertia
365 2270 395 2296 sit
406 2270 464 2296 tiliis
478 2289 485 2300 ,
496 2269 669 2306 Qiutiliano
679 2268 753 2294 teste.
773 2266 947 2293 Gulielmius.

313 2315 340 2332 2.
360 2307 493 2339 Honestatis
507 2314 568 2338 pars
586 2307 689 2339 conferva
700 2304 758 2338 erl]
781 2304 823 2330 Ita
832 2302 948 2329 palatin.
960 2303 1000 2327 M.
1014 2302 1042 2328 1⁷.
1056 2302 1090 2327 D.
1101 2301 1165 2327 item
1177 2300 1235 2327 edi-

277 2341 317 2368 tio
327 2342 448 2368 Romana
459 2342 553 2378 prima.
574 2351 633 2368 narn
652 2340 709 2368 aliae
723 2342 839 2373 pe2fibi‘a.
859 2339 874 2365 ὰ
887 2348 938 2374 quo
949 2340 975 2365 ὃ(
986 2337 1073 2365 abiere
1084 2336 1141 2364 mss.
1152 2338 1235 2364 Lam-

279 2377 391 2404 biniani.
412 2392 422 2405 f

318 2422 345 2448 3.
366 2417 393 2439 In
402 2423 445 2447 quo
454 2415 524 2438 verbo
541 2413 608 2445 laplh
627 2411 786 2446 confirmado]
808 2409 879 2437 Illud
889 2411 959 2436 verbo
969 2419 1020 2437 non
1032 2408 1103 2436 estin
1115 2408 1236 2435 Palatino

279 2450 358 2485 prim.
380 2458 427 2476 nec
446 2449 591 2475 Anemaecii
611 2448 772 2483 Augustanis
792 2446 963 2473 membranis.
992 2445 1046 2472 scio
1066 2464 1074 2476 ‚
1103 2445 1238 2480 quomodo

278 2486 396 2521 explicet
416 2485 502 2511 Aldus
523 2486 615 2520 Nepos
635 2495 641 2511 :
663 2484 706 2511 secl
725 2491 812 2511 tamen
833 2483 877 2509 vix
900 2482 1035 2509 habuerim
1054 2490 1102 2517 pro
1121 2481 1238 2516 genuino

278 2529 407 2548 auctoris.

316 2566 344 2589 4.
364 2559 472 2589 §aarum
481 2564 544 2589 opere
552 2555 677 2590 effiiitur]
698 2555 761 2581 Non
774 2554 838 2580 mihi
848 2553 951 2581 animus
962 2552 1053 2579 invitis
1064 2551 1139 2579 libris
1149 2552 1239 2578 onmi-

279 2593 328 2619 bus
347 2592 506 2619 iiibstribere
518 2591 648 2618 Laiiibiiio
660 2611 668 2623 ‚
687 2592 728 2617 cui
747 2591 845 2626 placuit
862 2597 941 2623 opera.
961 2588 1026 2624 quid
1044 2597 1132 2615 autem
1154 2589 1239 2614 morit

280 2629 378 2655 illum?
397 2638 482 2655 nonne
494 2637 557 2664 opus
568 2627 668 2654 faciunt
679 2628 741 2653 cuin
763 2634 837 2653 arant
848 2625 928 2652 boves
940 2645 948 2657 ‚
970 2626 1030 2651 esim
1048 2625 1147 2651 xehunt
1165 2625 1239 2658 equi,

283 2674 344 2690 cum
366 2664 518 2691 mellificant
539 2664 619 2699 apes?
640 2673 726 2689 nonne
737 2673 768 2689 eo
786 2671 865 2697 opere
876 2661 992 2688 efficitur
1011 2660 1112 2696 aliquid
1121 2659 1154 2687 ad
1165 2660 1237 2687 usum

288 2700 423 2727 bominum
435 2701 444 2726 ?
455 2703 493 2725 En
503 2710 539 2726 cor
548 2701 659 2725 Zenodoti
668 2704 676 2724 !
686 2701 785 2733 cnjecur
793 2699 897 2726 Cratetis
907 2702 916 2723 .’
933 2696 1106 2724 Gulielmius.

325 2745 349 2767 ς.
369 2738 442 2768 Oheffe
456 2738 585 2768 plur-imum
603 2735 786 2768 arbitrantur]
807 2734 914 2770 Vulgati
935 2732 1059 2759 Ῑιειέἶειιυς
1081 2752 1088 2763 ,
1113 2734 1242 2765 plurimum

285 2772 352 2803 obeffe
372 2774 411 2797 vel
423 2773 522 2805 prodesse
540 2772 704 2796 arbitrantur.
723 2769 764 2796 sed
777 2777 869 2796 contra
880 2769 936 2795 mss'.
949 2769 1050 2797 nostros
1060 2769 1241 2801 aliorumque,

287 2806 342 2831 inio
355 2809 379 2832 S<
391 2808 535 2833 editionem
547 2807 695 2834 Romanam
706 2807 816 2842 piimam
828 2815 837 2837 ;
849 2806 875 2832 in
887 2804 1139 2841 quibusdiffionum
1150 2813 1241 2830 earum

288 2841 390 2868 nullum
406 2843 553 2877 vestigium.

325 2877 352 2902 6.
370 2880 515 2909 Ner-serrum
527 2897 534 2909 ‚
546 2886 575 2904 ,ες
588 2897 595 2909 ,
606 2886 692 2903 aarum
703 2896 713 2908 ‚
723 2884 845 2909 argentum
854 2876 1095 2909 effhdereturpenitm
1104 2875 1241 2909 abditum]

288 2913 382 2947 Scripli
392 2912 540 2939 cim-attere
550 2912 664 2939 diverso.
684 2913 720 2940 est
730 2913 799 2939 euim
811 2912 971 2948 septenarius
984 2932 992 2944 ‚
1012 2921 1045 2939 cx
1057 2915 1135 2948 poe'ta
1146 2911 1242 2943 veteri,

290 2957 363 2976 moite
374 2948 511 2974 Ciceronis
525 2968 533 2979 ‚
553 2956 581 2975 ut
594 2948 697 2974 videtur
710 2968 718 2980 ,
738 2949 889 2975 transsatus.
910 2948 1024 2975 mutatio
1036 2947 1175 2973 verborum
1188 2956 1244 2972 ina-

288 2985 361 3010 naxit
374 2985 388 3009 a.
399 2983 455 3009 mss'.
467 2984 558 3009 nostris
569 2985 595 3009 ὃ(
608 2984 806 3017 Lambiniaiiis,-
824 2993 909 3019 neque
927 2984 1006 3010 aliter
1024 2983 1108 3010 editio
1117 2982 1244 3009 Viam-ii.

290 3019 351 3046 aliae
360 3020 430 3046 enim
441 3028 481 3045 nec
492 3021 582 3049 ferrum
594 3038 601 3050 ‚
612 3029 698 3044 aurum
713 3039 720 3051 ,
731 3029 762 3046 aes
771 3030 823 3053 arg.
834 3021 1094 3053 tffbderenturpenitus·
1104 3020 1199 3045 abdira.

324 3063 350 3088 7.
368 3059 434 3082 :Aut
441 3055 669 3088 pollensiibveniri]
692 3056 809 3090 Langius
820 3054 940 3090 conjicit.
953 3056 1091 3088 fichmuniri
1101 3075 1108 3087 ,
1128 3055 1171 3080 cui
1183 3063 1245 3090 pro-

285 3090 428 3127 pemodum
438 3088 571 3116 adsentior
584 3108 591 3119 ,
613 3097 643 3115 ut
665 3091 761 3116 vetuste
781 3091 905 3126 stuiptum
926 3092 1008 3118 fuerit
1022 3092 1160 3124 submaem'ri
1170 3109 1178 3120 ‚
1199 3090 1245 3116 nifi

282 3136 372 3162 gamen
393 3134 484 3155 rerum
501 3125 538 3153 est
550 3125 673 3159 submoli'ri'
684 3144 693 3158 ,
712 3133 742 3153 ut
752 3126 845 3154 Livius
855 3126 927 3154 dixit
944 3129 1070 3155 immoliri:
1088 3136 1138 3161 quae
1154 3129 1181 3153 in
1198 3128 1248 3154 loca

1273 2121 1374 2152 publii-a
1383 2122 1474 2154 inaedifi
1475 2128 1532 2146 :ata
1541 2121 1681 2145 immolitave
1687 2120 1784 2151 pri-nati
1792 2119 1921 2144 habebant.
1931 2115 2070 2143 fied-tamen
2082 2115 2155 2143 recte
2163 2106 2245 2144 illud‘

1271 2157 1400 2189 subveniri
1409 2165 1514 2191 quoque
1525 2155 1683 2191 explicatur.
1705 2153 1877 2180 Gulielmius.

1316 2191 1342 2218 8.
1362 2193 1430 2218 Adde
1448 2193 1534 2217 durrus
1551 2190 1696 2226 aquarum]
1716 2191 1798 2216 Vetus
1809 2187 1950 2216 Gulielmii
1969 2185 2038 2214 liber
2056 2194 2099 2213 aut
2108 2189 2235 2215 deduffuto

1280 2227 1349 2253 unde
1369 2228 1484 2262 conjecit
1502 2235 1530 2253 at
1547 2229 1662 2253 dedimus
1671 2245 1681 2258 ,
1700 2225 1835 2261 quomodo
1852 2225 1961 2251 omnino
1981 2223 2088 2259 praefert
2099 2224 2234 2251 Palatinus
2261 2244 2270 2252 -.
2295 2246 2304 2252 ,,

1280 2264 1360 2299 prim.
1371 2267 1443 2291 certi.-
1454 2263 1486 2289 de
1496 2261 1695 2299 aquaedufflbus
1705 2263 1763 2288 heic
1774 2272 1825 2288 non
1836 2261 1893 2297 agit
1904 2279 1913 2293 ,
1923 2259 1965 2287 secl
1975 2260 2008 2287 de
2016 2260 2091 2296 aquis
2100 2258 2236 2287 deducen-

1279 2299 1319 2326 dis
1334 2319 1341 2332 ‚
1353 2309 1384 2326 ne
1394 2300 1422 2326 in
1434 2300 1518 2326 vicina
1528 2298 1668 2326 inundent.

1320 2344 1349 2371 9.
1368 2337 1424 2369 ἕξει
1432 2337 1494 2362 unde
1496 2337 1547 2369 fine
1557 2337 1672 2361 hominum
1681 2341 1750 2367 opera
1758 2332 1984 2367 haberepqffimus]
2005 2331 2048 2358 Sic
2057 2333 2084 2358 Sc
2094 2331 2178 2358 editio
2187 2330 2238 2358 Vi·
2259 2332 2266 2336 ‘

1280 2370 1351 2398 &oia
1363 2381 1446 2408 neque
1456 2372 1535 2398 aliter
1545 2371 1690 2406 antiquitus
1702 2369 1752 2397 cusi
1766 2388 1773 2401 ‚
1793 2369 1840 2396 nisi
1858 2369 1928 2404 quod
1947 2369 1967 2395 ii
1985 2375 2050 2401 opere
2060 2387 2068 2399 ‚
2089 2366 2159 2403 quod
2169 2369 2195 2394 &
2207 2368 2235 2396 in

1281 2407 1394 2434 Palatin.
1406 2409 1433 2434 &
1445 2409 1476 2434 F.
1488 2417 1518 2434 ac
1529 2408 1563 2433 D.
1576 2408 1736 2442 vulgatiores
1749 2425 1757 2437 ,
1776 2414 1826 2440 quae
1844 2414 1889 2430 mm
1900 2406 1961 2439 fine.
1979 2403 2141 2430 Gulielmius
2159 2404 2236 2432 resti-

1282 2443 1411 2470 tuendum
1422 2443 1531 2479 putabat
1542 2462 1550 2475 ,
1569 2444 1639 2477 φωρ
1649 2443 1709 2467 unde
1720 2450 1728 2472 3
1748 2441 1819 2477 quod
1830 2447 1964 2476 repererat
1974 2441 2000 2467 in
2015 2439 2074 2467 cuso
2090 2440 2129 2467 ita
2139 2439 2236 2473 veteri,

1283 2487 1313 2506 ut
1325 2483 1338 2505 e
1350 2479 1397 2505 ms.
1409 2480 1561 2515 desumptus
1574 2477 1719 2504 videretur.

1320 2524 1362 2541 ιο.
1380 2518 1418 2541 Ab
1437 2516 1564 2549 eisdemque
1582 2515 1610 2544 ὠ·
1627 2523 1656 2540 eae
1667 2532 1675 2545 ,
1694 2513 1763 2547 elya]
1784 2513 1826 2539 Ita
1847 2513 1886 2538 M.
1897 2512 1930 2538 F.
1940 2512 1975 2537 D.
1996 2521 2044 2538 nec
2062 2512 2142 2539 aliter
2159 2517 2238 2538 vetu-

1282 2551 1344 2577 stius
1354 2552 1404 2577 cusi
1416 2552 1564 2585 Moguiztiae
1582 2559 1650 2576 anno
1670 2558 1742 2575 cccc
1763 2557 1833 2574 va.
1853 2549 2000 2584 Romaeque
2019 2557 2086 2574 anno
2104 2556 2190 2574 Lxxr.
2208 2545 2239 2573 id

1280 2587 1378 2622 placuit
1390 2587 1537 2613 Gulielmio
1548 2595 1556 2617 ς
1577 2586 1617 2612 uti
1637 2587 1685 2613 ἀπὸ
1703 2590 1734 2611 τῦ
1751 2595 1794 2612 aon
1802 2589 1814 2610 ἔ
1824 2591 1986 2620 repeteretur
1996 2585 2135 2610 hominihus.
2153 2591 2239 2618 neque

1281 2623 1360 2649 aliter
1369 2622 1531 2660 expresserat
1542 2621 1688 2651 Vittorjus.
1707 2621 1794 2648 minus
1805 2621 1931 2647 concinne
1941 2620 2022 2655 vulgo
2034 2620 2126 2655 legunt
2136 2637 2144 2650 ‚
2165 2620 2195 2644 ab
2203 2617 2236 2644 eis

1283 2661 1337 2685 deni
1354 2669 1391 2685 ue.
1782 2664 1798 2670 ·‘
2102 2669 2112 2672 ⁴

1323 2704 1332 2721 1
1339 2670 1363 2721 Ξ.
1383 2698 1487 2722 tyrlultae
1494 2694 1557 2720 nobis
1567 2701 1634 2720 artes
1643 2692 1832 2727 ministrarent]
1853 2691 1922 2718 Edd.
1933 2691 2062 2727 piei-aeque
2071 2691 2236 2721 ministrat-en-

1284 2739 1327 2756 tur
1338 2750 1346 2763 ,
1357 2730 1398 2757 sed
1410 2738 1505 2766 praeter
1515 2729 1573 2756 mss.
1585 2730 1685 2756 nostros
1695 2729 1862 2765 aliorumque
1874 2747 1882 2760 ,
1893 2731 1907 2753 e
1918 2727 2011 2763 quibus
2022 2733 2107 2752 tamen
2119 2723 2234 2750 Palatia.

1285 2766 1324 2803 pri
1330 2777 1365 2792 in.
1377 2768 1462 2792 multa.
2197 2794 2203 2799 1

1324 2812 1354 2829 12
1361 2823 1366 2828 .
1384 2803 1486 2828 Tantum
1494 2803 1580 2835 destitit
1589 2801 1604 2827 ἃ
1614 2804 1683 2827 ὐἰέῖκ
1695 2820 1703 2833 ,
1713 2800 1780 2834 &c.]
1801 2799 1896 2826 Malim
1907 2798 2003 2824 tandem
2012 2795 2109 2828 destitit.
2119 2794 2238 2821 Palatio.

1285 2839 1323 2875 pri
1329 2848 1365 2864 in,
1376 2838 1451 2864 habet
1464 2857 1472 2869 ‚
1483 2845 1580 2863 tantum
1589 2839 1662 2866 distat
1674 2856 1682 2868 ,
1694 2845 1777 2871 neque
1787 2836 1865 2862 aliter
1874 2833 1951 2860 restat
1962 2832 1989 2858 in
1999 2830 2057 2856 cod.
2069 2830 2238 2870 Angustam,

1287 2876 1380 2900 verum
1392 2875 1453 2900 cum
1465 2883 1542 2909 quem
1555 2873 1719 2899 Anemaecius
1730 2871 1861 2899 excuffit;
1875 2867 1978 2907 absitut
1988 2865 2014 2892 id
2026 2875 2076 2892 non
2088 2866 2237 2906 sequamur:

1287 2910 1334 2938 nisi
1347 2910 1459 2936 velimus
1471 2919 1551 2935 aureo
1562 2908 1654 2934 saeculo
1666 2908 1784 2934 homines
1795 2905 1872 2937 edisse
1882 2904 1909 2928 &
1922 2901 2012 2928 lelffe
2024 2911 2081 2927 cum
2093 2902 2191 2928 bustim.
2237 2905 2239 2907 '

1327 2955 1368 2981 13.
1387 2949 1505 2979 Certaque
1514 2947 1615 2970 vivendi·
1624 2945 1756 2979 dffdplina.
1766 2950 1826 2975 quas
1836 2938 1898 2971 rcs·]
1910 2937 1952 2963 Sic
1963 2937 2075 2964 Palatiii.
2085 2937 2118 2963 fic
2129 2937 2240 2973 M.F5D.

1289 2982 1353 3008 item
1365 2981 1496 3017 Langiani
1509 3000 1517 3012 ,
1535 2990 1583 3006 nec
1601 2989 1651 3006 iioii
1670 2978 1753 3005 editio
1770 2977 1892 3001 Romana
1909 2973 1994 3008 prima
2007 2992 2013 3003 ‚
2033 2973 2185 3008 secutusque
2203 2973 2240 3000 est

1288 3017 1435 3044 metm-ius.
1456 3016 1514 3043 aliae
1523 3015 1584 3042 cdd.
1595 3015 1717 3048 dglbiplina
1727 3031 1736 3044 ‚
1751 3020 1795 3045 per
1803 3020 1862 3045 quas
1872 3011 1926 3035 benc
1935 3011 2043 3043 beateque
2052 3012 2161 3035 vivitur.
2179 3017 2242 3044 quat

1289 3064 1336 3080 ΓΗ.

1330 3097 1370 3122 14.
1391 3086 1560 3120 Mutandisque
1570 3083 1759 3118 facultatibus]
1782 3083 1822 3108 ita
1840 3081 1925 3108 rursus
1935 3080 2016 3108 iidem
2027 3079 2115 3117 scripti
2128 3099 2136 3114 ,
2155 3088 2240 3114 neque

1287 3125 1367 3154 aliter
1376 3123 1522 3154 vistorius.
1542 3119 1644 3156 vulgati
1653 3118 1920 3153 aliipermuiandifigue.
2197 3153 2225 3179 N

2155 3161 2187 3181 ,L
2222 3159 2246 3178 CC
