2339 3379
121 615 160 648 13

112 1566 225 1605 14Q

104 2419 148 2452 15

544 149 1021 197 Pmnxpmca
1092 147 1744 204 DlnctMAreitrt'A'.

2055 157 2154 219 625·

183 231 256 266 alter
268 226 313 265 eff
328 230 492 274 designatus
503 249 512 266 ε
531 229 673 270 ¹Visejus
691 227 791 276 nescio
799 228 851 273 qui
862 246 871 261 »
891 225 1148 275 fortis-(utajunt)
1188 230 1287 272 parete
1299 242 1304 262 :
1316 241 1356 268 te,
1366 242 1448 265 extra
1457 237 1646 268 munitiones
1654 245 1729 271 tuas,
1738 234 1900 276 vestigium
1910 234 1963 269 ubi
1977 237 2146 276 imprimas.

184 278 279 308 latro:
301 285 392 316 quem
409 282 511 304 tamen
520 279 734 319 temperantem
748 269 834 317 rutile
851 268 952 300 ferunt
960 268 1071 315 Pisauri
1082 267 1146 316 bal·
1191 283 1256 304 non
1273 273 1403 306 habere?
1435 277 1549 316 Cascam
1567 277 1749 309 tribunatum
1763 272 1858 320 ger'ere
1871 279 1942 320 paeffi
1961 277 2027 315 estu.
2060 278 2145 322 Qid

183 327 348 349 neatorem.
377 318 548 356 Sequuntur
560 314 631 347 alu>
650 312 819 346 trlbumt11›
839 313 877 342 T·
888 311 1013 341 Plane&
1030 319 1063 339 11²
1082 318 1144 349 PU-
1187 318 1278 355 ergo?
1294 325 1327 347 ut
1345 318 1509 349 Marullum
1523 339 1532 353 .
1552 329 1585 351 ut
1603 321 1756 352 Cesetium
1772 324 1789 352 a
1805 331 1866 361 rep.
1894 330 2145 355 removeremusf

190 361 269 390 mis:
289 359 342 399 qui
355 355 376 387 fi
385 357 520 387 senatum
537 353 707 387 dilexisset,
726 362 896 394 numquam
906 353 1021 382 curiam
1037 352 1144 381 incen-
1185 365 1256 386 eum
1268 376 1277 390 ‚
1296 367 1446 400 perquem
1459 379 1467 393 ‚
1479 369 1512 392 ut
1523 371 1562 392 ne
1584 372 1621 392 ue
1630 362 1713 393 idem
1722 364 1780 393 hoc
1787 363 1908 404 posthac
1918 383 1926 397 .

183 399 282 432 diss'et.
304 408 366 441 quo
379 398 485 429 scelere
493 397 650 427 damnatus
661 397 694 426 in
705 405 770 427 eam
785 396 891 425 urbem
900 393 989 424 rediit
1001 393 1092 423 armis
1101 411 1110 426 ‚
1124 392 1141 422 ὲ

182 452 242 484 qua
250 439 408 473 excesserat
421 439 547 480 legibus.
572 438 620 469 sed
639 438 696 467 hoc
705 439 734 467 ei
753 440 767 456 ²
778 446 945 467 commune
956 444 1027 465 cum
1045 434 1140 474 pluri-

183 485 244 516 mis
255 480 474 513 disfimillimis.
498 481 576 510 illud
587 489 685 510 tamen
697 489 811 513 verum,
823 477 906 519 quod
919 479 952 507 in
961 477 1020 507 hoc
1029 476 1139 506 Planco

180 523 335 567 proverbii
352 523 422 553 loco
435 522 496 553 dici
514 522 607 555 solet,
625 522 713 563 perire
722 531 792 551 eum
810 529 874 550 non
888 517 989 560 poffe,
1011 521 1024 545 3
1036 516 1091 547 nifi
1110 518 1139 548 ei

182 575 270 598 crura
279 563 370 595 fratira
387 563 491 594 effent.
514 563 605 594 fra-sta
623 565 710 596 sunt,
733 562 864 593 &vivit.
885 563 944 591 hoc
965 568 1086 592 tamen.
1106 567 1140 589 ut

181 609 238 639 alia
246 608 341 637 multa
352 626 360 640 ‚
378 607 496 647 Aquilae
506 605 772 644 ferturacceptum.
796 603 948 634 Estetiarn
957 601 1000 635 ibi
1009 602 1134 648 Decius,

179 649 305 682 abillis,
326 652 476 688 utopinor
486 667 500 682 ,-
509 647 646 678 Muribus
656 648 768 677 Deciis.
790 647 916 685 ‘citaque
930 643 1049 673 Caesaris
1067 652 1138 671 mu-

178 700 251 723 nere
260 710 269 725 ,
288 692 458 720 Deciorum
468 691 592 730 quidem
607 689 705 719 multo
714 686 874 717 intervallo
882 703 892 718 ,
909 694 962 724 per
970 685 1051 713 hunc
1060 692 1136 730 ρῳ-

177 733 292 764 clarum
309 733 409 762 virum
422 733 571 761 memoria
590 739 730 761 renovata
747 727 799 758 est.
823 730 930 757 Saxam
949 723 1022 755 vcro
1041 726 1135 754 Deci—

178 774 267 805 dium
281 775 428 814 praeterire
439 772 492 814 qui
509 771 626 813 possum
637 792 646 805 ‚
665 772 824 801 hominem
837 765 1001 797 deductum
1013 775 1051 795 ex
1061 766 1134 813 ulti—

179 818 239 846 mis
250 815 401 857 gentibus,
413 823 445 845 ut
453 825 523 845 eum
534 814 690 844 tribunum
699 811 777 851 pleb.
788 809 957 839 videremus
967 827 976 841 2
988 816 1079 847 quem
1091 817 1134 837 el-

175 866 248 888 vem
262 866 429 898 numquam
442 855 632 887 videramus?
653 852 704 883 Est
711 850 835 892 quidem
846 850 918 880 alter
926 849 1046 880 Saserna
1058 859 1063 877 2
1084 848 1133 879 sed

178 908 289 929 omnes
297 908 398 929 tamen
407 906 518 928 tantam
529 896 638 925 habent
647 892 877 923 similitudinem
888 894 967 921 inter
975 890 1004 920 se
1015 911 1025 924 ,
1046 898 1079 920 ut
1098 891 1131 920 in

175 951 284 971 eorum
300 938 538 980 praenominibus
556 945 663 966 errem.
694 937 761 965 Nec
777 932 850 965 vero
875 934 1014 966 Exitius,
1035 932 1134 977 Phila-

180 982 283 1023 delphi
291 976 802 1021 frater,quaestor2praetermittendus
812 974 865 1009 est,
877 984 925 1009 ne,
934 973 955 1004 fi
966 974 1003 1004 de
1011 972 1135 1004 clarissi-

175 1033 231 1054 mo
241 1023 423 1054 adolescente
431 1019 549 1055 siluero,
558 1017 700 1050 invidisse
709 1018 810 1050 videar
818 1018 965 1048 Antonio.
980 1015 1031 1046 Est
1040 1018 1132 1046 etiam

175 1064 297 1096 Asinius
306 1063 429 1104 quidam
443 1063 558 1093 senator
567 1062 756 1092 voluntarius
767 1081 776 1093 ,
792 1059 886 1090 lecrus
896 1058 982 1098 ipsea
990 1058 1028 1088 se.
1051 1067 1134 1098 aper-

177 1115 240 1138 tam
256 1109 370 1136 curiam
389 1105 464 1136 vidit
479 1103 545 1145 post
555 1104 673 1134 Caesaris
685 1111 834 1132 mortem:
855 1102 984 1130 mutavit
998 1099 1113 1130 calceos
1126 1110 1131 1128 :

175 1148 256 1189 pater
263 1147 449 1188 conscriptus
459 1154 579 1187 repente
595 1144 690 1175 sagrus
700 1143 753 1174 est.
777 1146 853 1173 Non
870 1144 943 1173 novi
959 1144 1028 1172 Sex.
1041 1141 1133 1171 Albe-

176 1189 285 1220 dium:
308 1188 357 1219 sed
369 1198 469 1219 tamen
479 1189 638 1218 neminem
649 1196 708 1216 tam
727 1184 909 1216 maledicum
924 1182 1058 1217 offendi,
1077 1185 1131 1223 qui

176 1231 269 1261 illum
292 1240 410 1272 negaret
426 1230 555 1272 dignum
575 1230 703 1259 Antonii
717 1227 828 1258 senatu.
852 1226 990 1256 Arbitror
1010 1235 1060 1254 me
1077 1226 1132 1254 ali-

173 1282 252 1314 quos
261 1270 429 1312 praeteriifle
441 1283 446 1301 2
457 1273 493 1302 de
503 1274 540 1301 iis
551 1279 653 1301 tamen
661 1289 669 1303 ‚
682 1272 734 1310 qui
744 1268 952 1300 occurrebant,
963 1276 1057 1297 tacere
1066 1276 1132 1296 non

175 1316 272 1355 potui.
298 1316 366 1344 Hoc
375 1315 465 1354 igitur
476 1313 568 1343 fretus
578 1312 689 1344 senatu.
705 1311 922 1351 Pompejanum
933 1310 1067 1340 senatum
1078 1307 1131 1354 de*-

176 1356 280 1396 spicit:
303 1357 336 1385 in
347 1365 407 1396 quo
415 1355 520 1385 decem
530 1353 607 1384 surm
613 1363 645 1383 us
658 1352 842 1383 consulares:
864 1350 949 1392 quisi
958 1359 1067 1380 omnes
1084 1360 1133 1378 vi-

176 1404 275 1427 verent
283 1417 292 1429 ,
306 1397 421 1426 bellum
432 1398 561 1426 omnino
571 1396 629 1425 hoc
639 1404 704 1425 non
714 1391 814 1423 fuiss'et
825 1404 830 1422 :
853 1392 1021 1423 mustei-itari
1034 1389 1129 1422 ceffis-

174 1439 219 1470 set
227 1437 353 1468 audacia.
376 1438 433 1468 Sed
451 1446 596 1479 quantum
607 1434 735 1477 praefidt'i
754 1434 845 1465 fuerit
862 1437 894 1465 in
911 1436 1038 1467 ceteris,
1058 1433 1130 1463 hinc

173 1480 304 1520 intelligi
314 1479 418 1519 potest,
428 1478 512 1520 quod
520 1488 575 1519 ego
585 1487 662 1508 unus
671 1476 793 1508 relictus
803 1477 819 1506 ὲ
829 1475 1085 1511 multis‚contudi‚
1097 1476 1131 1506 &

173 1521 218 1552 fre
239 1524 267 1554 i,
282 1521 494 1557 adiuvantibus
505 1521 592 1550 vobis
601 1539 610 1553 ‚
621 1519 796 1549 exsultantis
806 1519 956 1558 praedonis
965 1517 1128 1548 audaciam.

218 1532 266 1594 {d
285 1561 305 1592 fi
326 1561 447 1593 fortuna
462 1562 553 1592 nobis
572 1560 667 1591 modo
683 1570 749 1592 non
776 1558 927 1600 eripuisset
947 1563 1008 1590 Ser.
1029 1559 1130 1599 Sulpi-

171 1606 255 1636 cium
267 1624 276 1639 ,
294 1604 416 1646 ejusque
428 1604 575 1645 collegam
592 1603 658 1634 ante
677 1605 815 1633 Marcum
834 1602 1028 1632 Marcellum:
1051 1610 1130 1642 quos

169 1649 265 1678 civeis
277 1649 289 1676 ἓ
313 1656 389 1687 quos
401 1648 501 1676 viros?
524 1644 544 1676 si
553 1645 630 1676 duos
640 1645 777 1676 consules
790 1665 799 1678 ,
812 1642 1007 1674 amiciffimos
1014 1645 1127 1684 patriae,

176 1687 266 1719 fimul
277 1699 314 1718 ex
323 1688 409 1719 Italia
418 1686 564 1728 ejectoszfi
574 1687 945 1720 L.Afranium‚summum
954 1684 1127 1717 ducem2fiP.

174 1731 357 1764 Lentulum,
368 1732 467 1760 civem
477 1729 549 1760 cum
559 1732 594 1760 in
604 1731 709 1760 ceteris
719 1729 806 1760 rebus
815 1749 824 1763 ‚
840 1730 949 1759 cumin
959 1729 1048 1759 salute
1061 1737 1129 1759 mea

173 1771 351 1813 fingularem
363 1781 369 1800 ε
386 1770 406 1801 si
420 1771 575 1806 Bibulum,
585 1772 669 1807 cuius
679 1771 763 1802 estin
772 1771 909 1811 rempub.
921 1773 1033 1801 merito
1047 1770 1128 1800 sem-

172 1823 226 1854 per
236 1813 351 1844 laudata
365 1813 547 1844 constantia:
562 1812 582 1843 fi
592 1816 628 1844 L.
640 1816 816 1844 Domitium
827 1833 836 1846 ,
850 1810 1124 1852 praestantissimum

171 1857 288 1886 civem:
313 1853 335 1884 fi
345 1856 478 1895 Appium
491 1855 650 1886 Claudium
664 1874 673 1889 ‚
694 1857 758 1896 pari
767 1855 924 1885 nobilitate
935 1873 944 1888 ,
964 1854 997 1884 &
1013 1853 1126 1884 volun-

171 1905 230 1928 tate
238 1895 396 1937 praeditum
411 1907 417 1925 :
440 1895 460 1925 s1
469 1899 500 1927 P.
510 1898 682 1936 Scipionem
694 1916 702 1931 ‚
712 1894 909 1927 clarifl'imum
917 1896 1019 1926 virum
1030 1914 1040 1928 ‚
1060 1904 1126 1925 ma—

167 1937 332 1980 jorumque
343 1937 464 1968 suomm
475 1935 667 1968 simillimum
678 1957 688 1972 ,
698 1938 772 1978 resp.
784 1946 883 1968 tenere
890 1935 1049 1978 potuisset:
1062 1945 1124 1966 cer-

171 1979 203 2010 te
214 1981 261 2009 his
272 1979 478 2010 consularibus
495 1989 561 2009 non
577 1978 649 2010 effer
657 1979 856 2019 Pompejanus
865 1977 1071 2019 despiciendus
1081 1977 1124 2008 se-

171 2030 269 2052 natus.
293 2024 403 2052 Utrum
416 2023 504 2062 igitur
511 2023 627 2062 aequius
640 2040 650 2056 ‚
668 2030 770 2051 utrum
780 2021 890 2051 melius
898 2022 970 2061 oeip.
984 2019 1054 2054 fuit,
1066 2022 1122 2051 Cn·

171 2064 353 2103 Pompejum
363 2082 372 2097 ‚
399 2072 436 2093 an
447 2061 593 2093 seciorem
604 2065 659 2093 Cn.
672 2064 810 2104 Pompeii
821 2064 921 2094 vivere
929 2063 1101 2093 Antonium
1118 2063 1129 2091 ?

169 2106 233 2144 Q
252 2103 324 2134 vero
342 2105 492 2145 praetorii?
518 2114 647 2145 quorum
661 2107 798 2146 princeps
815 2106 859 2134 M.
871 2107 942 2135 Cato
953 2124 962 2138 ,
982 2103 1124 2144 idemque

168 2147 312 2176 omnium
323 2148 461 2187 gentium
471 2147 581 2177 virtute
597 2149 744 2187 princeps.
768 2146 849 2188 Qid
859 2146 990 2187 reliquos
1001 2143 1124 2176 clarissi-

170 2197 241 2218 mos
253 2188 333 2217 viros
351 2191 617 2218 commemorem?
639 2188 734 2219 nostis
744 2190 874 2219 omneis.
897 2190 992 2229 magis
1009 2196 1123 2222 vereor,

166 2239 207 2261 ne
218 2229 346 2270 longum
358 2239 407 2259 me
419 2231 451 2259 in
461 2230 668 2260 enumerando
679 2250 688 2264 ,
700 2230 790 2272 quam
801 2240 839 2260 ne
847 2232 996 2271 ingratum
1007 2232 1041 2259 in
1050 2239 1125 2269 prae-

168 2270 315 2303 'tercundo
323 2271 445 2310 putetis.
468 2273 520 2311 qui
531 2271 669 2301 aedilitii?
686 2273 738 2312 qui
749 2272 897 2302 tribunitii
908 2276 921 2302 ἓ
933 2270 1124 2312 quiquaesto-

168 2314 225 2343 rii?
243 2312 324 2354 Qid
336 2313 449 2342 multa?
459 2313 526 2342 talis
537 2313 707 2343 senatorum
718 2313 750 2343 ὅς
759 2313 899 2353 dignitas,
912 2313 945 2344 ὃς
957 2312 1124 2344 multitudo

166 2353 226 2386 fuit
237 2374 246 2388 ‚
264 2364 296 2384 ut
307 2363 417 2396 magna
431 2354 620 2384 excusatione
639 2364 715 2394 opus
728 2356 766 2384 iis
783 2355 832 2388 fit,
853 2356 906 2395 qui
920 2355 974 2386 illa
987 2357 1020 2385 in
1032 2353 1123 2385 castra

169 2405 234 2427 non
243 2405 400 2426 venerunt.
423 2398 516 2426 Nunc
527 2395 641 2436 reliqua
660 2395 814 2426 attendite=
838 2394 952 2425 vidium
969 2396 1123 2426 Ciceronem

167 2438 267 2468 ducem
275 2435 415 2473 habuistis.
440 2439 485 2468 Eo
495 2437 638 2469 libentius
648 2437 756 2468 ducem
769 2437 860 2468 audio
871 2458 880 2472 2
889 2438 972 2480 quod
981 2437 1062 2470 certe
1070 2438 1123 2468 ille

169 2479 246 2510 dicit
263 2481 387 2509 invitus.
415 2488 487 2509 nam
512 2479 549 2509 de
564 2478 649 2510 vicio
672 2480 752 2509 nihil
774 2480 887 2512 laboro.
918 2479 1015 2511 fatum
1034 2482 1119 2510 enim

168 2531 274 2551 meum
286 2520 328 2551 est
338 2540 346 2554 ,
363 2518 423 2551 fine
433 2521 535 2560 repub.
553 2531 609 2552 nec
618 2523 699 2551 vinci
709 2519 792 2562 poss'e
802 2542 811 2556 ‚
831 2531 886 2552 nec
896 2523 1026 2552 vincere.
1048 2523 1122 2552 Ma-

164 2562 428 2592 cedomammuniric
447 2561 623 2592 exercitibus.
647 2565 684 2593 Er
695 2563 822 2604 quidem
838 2562 919 2593 fratri
936 2571 1009 2597 tuo,
1028 2566 1080 2604 qui
1106 2563 1123 2595 a

165 2605 254 2635 vobis
264 2605 342 2634 nihil
352 2604 519 2645 degenerat,
530 2602 669 2634 extorfim
675 2614 718 2635 us.
730 2603 868 2641 Africam
877 2603 1041 2645 commisistis
1051 2607 1121 2636 Varo

164 2644 205 2675 bis
221 2653 311 2688 capto.
335 2647 396 2675 Hic
410 2654 481 2674 cum
500 2647 533 2676 C.
551 2645 640 2676 fratre
652 2654 734 2686 putat
751 2647 778 2676 se
800 2647 926 2687 litigare.
948 2648 983 2675 In
1008 2647 1121 2688 Syriam

164 2686 285 2727 Caffium
298 2685 413 2728 mistst'is.
436 2688 511 2717 Non
521 2688 612 2729 igitur
621 2687 722 2723 sentiS,
737 2688 806 2718 huic
815 2687 908 2719 causae
921 2687 1027 2719 orbem
1037 2697 1120 2720 terrae

203 2799 227 2817 ι.
247 2790 286 2818 Vis
295 2790 371 2824 ejus]
394 2788 511 2816 Pal.fec.
529 2790 574 2823 m'fi
582 2790 642 2823 ejm.
661 2789 773 2816 Maurit.
794 2791 820 2816 in
831 2790 908 2823 finis.
927 2788 996 2815 unde
1006 2788 1122 2825 fingebat

163 2825 326 2854 Gulielmius
340 2845 348 2858 ,
366 2827 525 2854 zanunim.
545 2826 635 2851 malim
647 2834 697 2860 ego
707 2827 812 2860 Insitjm.
835 2825 948 2852 Ferrarii
963 2826 1033 2851 enim
1053 2833 1122 2852 vett.

165 2862 255 2896 lustjus
264 2881 273 2894 ,
291 2861 427 2898 quomodo
437 2862 464 2888 δε
477 2861 535 2887 Pal.
544 2870 585 2897 pr.
597 2868 661 2887 tert.
673 2869 760 2898 quart.
772 2861 819 2888 nili
829 2860 900 2897 quod
913 2861 940 2887 &
952 2860 1003 2887 esse
1017 2869 1123 2897 poterat

165 2900 200 2924 Ni
211 2899 270 2924 εἰη.

195 2899 232 2958 Ji!-
251 2936 371 2959 Commune
387 2942 438 2960 tum
451 2933 562 2967 plurimis
570 2933 747 2967 diffimillimiae.]
767 2933 875 2968 Pighius
895 2932 922 2959 in
943 2932 1014 2960 fastis
1031 2931 1064 2959 ad
1074 2943 1122 2960 :tn-

165 2976 231 2996 num
242 2970 278 2994 U.
289 2971 322 2995 C.
332 2978 429 2995 occu.
445 2969 564 3003 conjicit,
572 2969 864 3002 plusimixfibifimillimia.

207 3011 233 3039 3.
253 3005 304 3037 Mfi
313 3007 333 3029 ei
342 3005 530 3040 cruraftalla]
550 3004 606 3031 Lil.
624 3005 651 3031 ὃ(
663 3005 771 3031 (sembl.
790 3007 835 3039 mfi
842 3005 1022 3040 εἰς’ςενιιναρ.
1041 3004 1122 3032 nostri

167 3045 258 3067 tamen
269 3039 334 3065 nihil
345 3039 502 3076 discrepant.

205 3082 234 3107 4.
253 3077 335 3108 Itaque
344 3076 438 3108 Caesaris
448 3084 549 3107 munere,
559 3075 627 3110 ὀνκ]
647 3076 734 3103 Maur.
745 3076 845 3110 Casari't
853 3085 947 3102 numero
957 3077 984 3110 fi
997 3077 1041 3111 fit.
1060 3078 1122 3103 Un-

1939 373 1978 394 ne
2001 372 2039 394 ue
2046 363 2144 394 multa

1183 397 1358 443 hujusmodi
1370 401 1499 432 accidere
1516 412 1556 442 po
1583 413 1650 438 ent.
1671 405 1823 436 consecuti
1841 405 1966 436 sumus?
1979 373 2145 449 ‘instiga-ia

1181 438 1308 477 Juliana
1316 443 1445 482 Lupercis
1454 443 1596 480 ademistis.
1620 447 1825 486 Lupercorum
1836 448 2028 478 mentionem
2046 448 2144 479 iacere

1182 479 1293 510 audet?
1318 491 1416 523 neque
1426 484 1509 514 illius
1519 485 1580 516 diei
1597 490 1778 518 memoriam
1788 488 1997 528 perhorrescit,
2016 498 2078 530 quo
2086 498 2142 519 au-

1181 520 1227 550 sus
1237 520 1279 552 est
1289 541 1297 554 .
1309 522 1433 554 obrutus
1442 526 1515 555 vino
1527 546 1535 560 ‚
1557 531 1719 568 unguentis
1729 529 1843 560 oblitus
1854 549 1863 563 .
1883 529 1981 560 nudus
1993 549 2002 564 .
2012 539 2138 572 gemen-

1179 570 1242 593 tem
1262 564 1410 609 populum
1421 567 1513 596 Rom.
1525 567 1561 598 ad
1576 570 1749 601 servitutem
1758 572 1925 602 cohortari?
1942 579 2141 601 veteranorum

1179 604 1314 652 colonnia,
1334 605 1461 636 dedicet-as
1480 607 1553 648 lege,
1579 610 1613 643 ὠ·
1632 612 1867 652 finatuftonfulro
1885 612 2037 653 sustulistis.
2068 615 2139 644 Nos

1179 645 1352 693 sustulimus
1363 666 1372 681 ,
1391 657 1429 678 an
1438 658 1542 679 contra
1551 650 1613 692 lege
1622 655 1757 683 comitiis
1773 657 1945 685 centuriatis
1963 655 2019 686 lata
2034 655 2135 686 sanxi«

1179 688 1265 734 mus?
1287 688 1357 718 vrde
1370 698 1449 719 netu
1459 700 1614 722 veteranos
1624 711 1632 726 ,
1655 702 1756 725 tamen
1766 705 1817 725 eos
1828 715 1836 729 .
1853 699 1997 737 quierant
2009 696 2131 737 perditi·

1177 728 1358 775 perdideris:
1376 732 1410 760 in
1419 741 1550 772 eumque
1569 733 1672 764 locum
1681 734 1839 767 deduxeris
1851 757 1859 770 ‚
1879 748 1917 768 ex
1925 748 1987 778 quo
2006 737 2058 778 ipsi
2069 739 2133 777 jam

1178 770 1311 801 sentiunt
1320 771 1349 801 se
1359 781 1525 813 numquam
1537 776 1680 805 exituros.
1703 777 1918 819 Maffilienfibm
1929 782 1995 818 jure
2007 779 2069 809 beai
2078 780 2134 808 ad-

1175 818 1254 858 emta
1260 812 1413 842 reddituros
1422 825 1472 843 vus
1480 816 1659 856 pollicemini.
1684 819 1773 848 Nihil
1783 818 1901 858 disputo
1924 821 2035 860 dejure
2046 821 2133 851 belh.

1177 863 1272 894 magis
1280 853 1377 885 facilis
1386 855 1547 896 disputatio
1557 857 1600 888 est
1612 878 1621 891 ,
1642 858 1734 899 quam
1747 858 1914 891 neceffaria.
1938 862 2011 892 illud
2030 871 2134 892 tamen

1175 894 1318 942 advertite
1327 916 1335 930 ‚
1356 899 1387 927 P.
1403 899 1435 927 C.
1446 900 1537 938 quam
1548 897 1582 930 sit
1591 901 1664 930 huic
1673 904 1747 941 reip.
1768 910 1855 931 natus
1865 901 1958 933 hostis
1969 905 2131 937 Antonius,

1173 946 1227 976 qui
1245 946 1397 984 tantopere
1413 949 1478 969 eam
1489 942 1642 972 civitatem
1654 942 1769 975 oderit.
1789 953 1880 984 quam
1899 944 1952 974 scit
1970 946 2039 974 huic
2059 947 2131 984 reip.

1173 979 1290 1018 semper
1296 978 1385 1010 fuisse
1393 980 1611 1013 amicissimam.
1634 985 1783 1014 Neminem
1791 987 1989 1026 Pampcjanum
2000 1006 2008 1020 .
2020 987 2072 1027 qui
2084 997 2132 1015 ω-

1175 1027 1240 1054 vm,
1253 1028 1341 1051 tenere
1349 1021 1406 1062 lege
1415 1024 1517 1052 Hirtia
1525 1024 1680 1065 dignitates
1691 1029 1701 1052 ἓ
1721 1027 1888 1068 Qisquam
1902 1028 1966 1067 jani
1975 1028 2049 1068 legis
2059 1031 2134 1058 Hir-

1175 1063 1223 1093 tia:
1242 1065 1434 1094 mentionem
1448 1063 1538 1098 facit?
1559 1067 1645 1107 cujus
1662 1077 1726 1098 non
1740 1070 1844 1099 minus
1860 1069 1988 1100 arbitror
2006 1070 2132 1100 latorem

1174 1104 1273 1144 ipsum
1284 1123 1293 1138 ‚
1311 1105 1402 1146 quam
1414 1116 1464 1136 eos
1476 1128 1485 1140 .
1504 1108 1541 1137 de
1551 1109 1660 1149 quibus
1670 1110 1725 1140 lara
1734 1109 1778 1140 est
1790 1113 1956 1149 poenitere?
1979 1113 2131 1144 Omnino.

1174 1156 1243 1176 mea
1251 1148 1376 1187 quidem
1388 1147 1531 1179 sententia
1542 1170 1549 1183 ,
1568 1152 1666 1191 legem
1683 1151 1767 1181 illam
1778 1152 1923 1191 appellare
1934 1152 1977 1183 fas
1993 1163 2057 1183 non
2067 1152 2111 1183 est
2125 1165 2133 1183 2

1175 1188 1209 1217 δε
1219 1208 1228 1222 ,
1246 1197 1278 1218 ut
1288 1186 1323 1219 fit
1339 1189 1389 1219 lex
1398 1208 1407 1223 ‚
1429 1200 1494 1221 non
1514 1191 1660 1222 debemus
1679 1193 1764 1223 illam
1784 1195 1878 1223 Hirtii
1898 1194 1996 1235 legem
2017 1204 2136 1235 putare.

1174 1229 1344 1271 „Apulejana
1357 1231 1476 1272 pecunia
1493 1235 1616 1262 Brutum
1628 1233 1801 1273 subornastis.
1825 1235 1906 1276 Qid
1917 1255 1926 1269 ,
1948 1234 1968 1265 fi
1985 1237 2132 1267 omnibus

1176 1272 1235 1301 suis
1252 1274 1348 1312 copiis
1365 1274 1565 1306 excellentem
1583 1278 1683 1306 virum
1697 1276 1772 1316 resp.
1790 1275 1943 1309 armasset?
1963 1288 2055 1319 quem
2066 1287 2131 1308 tan-

1174 1312 1245 1343 dem
1256 1313 1372 1344 bonurn
1384 1318 1563 1355 poeniteret?
1584 1327 1640 1348 nec
1649 1319 1734 1348 enim
1745 1317 1806 1349 fine
1820 1321 1946 1359 pecunia
1962 1322 2130 1351 exercitum

1173 1355 1248 1385 alere
1257 1375 1266 1389 ‚
1278 1366 1334 1386 nec
1343 1355 1404 1386 fine
1413 1360 1546 1389 exercitu
1559 1357 1681 1389 fratrem
1691 1368 1778 1390 tuum
1787 1370 1888 1400 capere
1905 1358 2057 1402 potuiffet.
2080 1362 2132 1390 Se-

1173 1398 1234 1426 curi
1242 1397 1374 1438 percuſjbs
1390 1401 1403 1426 5
1413 1402 1527 1429 Petrum
1537 1401 1571 1433 &-
1580 1401 1776 1433 Dimedemusn
1785 1423 1794 1436 ,
1816 1403 1938 1432 civitate
1946 1402 2060 1432 donatos
2071 1422 2079 1436 ,
2095 1405 2132 1436 ὠ·

1172 1439 1285 1478 hospites
1297 1440 1401 1480 Caefhris
1412 1461 1420 1475 ‚
1433 1440 1571 1478 laudastis.
1593 1445 1669 1474 Non
1679 1443 1834 1475 laudamus
1843 1464 1852 1479 ,
1870 1444 1953 1485 quod
1963 1454 2001 1475 ne
2012 1444 2132 1475 audivi-

1173 1490 1242 1510 mus
1252 1482 1386 1521 quidem.
1402 1483 1488 1513 valde
1498 1486 1583 1515 enirn
1592 1485 1681 1515 nobis
1691 1486 1724 1515 in
1733 1495 1812 1516 tanta
1820 1486 2042 1526 perturbatione
2053 1488 2129 1526 reip.

1171 1522 1209 1551 de
1226 1522 1346 1553 duobus
1366 1523 1552 1565 nequiffimis
1576 1527 1722 1557 Graeculis
1739 1526 1933 1568 cogitandum
1950 1526 2019 1557 fuit.
2043 1528 2132 1557 ’Τί-εον

1168 1571 1301 1610 poinpum
1310 1584 1319 1598 ,
1330 1565 1438 1595 nudum
1448 1585 1457 1600 ,
1468 1567 1615 1607 expulficm
1625 1564 1643 1597 ὲ
1654 1567 1797 1602 Trebonio,
1809 1568 1825 1588 ⁶
1836 1568 1980 1609 confligere
1990 1570 2129 1598 „Alexim-

1167 1606 1272 1641 drmm,
1283 1606 1443 1647 neglexistir.
1467 1611 1613 1650 Magnum
1624 1612 1742 1641 crimen
1751 1611 1876 1641 senatus.
1900 1611 1937 1640 de
1946 1611 2130 1651 Theopom-

1166 1658 1225 1689 po,
1246 1648 1368 1679 summo
1384 1650 1512 1680 homine
1524 1670 1533 1685 ‚
1552 1651 1761 1692 negleximus:
1782 1654 1835 1693 qui
1851 1652 1903 1682 ubi
1923 1661 2065 1684 terrarum
2079 1652 2127 1686 fir.

1167 1690 1240 1732 quid
1250 1700 1313 1732 agat
1323 1711 1331 1725 ‚
1349 1693 1431 1722 vivat
1438 1691 1568 1733 denique
1581 1703 1619 1723 an
1630 1703 1766 1725 mortuus
1777 1693 1810 1724 sit
1820 1713 1829 1728 ‚
1848 1695 1917 1734 quis
1930 1704 1979 1725 aut
1988 1695 2040 1725 scit
2049 1714 2058 1728 ,
2077 1704 2128 1726 aur

1168 1737 1272 1764 curat?
1288 1733 1347 1764 Ser.
1359 1732 1484 1763 Galbam
1501 1735 1592 1764 eodem
1597 1736 1717 1777 pugione
1734 1735 1909 1775 succinc‘bam
1927 1737 1956 1766 in
1969 1735 2059 1773 castris
2076 1738 2130 1766 vi-

1170 1775 1245 1804 deris.
1269 1776 1358 1805 Nihil
1378 1776 1433 1806 tibi
1452 1777 1489 1808 de
1499 1777 1594 1808 Galba
1603 1778 1788 1818 respondeo,
1807 1776 1986 1812 fortiffimo,
2007 1778 2127 1809 &con-

1171 1815 1351 1848 stantiffimo
1359 1819 1439 1848 cive:
1460 1829 1562 1849 coram
1573 1819 1679 1850 aderit:
1691 1821 1818 1859 praesens
1827 1820 1882 1850 tibi
1893 1820 1926 1850 &
1935 1820 2006 1860 ipse,
2017 1820 2051 1851 δε
2061 1820 2128 1854 ille,

1171 1868 1262 1900 quem
1275 1857 1449 1894 infimulas,
1467 1863 1560 1902 pugio
1569 1861 1768 1901 respondebit.
1793 1861 1897 1890 milites
1905 1869 2053 1896 autmeos,
2072 1870 2129 1892 aut

1172 1907 1316 1929 veteranos
1333 1901 1505 1938 contraxistis
1515 1921 1523 1935 ,
1543 1910 1693 1944 tamquam
1700 1903 1741 1931 ad
1747 1903 1870 1932 exitium
1879 1913 1972 1932 eorum
1982 1922 1990 1937 ,
2000 1905 2052 1944 qui
2063 1905 2126 1944 Cas:

1169 1941 1333 1971 occiderant.
1357 1942 1391 1974 ὼ·
1401 1943 1504 1982 eosdem
1513 1953 1570 1973 nec·
1575 1945 1723 1986 opinanteu
1731 1944 1769 1973 ad
1774 1942 1906 1985 questoris
1918 1944 1977 1983 sui,
1988 1952 2042 1975 aut
2049 1947 2125 1985 Imp.

1169 1990 1223 2013 aur
1232 1982 1455 2013 commilitonum
1468 1985 1585 2024 fimum
1596 1987 1722 2026 pericula
1735 1984 1888 2026 impulistis.
1909 1983 2030 2017 Scilicet
2036 1987 2128 2018 verba

1168 2024 1308 2054 dedimus
1318 2044 1327 2059 ‚
1337 2025 1528 2066 decepimus:
1548 2027 1700 2068 ignorabat
1708 2027 1787 2069 legio
1798 2028 1904 2058 Martia
1913 2048 1922 2061 ‚
1937 2037 2038 2069 quarta
2048 2038 2055 2058 :
2065 2038 2124 2059 nec

1170 2066 1302 2096 sciebant
1311 2069 1443 2097 veterani
1453 2067 1525 2109 quid
1534 2078 1675 2110 ageretur.
1697 2079 1762 2100 non
1774 2069 1821 2099 illi
1835 2070 1949 2100 senatus
1965 2069 2126 2101 austerita-

1171 2116 1244 2142 tem,
1256 2113 1270 2136 7
1281 2118 1345 2138 non
1353 2108 1519 2140 libertatem
1530 2110 1635 2150 populi
1646 2112 1783 2142 Romani
1793 2111 2004 2152 sequebantur:
2028 2112 2124 2143 Caesa-

1169 2151 1208 2179 ris
1220 2159 1352 2180 mortem
1363 2151 1464 2181 ulcisci
1473 2152 1623 2186 volebant,
1633 2163 1723 2194 quam
1733 2163 1842 2183 omnes
1850 2152 1970 2184 fatalem
1979 2151 2068 2183 fuisse
2078 2163 2125 2184 ar-

1169 2191 1370 2222 bitrabantur:
1389 2201 1417 2222 te
1425 2193 1566 2224 videlicet
1575 2194 1690 2225 salvum
1701 2215 1710 2228 ,
1733 2194 1853 2225 beatum
1864 2215 1872 2228 ‚
1893 2194 2053 2226 florentem
2066 2194 2124 2225 effe

1166 2233 1335 2273 cupiebant.
1357 2236 1384 2264 Ο
1394 2234 1484 2265 miser
1491 2245 1561 2265 cum
1571 2245 1601 2265 re
1610 2255 1619 2269 ‚
1638 2244 1703 2266 tum
1714 2237 1773 2266 hoc
1782 2237 1847 2277 ipso
1856 2256 1865 2270 ,
1876 2237 1957 2278 quod
1966 2248 2019 2266 non
2026 2237 2120 2277 sium,

1165 2276 1257 2315 quarn
1267 2275 1358 2306 miser
1368 2274 1402 2306 fis
1414 2278 1419 2304 Ξ
1433 2276 1489 2306 Sed
1500 2279 1669 2308 maximum
1679 2279 1797 2308 crimen
1806 2278 1913 2308 audite.
1923 2278 2042 2320 denique
2051 2279 2122 2320 quid

1165 2327 1216 2345 non
1230 2324 1284 2346 aut
1291 2315 1473 2359 probavistis,
1489 2326 1543 2347 azir
1556 2319 1675 2357 fecistis?
1695 2319 1768 2361 quid
1776 2319 1889 2359 saciat,
1904 2320 1933 2361 fi
1942 2321 2096 2360 revivifiat
2107 2327 2119 2351 ,ἔ

1163 2359 1252 2398 quis?
1270 2358 1360 2389 credo
1370 2361 1466 2393 enim,
1479 2358 1581 2390 afferet
1595 2362 1715 2402 aliquod
1725 2362 1856 2392 scelerati
1867 2363 2003 2392 hominis
2012 2372 2121 2392 exem-

1162 2400 1249 2439 plum
1263 2401 1268 2429 !
1290 2402 1339 2429 Cn.
1361 2402 1505 2442 Pompejm
1524 2402 1598 2442 ipsi?
1620 2405 1646 2432 Ο
1665 2413 1722 2433 nos
1733 2405 1841 2443 turpeis
1851 2423 1859 2437 ,
1880 2402 1901 2433 fi
1916 2403 2040 2444 quidem
2061 2406 2118 2434 Cn.

1163 2442 1345 2482 Pompejum
1355 2443 1502 2473 imitaturi
1518 2444 1630 2474 [ulnus.
1655 2452 1708 2474 aur
1721 2444 1803 2483 filim
1812 2445 1869 2483 ejus
1880 2465 1888 2478 ‚
1903 2444 2096 2486 fidamipoffit
2107 2454 2119 2477 ,ἓ

1161 2485 1284 2523 poterit,
1296 2484 1479 2514 mihicrede.
1499 2494 1568 2515 nam
1577 2488 1678 2525 paucis
1687 2486 1793 2516 diebus
1803 2487 1879 2516 &in
1889 2487 2030 2520 domum,
2042 2489 2074 2517 &
2085 2489 2120 2518 in

1161 2527 1266 2555 hortos
1282 2534 1419 2566 paternos
1440 2527 1635 2565 immigrabit.
1656 2526 1783 2568 postremo
1803 2529 1907 2567 negatis
1928 2536 2025 2568 pacem
2048 2527 2121 2569 poffe

1155 2565 1242 2605 fieri,
1275 2566 1329 2608 nisi
1347 2574 1401 2596 aut
1419 2568 1528 2606 emisero
1547 2570 1688 2601 Brutum,
1707 2568 1911 2605 autfrumcnto
1921 2571 2032 2608 juvero.
2055 2571 2120 2600 Alii

1161 2607 1237 2638 istuc
1246 2617 1354 2649 negant
1365 2619 1370 2637 :
1381 2618 1436 2649 ego
1445 2618 1491 2639 Vei
1499 2608 1529 2641 ὸ,
1546 2604 1561 2628 ⁸
1570 2619 1607 2639 ne
1616 2608 1635 2639 si
1648 2609 1699 2639 ista
1709 2610 1833 2650 quidem
1844 2609 1960 2644 feceris,
1971 2621 2120 2653 umquam.

1162 2658 1262 2679 tecum
1273 2659 1374 2689 pacem
1386 2651 1457 2679 huic
1469 2651 1582 2680 civitati
1594 2649 1726 2681 futuram
1737 2660 1819 2691 puto.
1841 2652 1914 2692 quid
1920 2653 1987 2682 Hinc
1992 2653 2120 2695 placetne

1162 2693 1298 2720 veterana
1309 2689 1381 2727 istis?
1399 2689 1503 2732 quibzu
1522 2691 1613 2720 adhuc
1629 2702 1725 2721 omma
1742 2693 1852 2733 integra
1863 2694 1943 2733 fimr.
1965 2695 2045 2725 nihil
2054 2695 2120 2729 vidi

2056 2745 2119 2768 tam

1204 2800 1229 2825 5.
1248 2795 1347 2817 Parnm
1363 2793 1393 2823 &¹
1411 2793 1597 2827 Menedemum]
1620 2795 1660 2820 lta
1677 2803 1769 2821 munes
1789 2794 1850 2821 libri
1864 2795 1920 2822 mss‘.
1931 2795 1959 2821 ὅτ
1971 2796 2051 2822 nostri
2063 2815 2071 2827 ,
2090 2788 2121 2821 ΒΞ·

1163 2826 1288 2853 aliorum.
1309 2829 1375 2854 olim
1389 2829 1488 2864 vulgati
1498 2832 1582 2853 ‘Pemm
1594 2848 1602 2861 ,
1623 2830 1768 2866 typothetae
1779 2840 1868 2858 errore
1879 2831 1923 2867 qui
1935 2832 2059 2859 omiserat
2072 2832 2119 2858 lit—

1165 2870 1247 2889 teram
1259 2864 1389 2905 caninam.
1409 2863 1479 2899 quod
1491 2863 1626 2900 sequentes
1637 2873 1774 2894 mutarunt
1785 2874 1872 2895 tamen
1882 2868 1909 2895 in
1918 2870 2018 2900 Parum,
2027 2876 2121 2895 contra

1164 2908 1271 2926 omnem
1287 2908 1427 2926 rationem.

1200 2935 1228 2961 6.
1247 2937 1372 2969 Conficgtre
1387 2936 1563 2962 Alexandriam
1579 2938 1733 2973 neglexistis]
1755 2939 1869 2966 Mauric.
1885 2941 1970 2974 neglcgt'
1987 2940 2008 2966 is
2019 2959 2027 2972 ‚
2064 2938 2120 2966 uod

1164 2971 1245 3006 recipi
1257 2971 1341 2998 voluit
1360 2972 1387 2997 in
1398 2980 1553 2999 contextum
1565 2973 1726 3001 Gulielmius
1738 2994 1746 3007 ,
1765 2975 1890 3010 quoniam
1902 2976 2037 3002 Antonius
2066 2976 2121 3002 ica-

1165 3012 1208 3032 tur
1220 3007 1347 3033 Suetonio
1356 3006 1487 3034 affeci-affe
1505 3009 1703 3045 antiquitatem.
1726 3010 1847 3039 videatur
1860 3011 1912 3048 ipse
1923 3011 1970 3039 lib.
1986 3021 2021 3039 u.
2034 3010 2121 3039 Veris.

1164 3051 1220 3077 cap.
1231 3041 1382 3069 undecimo.

1201 3086 1229 3112 7.
1249 3081 1300 3104 Non
1308 3080 1440 3105 libertatem
1454 3081 1532 3112 papuli
1542 3080 1729 3118 firmabantur]
1750 3082 1822 3110 Illud
1840 3093 1885 3111 non
1902 3083 1938 3111 est
1957 3085 1972 3111 a
1992 3083 2050 3111 Pal.
2070 3083 2120 3110 sec.

168 3109 203 3137 dc
223 3109 288 3136 fecit
305 3110 457 3143 conjectura
466 3110 626 3138 Gulielmius
639 3130 647 3144 ‚
664 3113 732 3145 haefir.
751 3112 786 3138 ob
796 3112 907 3146 majores
926 3113 984 3138 suos
1004 3112 1075 3139 liaesit
1094 3113 1121 3139 in
1141 3119 1144 3145 ι
1165 3113 1236 3150 prius
1247 3113 1297 3140 cufi
1308 3123 1340 3140 an
1348 3116 1391 3140 lib.
1405 3115 1561 3151 posteriores
1571 3125 1625 3143 aur.

168 3154 283 3173 numero
300 3145 473 3175 famlias-ium
491 3146 612 3178 Caesaris.
629 3146 752 3177 videatur
769 3147 841 3178 libro
862 3157 904 3177 11.
922 3148 1121 3179 Verofimilium

170 3190 227 3218 cap.
241 3190 277 3210 η.

1202 3148 1228 3189 8ἱ
1249 3151 1310 3184 Nefi
1317 3152 1360 3184 ista
1368 3152 1460 3192 quiden!
1470 3153 1582 3188 fecerim]
1604 3153 1662 3180 Pal.
1672 3161 1735 3184 tert.
1748 3162 1838 3192 quart.
1847 3156 1961 3186 Mauric.
1973 3157 2011 3182 ita
2021 3173 2031 3189 ‚
2050 3153 2123 3191 quod

1166 3185 1262 3215 melius
1270 3186 1382 3223 putabat
1391 3187 1565 3220 Gulielmius.

1561 3225 1586 3256 K
1597 3224 1615 3253 k
1628 3225 1647 3253 k
1658 3225 1679 3254 k
2018 3235 2042 3256 ι.
2053 3227 2124 3255 ΝΜ

2156 983 2202 1018 16
