<?xml version="1.0" encoding="UTF-8"?>
<!DOCTYPE html PUBLIC "-//W3C//DTD XHTML 1.0 Transitional//EN"
    "http://www.w3.org/TR/xhtml1/DTD/xhtml1-transitional.dtd">
<html xmlns="http://www.w3.org/1999/xhtml" xml:lang="en" lang="en">
 <head>
  <title>
</title>
<meta http-equiv="Content-Type" content="text/html;charset=utf-8" />
  <meta name='ocr-system' content='tesseract 3.04.00' />
  <meta name='ocr-capabilities' content='ocr_page ocr_carea ocr_par ocr_line ocrx_word'/>
</head>
<body>
  <div class='ocr_page' id='page_1' title='image "./mtuliiciceroniso00cice/mtuliiciceroniso00cice_0056.png"; bbox 0 0 2301 3395; ppageno 0'>
   <div class='ocr_carea' id='block_1_1' title="bbox 207 105 1145 186">
    <p class='ocr_par' dir='ltr' id='par_1_1' title="bbox 207 105 1145 186">
     <span class='ocr_line' id='line_1_1' title="bbox 207 105 1145 186; baseline -0.01 -18"><span class='ocrx_word' id='word_1_1' title='bbox 207 129 284 186; x_wconf 77' lang='lat'>44</span> <span class='ocrx_word' id='word_1_2' title='bbox 651 108 734 165; x_wconf 55' lang='lat' dir='ltr'>tt</span> <span class='ocrx_word' id='word_1_3' title='bbox 811 105 1145 164; x_wconf 68' lang='lat' dir='ltr'>Tunnit</span> 
     </span>
    </p>
   </div>
   <div class='ocr_carea' id='block_1_2' title="bbox 202 197 1186 1819">
    <p class='ocr_par' dir='ltr' id='par_1_2' title="bbox 202 197 1186 1819">
     <span class='ocr_line' id='line_1_2' title="bbox 202 197 1171 243; baseline -0.008 -2"><span class='ocrx_word' id='word_1_4' title='bbox 202 205 361 243; x_wconf 82' lang='lat' dir='ltr'>internos</span> <span class='ocrx_word' id='word_1_5' title='bbox 373 204 576 242; x_wconf 80' lang='lat' dir='ltr'>novissimos</span> <span class='ocrx_word' id='word_1_6' title='bbox 587 197 718 241; x_wconf 79' lang='lat' dir='ltr'>menses</span> <span class='ocrx_word' id='word_1_7' title='bbox 731 201 936 240; x_wconf 85' lang='lat' dir='ltr'>substituisse</span> <span class='ocrx_word' id='word_1_8' title='bbox 948 224 956 239; x_wconf 85' lang='lat'>,</span> <span class='ocrx_word' id='word_1_9' title='bbox 982 199 1171 238; x_wconf 83' lang='lat' dir='ltr'>Suetonius</span> 
     </span>
     <span class='ocr_line' id='line_1_3' title="bbox 205 250 1170 304; baseline -0.009 -13"><span class='ocrx_word' id='word_1_10' title='bbox 205 257 264 292; x_wconf 87' lang='lat' dir='ltr'>ait.</span> <span class='ocrx_word' id='word_1_11' title='bbox 280 257 359 304; x_wconf 85' lang='lat' dir='ltr'>Jam</span> <span class='ocrx_word' id='word_1_12' title='bbox 373 256 541 292; x_wconf 71' lang='lat' dir='ltr'>Caesarem</span> <span class='ocrx_word' id='word_1_13' title='bbox 554 265 632 290; x_wconf 88' lang='lat' dir='ltr'>ante</span> <span class='ocrx_word' id='word_1_14' title='bbox 640 253 838 301; x_wconf 70' lang='lat' dir='ltr'>Qibium</span> <span class='ocrx_word' id='word_1_15' title='bbox 848 250 1084 297; x_wconf 77' lang='lat' dir='ltr'>triumphasse,</span> <span class='ocrx_word' id='word_1_16' title='bbox 1097 260 1170 284; x_wconf 90' lang='lat' dir='ltr'>non</span> 
     </span>
     <span class='ocr_line' id='line_1_4' title="bbox 205 298 1168 349; baseline -0.009 -8"><span class='ocrx_word' id='word_1_17' title='bbox 205 307 315 341; x_wconf 87' lang='lat' dir='ltr'>modo</span> <span class='ocrx_word' id='word_1_18' title='bbox 328 318 371 341; x_wconf 85' lang='lat' dir='ltr'>ex</span> <span class='ocrx_word' id='word_1_19' title='bbox 382 305 504 340; x_wconf 86' lang='lat' dir='ltr'>Dionis</span> <span class='ocrx_word' id='word_1_20' title='bbox 517 304 657 339; x_wconf 84' lang='lat' dir='ltr'>historia</span> <span class='ocrx_word' id='word_1_21' title='bbox 667 302 900 349; x_wconf 79' lang='lat' dir='ltr'>cognoscitur,</span> <span class='ocrx_word' id='word_1_22' title='bbox 914 299 969 335; x_wconf 89' lang='lat' dir='ltr'>sed</span> <span class='ocrx_word' id='word_1_23' title='bbox 979 302 1014 336; x_wconf 68' lang='grc' dir='ltr'>δε</span> <span class='ocrx_word' id='word_1_24' title='bbox 1025 299 1043 336; x_wconf 69' lang='grc' dir='ltr'>ὲ</span> <span class='ocrx_word' id='word_1_25' title='bbox 1054 298 1168 347; x_wconf 84' lang='lat' dir='ltr'>Qin-</span> 
     </span>
     <span class='ocr_line' id='line_1_5' title="bbox 204 347 1170 400; baseline -0.007 -11"><span class='ocrx_word' id='word_1_26' title='bbox 204 353 327 391; x_wconf 86' lang='lat' dir='ltr'>tiliano</span> <span class='ocrx_word' id='word_1_27' title='bbox 343 354 399 389; x_wconf 84' lang='lat' dir='ltr'>lib.</span> <span class='ocrx_word' id='word_1_28' title='bbox 413 357 443 393; x_wconf 85' lang='lat'>6.</span> <span class='ocrx_word' id='word_1_29' title='bbox 461 356 575 400; x_wconf 79' lang='lat' dir='ltr'>cap.6,</span> <span class='ocrx_word' id='word_1_30' title='bbox 589 352 712 387; x_wconf 82' lang='lat' dir='ltr'>diserte</span> <span class='ocrx_word' id='word_1_31' title='bbox 726 350 894 387; x_wconf 78' lang='lat' dir='ltr'><strong>scribitur.</strong></span> <span class='ocrx_word' id='word_1_32' title='bbox 930 347 1170 397; x_wconf 77' lang='lat' dir='ltr'>Qecuinita</span> 
     </span>
     <span class='ocr_line' id='line_1_6' title="bbox 206 397 1167 448; baseline -0.006 -10"><span class='ocrx_word' id='word_1_33' title='bbox 206 401 274 439; x_wconf 79' lang='lat' dir='ltr'>sint</span> <span class='ocrx_word' id='word_1_34' title='bbox 287 427 296 441; x_wconf 85' lang='lat'>‚</span> <span class='ocrx_word' id='word_1_35' title='bbox 320 402 610 440; x_wconf 67' lang='lat' dir='ltr'>considerandum</span> <span class='ocrx_word' id='word_1_36' title='bbox 625 425 634 439; x_wconf 88' lang='lat'><em>‚</em></span> <span class='ocrx_word' id='word_1_37' title='bbox 657 399 840 448; x_wconf 88' lang='lat' dir='ltr'>quomodo</span> <span class='ocrx_word' id='word_1_38' title='bbox 856 399 966 435; x_wconf 86' lang='lat' dir='ltr'>Caesar</span> <span class='ocrx_word' id='word_1_39' title='bbox 988 411 1031 434; x_wconf 89' lang='lat' dir='ltr'>ex</span> <span class='ocrx_word' id='word_1_40' title='bbox 1051 397 1167 445; x_wconf 81' lang='lat' dir='ltr'>Hispa-</span> 
     </span>
     <span class='ocr_line' id='line_1_7' title="bbox 207 447 1169 496; baseline -0.006 -9"><span class='ocrx_word' id='word_1_41' title='bbox 207 452 265 488; x_wconf 86' lang='lat' dir='ltr'>nia</span> <span class='ocrx_word' id='word_1_42' title='bbox 277 463 456 488; x_wconf 85' lang='lat' dir='ltr'>revertens</span> <span class='ocrx_word' id='word_1_43' title='bbox 469 452 487 487; x_wconf 81' lang='lat' dir='ltr'>a</span> <span class='ocrx_word' id='word_1_44' title='bbox 499 451 671 486; x_wconf 82' lang='lat' dir='ltr'>Cicerone</span> <span class='ocrx_word' id='word_1_45' title='bbox 683 449 775 484; x_wconf 86' lang='lat' dir='ltr'>tertii</span> <span class='ocrx_word' id='word_1_46' title='bbox 788 447 1032 496; x_wconf 61' lang='lat' dir='ltr'>Saturnalibusn</span> <span class='ocrx_word' id='word_1_47' title='bbox 1045 456 1169 494; x_wconf 89' lang='lat' dir='ltr'>potue-</span> 
     </span>
     <span class='ocr_line' id='line_1_8' title="bbox 208 495 1170 549; baseline -0.008 -12"><span class='ocrx_word' id='word_1_48' title='bbox 208 501 252 537; x_wconf 88' lang='lat' dir='ltr'>rit</span> <span class='ocrx_word' id='word_1_49' title='bbox 273 502 421 549; x_wconf 89' lang='lat' dir='ltr'>hospitio</span> <span class='ocrx_word' id='word_1_50' title='bbox 445 500 581 548; x_wconf 87' lang='lat' dir='ltr'>accipi,</span> <span class='ocrx_word' id='word_1_51' title='bbox 608 509 648 534; x_wconf 90' lang='lat' dir='ltr'>ut</span> <span class='ocrx_word' id='word_1_52' title='bbox 670 497 811 534; x_wconf 91' lang='lat' dir='ltr'>videtur</span> <span class='ocrx_word' id='word_1_53' title='bbox 833 495 1016 545; x_wconf 77' lang='lat' dir='ltr'>fignificat-i</span> <span class='ocrx_word' id='word_1_54' title='bbox 1040 495 1170 543; x_wconf 84' lang='lat' dir='ltr'>epistol.</span> 
     </span>
     <span class='ocr_line' id='line_1_9' title="bbox 208 545 1169 586; baseline -0.006 -1"><span class='ocrx_word' id='word_1_55' title='bbox 208 550 322 586; x_wconf 86' lang='lat' dir='ltr'>ultim.</span> <span class='ocrx_word' id='word_1_56' title='bbox 337 551 397 586; x_wconf 91' lang='lat' dir='ltr'>lib.</span> <span class='ocrx_word' id='word_1_57' title='bbox 418 563 470 586; x_wconf 86' lang='lat'>12.</span> <span class='ocrx_word' id='word_1_58' title='bbox 492 549 533 584; x_wconf 90' lang='lat' dir='ltr'>ad</span> <span class='ocrx_word' id='word_1_59' title='bbox 546 551 617 583; x_wconf 84' lang='lat' dir='ltr'>Att.</span> <span class='ocrx_word' id='word_1_60' title='bbox 643 546 721 583; x_wconf 89' lang='lat' dir='ltr'>Post</span> <span class='ocrx_word' id='word_1_61' title='bbox 734 547 884 583; x_wconf 86' lang='lat' dir='ltr'>reditum</span> <span class='ocrx_word' id='word_1_62' title='bbox 896 546 927 581; x_wconf 85' lang='lat' dir='ltr'><strong><em>C</em></strong></span> <span class='ocrx_word' id='word_1_63' title='bbox 929 546 1035 581; x_wconf 71' lang='lat' dir='ltr'>aeffiris</span> <span class='ocrx_word' id='word_1_64' title='bbox 1049 557 1091 581; x_wconf 88' lang='lat' dir='ltr'>ex</span> <span class='ocrx_word' id='word_1_65' title='bbox 1104 545 1169 580; x_wconf 85' lang='lat' dir='ltr'>Hi-</span> 
     </span>
     <span class='ocr_line' id='line_1_10' title="bbox 207 593 1172 647; baseline -0.006 -14"><span class='ocrx_word' id='word_1_66' title='bbox 207 598 320 647; x_wconf 79' lang='lat' dir='ltr'>spania</span> <span class='ocrx_word' id='word_1_67' title='bbox 339 599 464 636; x_wconf 89' lang='lat' dir='ltr'>Cicero</span> <span class='ocrx_word' id='word_1_68' title='bbox 484 597 574 645; x_wconf 88' lang='lat' dir='ltr'>apud</span> <span class='ocrx_word' id='word_1_69' title='bbox 595 609 678 632; x_wconf 88' lang='lat' dir='ltr'>eum</span> <span class='ocrx_word' id='word_1_70' title='bbox 698 596 788 632; x_wconf 81' lang='lat' dir='ltr'>dixit</span> <span class='ocrx_word' id='word_1_71' title='bbox 807 609 871 645; x_wconf 88' lang='lat' dir='ltr'>pro</span> <span class='ocrx_word' id='word_1_72' title='bbox 890 593 1056 642; x_wconf 88' lang='lat' dir='ltr'>Dejotaro</span> <span class='ocrx_word' id='word_1_73' title='bbox 1069 619 1077 632; x_wconf 89' lang='lat'>‚</span> <span class='ocrx_word' id='word_1_74' title='bbox 1096 606 1172 642; x_wconf 78' lang='lat' dir='ltr'>quae</span> 
     </span>
     <span class='ocr_line' id='line_1_11' title="bbox 207 644 1173 691; baseline -0.006 -8"><span class='ocrx_word' id='word_1_75' title='bbox 207 648 319 684; x_wconf 88' lang='lat' dir='ltr'>oratio</span> <span class='ocrx_word' id='word_1_76' title='bbox 333 648 447 685; x_wconf 82' lang='lat' dir='ltr'>exstat.</span> <span class='ocrx_word' id='word_1_77' title='bbox 473 649 596 682; x_wconf 82' lang='lat' dir='ltr'>Fuerat</span> <span class='ocrx_word' id='word_1_78' title='bbox 605 645 632 680; x_wconf 88' lang='lat' dir='ltr'>is</span> <span class='ocrx_word' id='word_1_79' title='bbox 643 646 814 682; x_wconf 75' lang='lat' dir='ltr'>tetrarcha</span> <span class='ocrx_word' id='word_1_80' title='bbox 826 644 1064 691; x_wconf 81' lang='lat' dir='ltr'>Gallograeciae</span> <span class='ocrx_word' id='word_1_81' title='bbox 1077 644 1173 690; x_wconf 79' lang='lat' dir='ltr'>paene</span> 
     </span>
     <span class='ocr_line' id='line_1_12' title="bbox 206 691 1173 737; baseline -0.006 -5"><span class='ocrx_word' id='word_1_82' title='bbox 206 697 314 733; x_wconf 90' lang='lat' dir='ltr'>totius</span> <span class='ocrx_word' id='word_1_83' title='bbox 327 723 335 737; x_wconf 93' lang='lat'>‚</span> <span class='ocrx_word' id='word_1_84' title='bbox 359 700 394 733; x_wconf 86' lang='lat'>&amp;</span> <span class='ocrx_word' id='word_1_85' title='bbox 407 695 580 732; x_wconf 79' lang='lat' dir='ltr'>Armeniae</span> <span class='ocrx_word' id='word_1_86' title='bbox 594 694 739 730; x_wconf 84' lang='lat' dir='ltr'>minoris</span> <span class='ocrx_word' id='word_1_87' title='bbox 754 707 813 731; x_wconf 88' lang='lat' dir='ltr'>rex</span> <span class='ocrx_word' id='word_1_88' title='bbox 834 694 852 730; x_wconf 70' lang='lat' dir='ltr'>a</span> <span class='ocrx_word' id='word_1_89' title='bbox 872 695 988 730; x_wconf 86' lang='lat' dir='ltr'>senatu</span> <span class='ocrx_word' id='word_1_90' title='bbox 1001 691 1173 728; x_wconf 82' lang='lat' dir='ltr'>constitu-</span> 
     </span>
     <span class='ocr_line' id='line_1_13' title="bbox 207 742 1173 795; baseline -0.006 -14"><span class='ocrx_word' id='word_1_91' title='bbox 207 756 274 783; x_wconf 78' lang='lat' dir='ltr'>tus,</span> <span class='ocrx_word' id='word_1_92' title='bbox 302 745 368 781; x_wconf 87' lang='lat' dir='ltr'>Sed</span> <span class='ocrx_word' id='word_1_93' title='bbox 391 746 473 795; x_wconf 89' lang='lat' dir='ltr'>quia</span> <span class='ocrx_word' id='word_1_94' title='bbox 493 744 586 781; x_wconf 86' lang='lat' dir='ltr'>bello</span> <span class='ocrx_word' id='word_1_95' title='bbox 605 743 702 779; x_wconf 84' lang='lat' dir='ltr'>civili</span> <span class='ocrx_word' id='word_1_96' title='bbox 727 743 883 792; x_wconf 87' lang='lat' dir='ltr'>Pompeii</span> <span class='ocrx_word' id='word_1_97' title='bbox 907 753 1016 790; x_wconf 84' lang='lat' dir='ltr'>partes</span> <span class='ocrx_word' id='word_1_98' title='bbox 1039 742 1173 777; x_wconf 86' lang='lat' dir='ltr'>secutus</span> 
     </span>
     <span class='ocr_line' id='line_1_14' title="bbox 206 792 1174 838; baseline -0.005 -8"><span class='ocrx_word' id='word_1_99' title='bbox 206 795 331 833; x_wconf 87' lang='lat' dir='ltr'>fuerat,</span> <span class='ocrx_word' id='word_1_100' title='bbox 345 795 456 831; x_wconf 78' lang='lat' dir='ltr'>Caesar</span> <span class='ocrx_word' id='word_1_101' title='bbox 465 818 474 833; x_wconf 93' lang='lat'>,</span> <span class='ocrx_word' id='word_1_102' title='bbox 488 796 660 829; x_wconf 75' lang='lat' dir='ltr'>Pharnace</span> <span class='ocrx_word' id='word_1_103' title='bbox 672 792 814 829; x_wconf 59' lang='lat' dir='ltr'>deviem</span> <span class='ocrx_word' id='word_1_104' title='bbox 826 819 834 833; x_wconf 89' lang='lat'>‚</span> <span class='ocrx_word' id='word_1_105' title='bbox 850 804 934 828; x_wconf 87' lang='lat' dir='ltr'>eum</span> <span class='ocrx_word' id='word_1_106' title='bbox 947 802 1040 838; x_wconf 84' lang='lat' dir='ltr'>parte</span> <span class='ocrx_word' id='word_1_107' title='bbox 1049 801 1174 826; x_wconf 78' lang='lat' dir='ltr'>tetrar-</span> 
     </span>
     <span class='ocr_line' id='line_1_15' title="bbox 206 841 1174 890; baseline -0.005 -12"><span class='ocrx_word' id='word_1_108' title='bbox 206 844 297 879; x_wconf 82' lang='lat' dir='ltr'>chiae</span> <span class='ocrx_word' id='word_1_109' title='bbox 311 843 519 880; x_wconf 79' lang='lat' dir='ltr'>multaverat</span> <span class='ocrx_word' id='word_1_110' title='bbox 534 867 542 881; x_wconf 90' lang='lat'>‚</span> <span class='ocrx_word' id='word_1_111' title='bbox 564 842 836 890; x_wconf 85' lang='lat' dir='ltr'>Armeniamque</span> <span class='ocrx_word' id='word_1_112' title='bbox 849 841 1029 877; x_wconf 67' lang='lat' dir='ltr'>abstulerat</span> <span class='ocrx_word' id='word_1_113' title='bbox 1042 864 1050 877; x_wconf 87' lang='lat'>‚</span> <span class='ocrx_word' id='word_1_114' title='bbox 1073 841 1174 875; x_wconf 87' lang='lat' dir='ltr'>Cice-</span> 
     </span>
     <span class='ocr_line' id='line_1_16' title="bbox 207 888 1174 940; baseline -0.007 -11"><span class='ocrx_word' id='word_1_115' title='bbox 207 906 248 929; x_wconf 87' lang='lat' dir='ltr'>ro</span> <span class='ocrx_word' id='word_1_116' title='bbox 274 893 395 940; x_wconf 86' lang='lat' dir='ltr'>Philip.</span> <span class='ocrx_word' id='word_1_117' title='bbox 409 905 439 929; x_wconf 84' lang='lat'>2.</span> <span class='ocrx_word' id='word_1_118' title='bbox 463 892 599 928; x_wconf 75' lang='lat' dir='ltr'>Hirtius</span> <span class='ocrx_word' id='word_1_119' title='bbox 622 890 665 926; x_wconf 88' lang='lat' dir='ltr'>de</span> <span class='ocrx_word' id='word_1_120' title='bbox 688 891 780 928; x_wconf 88' lang='lat' dir='ltr'>bello</span> <span class='ocrx_word' id='word_1_121' title='bbox 804 889 1054 927; x_wconf 80' lang='lat' dir='ltr'>Alexandrino,</span> <span class='ocrx_word' id='word_1_122' title='bbox 1081 888 1174 924; x_wconf 86' lang='lat' dir='ltr'>Cum</span> 
     </span>
     <span class='ocr_line' id='line_1_17' title="bbox 206 937 1175 978; baseline -0.006 0"><span class='ocrx_word' id='word_1_123' title='bbox 206 941 335 978; x_wconf 85' lang='lat' dir='ltr'>deinde</span> <span class='ocrx_word' id='word_1_124' title='bbox 356 942 468 978; x_wconf 79' lang='lat' dir='ltr'>Caesar</span> <span class='ocrx_word' id='word_1_125' title='bbox 488 940 611 977; x_wconf 87' lang='lat' dir='ltr'>litteris</span> <span class='ocrx_word' id='word_1_126' title='bbox 636 941 838 976; x_wconf 81' lang='lat' dir='ltr'>Tarracone</span> <span class='ocrx_word' id='word_1_127' title='bbox 863 940 950 975; x_wconf 84' lang='lat' dir='ltr'>datis</span> <span class='ocrx_word' id='word_1_128' title='bbox 973 950 1056 974; x_wconf 86' lang='lat' dir='ltr'>eum</span> <span class='ocrx_word' id='word_1_129' title='bbox 1086 937 1175 973; x_wconf 88' lang='lat' dir='ltr'>bene</span> 
     </span>
     <span class='ocr_line' id='line_1_18' title="bbox 207 989 1176 1039; baseline -0.007 -11"><span class='ocrx_word' id='word_1_130' title='bbox 207 991 339 1039; x_wconf 84' lang='lat' dir='ltr'>sperare</span> <span class='ocrx_word' id='word_1_131' title='bbox 352 1016 362 1030; x_wconf 87' lang='lat'>,</span> <span class='ocrx_word' id='word_1_132' title='bbox 384 993 418 1027; x_wconf 66' lang='grc' dir='ltr'>ὃς</span> <span class='ocrx_word' id='word_1_133' title='bbox 430 991 527 1026; x_wconf 89' lang='lat' dir='ltr'>bono</span> <span class='ocrx_word' id='word_1_134' title='bbox 539 989 659 1026; x_wconf 89' lang='lat' dir='ltr'>animo</span> <span class='ocrx_word' id='word_1_135' title='bbox 672 989 738 1026; x_wconf 78' lang='lat' dir='ltr'>effe</span> <span class='ocrx_word' id='word_1_136' title='bbox 754 989 917 1037; x_wconf 78' lang='lat' dir='ltr'>juffisset3</span> <span class='ocrx_word' id='word_1_137' title='bbox 937 989 1006 1024; x_wconf 93' lang='lat' dir='ltr'>hoc</span> <span class='ocrx_word' id='word_1_138' title='bbox 1018 998 1176 1034; x_wconf 89' lang='lat' dir='ltr'>tempore</span> 
     </span>
     <span class='ocr_line' id='line_1_19' title="bbox 209 1036 1175 1088; baseline -0.004 -11"><span class='ocrx_word' id='word_1_139' title='bbox 209 1040 334 1077; x_wconf 86' lang='lat' dir='ltr'>Castor</span> <span class='ocrx_word' id='word_1_140' title='bbox 346 1052 451 1088; x_wconf 84' lang='lat' dir='ltr'>nepos</span> <span class='ocrx_word' id='word_1_141' title='bbox 464 1038 617 1086; x_wconf 78' lang='lat' dir='ltr'>Dejotari</span> <span class='ocrx_word' id='word_1_142' title='bbox 632 1051 674 1074; x_wconf 90' lang='lat' dir='ltr'>ex</span> <span class='ocrx_word' id='word_1_143' title='bbox 686 1037 756 1074; x_wconf 79' lang='lat' dir='ltr'>filia</span> <span class='ocrx_word' id='word_1_144' title='bbox 770 1039 968 1086; x_wconf 76' lang='lat' dir='ltr'>Philippum</span> <span class='ocrx_word' id='word_1_145' title='bbox 987 1036 1175 1073; x_wconf 80' lang='lat' dir='ltr'>medicum,</span> 
     </span>
     <span class='ocr_line' id='line_1_20' title="bbox 205 1084 1175 1137; baseline -0.006 -11"><span class='ocrx_word' id='word_1_146' title='bbox 205 1089 347 1126; x_wconf 85' lang='lat' dir='ltr'>servum</span> <span class='ocrx_word' id='word_1_147' title='bbox 370 1091 458 1137; x_wconf 84' lang='lat' dir='ltr'>regis</span> <span class='ocrx_word' id='word_1_148' title='bbox 483 1098 691 1135; x_wconf 87' lang='lat' dir='ltr'>corruptum</span> <span class='ocrx_word' id='word_1_149' title='bbox 712 1087 860 1135; x_wconf 86' lang='lat' dir='ltr'>praemiis</span> <span class='ocrx_word' id='word_1_150' title='bbox 882 1087 923 1122; x_wconf 89' lang='lat' dir='ltr'>ad</span> <span class='ocrx_word' id='word_1_151' title='bbox 943 1084 1175 1121; x_wconf 75' lang='lat' dir='ltr'>accusandum</span> 
     </span>
     <span class='ocr_line' id='line_1_21' title="bbox 208 1131 1173 1186; baseline -0.007 -11"><span class='ocrx_word' id='word_1_152' title='bbox 208 1137 620 1186; x_wconf 85' lang='lat' dir='ltr'>dominumDejotarum</span> <span class='ocrx_word' id='word_1_153' title='bbox 640 1136 791 1184; x_wconf 68' lang='lat' dir='ltr'>impulit.</span> <span class='ocrx_word' id='word_1_154' title='bbox 817 1131 970 1171; x_wconf 79' lang='lat' dir='ltr'>Crimini</span> <span class='ocrx_word' id='word_1_155' title='bbox 983 1133 1077 1169; x_wconf 85' lang='lat' dir='ltr'>dedit</span> <span class='ocrx_word' id='word_1_156' title='bbox 1090 1159 1098 1174; x_wconf 90' lang='lat'>,</span> <span class='ocrx_word' id='word_1_157' title='bbox 1119 1146 1173 1169; x_wconf 92' lang='lat' dir='ltr'>re-</span> 
     </span>
     <span class='ocr_line' id='line_1_22' title="bbox 208 1183 1173 1236; baseline -0.007 -12"><span class='ocrx_word' id='word_1_158' title='bbox 208 1200 292 1236; x_wconf 82' lang='lat' dir='ltr'>gem</span> <span class='ocrx_word' id='word_1_159' title='bbox 312 1187 411 1223; x_wconf 90' lang='lat' dir='ltr'>domi</span> <span class='ocrx_word' id='word_1_160' title='bbox 433 1187 499 1223; x_wconf 81' lang='lat' dir='ltr'>suae</span> <span class='ocrx_word' id='word_1_161' title='bbox 513 1186 682 1222; x_wconf 72' lang='lat' dir='ltr'>Caesarem</span> <span class='ocrx_word' id='word_1_162' title='bbox 705 1184 899 1221; x_wconf 82' lang='lat' dir='ltr'>interficere</span> <span class='ocrx_word' id='word_1_163' title='bbox 923 1183 1078 1219; x_wconf 87' lang='lat' dir='ltr'>voluisse.</span> <span class='ocrx_word' id='word_1_164' title='bbox 1104 1185 1173 1218; x_wconf 88' lang='lat' dir='ltr'>Ac-</span> 
     </span>
     <span class='ocr_line' id='line_1_23' title="bbox 209 1231 1173 1282; baseline -0.007 -9"><span class='ocrx_word' id='word_1_165' title='bbox 209 1238 370 1273; x_wconf 88' lang='lat' dir='ltr'>cusatum</span> <span class='ocrx_word' id='word_1_166' title='bbox 392 1236 491 1272; x_wconf 88' lang='lat' dir='ltr'>domi</span> <span class='ocrx_word' id='word_1_167' title='bbox 511 1235 650 1271; x_wconf 75' lang='lat' dir='ltr'>Caesaris</span> <span class='ocrx_word' id='word_1_168' title='bbox 669 1235 795 1270; x_wconf 90' lang='lat' dir='ltr'>Cicero</span> <span class='ocrx_word' id='word_1_169' title='bbox 818 1233 938 1282; x_wconf 85' lang='lat' dir='ltr'>hospes</span> <span class='ocrx_word' id='word_1_170' title='bbox 956 1231 1030 1280; x_wconf 86' lang='lat' dir='ltr'>ejus</span> <span class='ocrx_word' id='word_1_171' title='bbox 1053 1231 1173 1267; x_wconf 83' lang='lat' dir='ltr'>desen-</span> 
     </span>
     <span class='ocr_line' id='line_1_24' title="bbox 209 1285 1175 1334; baseline -0.007 -12"><span class='ocrx_word' id='word_1_172' title='bbox 209 1286 262 1322; x_wconf 87' lang='lat' dir='ltr'>dit</span> <span class='ocrx_word' id='word_1_173' title='bbox 275 1311 285 1325; x_wconf 91' lang='lat'>,</span> <span class='ocrx_word' id='word_1_174' title='bbox 306 1285 511 1334; x_wconf 85' lang='lat' dir='ltr'>causamque</span> <span class='ocrx_word' id='word_1_175' title='bbox 535 1285 614 1320; x_wconf 90' lang='lat' dir='ltr'>licet</span> <span class='ocrx_word' id='word_1_176' title='bbox 633 1296 776 1323; x_wconf 88' lang='lat' dir='ltr'>tenuem</span> <span class='ocrx_word' id='word_1_177' title='bbox 790 1310 798 1324; x_wconf 92' lang='lat'><em>‚</em></span> <span class='ocrx_word' id='word_1_178' title='bbox 822 1285 857 1319; x_wconf 86' lang='lat'>&amp;</span> <span class='ocrx_word' id='word_1_179' title='bbox 875 1285 1014 1330; x_wconf 85' lang='lat' dir='ltr'>inopem</span> <span class='ocrx_word' id='word_1_180' title='bbox 1030 1305 1039 1319; x_wconf 90' lang='lat'>,</span> <span class='ocrx_word' id='word_1_181' title='bbox 1058 1291 1175 1316; x_wconf 88' lang='lat' dir='ltr'>tamen</span> 
     </span>
     <span class='ocr_line' id='line_1_25' title="bbox 209 1330 1176 1384; baseline -0.006 -13"><span class='ocrx_word' id='word_1_182' title='bbox 209 1334 338 1383; x_wconf 83' lang='lat' dir='ltr'>scripsit</span> <span class='ocrx_word' id='word_1_183' title='bbox 349 1359 360 1373; x_wconf 88' lang='lat'>,</span> <span class='ocrx_word' id='word_1_184' title='bbox 377 1346 479 1384; x_wconf 89' lang='lat' dir='ltr'>atque</span> <span class='ocrx_word' id='word_1_185' title='bbox 491 1333 532 1369; x_wconf 88' lang='lat' dir='ltr'>ad</span> <span class='ocrx_word' id='word_1_186' title='bbox 546 1333 760 1369; x_wconf 77' lang='lat' dir='ltr'>Dolabellam</span> <span class='ocrx_word' id='word_1_187' title='bbox 774 1331 864 1368; x_wconf 88' lang='lat' dir='ltr'>mifit</span> <span class='ocrx_word' id='word_1_188' title='bbox 877 1358 885 1373; x_wconf 94' lang='lat'>‚</span> <span class='ocrx_word' id='word_1_189' title='bbox 898 1331 994 1380; x_wconf 86' lang='lat' dir='ltr'>epist.</span> <span class='ocrx_word' id='word_1_190' title='bbox 1014 1343 1021 1365; x_wconf 80' lang='lat' dir='ltr'>i</span> <span class='ocrx_word' id='word_1_191' title='bbox 1033 1344 1062 1366; x_wconf 88' lang='lat'>2.</span> <span class='ocrx_word' id='word_1_192' title='bbox 1076 1330 1134 1366; x_wconf 84' lang='lat' dir='ltr'>lib.</span> <span class='ocrx_word' id='word_1_193' title='bbox 1144 1342 1176 1372; x_wconf 88' lang='lat'>9-</span> 
     </span>
     <span class='ocr_line' id='line_1_26' title="bbox 212 1378 1177 1430; baseline -0.006 -10"><span class='ocrx_word' id='word_1_194' title='bbox 212 1384 335 1421; x_wconf 82' lang='lat' dir='ltr'>Famil.</span> <span class='ocrx_word' id='word_1_195' title='bbox 364 1387 533 1421; x_wconf 82' lang='lat' dir='ltr'>Extremo</span> <span class='ocrx_word' id='word_1_196' title='bbox 559 1381 662 1430; x_wconf 82' lang='lat' dir='ltr'>hujus</span> <span class='ocrx_word' id='word_1_197' title='bbox 684 1382 765 1418; x_wconf 91' lang='lat' dir='ltr'>anni</span> <span class='ocrx_word' id='word_1_198' title='bbox 786 1381 863 1422; x_wconf 90' lang='lat' dir='ltr'>die,</span> <span class='ocrx_word' id='word_1_199' title='bbox 886 1380 1047 1428; x_wconf 77' lang='lat' dir='ltr'>QFabio</span> <span class='ocrx_word' id='word_1_200' title='bbox 1063 1378 1177 1415; x_wconf 84' lang='lat' dir='ltr'>Maxi-</span> 
     </span>
     <span class='ocr_line' id='line_1_27' title="bbox 210 1428 1179 1474; baseline -0.007 -5"><span class='ocrx_word' id='word_1_201' title='bbox 210 1446 274 1469; x_wconf 89' lang='lat' dir='ltr'>mo</span> <span class='ocrx_word' id='word_1_202' title='bbox 287 1459 297 1474; x_wconf 90' lang='lat'>,</span> <span class='ocrx_word' id='word_1_203' title='bbox 317 1433 615 1471; x_wconf 85' lang='lat' dir='ltr'>consulemortuo</span> <span class='ocrx_word' id='word_1_204' title='bbox 629 1455 638 1469; x_wconf 89' lang='lat'>,</span> <span class='ocrx_word' id='word_1_205' title='bbox 663 1433 701 1467; x_wconf 89' lang='lat' dir='ltr'>C.</span> <span class='ocrx_word' id='word_1_206' title='bbox 717 1431 886 1466; x_wconf 75' lang='lat' dir='ltr'>Caninius</span> <span class='ocrx_word' id='word_1_207' title='bbox 900 1429 1046 1466; x_wconf 85' lang='lat' dir='ltr'>Rebilus</span> <span class='ocrx_word' id='word_1_208' title='bbox 1057 1428 1179 1464; x_wconf 88' lang='lat' dir='ltr'>consul</span> 
     </span>
     <span class='ocr_line' id='line_1_28' title="bbox 210 1477 1178 1528; baseline -0.007 -9"><span class='ocrx_word' id='word_1_209' title='bbox 210 1484 301 1520; x_wconf 82' lang='lat' dir='ltr'>hora</span> <span class='ocrx_word' id='word_1_210' title='bbox 311 1482 451 1528; x_wconf 77' lang='lat' dir='ltr'>septima</span> <span class='ocrx_word' id='word_1_211' title='bbox 462 1482 680 1518; x_wconf 82' lang='lat' dir='ltr'>renuntiatus</span> <span class='ocrx_word' id='word_1_212' title='bbox 693 1480 741 1516; x_wconf 85' lang='lat' dir='ltr'>est</span> <span class='ocrx_word' id='word_1_213' title='bbox 751 1504 760 1517; x_wconf 92' lang='lat'>‚</span> <span class='ocrx_word' id='word_1_214' title='bbox 783 1480 842 1528; x_wconf 92' lang='lat' dir='ltr'>qui</span> <span class='ocrx_word' id='word_1_215' title='bbox 856 1479 963 1528; x_wconf 87' lang='lat' dir='ltr'>usque</span> <span class='ocrx_word' id='word_1_216' title='bbox 975 1478 1018 1514; x_wconf 88' lang='lat' dir='ltr'>ad</span> <span class='ocrx_word' id='word_1_217' title='bbox 1033 1477 1178 1513; x_wconf 80' lang='lat' dir='ltr'>Kalend.</span> 
     </span>
     <span class='ocr_line' id='line_1_29' title="bbox 210 1527 1180 1581; baseline -0.005 -14"><span class='ocrx_word' id='word_1_218' title='bbox 210 1532 290 1581; x_wconf 77' lang='lat' dir='ltr'>jan.</span> <span class='ocrx_word' id='word_1_219' title='bbox 303 1531 407 1572; x_wconf 76' lang='lat' dir='ltr'>esset,</span> <span class='ocrx_word' id='word_1_220' title='bbox 419 1543 495 1580; x_wconf 89' lang='lat' dir='ltr'>quae</span> <span class='ocrx_word' id='word_1_221' title='bbox 509 1541 605 1566; x_wconf 87' lang='lat' dir='ltr'>erant</span> <span class='ocrx_word' id='word_1_222' title='bbox 617 1530 742 1565; x_wconf 76' lang='lat' dir='ltr'>futurae</span> <span class='ocrx_word' id='word_1_223' title='bbox 756 1541 857 1564; x_wconf 81' lang='lat' dir='ltr'>mane</span> <span class='ocrx_word' id='word_1_224' title='bbox 870 1527 1043 1577; x_wconf 83' lang='lat' dir='ltr'>postridie.</span> <span class='ocrx_word' id='word_1_225' title='bbox 1061 1529 1180 1574; x_wconf 86' lang='lat' dir='ltr'>Itaque</span> 
     </span>
     <span class='ocr_line' id='line_1_30' title="bbox 214 1575 1180 1625; baseline -0.008 -7"><span class='ocrx_word' id='word_1_226' title='bbox 214 1580 344 1618; x_wconf 84' lang='lat' dir='ltr'>Cicero</span> <span class='ocrx_word' id='word_1_227' title='bbox 356 1580 446 1616; x_wconf 85' lang='lat' dir='ltr'>dixit</span> <span class='ocrx_word' id='word_1_228' title='bbox 457 1592 562 1619; x_wconf 83' lang='lat' dir='ltr'>‚eum</span> <span class='ocrx_word' id='word_1_229' title='bbox 576 1577 721 1614; x_wconf 85' lang='lat' dir='ltr'>mirifica</span> <span class='ocrx_word' id='word_1_230' title='bbox 733 1578 913 1625; x_wconf 84' lang='lat' dir='ltr'>vigilantia</span> <span class='ocrx_word' id='word_1_231' title='bbox 924 1577 1034 1615; x_wconf 72' lang='lat' dir='ltr'>fuisse,</span> <span class='ocrx_word' id='word_1_232' title='bbox 1046 1576 1106 1625; x_wconf 88' lang='lat' dir='ltr'>qui</span> <span class='ocrx_word' id='word_1_233' title='bbox 1119 1575 1180 1611; x_wconf 82' lang='lat' dir='ltr'>suo</span> 
     </span>
     <span class='ocr_line' id='line_1_31' title="bbox 213 1625 1182 1674; baseline -0.005 -9"><span class='ocrx_word' id='word_1_234' title='bbox 213 1640 292 1665; x_wconf 87' lang='lat' dir='ltr'>toto</span> <span class='ocrx_word' id='word_1_235' title='bbox 305 1628 483 1665; x_wconf 79' lang='lat' dir='ltr'>consulatu</span> <span class='ocrx_word' id='word_1_236' title='bbox 497 1629 660 1664; x_wconf 90' lang='lat' dir='ltr'>somnum</span> <span class='ocrx_word' id='word_1_237' title='bbox 674 1640 746 1663; x_wconf 91' lang='lat' dir='ltr'>non</span> <span class='ocrx_word' id='word_1_238' title='bbox 762 1627 888 1662; x_wconf 88' lang='lat' dir='ltr'>viderit</span> <span class='ocrx_word' id='word_1_239' title='bbox 900 1653 909 1667; x_wconf 87' lang='lat'>‚</span> <span class='ocrx_word' id='word_1_240' title='bbox 923 1626 1076 1674; x_wconf 81' lang='lat' dir='ltr'>epist-30.</span> <span class='ocrx_word' id='word_1_241' title='bbox 1086 1625 1182 1670; x_wconf 91' lang='lat' dir='ltr'>lib.7.</span> 
     </span>
     <span class='ocr_line' id='line_1_32' title="bbox 214 1674 1186 1720; baseline -0.005 -6"><span class='ocrx_word' id='word_1_242' title='bbox 214 1679 336 1714; x_wconf 78' lang='lat' dir='ltr'>Famil.</span> <span class='ocrx_word' id='word_1_243' title='bbox 371 1677 573 1713; x_wconf 88' lang='lat' dir='ltr'>Macrobius</span> <span class='ocrx_word' id='word_1_244' title='bbox 597 1676 655 1712; x_wconf 90' lang='lat' dir='ltr'>lib.</span> <span class='ocrx_word' id='word_1_245' title='bbox 674 1689 702 1720; x_wconf 80' lang='lat'>3.</span> <span class='ocrx_word' id='word_1_246' title='bbox 729 1679 763 1712; x_wconf 84' lang='lat'>&amp;</span> <span class='ocrx_word' id='word_1_247' title='bbox 780 1689 808 1720; x_wconf 90' lang='lat'>7.</span> <span class='ocrx_word' id='word_1_248' title='bbox 835 1676 945 1711; x_wconf 89' lang='lat' dir='ltr'>Pollio</span> <span class='ocrx_word' id='word_1_249' title='bbox 966 1676 1003 1710; x_wconf 90' lang='lat' dir='ltr'>in</span> <span class='ocrx_word' id='word_1_250' title='bbox 1028 1675 1117 1710; x_wconf 86' lang='lat' dir='ltr'>libro</span> <span class='ocrx_word' id='word_1_251' title='bbox 1142 1674 1186 1710; x_wconf 92' lang='lat' dir='ltr'>de</span> 
     </span>
     <span class='ocr_line' id='line_1_33' title="bbox 215 1723 1185 1775; baseline -0.003 -12"><span class='ocrx_word' id='word_1_252' title='bbox 215 1739 312 1768; x_wconf 75' lang='lat' dir='ltr'>xxx.</span> <span class='ocrx_word' id='word_1_253' title='bbox 329 1727 499 1775; x_wconf 84' lang='lat' dir='ltr'>tyrannis.</span> <span class='ocrx_word' id='word_1_254' title='bbox 530 1726 660 1762; x_wconf 84' lang='lat' dir='ltr'>Plinius</span> <span class='ocrx_word' id='word_1_255' title='bbox 683 1725 740 1762; x_wconf 86' lang='lat' dir='ltr'>lib·</span> <span class='ocrx_word' id='word_1_256' title='bbox 757 1737 788 1770; x_wconf 93' lang='lat'>7.</span> <span class='ocrx_word' id='word_1_257' title='bbox 810 1737 883 1773; x_wconf 77' lang='lat' dir='ltr'>cap.</span> <span class='ocrx_word' id='word_1_258' title='bbox 898 1736 954 1769; x_wconf 77' lang='lat'>53.</span> <span class='ocrx_word' id='word_1_259' title='bbox 981 1723 1185 1761; x_wconf 81' lang='lat' dir='ltr'>Plutarchus</span> 
     </span>
     <span class='ocr_line' id='line_1_34' title="bbox 215 1775 978 1819; baseline -0.001 -6"><span class='ocrx_word' id='word_1_260' title='bbox 215 1776 255 1813; x_wconf 86' lang='lat' dir='ltr'>in</span> <span class='ocrx_word' id='word_1_261' title='bbox 269 1777 399 1813; x_wconf 76' lang='lat' dir='ltr'>Caesare</span> <span class='ocrx_word' id='word_1_262' title='bbox 411 1778 446 1813; x_wconf 87' lang='lat'>&amp;</span> <span class='ocrx_word' id='word_1_263' title='bbox 460 1775 527 1812; x_wconf 89' lang='lat' dir='ltr'>Dio</span> <span class='ocrx_word' id='word_1_264' title='bbox 539 1775 659 1819; x_wconf 81' lang='lat' dir='ltr'>lib.43.</span> <span class='ocrx_word' id='word_1_265' title='bbox 976 1791 978 1793; x_wconf 51' lang='lat'>&gt;</span> 
     </span>
    </p>
   </div>
   <div class='ocr_carea' id='block_1_3' title="bbox 333 1874 1076 1973">
    <p class='ocr_par' dir='ltr' id='par_1_3' title="bbox 333 1874 1076 1973">
     <span class='ocr_line' id='line_1_35' title="bbox 333 1874 1076 1973; baseline -0.008 -58"><span class='ocrx_word' id='word_1_266' title='bbox 333 1881 429 1914; x_wconf 84' lang='lat' dir='ltr'>Anno</span> <span class='ocrx_word' id='word_1_267' title='bbox 437 1875 526 1913; x_wconf 74' lang='lat' dir='ltr'>urbis</span> <span class='ocrx_word' id='word_1_268' title='bbox 541 1887 667 1973; x_wconf 39' lang='lat' dir='ltr'>mccx?</span> <span class='ocrx_word' id='word_1_269' title='bbox 678 1877 834 1912; x_wconf 67' lang='lat' dir='ltr'>Ciceronis</span> <span class='ocrx_word' id='word_1_270' title='bbox 849 1886 955 1911; x_wconf 76' lang='lat' dir='ltr'>inu.</span> <span class='ocrx_word' id='word_1_271' title='bbox 969 1874 1076 1910; x_wconf 87' lang='lat' dir='ltr'>Coss.</span> 
     </span>
     <span class='ocr_line' id='line_1_36' title="bbox 653 1934 1038 1963; baseline -0.005 -3"><span class='ocrx_word' id='word_1_272' title='bbox 653 1934 779 1963; x_wconf 74' lang='lat' dir='ltr'>uerunt,</span> <span class='ocrx_word' id='word_1_273' title='bbox 1029 1942 1038 1945; x_wconf 38' lang='grc' dir='ltr'><em>ν</em></span> 
     </span>
    </p>
   </div>
   <div class='ocr_carea' id='block_1_4' title="bbox 283 1991 1128 2079">
    <p class='ocr_par' dir='ltr' id='par_1_4' title="bbox 283 1991 1128 2079">
     <span class='ocr_line' id='line_1_37' title="bbox 283 1991 1128 2039; baseline -0.005 -12"><span class='ocrx_word' id='word_1_274' title='bbox 283 1992 694 2039; x_wconf 84' lang='lat' dir='ltr'>C.JUL1US</span> <span class='ocrx_word' id='word_1_275' title='bbox 745 1992 1036 2027; x_wconf 87' lang='lat' dir='ltr'>CAESAR</span> <span class='ocrx_word' id='word_1_276' title='bbox 1086 1991 1128 2026; x_wconf 86' lang='lat' dir='ltr'>V.</span> 
     </span>
     <span class='ocr_line' id='line_1_38' title="bbox 490 2041 930 2079; baseline -0.002 -3"><span class='ocrx_word' id='word_1_277' title='bbox 490 2041 542 2079; x_wconf 84' lang='lat' dir='ltr'>M.</span> <span class='ocrx_word' id='word_1_278' title='bbox 577 2041 930 2077; x_wconf 82' lang='lat' dir='ltr'><strong>ANTONIUS.</strong></span> 
     </span>
    </p>
   </div>
   <div class='ocr_carea' id='block_1_5' title="bbox 217 2112 1192 3177">
    <p class='ocr_par' dir='ltr' id='par_1_5' title="bbox 299 2112 1192 2152">
     <span class='ocr_line' id='line_1_39' title="bbox 299 2112 1192 2152; baseline -0.001 -3"><span class='ocrx_word' id='word_1_279' title='bbox 299 2113 417 2149; x_wconf 88' lang='lat' dir='ltr'>Odem</span> <span class='ocrx_word' id='word_1_280' title='bbox 429 2127 522 2150; x_wconf 85' lang='lat' dir='ltr'>anno</span> <span class='ocrx_word' id='word_1_281' title='bbox 534 2138 543 2152; x_wconf 93' lang='lat'>,</span> <span class='ocrx_word' id='word_1_282' title='bbox 552 2125 593 2150; x_wconf 89' lang='lat' dir='ltr'>ut</span> <span class='ocrx_word' id='word_1_283' title='bbox 610 2124 841 2150; x_wconf 87' lang='lat' dir='ltr'>monumenta</span> <span class='ocrx_word' id='word_1_284' title='bbox 851 2113 983 2149; x_wconf 88' lang='lat' dir='ltr'>vetusta</span> <span class='ocrx_word' id='word_1_285' title='bbox 992 2112 1192 2148; x_wconf 80' lang='lat' dir='ltr'>ostendunt,</span> 
     </span>
    </p>

    <p class='ocr_par' dir='ltr' id='par_1_6' title="bbox 217 2159 1192 3177">
     <span class='ocr_line' id='line_1_40' title="bbox 300 2159 1191 2212; baseline -0.007 -14"><span class='ocrx_word' id='word_1_286' title='bbox 300 2162 464 2212; x_wconf 87' lang='lat' dir='ltr'>C.Julius</span> <span class='ocrx_word' id='word_1_287' title='bbox 477 2162 589 2198; x_wconf 78' lang='lat' dir='ltr'>Caesar</span> <span class='ocrx_word' id='word_1_288' title='bbox 602 2162 752 2198; x_wconf 58' lang='lat' dir='ltr'>dictator</span> <span class='ocrx_word' id='word_1_289' title='bbox 766 2162 828 2197; x_wconf 91' lang='lat' dir='ltr'>lV.</span> <span class='ocrx_word' id='word_1_290' title='bbox 853 2161 919 2196; x_wconf 87' lang='lat' dir='ltr'>fuit</span> <span class='ocrx_word' id='word_1_291' title='bbox 931 2185 940 2199; x_wconf 91' lang='lat'>,</span> <span class='ocrx_word' id='word_1_292' title='bbox 965 2163 998 2196; x_wconf 69' lang='grc' dir='ltr'>δε</span> <span class='ocrx_word' id='word_1_293' title='bbox 1015 2161 1062 2196; x_wconf 90' lang='grc' dir='ltr'>Μ-</span> <span class='ocrx_word' id='word_1_294' title='bbox 1077 2159 1191 2196; x_wconf 87' lang='lat' dir='ltr'>AEmi-</span> 
     </span>
     <span class='ocr_line' id='line_1_41' title="bbox 217 2208 1191 2260; baseline -0.007 -12"><span class='ocrx_word' id='word_1_295' title='bbox 217 2214 286 2248; x_wconf 83' lang='lat' dir='ltr'>llius</span> <span class='ocrx_word' id='word_1_296' title='bbox 296 2211 447 2260; x_wconf 81' lang='lat' dir='ltr'>Lepidus</span> <span class='ocrx_word' id='word_1_297' title='bbox 461 2210 625 2258; x_wconf 72' lang='lat' dir='ltr'>Magister</span> <span class='ocrx_word' id='word_1_298' title='bbox 638 2211 809 2259; x_wconf 87' lang='lat' dir='ltr'>equitum.</span> <span class='ocrx_word' id='word_1_299' title='bbox 837 2210 963 2245; x_wconf 90' lang='lat' dir='ltr'>Cicero</span> <span class='ocrx_word' id='word_1_300' title='bbox 983 2208 1059 2256; x_wconf 90' lang='lat' dir='ltr'>post</span> <span class='ocrx_word' id='word_1_301' title='bbox 1083 2208 1191 2242; x_wconf 87' lang='lat' dir='ltr'>libros</span> 
     </span>
     <span class='ocr_line' id='line_1_42' title="bbox 217 2258 1189 2308; baseline -0.006 -11"><span class='ocrx_word' id='word_1_302' title='bbox 217 2262 378 2308; x_wconf 75' lang='lat' dir='ltr'>quinque</span> <span class='ocrx_word' id='word_1_303' title='bbox 400 2260 443 2296; x_wconf 86' lang='lat' dir='ltr'>de</span> <span class='ocrx_word' id='word_1_304' title='bbox 465 2260 609 2296; x_wconf 86' lang='lat' dir='ltr'>Finibus</span> <span class='ocrx_word' id='word_1_305' title='bbox 631 2259 779 2295; x_wconf 89' lang='lat' dir='ltr'>totidem</span> <span class='ocrx_word' id='word_1_306' title='bbox 793 2258 1072 2293; x_wconf 86' lang='lat' dir='ltr'>Tusculanarum</span> <span class='ocrx_word' id='word_1_307' title='bbox 1093 2268 1189 2304; x_wconf 86' lang='lat' dir='ltr'>quae-</span> 
     </span>
     <span class='ocr_line' id='line_1_43' title="bbox 219 2303 1191 2356; baseline -0.006 -11"><span class='ocrx_word' id='word_1_308' title='bbox 219 2311 378 2345; x_wconf 71' lang='lat' dir='ltr'>stionum</span> <span class='ocrx_word' id='word_1_309' title='bbox 401 2308 471 2345; x_wconf 86' lang='lat' dir='ltr'>five</span> <span class='ocrx_word' id='word_1_310' title='bbox 493 2308 768 2356; x_wconf 71' lang='lat' dir='ltr'>disputationum</span> <span class='ocrx_word' id='word_1_311' title='bbox 790 2306 897 2342; x_wconf 83' lang='lat' dir='ltr'>edidit</span> <span class='ocrx_word' id='word_1_312' title='bbox 911 2331 920 2345; x_wconf 91' lang='lat'>‚</span> <span class='ocrx_word' id='word_1_313' title='bbox 940 2306 1047 2354; x_wconf 88' lang='lat' dir='ltr'>iisque</span> <span class='ocrx_word' id='word_1_314' title='bbox 1071 2317 1122 2341; x_wconf 89' lang='lat' dir='ltr'>res</span> <span class='ocrx_word' id='word_1_315' title='bbox 1146 2303 1191 2339; x_wconf 85' lang='lat' dir='ltr'>ad</span> 
     </span>
     <span class='ocr_line' id='line_1_44' title="bbox 219 2354 1186 2402; baseline -0.005 -9"><span class='ocrx_word' id='word_1_316' title='bbox 219 2360 318 2395; x_wconf 83' lang='lat' dir='ltr'>beate</span> <span class='ocrx_word' id='word_1_317' title='bbox 340 2357 533 2394; x_wconf 87' lang='lat' dir='ltr'>vivendum</span> <span class='ocrx_word' id='word_1_318' title='bbox 548 2358 701 2394; x_wconf 83' lang='lat' dir='ltr'>maxime</span> <span class='ocrx_word' id='word_1_319' title='bbox 716 2356 912 2392; x_wconf 72' lang='lat' dir='ltr'>necessarias</span> <span class='ocrx_word' id='word_1_320' title='bbox 932 2355 1085 2402; x_wconf 89' lang='lat' dir='ltr'>aperuit:</span> <span class='ocrx_word' id='word_1_321' title='bbox 1114 2354 1186 2402; x_wconf 87' lang='lat' dir='ltr'>pri-</span> 
     </span>
     <span class='ocr_line' id='line_1_45' title="bbox 220 2401 1190 2443; baseline -0.007 0"><span class='ocrx_word' id='word_1_322' title='bbox 220 2420 301 2443; x_wconf 87' lang='lat' dir='ltr'>mus</span> <span class='ocrx_word' id='word_1_323' title='bbox 310 2408 405 2443; x_wconf 88' lang='lat' dir='ltr'>enim</span> <span class='ocrx_word' id='word_1_324' title='bbox 417 2406 465 2442; x_wconf 88' lang='lat' dir='ltr'>est</span> <span class='ocrx_word' id='word_1_325' title='bbox 476 2407 519 2441; x_wconf 88' lang='lat' dir='ltr'>de</span> <span class='ocrx_word' id='word_1_326' title='bbox 531 2406 791 2442; x_wconf 86' lang='lat' dir='ltr'>contemnenda</span> <span class='ocrx_word' id='word_1_327' title='bbox 808 2415 923 2440; x_wconf 89' lang='lat' dir='ltr'>morte</span> <span class='ocrx_word' id='word_1_328' title='bbox 938 2428 947 2442; x_wconf 93' lang='lat'>,</span> <span class='ocrx_word' id='word_1_329' title='bbox 967 2402 1135 2439; x_wconf 84' lang='lat' dir='ltr'>secundus</span> <span class='ocrx_word' id='word_1_330' title='bbox 1147 2401 1190 2436; x_wconf 90' lang='lat' dir='ltr'>de</span> 
     </span>
     <span class='ocr_line' id='line_1_46' title="bbox 220 2450 1187 2502; baseline -0.007 -10"><span class='ocrx_word' id='word_1_331' title='bbox 220 2457 403 2493; x_wconf 81' lang='lat' dir='ltr'>tolerando</span> <span class='ocrx_word' id='word_1_332' title='bbox 424 2455 547 2491; x_wconf 92' lang='lat' dir='ltr'>dolore</span> <span class='ocrx_word' id='word_1_333' title='bbox 560 2479 569 2492; x_wconf 90' lang='lat'>‚</span> <span class='ocrx_word' id='word_1_334' title='bbox 592 2455 637 2490; x_wconf 89' lang='lat' dir='ltr'>de</span> <span class='ocrx_word' id='word_1_335' title='bbox 649 2453 854 2502; x_wconf 77' lang='lat' dir='ltr'>aegritudine</span> <span class='ocrx_word' id='word_1_336' title='bbox 874 2453 1034 2489; x_wconf 83' lang='lat' dir='ltr'>lenienda</span> <span class='ocrx_word' id='word_1_337' title='bbox 1055 2450 1187 2489; x_wconf 86' lang='lat' dir='ltr'>tertius,</span> 
     </span>
     <span class='ocr_line' id='line_1_47' title="bbox 221 2499 1189 2552; baseline -0.008 -11"><span class='ocrx_word' id='word_1_338' title='bbox 221 2515 365 2551; x_wconf 83' lang='lat' dir='ltr'>quartus</span> <span class='ocrx_word' id='word_1_339' title='bbox 384 2505 427 2542; x_wconf 88' lang='lat' dir='ltr'>de</span> <span class='ocrx_word' id='word_1_340' title='bbox 446 2504 586 2552; x_wconf 86' lang='lat' dir='ltr'>reliquis</span> <span class='ocrx_word' id='word_1_341' title='bbox 597 2503 706 2539; x_wconf 88' lang='lat' dir='ltr'>animi</span> <span class='ocrx_word' id='word_1_342' title='bbox 719 2502 1037 2552; x_wconf 78' lang='lat' dir='ltr'>perturbationibus</span> <span class='ocrx_word' id='word_1_343' title='bbox 1051 2524 1059 2539; x_wconf 85' lang='lat'>,</span> <span class='ocrx_word' id='word_1_344' title='bbox 1109 2499 1189 2535; x_wconf 90' lang='lat' dir='ltr'>uin-</span> 
     </span>
     <span class='ocr_line' id='line_1_48' title="bbox 222 2547 1189 2601; baseline -0.005 -13"><span class='ocrx_word' id='word_1_345' title='bbox 222 2564 280 2589; x_wconf 78' lang='lat' dir='ltr'>tus</span> <span class='ocrx_word' id='word_1_346' title='bbox 293 2565 375 2588; x_wconf 89' lang='lat' dir='ltr'>eum</span> <span class='ocrx_word' id='word_1_347' title='bbox 395 2553 514 2588; x_wconf 90' lang='lat' dir='ltr'>locum</span> <span class='ocrx_word' id='word_1_348' title='bbox 533 2552 737 2601; x_wconf 85' lang='lat' dir='ltr'>complexus</span> <span class='ocrx_word' id='word_1_349' title='bbox 750 2551 798 2588; x_wconf 90' lang='lat' dir='ltr'>est</span> <span class='ocrx_word' id='word_1_350' title='bbox 812 2577 820 2592; x_wconf 89' lang='lat'>‚</span> <span class='ocrx_word' id='word_1_351' title='bbox 841 2551 900 2599; x_wconf 92' lang='lat' dir='ltr'>qui</span> <span class='ocrx_word' id='word_1_352' title='bbox 913 2562 1025 2586; x_wconf 86' lang='lat' dir='ltr'>totam</span> <span class='ocrx_word' id='word_1_353' title='bbox 1039 2549 1095 2597; x_wconf 89' lang='lat' dir='ltr'>phi</span> <span class='ocrx_word' id='word_1_354' title='bbox 1111 2547 1189 2583; x_wconf 78' lang='lat' dir='ltr'>osb-</span> 
     </span>
     <span class='ocr_line' id='line_1_49' title="bbox 223 2598 1190 2648; baseline -0.005 -12"><span class='ocrx_word' id='word_1_355' title='bbox 223 2602 343 2648; x_wconf 81' lang='lat' dir='ltr'>phiam</span> <span class='ocrx_word' id='word_1_356' title='bbox 358 2600 511 2637; x_wconf 81' lang='lat' dir='ltr'>maxime</span> <span class='ocrx_word' id='word_1_357' title='bbox 530 2601 694 2637; x_wconf 80' lang='lat' dir='ltr'>illustrat:</span> <span class='ocrx_word' id='word_1_358' title='bbox 717 2601 822 2637; x_wconf 85' lang='lat' dir='ltr'>docet</span> <span class='ocrx_word' id='word_1_359' title='bbox 840 2600 936 2636; x_wconf 88' lang='lat' dir='ltr'>enim</span> <span class='ocrx_word' id='word_1_360' title='bbox 955 2599 998 2635; x_wconf 85' lang='lat' dir='ltr'>ad</span> <span class='ocrx_word' id='word_1_361' title='bbox 1015 2599 1113 2634; x_wconf 87' lang='lat' dir='ltr'>beate</span> <span class='ocrx_word' id='word_1_362' title='bbox 1136 2598 1190 2632; x_wconf 83' lang='lat' dir='ltr'>vi-</span> 
     </span>
     <span class='ocr_line' id='line_1_50' title="bbox 224 2646 1190 2697; baseline -0.005 -12"><span class='ocrx_word' id='word_1_363' title='bbox 224 2650 381 2686; x_wconf 85' lang='lat' dir='ltr'>vendum</span> <span class='ocrx_word' id='word_1_364' title='bbox 395 2650 563 2690; x_wconf 74' lang='lat' dir='ltr'>virtutem</span> <span class='ocrx_word' id='word_1_365' title='bbox 575 2650 605 2685; x_wconf 74' lang='lat' dir='ltr'>le</span> <span class='ocrx_word' id='word_1_366' title='bbox 617 2651 682 2697; x_wconf 65' lang='lat' dir='ltr'>ipsi</span> <span class='ocrx_word' id='word_1_367' title='bbox 693 2661 897 2686; x_wconf 85' lang='lat' dir='ltr'>contentam</span> <span class='ocrx_word' id='word_1_368' title='bbox 908 2673 917 2687; x_wconf 90' lang='lat'><em>‚</em></span> <span class='ocrx_word' id='word_1_369' title='bbox 938 2648 1053 2685; x_wconf 67' lang='lat' dir='ltr'>libna.</span> <span class='ocrx_word' id='word_1_370' title='bbox 1071 2647 1115 2682; x_wconf 91' lang='lat' dir='ltr'>de</span> <span class='ocrx_word' id='word_1_371' title='bbox 1128 2646 1190 2681; x_wconf 89' lang='lat' dir='ltr'>Di—</span> 
     </span>
     <span class='ocr_line' id='line_1_51' title="bbox 226 2696 1191 2744; baseline -0.005 -10"><span class='ocrx_word' id='word_1_372' title='bbox 226 2699 337 2736; x_wconf 82' lang='lat' dir='ltr'>vinat.</span> <span class='ocrx_word' id='word_1_373' title='bbox 368 2700 499 2733; x_wconf 86' lang='lat' dir='ltr'>Utrum</span> <span class='ocrx_word' id='word_1_374' title='bbox 513 2699 598 2734; x_wconf 78' lang='lat' dir='ltr'>vero</span> <span class='ocrx_word' id='word_1_375' title='bbox 612 2699 646 2734; x_wconf 91' lang='lat' dir='ltr'>hi</span> <span class='ocrx_word' id='word_1_376' title='bbox 658 2699 735 2735; x_wconf 87' lang='lat' dir='ltr'>libri</span> <span class='ocrx_word' id='word_1_377' title='bbox 746 2699 786 2734; x_wconf 85' lang='lat' dir='ltr'>ad</span> <span class='ocrx_word' id='word_1_378' title='bbox 797 2700 892 2734; x_wconf 92' lang='lat' dir='ltr'>hunc</span> <span class='ocrx_word' id='word_1_379' title='bbox 902 2724 912 2739; x_wconf 89' lang='lat'>,</span> <span class='ocrx_word' id='word_1_380' title='bbox 924 2711 967 2734; x_wconf 89' lang='lat' dir='ltr'>an</span> <span class='ocrx_word' id='word_1_381' title='bbox 981 2696 1191 2744; x_wconf 90' lang='lat' dir='ltr'>superiorem</span> 
     </span>
     <span class='ocr_line' id='line_1_52' title="bbox 223 2744 1189 2786; baseline -0.006 -2"><span class='ocrx_word' id='word_1_382' title='bbox 223 2760 359 2783; x_wconf 74' lang='lat' dir='ltr'>annum</span> <span class='ocrx_word' id='word_1_383' title='bbox 373 2746 543 2782; x_wconf 88' lang='lat' dir='ltr'>referendi</span> <span class='ocrx_word' id='word_1_384' title='bbox 561 2746 627 2782; x_wconf 80' lang='lat' dir='ltr'>sint</span> <span class='ocrx_word' id='word_1_385' title='bbox 639 2748 802 2783; x_wconf 88' lang='lat' dir='ltr'>nondum</span> <span class='ocrx_word' id='word_1_386' title='bbox 818 2748 967 2783; x_wconf 87' lang='lat' dir='ltr'>decerno</span> <span class='ocrx_word' id='word_1_387' title='bbox 982 2772 992 2786; x_wconf 91' lang='lat'>,</span> <span class='ocrx_word' id='word_1_388' title='bbox 1018 2758 1082 2781; x_wconf 90' lang='lat' dir='ltr'>nec</span> <span class='ocrx_word' id='word_1_389' title='bbox 1097 2744 1189 2780; x_wconf 89' lang='lat' dir='ltr'>mul-</span> 
     </span>
     <span class='ocr_line' id='line_1_53' title="bbox 226 2793 1190 2844; baseline -0.005 -12"><span class='ocrx_word' id='word_1_390' title='bbox 226 2807 305 2832; x_wconf 82' lang='lat' dir='ltr'>tum</span> <span class='ocrx_word' id='word_1_391' title='bbox 328 2796 442 2831; x_wconf 85' lang='lat' dir='ltr'>refert.</span> <span class='ocrx_word' id='word_1_392' title='bbox 470 2797 522 2831; x_wconf 91' lang='lat' dir='ltr'>De</span> <span class='ocrx_word' id='word_1_393' title='bbox 545 2796 684 2844; x_wconf 87' lang='lat' dir='ltr'>reliquis</span> <span class='ocrx_word' id='word_1_394' title='bbox 704 2795 948 2844; x_wconf 86' lang='lat' dir='ltr'>philosophicis</span> <span class='ocrx_word' id='word_1_395' title='bbox 969 2795 1064 2831; x_wconf 86' lang='lat' dir='ltr'>libris</span> <span class='ocrx_word' id='word_1_396' title='bbox 1091 2793 1190 2829; x_wconf 90' lang='lat' dir='ltr'>dein-</span> 
     </span>
     <span class='ocr_line' id='line_1_54' title="bbox 226 2842 1191 2892; baseline -0.003 -13"><span class='ocrx_word' id='word_1_397' title='bbox 226 2857 306 2892; x_wconf 82' lang='lat' dir='ltr'>ceps</span> <span class='ocrx_word' id='word_1_398' title='bbox 317 2844 496 2882; x_wconf 88' lang='lat' dir='ltr'>dicemus,</span> <span class='ocrx_word' id='word_1_399' title='bbox 520 2842 543 2878; x_wconf 87' lang='lat' dir='ltr'>fi</span> <span class='ocrx_word' id='word_1_400' title='bbox 564 2844 659 2892; x_wconf 87' lang='lat' dir='ltr'>prius</span> <span class='ocrx_word' id='word_1_401' title='bbox 680 2846 754 2880; x_wconf 60' lang='lat' dir='ltr'>adta</span> <span class='ocrx_word' id='word_1_402' title='bbox 768 2845 898 2880; x_wconf 82' lang='lat' dir='ltr'>urbana</span> <span class='ocrx_word' id='word_1_403' title='bbox 918 2843 1191 2889; x_wconf 84' lang='lat' dir='ltr'>exposuerimus.</span> 
     </span>
     <span class='ocr_line' id='line_1_55' title="bbox 227 2890 1191 2939; baseline -0.004 -10"><span class='ocrx_word' id='word_1_404' title='bbox 227 2892 336 2930; x_wconf 82' lang='lat' dir='ltr'>Initio</span> <span class='ocrx_word' id='word_1_405' title='bbox 359 2892 464 2939; x_wconf 83' lang='lat' dir='ltr'>hujus</span> <span class='ocrx_word' id='word_1_406' title='bbox 486 2894 570 2927; x_wconf 86' lang='lat' dir='ltr'>anni</span> <span class='ocrx_word' id='word_1_407' title='bbox 586 2895 634 2928; x_wconf 89' lang='lat' dir='ltr'>M.</span> <span class='ocrx_word' id='word_1_408' title='bbox 649 2893 788 2928; x_wconf 87' lang='lat' dir='ltr'>Tullius</span> <span class='ocrx_word' id='word_1_409' title='bbox 811 2895 936 2930; x_wconf 85' lang='lat' dir='ltr'>Romae</span> <span class='ocrx_word' id='word_1_410' title='bbox 956 2892 1022 2928; x_wconf 88' lang='lat' dir='ltr'>fuit</span> <span class='ocrx_word' id='word_1_411' title='bbox 1048 2890 1191 2928; x_wconf 85' lang='lat' dir='ltr'>Kalend.</span> 
     </span>
     <span class='ocr_line' id='line_1_56' title="bbox 226 2938 1190 2989; baseline -0.006 -12"><span class='ocrx_word' id='word_1_412' title='bbox 226 2941 370 2989; x_wconf 76' lang='lat' dir='ltr'>quidem</span> <span class='ocrx_word' id='word_1_413' title='bbox 388 2940 541 2988; x_wconf 84' lang='lat' dir='ltr'>Januarii</span> <span class='ocrx_word' id='word_1_414' title='bbox 565 2938 663 2976; x_wconf 85' lang='lat' dir='ltr'>affuit</span> <span class='ocrx_word' id='word_1_415' title='bbox 685 2941 722 2977; x_wconf 89' lang='lat' dir='ltr'>in</span> <span class='ocrx_word' id='word_1_416' title='bbox 744 2941 859 2976; x_wconf 85' lang='lat' dir='ltr'>senatu</span> <span class='ocrx_word' id='word_1_417' title='bbox 879 2966 888 2980; x_wconf 89' lang='lat'>,</span> <span class='ocrx_word' id='word_1_418' title='bbox 915 2944 997 2978; x_wconf 86' lang='lat' dir='ltr'>cum</span> <span class='ocrx_word' id='word_1_419' title='bbox 1022 2940 1134 2976; x_wconf 84' lang='lat' dir='ltr'>Caesar</span> <span class='ocrx_word' id='word_1_420' title='bbox 1159 2941 1190 2974; x_wconf 87' lang='lat' dir='ltr'>P.</span> 
     </span>
     <span class='ocr_line' id='line_1_57' title="bbox 228 2988 1192 3037; baseline -0.002 -12"><span class='ocrx_word' id='word_1_421' title='bbox 228 2989 437 3026; x_wconf 73' lang='lat' dir='ltr'>Cornelium</span> <span class='ocrx_word' id='word_1_422' title='bbox 462 2988 676 3025; x_wconf 79' lang='lat' dir='ltr'>Dolabellam</span> <span class='ocrx_word' id='word_1_423' title='bbox 699 2989 881 3037; x_wconf 88' lang='lat' dir='ltr'>subrogare</span> <span class='ocrx_word' id='word_1_424' title='bbox 905 2991 988 3028; x_wconf 86' lang='lat' dir='ltr'>sibi,</span> <span class='ocrx_word' id='word_1_425' title='bbox 1019 2989 1192 3025; x_wconf 79' lang='lat' dir='ltr'>resistente</span> 
     </span>
     <span class='ocr_line' id='line_1_58' title="bbox 226 3037 1190 3087; baseline -0.001 -13"><span class='ocrx_word' id='word_1_426' title='bbox 226 3038 400 3076; x_wconf 76' lang='lat' dir='ltr'>Antonio,</span> <span class='ocrx_word' id='word_1_427' title='bbox 413 3037 528 3073; x_wconf 87' lang='lat' dir='ltr'>voluit</span> <span class='ocrx_word' id='word_1_428' title='bbox 540 3063 549 3079; x_wconf 90' lang='lat'>‚</span> <span class='ocrx_word' id='word_1_429' title='bbox 563 3048 601 3074; x_wconf 89' lang='lat' dir='ltr'>ut</span> <span class='ocrx_word' id='word_1_430' title='bbox 613 3038 836 3086; x_wconf 81' lang='lat' dir='ltr'>cognoscitur</span> <span class='ocrx_word' id='word_1_431' title='bbox 849 3040 1004 3087; x_wconf 84' lang='lat' dir='ltr'>Philip.2.</span> <span class='ocrx_word' id='word_1_432' title='bbox 1019 3038 1098 3074; x_wconf 87' lang='lat' dir='ltr'>vide</span> <span class='ocrx_word' id='word_1_433' title='bbox 1110 3038 1172 3073; x_wconf 86' lang='lat' dir='ltr'>Plu</span> <span class='ocrx_word' id='word_1_434' title='bbox 1181 3059 1190 3063; x_wconf 99' lang='lat'>-</span> 
     </span>
     <span class='ocr_line' id='line_1_59' title="bbox 229 3086 1186 3136; baseline -0.005 -12"><span class='ocrx_word' id='word_1_435' title='bbox 229 3087 390 3124; x_wconf 80' lang='lat' dir='ltr'>tarchum</span> <span class='ocrx_word' id='word_1_436' title='bbox 412 3087 449 3121; x_wconf 87' lang='lat' dir='ltr'>in</span> <span class='ocrx_word' id='word_1_437' title='bbox 474 3086 643 3122; x_wconf 86' lang='lat' dir='ltr'>Antonio.</span> <span class='ocrx_word' id='word_1_438' title='bbox 681 3087 949 3136; x_wconf 82' lang='lat' dir='ltr'>Lupercalibus,</span> <span class='ocrx_word' id='word_1_439' title='bbox 971 3087 1006 3122; x_wconf 85' lang='lat' dir='ltr'>id</span> <span class='ocrx_word' id='word_1_440' title='bbox 1032 3087 1100 3125; x_wconf 87' lang='lat' dir='ltr'>est,</span> <span class='ocrx_word' id='word_1_441' title='bbox 1126 3097 1186 3122; x_wconf 76' lang='lat' dir='ltr'>xv.</span> 
     </span>
     <span class='ocr_line' id='line_1_60' title="bbox 229 3134 1191 3177; baseline -0.001 -4"><span class='ocrx_word' id='word_1_442' title='bbox 229 3135 374 3173; x_wconf 69' lang='lat' dir='ltr'>Kalend.</span> <span class='ocrx_word' id='word_1_443' title='bbox 389 3135 504 3173; x_wconf 79' lang='lat' dir='ltr'>Martii</span> <span class='ocrx_word' id='word_1_444' title='bbox 516 3161 526 3177; x_wconf 82' lang='lat'>‚</span> <span class='ocrx_word' id='word_1_445' title='bbox 536 3147 619 3173; x_wconf 83' lang='lat' dir='ltr'>eum</span> <span class='ocrx_word' id='word_1_446' title='bbox 635 3135 746 3174; x_wconf 72' lang='lat' dir='ltr'>Caesii·</span> <span class='ocrx_word' id='word_1_447' title='bbox 758 3136 794 3173; x_wconf 90' lang='lat' dir='ltr'>in</span> <span class='ocrx_word' id='word_1_448' title='bbox 806 3136 939 3174; x_wconf 86' lang='lat' dir='ltr'>Rostris</span> <span class='ocrx_word' id='word_1_449' title='bbox 950 3135 1067 3174; x_wconf 82' lang='lat' dir='ltr'>sedens</span> <span class='ocrx_word' id='word_1_450' title='bbox 1079 3136 1117 3174; x_wconf 88' lang='lat' dir='ltr'>in</span> <span class='ocrx_word' id='word_1_451' title='bbox 1128 3134 1191 3172; x_wconf 83' lang='lat' dir='ltr'>sel-</span> 
     </span>
    </p>
   </div>
   <div class='ocr_carea' id='block_1_6' title="bbox 1224 99 1743 161">
    <p class='ocr_par' dir='ltr' id='par_1_7' title="bbox 1224 99 1743 161">
     <span class='ocr_line' id='line_1_61' title="bbox 1224 99 1743 161; baseline 0 -2"><span class='ocrx_word' id='word_1_452' title='bbox 1224 99 1743 161; x_wconf 66' lang='lat' dir='ltr'>thssnoN1s</span> 
     </span>
    </p>
   </div>
   <div class='ocr_carea' id='block_1_7' title="bbox 1193 185 2184 244">
    <p class='ocr_par' dir='ltr' id='par_1_8' title="bbox 1193 185 2184 244">
     <span class='ocr_line' id='line_1_62' title="bbox 1193 185 2184 244; baseline 0.001 -11"><span class='ocrx_word' id='word_1_453' title='bbox 1193 195 1197 202; x_wconf 88' lang='lat'>&#39;</span> <span class='ocrx_word' id='word_1_454' title='bbox 1213 196 1242 233; x_wconf 86' lang='lat' dir='ltr'>la</span> <span class='ocrx_word' id='word_1_455' title='bbox 1255 209 1356 234; x_wconf 84' lang='lat' dir='ltr'>aurea</span> <span class='ocrx_word' id='word_1_456' title='bbox 1368 224 1376 238; x_wconf 89' lang='lat'>,</span> <span class='ocrx_word' id='word_1_457' title='bbox 1400 185 1546 235; x_wconf 67' lang='lat' dir='ltr'>ainistus&#39;</span> <span class='ocrx_word' id='word_1_458' title='bbox 1560 207 1642 242; x_wconf 76' lang='lat' dir='ltr'>toga</span> <span class='ocrx_word' id='word_1_459' title='bbox 1654 206 1826 244; x_wconf 82' lang='lat' dir='ltr'>purpurea</span> <span class='ocrx_word' id='word_1_460' title='bbox 1837 218 1846 233; x_wconf 80' lang='lat'>,</span> <span class='ocrx_word' id='word_1_461' title='bbox 1871 194 2035 243; x_wconf 68' lang='lat' dir='ltr'>spestatet</span> <span class='ocrx_word' id='word_1_462' title='bbox 2050 198 2184 242; x_wconf 86' lang='lat' dir='ltr'>Luper·</span> 
     </span>
    </p>
   </div>
   <div class='ocr_carea' id='block_1_8' title="bbox 1211 244 2206 2742">
    <p class='ocr_par' dir='ltr' id='par_1_9' title="bbox 1211 244 2206 2742">
     <span class='ocr_line' id='line_1_63' title="bbox 1211 244 2182 293; baseline 0.002 -12"><span class='ocrx_word' id='word_1_463' title='bbox 1211 259 1268 281; x_wconf 89' lang='lat' dir='ltr'>cos</span> <span class='ocrx_word' id='word_1_464' title='bbox 1282 270 1291 284; x_wconf 90' lang='lat'>,</span> <span class='ocrx_word' id='word_1_465' title='bbox 1305 248 1481 283; x_wconf 79' lang='lat' dir='ltr'>Antonius</span> <span class='ocrx_word' id='word_1_466' title='bbox 1497 259 1585 281; x_wconf 87' lang='lat' dir='ltr'>unus</span> <span class='ocrx_word' id='word_1_467' title='bbox 1600 247 1618 281; x_wconf 80' lang='lat' dir='ltr'>e</span> <span class='ocrx_word' id='word_1_468' title='bbox 1636 244 1802 293; x_wconf 88' lang='lat' dir='ltr'>Lupercis</span> <span class='ocrx_word' id='word_1_469' title='bbox 1816 244 1857 281; x_wconf 84' lang='lat' dir='ltr'>ad</span> <span class='ocrx_word' id='word_1_470' title='bbox 1871 245 1984 280; x_wconf 83' lang='lat' dir='ltr'>sellam</span> <span class='ocrx_word' id='word_1_471' title='bbox 1998 246 2133 283; x_wconf 80' lang='lat' dir='ltr'>accessit</span> <span class='ocrx_word' id='word_1_472' title='bbox 2146 249 2182 283; x_wconf 70' lang='grc' dir='ltr'>δε</span> 
     </span>
     <span class='ocr_line' id='line_1_64' title="bbox 1212 293 2192 344; baseline -0.003 -14"><span class='ocrx_word' id='word_1_473' title='bbox 1212 296 1310 343; x_wconf 74' lang='lat' dir='ltr'>capiti</span> <span class='ocrx_word' id='word_1_474' title='bbox 1335 295 1406 344; x_wconf 76' lang='lat' dir='ltr'>ejus</span> <span class='ocrx_word' id='word_1_475' title='bbox 1430 295 1588 331; x_wconf 79' lang='lat' dir='ltr'>diadema</span> <span class='ocrx_word' id='word_1_476' title='bbox 1611 293 1775 342; x_wconf 81' lang='lat' dir='ltr'>imposuit</span> <span class='ocrx_word' id='word_1_477' title='bbox 1798 307 1805 329; x_wconf 75' lang='grc' dir='ltr'>ε</span> <span class='ocrx_word' id='word_1_478' title='bbox 1843 294 1939 342; x_wconf 87' lang='lat' dir='ltr'>quod</span> <span class='ocrx_word' id='word_1_479' title='bbox 1960 294 2074 331; x_wconf 76' lang='lat' dir='ltr'>Caesar</span> <span class='ocrx_word' id='word_1_480' title='bbox 2101 307 2192 332; x_wconf 55' lang='lat' dir='ltr'>cum.</span> 
     </span>
     <span class='ocr_line' id='line_1_65' title="bbox 1214 343 2189 392; baseline -0.004 -12"><span class='ocrx_word' id='word_1_481' title='bbox 1214 344 1329 392; x_wconf 78' lang='lat' dir='ltr'>plausu</span> <span class='ocrx_word' id='word_1_482' title='bbox 1355 345 1473 392; x_wconf 84' lang='lat' dir='ltr'>populi</span> <span class='ocrx_word' id='word_1_483' title='bbox 1499 343 1641 391; x_wconf 80' lang='lat' dir='ltr'>rejecit,</span> <span class='ocrx_word' id='word_1_484' title='bbox 1668 343 1794 379; x_wconf 89' lang='lat' dir='ltr'>Cicero</span> <span class='ocrx_word' id='word_1_485' title='bbox 1815 343 1959 391; x_wconf 84' lang='lat' dir='ltr'>Philipp.</span> <span class='ocrx_word' id='word_1_486' title='bbox 1978 356 2005 379; x_wconf 82' lang='lat'>2.</span> <span class='ocrx_word' id='word_1_487' title='bbox 2026 357 2053 388; x_wconf 87' lang='lat'>3.</span> <span class='ocrx_word' id='word_1_488' title='bbox 2079 346 2114 380; x_wconf 71' lang='grc' dir='ltr'>δε</span> <span class='ocrx_word' id='word_1_489' title='bbox 2136 355 2189 388; x_wconf 81' lang='lat'>13.</span> 
     </span>
     <span class='ocr_line' id='line_1_66' title="bbox 1215 392 2184 441; baseline 0 -13"><span class='ocrx_word' id='word_1_490' title='bbox 1215 394 1417 430; x_wconf 71' lang='lat' dir='ltr'>Plutarchus</span> <span class='ocrx_word' id='word_1_491' title='bbox 1430 418 1439 432; x_wconf 96' lang='lat'>,</span> <span class='ocrx_word' id='word_1_492' title='bbox 1462 394 1638 441; x_wconf 83' lang='lat' dir='ltr'>Appianus</span> <span class='ocrx_word' id='word_1_493' title='bbox 1651 418 1660 433; x_wconf 93' lang='lat'>‚</span> <span class='ocrx_word' id='word_1_494' title='bbox 1684 392 1752 428; x_wconf 91' lang='lat' dir='ltr'>Dio</span> <span class='ocrx_word' id='word_1_495' title='bbox 1764 416 1773 430; x_wconf 84' lang='lat'>‚</span> <span class='ocrx_word' id='word_1_496' title='bbox 1794 394 1828 429; x_wconf 83' lang='lat'>&amp;</span> <span class='ocrx_word' id='word_1_497' title='bbox 1847 392 1914 428; x_wconf 87' lang='lat' dir='ltr'>alii.</span> <span class='ocrx_word' id='word_1_498' title='bbox 1943 393 2059 428; x_wconf 88' lang='lat' dir='ltr'>Idibus</span> <span class='ocrx_word' id='word_1_499' title='bbox 2077 395 2184 429; x_wconf 81' lang='lat' dir='ltr'>Mart.</span> 
     </span>
     <span class='ocr_line' id='line_1_67' title="bbox 1216 441 2185 490; baseline -0.004 -12"><span class='ocrx_word' id='word_1_500' title='bbox 1216 442 1327 478; x_wconf 74' lang='lat' dir='ltr'>Caefiu·</span> <span class='ocrx_word' id='word_1_501' title='bbox 1349 444 1367 479; x_wconf 76' lang='lat' dir='ltr'>a</span> <span class='ocrx_word' id='word_1_502' title='bbox 1389 442 1581 490; x_wconf 76' lang='lat' dir='ltr'>conjuratis</span> <span class='ocrx_word' id='word_1_503' title='bbox 1606 442 1642 477; x_wconf 90' lang='lat' dir='ltr'>in</span> <span class='ocrx_word' id='word_1_504' title='bbox 1655 441 1809 488; x_wconf 83' lang='lat' dir='ltr'>Pompeii</span> <span class='ocrx_word' id='word_1_505' title='bbox 1824 441 1920 476; x_wconf 80' lang='lat' dir='ltr'>curia</span> <span class='ocrx_word' id='word_1_506' title='bbox 1940 441 2049 478; x_wconf 86' lang='lat' dir='ltr'>tribus</span> <span class='ocrx_word' id='word_1_507' title='bbox 2073 443 2108 477; x_wconf 60' lang='grc' dir='ltr'>ὃς</span> <span class='ocrx_word' id='word_1_508' title='bbox 2122 453 2185 479; x_wconf 86' lang='lat' dir='ltr'>xx.</span> 
     </span>
     <span class='ocr_line' id='line_1_68' title="bbox 1217 490 2187 539; baseline -0.001 -12"><span class='ocrx_word' id='word_1_509' title='bbox 1217 492 1319 539; x_wconf 74' lang='lat' dir='ltr'>plagis</span> <span class='ocrx_word' id='word_1_510' title='bbox 1332 491 1508 527; x_wconf 81' lang='lat' dir='ltr'>confossus</span> <span class='ocrx_word' id='word_1_511' title='bbox 1521 491 1578 527; x_wconf 85' lang='lat' dir='ltr'>est·</span> <span class='ocrx_word' id='word_1_512' title='bbox 1605 490 1678 538; x_wconf 81' lang='lat' dir='ltr'>ejus</span> <span class='ocrx_word' id='word_1_513' title='bbox 1693 490 1948 537; x_wconf 82' lang='lat' dir='ltr'>conjurationis</span> <span class='ocrx_word' id='word_1_514' title='bbox 1962 515 1971 528; x_wconf 93' lang='lat'>‚</span> <span class='ocrx_word' id='word_1_515' title='bbox 1997 502 2035 527; x_wconf 89' lang='lat' dir='ltr'>ut</span> <span class='ocrx_word' id='word_1_516' title='bbox 2051 490 2187 527; x_wconf 87' lang='lat' dir='ltr'>Plutar-</span> 
     </span>
     <span class='ocr_line' id='line_1_69' title="bbox 1215 539 2188 588; baseline -0.001 -12"><span class='ocrx_word' id='word_1_517' title='bbox 1215 542 1299 576; x_wconf 86' lang='lat' dir='ltr'>chus</span> <span class='ocrx_word' id='word_1_518' title='bbox 1322 541 1459 582; x_wconf 85' lang='lat' dir='ltr'>scribit,</span> <span class='ocrx_word' id='word_1_519' title='bbox 1473 541 1600 577; x_wconf 85' lang='lat' dir='ltr'>Cicero</span> <span class='ocrx_word' id='word_1_520' title='bbox 1623 539 1788 587; x_wconf 87' lang='lat' dir='ltr'>particeps</span> <span class='ocrx_word' id='word_1_521' title='bbox 1810 552 1884 575; x_wconf 90' lang='lat' dir='ltr'>non</span> <span class='ocrx_word' id='word_1_522' title='bbox 1907 539 1998 578; x_wconf 85' lang='lat' dir='ltr'>fuit,</span> <span class='ocrx_word' id='word_1_523' title='bbox 2024 539 2188 588; x_wconf 85' lang='lat' dir='ltr'>quamvis</span> 
     </span>
     <span class='ocr_line' id='line_1_70' title="bbox 1217 588 2196 638; baseline -0.001 -12"><span class='ocrx_word' id='word_1_524' title='bbox 1217 592 1266 626; x_wconf 85' lang='lat' dir='ltr'>M.</span> <span class='ocrx_word' id='word_1_525' title='bbox 1277 591 1386 626; x_wconf 86' lang='lat' dir='ltr'>Bruto</span> <span class='ocrx_word' id='word_1_526' title='bbox 1400 589 1659 626; x_wconf 74' lang='lat' dir='ltr'>familiarissime</span> <span class='ocrx_word' id='word_1_527' title='bbox 1672 599 1840 625; x_wconf 89' lang='lat' dir='ltr'>uteretur.</span> <span class='ocrx_word' id='word_1_528' title='bbox 1863 600 2002 629; x_wconf 90' lang='lat' dir='ltr'>verum,</span> <span class='ocrx_word' id='word_1_529' title='bbox 2016 588 2097 638; x_wconf 87' lang='lat' dir='ltr'>quia</span> <span class='ocrx_word' id='word_1_530' title='bbox 2111 588 2196 625; x_wconf 86' lang='lat' dir='ltr'>Cae-</span> 
     </span>
     <span class='ocr_line' id='line_1_71' title="bbox 1215 637 2189 680; baseline 0.001 -7"><span class='ocrx_word' id='word_1_531' title='bbox 1215 639 1284 674; x_wconf 79' lang='lat' dir='ltr'>sare</span> <span class='ocrx_word' id='word_1_532' title='bbox 1302 639 1488 676; x_wconf 64' lang='lat' dir='ltr'>interfeSto</span> <span class='ocrx_word' id='word_1_533' title='bbox 1502 665 1511 680; x_wconf 92' lang='lat'>‚</span> <span class='ocrx_word' id='word_1_534' title='bbox 1532 639 1648 674; x_wconf 82' lang='lat' dir='ltr'>statim</span> <span class='ocrx_word' id='word_1_535' title='bbox 1661 649 1849 673; x_wconf 88' lang='lat' dir='ltr'>cruentum</span> <span class='ocrx_word' id='word_1_536' title='bbox 1864 637 1930 673; x_wconf 90' lang='lat' dir='ltr'>alte</span> <span class='ocrx_word' id='word_1_537' title='bbox 1953 638 2124 674; x_wconf 84' lang='lat' dir='ltr'>extollens</span> <span class='ocrx_word' id='word_1_538' title='bbox 2138 639 2189 674; x_wconf 86' lang='lat' dir='ltr'>M.</span> 
     </span>
     <span class='ocr_line' id='line_1_72' title="bbox 1218 686 2189 737; baseline -0.001 -14"><span class='ocrx_word' id='word_1_539' title='bbox 1218 689 1342 724; x_wconf 85' lang='lat' dir='ltr'>Brutus</span> <span class='ocrx_word' id='word_1_540' title='bbox 1363 689 1577 737; x_wconf 80' lang='lat' dir='ltr'>pugionem,</span> <span class='ocrx_word' id='word_1_541' title='bbox 1602 688 1813 723; x_wconf 84' lang='lat' dir='ltr'>Ciceronem</span> <span class='ocrx_word' id='word_1_542' title='bbox 1839 686 2050 723; x_wconf 88' lang='lat' dir='ltr'>nominatim</span> <span class='ocrx_word' id='word_1_543' title='bbox 2073 687 2189 723; x_wconf 88' lang='lat' dir='ltr'>excla-</span> 
     </span>
     <span class='ocr_line' id='line_1_73' title="bbox 1220 735 2188 787; baseline -0.001 -14"><span class='ocrx_word' id='word_1_544' title='bbox 1220 738 1328 773; x_wconf 80' lang='lat' dir='ltr'>mavit</span> <span class='ocrx_word' id='word_1_545' title='bbox 1340 764 1349 779; x_wconf 95' lang='lat'>,</span> <span class='ocrx_word' id='word_1_546' title='bbox 1374 748 1478 787; x_wconf 90' lang='lat' dir='ltr'>atque</span> <span class='ocrx_word' id='word_1_547' title='bbox 1495 738 1528 773; x_wconf 86' lang='lat' dir='ltr'>ei</span> <span class='ocrx_word' id='word_1_548' title='bbox 1548 747 1786 784; x_wconf 84' lang='lat' dir='ltr'>recuperatam</span> <span class='ocrx_word' id='word_1_549' title='bbox 1798 736 1993 772; x_wconf 81' lang='lat' dir='ltr'>libertatem</span> <span class='ocrx_word' id='word_1_550' title='bbox 2006 735 2054 771; x_wconf 86' lang='lat' dir='ltr'>est</span> <span class='ocrx_word' id='word_1_551' title='bbox 2065 747 2188 783; x_wconf 82' lang='lat' dir='ltr'>gratu-</span> 
     </span>
     <span class='ocr_line' id='line_1_74' title="bbox 1220 784 2191 830; baseline -0.001 -8"><span class='ocrx_word' id='word_1_552' title='bbox 1220 786 1328 830; x_wconf 77' lang='lat' dir='ltr'>latus5</span> <span class='ocrx_word' id='word_1_553' title='bbox 1351 787 1544 827; x_wconf 81' lang='lat' dir='ltr'>Antonius,</span> <span class='ocrx_word' id='word_1_554' title='bbox 1570 785 1752 821; x_wconf 89' lang='lat' dir='ltr'>Ciceronis</span> <span class='ocrx_word' id='word_1_555' title='bbox 1774 784 1920 820; x_wconf 87' lang='lat' dir='ltr'>consilio</span> <span class='ocrx_word' id='word_1_556' title='bbox 1942 785 2112 821; x_wconf 78' lang='lat' dir='ltr'>Caesarem</span> <span class='ocrx_word' id='word_1_557' title='bbox 2134 785 2191 821; x_wconf 83' lang='lat' dir='ltr'>in-</span> 
     </span>
     <span class='ocr_line' id='line_1_75' title="bbox 1220 833 2192 882; baseline -0.002 -12"><span class='ocrx_word' id='word_1_558' title='bbox 1220 835 1405 872; x_wconf 57' lang='lat' dir='ltr'>tel-festum</span> <span class='ocrx_word' id='word_1_559' title='bbox 1420 860 1429 873; x_wconf 88' lang='lat'>,</span> <span class='ocrx_word' id='word_1_560' title='bbox 1443 835 1557 882; x_wconf 87' lang='lat' dir='ltr'>postea</span> <span class='ocrx_word' id='word_1_561' title='bbox 1568 835 1602 870; x_wconf 89' lang='lat' dir='ltr'>in</span> <span class='ocrx_word' id='word_1_562' title='bbox 1616 835 1732 870; x_wconf 89' lang='lat' dir='ltr'>senatu</span> <span class='ocrx_word' id='word_1_563' title='bbox 1742 833 1841 871; x_wconf 84' lang='lat' dir='ltr'>dixit,</span> <span class='ocrx_word' id='word_1_564' title='bbox 1854 834 1972 869; x_wconf 79' lang='lat' dir='ltr'>Phil-2.</span> <span class='ocrx_word' id='word_1_565' title='bbox 1986 834 2053 869; x_wconf 90' lang='lat' dir='ltr'>Dio</span> <span class='ocrx_word' id='word_1_566' title='bbox 2068 834 2192 878; x_wconf 85' lang='lat' dir='ltr'>lib.44.</span> 
     </span>
     <span class='ocr_line' id='line_1_76' title="bbox 1220 882 2197 933; baseline 0.001 -14"><span class='ocrx_word' id='word_1_567' title='bbox 1220 884 1265 919; x_wconf 79' lang='lat' dir='ltr'>ait</span> <span class='ocrx_word' id='word_1_568' title='bbox 1287 884 1499 933; x_wconf 81' lang='lat' dir='ltr'>percussores</span> <span class='ocrx_word' id='word_1_569' title='bbox 1514 884 1655 920; x_wconf 83' lang='lat' dir='ltr'>Caesaris</span> <span class='ocrx_word' id='word_1_570' title='bbox 1670 909 1678 924; x_wconf 88' lang='lat'>,</span> <span class='ocrx_word' id='word_1_571' title='bbox 1701 883 1783 919; x_wconf 87' lang='lat' dir='ltr'>cum</span> <span class='ocrx_word' id='word_1_572' title='bbox 1803 883 1822 917; x_wconf 77' lang='lat' dir='ltr'>e</span> <span class='ocrx_word' id='word_1_573' title='bbox 1844 883 1941 918; x_wconf 88' lang='lat' dir='ltr'>curia</span> <span class='ocrx_word' id='word_1_574' title='bbox 1960 883 1996 918; x_wconf 88' lang='lat' dir='ltr'>in</span> <span class='ocrx_word' id='word_1_575' title='bbox 2021 882 2139 920; x_wconf 86' lang='lat' dir='ltr'>forum</span> <span class='ocrx_word' id='word_1_576' title='bbox 2163 883 2197 920; x_wconf 67' lang='lat' dir='ltr'>ic</span> 
     </span>
     <span class='ocr_line' id='line_1_77' title="bbox 1220 931 2195 973; baseline 0.001 -6"><span class='ocrx_word' id='word_1_577' title='bbox 1220 933 1422 970; x_wconf 86' lang='lat' dir='ltr'>conferrent</span> <span class='ocrx_word' id='word_1_578' title='bbox 1436 960 1444 973; x_wconf 97' lang='lat'><strong>‚</strong></span> <span class='ocrx_word' id='word_1_579' title='bbox 1465 934 1588 969; x_wconf 90' lang='lat' dir='ltr'>crebro</span> <span class='ocrx_word' id='word_1_580' title='bbox 1604 933 1816 969; x_wconf 88' lang='lat' dir='ltr'>Ciceronem</span> <span class='ocrx_word' id='word_1_581' title='bbox 1836 931 2050 968; x_wconf 79' lang='lat' dir='ltr'>exclamaffe.</span> <span class='ocrx_word' id='word_1_582' title='bbox 2080 935 2195 968; x_wconf 83' lang='lat' dir='ltr'>Rece-</span> 
     </span>
     <span class='ocr_line' id='line_1_78' title="bbox 1221 981 2194 1030; baseline -0.002 -12"><span class='ocrx_word' id='word_1_583' title='bbox 1221 993 1347 1029; x_wconf 86' lang='lat' dir='ltr'>perunt</span> <span class='ocrx_word' id='word_1_584' title='bbox 1369 983 1419 1018; x_wconf 91' lang='lat' dir='ltr'>illi</span> <span class='ocrx_word' id='word_1_585' title='bbox 1440 983 1473 1018; x_wconf 91' lang='lat' dir='ltr'>se</span> <span class='ocrx_word' id='word_1_586' title='bbox 1494 983 1513 1018; x_wconf 74' lang='lat' dir='ltr'>c</span> <span class='ocrx_word' id='word_1_587' title='bbox 1527 983 1604 1018; x_wconf 90' lang='lat' dir='ltr'>foro</span> <span class='ocrx_word' id='word_1_588' title='bbox 1623 982 1659 1017; x_wconf 92' lang='lat' dir='ltr'>in</span> <span class='ocrx_word' id='word_1_589' title='bbox 1673 981 1891 1029; x_wconf 86' lang='lat' dir='ltr'>Capitolium</span> <span class='ocrx_word' id='word_1_590' title='bbox 1905 1007 1914 1022; x_wconf 88' lang='lat'>,</span> <span class='ocrx_word' id='word_1_591' title='bbox 1938 994 2051 1030; x_wconf 89' lang='lat' dir='ltr'>eoque</span> <span class='ocrx_word' id='word_1_592' title='bbox 2066 981 2194 1017; x_wconf 86' lang='lat' dir='ltr'>Cicero</span> 
     </span>
     <span class='ocr_line' id='line_1_79' title="bbox 1220 1030 2194 1080; baseline 0 -14"><span class='ocrx_word' id='word_1_593' title='bbox 1220 1032 1324 1068; x_wconf 84' lang='lat' dir='ltr'>etiam</span> <span class='ocrx_word' id='word_1_594' title='bbox 1346 1044 1429 1068; x_wconf 88' lang='lat' dir='ltr'>cum</span> <span class='ocrx_word' id='word_1_595' title='bbox 1453 1032 1526 1068; x_wconf 89' lang='lat' dir='ltr'>aliis</span> <span class='ocrx_word' id='word_1_596' title='bbox 1546 1031 1727 1079; x_wconf 89' lang='lat' dir='ltr'>permultis</span> <span class='ocrx_word' id='word_1_597' title='bbox 1745 1030 1897 1066; x_wconf 82' lang='lat' dir='ltr'>ascendit</span> <span class='ocrx_word' id='word_1_598' title='bbox 1914 1057 1923 1071; x_wconf 94' lang='lat'>,</span> <span class='ocrx_word' id='word_1_599' title='bbox 1949 1043 2062 1080; x_wconf 88' lang='lat' dir='ltr'>neque</span> <span class='ocrx_word' id='word_1_600' title='bbox 2076 1041 2194 1066; x_wconf 84' lang='lat' dir='ltr'>tamen</span> 
     </span>
     <span class='ocr_line' id='line_1_80' title="bbox 1218 1079 2195 1128; baseline 0 -13"><span class='ocrx_word' id='word_1_601' title='bbox 1218 1079 1344 1116; x_wconf 89' lang='lat' dir='ltr'>adduci</span> <span class='ocrx_word' id='word_1_602' title='bbox 1357 1082 1471 1128; x_wconf 86' lang='lat' dir='ltr'>potuit</span> <span class='ocrx_word' id='word_1_603' title='bbox 1483 1105 1492 1119; x_wconf 83' lang='lat'>,</span> <span class='ocrx_word' id='word_1_604' title='bbox 1515 1091 1555 1116; x_wconf 89' lang='lat' dir='ltr'>ut</span> <span class='ocrx_word' id='word_1_605' title='bbox 1576 1080 1617 1116; x_wconf 87' lang='lat' dir='ltr'>ad</span> <span class='ocrx_word' id='word_1_606' title='bbox 1632 1080 1830 1116; x_wconf 84' lang='lat' dir='ltr'>Antonium</span> <span class='ocrx_word' id='word_1_607' title='bbox 1852 1079 1917 1115; x_wconf 86' lang='lat' dir='ltr'>iret</span> <span class='ocrx_word' id='word_1_608' title='bbox 1929 1105 1938 1120; x_wconf 89' lang='lat'>‚</span> <span class='ocrx_word' id='word_1_609' title='bbox 1962 1090 2065 1128; x_wconf 86' lang='lat' dir='ltr'>atque</span> <span class='ocrx_word' id='word_1_610' title='bbox 2078 1079 2120 1115; x_wconf 87' lang='lat' dir='ltr'>ad</span> <span class='ocrx_word' id='word_1_611' title='bbox 2132 1079 2195 1115; x_wconf 92' lang='lat' dir='ltr'>de-</span> 
     </span>
     <span class='ocr_line' id='line_1_81' title="bbox 1219 1127 2198 1177; baseline 0 -13"><span class='ocrx_word' id='word_1_612' title='bbox 1219 1129 1429 1165; x_wconf 84' lang='lat' dir='ltr'>fendendam</span> <span class='ocrx_word' id='word_1_613' title='bbox 1443 1143 1550 1177; x_wconf 84' lang='lat' dir='ltr'>remp·</span> <span class='ocrx_word' id='word_1_614' title='bbox 1564 1130 1780 1165; x_wconf 85' lang='lat' dir='ltr'>hortaretur:</span> <span class='ocrx_word' id='word_1_615' title='bbox 1797 1127 1852 1164; x_wconf 91' lang='lat' dir='ltr'>sed</span> <span class='ocrx_word' id='word_1_616' title='bbox 1865 1153 1873 1166; x_wconf 87' lang='lat'>,</span> <span class='ocrx_word' id='word_1_617' title='bbox 1886 1129 1970 1164; x_wconf 89' lang='lat' dir='ltr'>cum</span> <span class='ocrx_word' id='word_1_618' title='bbox 1980 1128 2095 1164; x_wconf 81' lang='lat' dir='ltr'>caeteri</span> <span class='ocrx_word' id='word_1_619' title='bbox 2107 1141 2198 1164; x_wconf 87' lang='lat' dir='ltr'>con-</span> 
     </span>
     <span class='ocr_line' id='line_1_82' title="bbox 1219 1176 2192 1226; baseline 0 -13"><span class='ocrx_word' id='word_1_620' title='bbox 1219 1178 1340 1214; x_wconf 87' lang='lat' dir='ltr'>sulares</span> <span class='ocrx_word' id='word_1_621' title='bbox 1352 1179 1443 1214; x_wconf 89' lang='lat' dir='ltr'>irent</span> <span class='ocrx_word' id='word_1_622' title='bbox 1455 1203 1464 1217; x_wconf 96' lang='lat'>,</span> <span class='ocrx_word' id='word_1_623' title='bbox 1478 1178 1631 1214; x_wconf 88' lang='lat' dir='ltr'>redirent</span> <span class='ocrx_word' id='word_1_624' title='bbox 1642 1203 1650 1216; x_wconf 88' lang='lat'>,</span> <span class='ocrx_word' id='word_1_625' title='bbox 1664 1178 1781 1226; x_wconf 90' lang='lat' dir='ltr'>ipsein</span> <span class='ocrx_word' id='word_1_626' title='bbox 1795 1177 1962 1213; x_wconf 86' lang='lat' dir='ltr'>sententia</span> <span class='ocrx_word' id='word_1_627' title='bbox 1977 1176 2114 1217; x_wconf 81' lang='lat' dir='ltr'>mansit,</span> <span class='ocrx_word' id='word_1_628' title='bbox 2128 1190 2192 1213; x_wconf 88' lang='lat' dir='ltr'>ne-</span> 
     </span>
     <span class='ocr_line' id='line_1_83' title="bbox 1218 1225 2195 1275; baseline 0 -13"><span class='ocrx_word' id='word_1_629' title='bbox 1218 1240 1286 1275; x_wconf 88' lang='lat' dir='ltr'>que</span> <span class='ocrx_word' id='word_1_630' title='bbox 1299 1228 1494 1264; x_wconf 79' lang='lat' dir='ltr'>Antonium</span> <span class='ocrx_word' id='word_1_631' title='bbox 1509 1228 1569 1262; x_wconf 91' lang='lat' dir='ltr'>illo</span> <span class='ocrx_word' id='word_1_632' title='bbox 1582 1227 1637 1262; x_wconf 89' lang='lat' dir='ltr'>die</span> <span class='ocrx_word' id='word_1_633' title='bbox 1652 1238 1765 1275; x_wconf 88' lang='lat' dir='ltr'>neque</span> <span class='ocrx_word' id='word_1_634' title='bbox 1779 1225 1916 1274; x_wconf 84' lang='lat' dir='ltr'>postero</span> <span class='ocrx_word' id='word_1_635' title='bbox 1932 1226 2022 1262; x_wconf 90' lang='lat' dir='ltr'>vidit</span> <span class='ocrx_word' id='word_1_636' title='bbox 2033 1253 2042 1267; x_wconf 85' lang='lat'>‚</span> <span class='ocrx_word' id='word_1_637' title='bbox 2071 1236 2110 1263; x_wconf 89' lang='lat' dir='ltr'>ut</span> <span class='ocrx_word' id='word_1_638' title='bbox 2123 1226 2195 1274; x_wconf 88' lang='lat' dir='ltr'>ipse</span> 
     </span>
     <span class='ocr_line' id='line_1_84' title="bbox 1218 1275 2194 1324; baseline 0.001 -14"><span class='ocrx_word' id='word_1_639' title='bbox 1218 1276 1255 1311; x_wconf 91' lang='lat' dir='ltr'>in</span> <span class='ocrx_word' id='word_1_640' title='bbox 1279 1276 1427 1312; x_wconf 84' lang='lat' dir='ltr'>secunda</span> <span class='ocrx_word' id='word_1_641' title='bbox 1440 1277 1587 1324; x_wconf 88' lang='lat' dir='ltr'>Philipp.</span> <span class='ocrx_word' id='word_1_642' title='bbox 1599 1276 1761 1312; x_wconf 75' lang='lat' dir='ltr'>testatur:</span> <span class='ocrx_word' id='word_1_643' title='bbox 1789 1288 1854 1311; x_wconf 89' lang='lat' dir='ltr'>nec</span> <span class='ocrx_word' id='word_1_644' title='bbox 1868 1288 1991 1312; x_wconf 89' lang='lat' dir='ltr'>verum</span> <span class='ocrx_word' id='word_1_645' title='bbox 2003 1275 2050 1311; x_wconf 90' lang='lat' dir='ltr'>est</span> <span class='ocrx_word' id='word_1_646' title='bbox 2063 1299 2072 1314; x_wconf 77' lang='grc'><strong>,</strong></span> <span class='ocrx_word' id='word_1_647' title='bbox 2095 1275 2194 1323; x_wconf 91' lang='lat' dir='ltr'>quod</span> 
     </span>
     <span class='ocr_line' id='line_1_85' title="bbox 1221 1323 2195 1374; baseline -0.001 -14"><span class='ocrx_word' id='word_1_648' title='bbox 1221 1325 1423 1361; x_wconf 81' lang='lat' dir='ltr'>Plutarchus</span> <span class='ocrx_word' id='word_1_649' title='bbox 1436 1350 1446 1364; x_wconf 92' lang='lat'><em>‚</em></span> <span class='ocrx_word' id='word_1_650' title='bbox 1459 1325 1632 1374; x_wconf 87' lang='lat' dir='ltr'>Appianus</span> <span class='ocrx_word' id='word_1_651' title='bbox 1646 1350 1655 1363; x_wconf 90' lang='lat'>,</span> <span class='ocrx_word' id='word_1_652' title='bbox 1677 1325 1745 1360; x_wconf 93' lang='lat' dir='ltr'>Dio</span> <span class='ocrx_word' id='word_1_653' title='bbox 1763 1351 1772 1365; x_wconf 94' lang='lat'><em>‚</em></span> <span class='ocrx_word' id='word_1_654' title='bbox 1792 1326 1827 1360; x_wconf 66' lang='grc' dir='ltr'>ὃς</span> <span class='ocrx_word' id='word_1_655' title='bbox 1841 1323 2045 1372; x_wconf 87' lang='lat' dir='ltr'>interpretes</span> <span class='ocrx_word' id='word_1_656' title='bbox 2059 1325 2195 1373; x_wconf 84' lang='lat' dir='ltr'>Philip-</span> 
     </span>
     <span class='ocr_line' id='line_1_86' title="bbox 1221 1373 2198 1423; baseline 0.001 -14"><span class='ocrx_word' id='word_1_657' title='bbox 1221 1375 1377 1423; x_wconf 86' lang='lat' dir='ltr'>picarum</span> <span class='ocrx_word' id='word_1_658' title='bbox 1399 1374 1553 1411; x_wconf 84' lang='lat' dir='ltr'>scribunt</span> <span class='ocrx_word' id='word_1_659' title='bbox 1567 1399 1576 1412; x_wconf 94' lang='lat'>,</span> <span class='ocrx_word' id='word_1_660' title='bbox 1600 1374 1764 1422; x_wconf 87' lang='lat' dir='ltr'>postridie</span> <span class='ocrx_word' id='word_1_661' title='bbox 1779 1373 1860 1408; x_wconf 92' lang='lat' dir='ltr'>Idus</span> <span class='ocrx_word' id='word_1_662' title='bbox 1880 1373 2036 1410; x_wconf 89' lang='lat' dir='ltr'>senatum</span> <span class='ocrx_word' id='word_1_663' title='bbox 2062 1374 2098 1409; x_wconf 92' lang='lat' dir='ltr'>in</span> <span class='ocrx_word' id='word_1_664' title='bbox 2123 1374 2198 1410; x_wconf 87' lang='lat' dir='ltr'>aede</span> 
     </span>
     <span class='ocr_line' id='line_1_87' title="bbox 1224 1422 2195 1471; baseline -0.003 -13"><span class='ocrx_word' id='word_1_665' title='bbox 1224 1424 1373 1460; x_wconf 89' lang='lat' dir='ltr'>Telluris</span> <span class='ocrx_word' id='word_1_666' title='bbox 1387 1423 1546 1460; x_wconf 88' lang='lat' dir='ltr'>habitum</span> <span class='ocrx_word' id='word_1_667' title='bbox 1566 1423 1665 1459; x_wconf 86' lang='lat' dir='ltr'>fuisse</span> <span class='ocrx_word' id='word_1_668' title='bbox 1677 1449 1687 1464; x_wconf 92' lang='lat'>‚</span> <span class='ocrx_word' id='word_1_669' title='bbox 1712 1435 1793 1458; x_wconf 90' lang='lat' dir='ltr'>nam</span> <span class='ocrx_word' id='word_1_670' title='bbox 1805 1424 1839 1458; x_wconf 74' lang='grc' dir='ltr'>δε</span> <span class='ocrx_word' id='word_1_671' title='bbox 1851 1422 1887 1458; x_wconf 87' lang='lat' dir='ltr'>in</span> <span class='ocrx_word' id='word_1_672' title='bbox 1907 1422 2056 1459; x_wconf 81' lang='lat' dir='ltr'>secunda</span> <span class='ocrx_word' id='word_1_673' title='bbox 2070 1423 2195 1471; x_wconf 86' lang='lat' dir='ltr'>Philip.</span> 
     </span>
     <span class='ocr_line' id='line_1_88' title="bbox 1222 1471 2197 1521; baseline -0.002 -13"><span class='ocrx_word' id='word_1_674' title='bbox 1222 1473 1253 1509; x_wconf 91' lang='lat' dir='ltr'>se</span> <span class='ocrx_word' id='word_1_675' title='bbox 1272 1473 1346 1521; x_wconf 91' lang='lat' dir='ltr'>post</span> <span class='ocrx_word' id='word_1_676' title='bbox 1365 1473 1459 1510; x_wconf 87' lang='lat' dir='ltr'>diem</span> <span class='ocrx_word' id='word_1_677' title='bbox 1478 1473 1623 1510; x_wconf 84' lang='lat' dir='ltr'>tertium</span> <span class='ocrx_word' id='word_1_678' title='bbox 1638 1473 1673 1508; x_wconf 89' lang='lat' dir='ltr'>in</span> <span class='ocrx_word' id='word_1_679' title='bbox 1687 1472 1797 1508; x_wconf 82' lang='lat' dir='ltr'>aedem</span> <span class='ocrx_word' id='word_1_680' title='bbox 1811 1471 1963 1508; x_wconf 90' lang='lat' dir='ltr'>Telluris</span> <span class='ocrx_word' id='word_1_681' title='bbox 1985 1471 2115 1508; x_wconf 78' lang='lat' dir='ltr'>venisse</span> <span class='ocrx_word' id='word_1_682' title='bbox 2134 1472 2197 1511; x_wconf 86' lang='lat' dir='ltr'>ait,</span> 
     </span>
     <span class='ocr_line' id='line_1_89' title="bbox 1225 1520 2199 1571; baseline -0.001 -13"><span class='ocrx_word' id='word_1_683' title='bbox 1225 1525 1258 1558; x_wconf 87' lang='lat'>&amp;</span> <span class='ocrx_word' id='word_1_684' title='bbox 1270 1522 1364 1571; x_wconf 84' lang='lat' dir='ltr'>epist.</span> <span class='ocrx_word' id='word_1_685' title='bbox 1383 1535 1394 1558; x_wconf 88' lang='lat'>1</span> <span class='ocrx_word' id='word_1_686' title='bbox 1408 1535 1434 1558; x_wconf 87' lang='lat'>1.</span> <span class='ocrx_word' id='word_1_687' title='bbox 1447 1525 1481 1559; x_wconf 70' lang='grc' dir='ltr'>ὃς</span> <span class='ocrx_word' id='word_1_688' title='bbox 1500 1525 1550 1560; x_wconf 88' lang='lat'>16.</span> <span class='ocrx_word' id='word_1_689' title='bbox 1565 1522 1621 1557; x_wconf 89' lang='lat' dir='ltr'>lib.</span> <span class='ocrx_word' id='word_1_690' title='bbox 1640 1534 1691 1566; x_wconf 86' lang='lat'>14-</span> <span class='ocrx_word' id='word_1_691' title='bbox 1707 1521 1750 1557; x_wconf 85' lang='lat' dir='ltr'>ad</span> <span class='ocrx_word' id='word_1_692' title='bbox 1765 1521 1920 1557; x_wconf 88' lang='lat' dir='ltr'>Atticum</span> <span class='ocrx_word' id='word_1_693' title='bbox 1931 1520 1967 1556; x_wconf 89' lang='lat' dir='ltr'>id</span> <span class='ocrx_word' id='word_1_694' title='bbox 1981 1520 2199 1558; x_wconf 82' lang='lat' dir='ltr'>Liberalibus</span> 
     </span>
     <span class='ocr_line' id='line_1_90' title="bbox 1227 1569 2202 1616; baseline -0.004 -9"><span class='ocrx_word' id='word_1_695' title='bbox 1227 1571 1358 1608; x_wconf 61' lang='lat' dir='ltr'>factum</span> <span class='ocrx_word' id='word_1_696' title='bbox 1371 1571 1470 1608; x_wconf 87' lang='lat' dir='ltr'>fuisse</span> <span class='ocrx_word' id='word_1_697' title='bbox 1483 1571 1654 1612; x_wconf 87' lang='lat' dir='ltr'>ostendit,</span> <span class='ocrx_word' id='word_1_698' title='bbox 1676 1570 1712 1606; x_wconf 91' lang='lat' dir='ltr'>id</span> <span class='ocrx_word' id='word_1_699' title='bbox 1724 1569 1772 1606; x_wconf 90' lang='lat' dir='ltr'>est</span> <span class='ocrx_word' id='word_1_700' title='bbox 1784 1596 1793 1611; x_wconf 93' lang='lat'>,</span> <span class='ocrx_word' id='word_1_701' title='bbox 1818 1584 1846 1606; x_wconf 82' lang='lat' dir='ltr'>a.</span> <span class='ocrx_word' id='word_1_702' title='bbox 1858 1569 1892 1605; x_wconf 94' lang='lat' dir='ltr'>d.</span> <span class='ocrx_word' id='word_1_703' title='bbox 1908 1582 1987 1606; x_wconf 74' lang='grc' dir='ltr'><strong>Χνι.</strong></span> <span class='ocrx_word' id='word_1_704' title='bbox 2004 1569 2080 1607; x_wconf 89' lang='lat' dir='ltr'>Kal.</span> <span class='ocrx_word' id='word_1_705' title='bbox 2093 1570 2202 1616; x_wconf 87' lang='lat' dir='ltr'>April.</span> 
     </span>
     <span class='ocr_line' id='line_1_91' title="bbox 1229 1618 2202 1670; baseline -0.002 -13"><span class='ocrx_word' id='word_1_706' title='bbox 1229 1624 1279 1657; x_wconf 87' lang='lat' dir='ltr'>Eo</span> <span class='ocrx_word' id='word_1_707' title='bbox 1291 1621 1346 1657; x_wconf 90' lang='lat' dir='ltr'>die</span> <span class='ocrx_word' id='word_1_708' title='bbox 1359 1620 1552 1658; x_wconf 86' lang='lat' dir='ltr'>M.Tullius</span> <span class='ocrx_word' id='word_1_709' title='bbox 1566 1645 1576 1660; x_wconf 86' lang='lat'>‚</span> <span class='ocrx_word' id='word_1_710' title='bbox 1596 1631 1768 1670; x_wconf 85' lang='lat' dir='ltr'>quantum</span> <span class='ocrx_word' id='word_1_711' title='bbox 1779 1620 1815 1655; x_wconf 89' lang='lat' dir='ltr'>in</span> <span class='ocrx_word' id='word_1_712' title='bbox 1829 1618 1899 1666; x_wconf 90' lang='lat' dir='ltr'>ipso</span> <span class='ocrx_word' id='word_1_713' title='bbox 1912 1618 1978 1656; x_wconf 89' lang='lat' dir='ltr'>fuit</span> <span class='ocrx_word' id='word_1_714' title='bbox 1989 1643 2000 1658; x_wconf 85' lang='lat'>‚</span> <span class='ocrx_word' id='word_1_715' title='bbox 2018 1619 2102 1668; x_wconf 87' lang='lat' dir='ltr'>jecit</span> <span class='ocrx_word' id='word_1_716' title='bbox 2115 1618 2202 1655; x_wconf 86' lang='lat' dir='ltr'>fun-</span> 
     </span>
     <span class='ocr_line' id='line_1_92' title="bbox 1227 1668 2201 1719; baseline -0.002 -13"><span class='ocrx_word' id='word_1_717' title='bbox 1227 1670 1387 1707; x_wconf 87' lang='lat' dir='ltr'>damenta</span> <span class='ocrx_word' id='word_1_718' title='bbox 1398 1671 1487 1719; x_wconf 84' lang='lat' dir='ltr'>pacis</span> <span class='ocrx_word' id='word_1_719' title='bbox 1500 1695 1510 1709; x_wconf 96' lang='lat'>,</span> <span class='ocrx_word' id='word_1_720' title='bbox 1535 1669 1870 1718; x_wconf 83' lang='lat' dir='ltr'>Atheniensiumque</span> <span class='ocrx_word' id='word_1_721' title='bbox 1891 1668 2077 1705; x_wconf 84' lang='lat' dir='ltr'>renovavit</span> <span class='ocrx_word' id='word_1_722' title='bbox 2099 1678 2201 1705; x_wconf 85' lang='lat' dir='ltr'>vetus</span> 
     </span>
     <span class='ocr_line' id='line_1_93' title="bbox 1228 1717 2200 1768; baseline -0.004 -12"><span class='ocrx_word' id='word_1_723' title='bbox 1228 1720 1429 1768; x_wconf 82' lang='lat' dir='ltr'>exemplum</span> <span class='ocrx_word' id='word_1_724' title='bbox 1456 1733 1463 1755; x_wconf 81' lang='lat' dir='ltr'>z</span> <span class='ocrx_word' id='word_1_725' title='bbox 1503 1721 1672 1755; x_wconf 76' lang='lat' dir='ltr'>Graecum</span> <span class='ocrx_word' id='word_1_726' title='bbox 1705 1718 1809 1755; x_wconf 90' lang='lat' dir='ltr'>etiam</span> <span class='ocrx_word' id='word_1_727' title='bbox 1835 1717 1983 1754; x_wconf 89' lang='lat' dir='ltr'>verbum</span> <span class='ocrx_word' id='word_1_728' title='bbox 2011 1717 2200 1765; x_wconf 87' lang='lat' dir='ltr'>usurpavit,</span> 
     </span>
     <span class='ocr_line' id='line_1_94' title="bbox 1231 1766 2203 1817; baseline -0.004 -12"><span class='ocrx_word' id='word_1_729' title='bbox 1231 1782 1302 1817; x_wconf 92' lang='lat' dir='ltr'>quo</span> <span class='ocrx_word' id='word_1_730' title='bbox 1322 1780 1400 1805; x_wconf 90' lang='lat' dir='ltr'>tum</span> <span class='ocrx_word' id='word_1_731' title='bbox 1421 1769 1458 1804; x_wconf 86' lang='lat' dir='ltr'>in</span> <span class='ocrx_word' id='word_1_732' title='bbox 1482 1768 1633 1805; x_wconf 87' lang='lat' dir='ltr'>sedandis</span> <span class='ocrx_word' id='word_1_733' title='bbox 1660 1767 1836 1807; x_wconf 88' lang='lat' dir='ltr'>discordiis</span> <span class='ocrx_word' id='word_1_734' title='bbox 1850 1767 1907 1803; x_wconf 87' lang='lat' dir='ltr'>usa</span> <span class='ocrx_word' id='word_1_735' title='bbox 1918 1777 1990 1802; x_wconf 89' lang='lat' dir='ltr'>erat</span> <span class='ocrx_word' id='word_1_736' title='bbox 2002 1766 2122 1803; x_wconf 87' lang='lat' dir='ltr'>civitas</span> <span class='ocrx_word' id='word_1_737' title='bbox 2133 1766 2203 1809; x_wconf 79' lang='lat' dir='ltr'>illa;</span> 
     </span>
     <span class='ocr_line' id='line_1_95' title="bbox 1232 1815 2204 1867; baseline -0.004 -13"><span class='ocrx_word' id='word_1_738' title='bbox 1232 1829 1334 1867; x_wconf 81' lang='lat' dir='ltr'>atque</span> <span class='ocrx_word' id='word_1_739' title='bbox 1355 1830 1501 1854; x_wconf 90' lang='lat' dir='ltr'>omnem</span> <span class='ocrx_word' id='word_1_740' title='bbox 1524 1817 1732 1854; x_wconf 88' lang='lat' dir='ltr'>memoriam</span> <span class='ocrx_word' id='word_1_741' title='bbox 1750 1815 2000 1851; x_wconf 84' lang='lat' dir='ltr'>discordiarum</span> <span class='ocrx_word' id='word_1_742' title='bbox 2020 1815 2204 1851; x_wconf 82' lang='lat' dir='ltr'>oblivione</span> 
     </span>
     <span class='ocr_line' id='line_1_96' title="bbox 1234 1863 2202 1915; baseline -0.005 -12"><span class='ocrx_word' id='word_1_743' title='bbox 1234 1867 1437 1915; x_wconf 86' lang='lat' dir='ltr'>sempiterna</span> <span class='ocrx_word' id='word_1_744' title='bbox 1448 1866 1632 1903; x_wconf 84' lang='lat' dir='ltr'>delendam</span> <span class='ocrx_word' id='word_1_745' title='bbox 1643 1865 1788 1901; x_wconf 87' lang='lat' dir='ltr'>censuit.</span> <span class='ocrx_word' id='word_1_746' title='bbox 1816 1864 1938 1912; x_wconf 85' lang='lat' dir='ltr'>Philip.</span> <span class='ocrx_word' id='word_1_747' title='bbox 1958 1877 1984 1901; x_wconf 91' lang='lat'>1.</span> <span class='ocrx_word' id='word_1_748' title='bbox 2006 1864 2106 1900; x_wconf 80' lang='lat' dir='ltr'>Plura</span> <span class='ocrx_word' id='word_1_749' title='bbox 2119 1863 2202 1899; x_wconf 90' lang='lat' dir='ltr'>scri-</span> 
     </span>
     <span class='ocr_line' id='line_1_97' title="bbox 1235 1912 2202 1966; baseline -0.004 -14"><span class='ocrx_word' id='word_1_750' title='bbox 1235 1916 1282 1966; x_wconf 82' lang='lat' dir='ltr'>psi</span> <span class='ocrx_word' id='word_1_751' title='bbox 1306 1917 1342 1953; x_wconf 90' lang='lat' dir='ltr'>in</span> <span class='ocrx_word' id='word_1_752' title='bbox 1365 1930 1436 1965; x_wconf 83' lang='lat' dir='ltr'>cap.</span> <span class='ocrx_word' id='word_1_753' title='bbox 1451 1929 1483 1952; x_wconf 87' lang='lat'>2.</span> <span class='ocrx_word' id='word_1_754' title='bbox 1497 1916 1554 1951; x_wconf 84' lang='lat' dir='ltr'>lib.</span> <span class='ocrx_word' id='word_1_755' title='bbox 1575 1928 1626 1951; x_wconf 85' lang='lat'>12·</span> <span class='ocrx_word' id='word_1_756' title='bbox 1654 1913 1784 1950; x_wconf 84' lang='lat' dir='ltr'>Orosii.</span> <span class='ocrx_word' id='word_1_757' title='bbox 1811 1913 1944 1949; x_wconf 84' lang='lat' dir='ltr'>Habuit</span> <span class='ocrx_word' id='word_1_758' title='bbox 1965 1912 2011 1948; x_wconf 91' lang='lat' dir='ltr'>ibi</span> <span class='ocrx_word' id='word_1_759' title='bbox 2024 1912 2202 1949; x_wconf 87' lang='lat' dir='ltr'>Antonius</span> 
     </span>
     <span class='ocr_line' id='line_1_98' title="bbox 1236 1961 2202 2015; baseline -0.006 -13"><span class='ocrx_word' id='word_1_760' title='bbox 1236 1979 1376 2015; x_wconf 84' lang='lat' dir='ltr'>quoque</span> <span class='ocrx_word' id='word_1_761' title='bbox 1399 1966 1596 2002; x_wconf 87' lang='lat' dir='ltr'>orationem</span> <span class='ocrx_word' id='word_1_762' title='bbox 1619 1964 1662 2000; x_wconf 88' lang='lat' dir='ltr'>de</span> <span class='ocrx_word' id='word_1_763' title='bbox 1680 1961 1893 2002; x_wconf 84' lang='lat' dir='ltr'>concordia,</span> <span class='ocrx_word' id='word_1_764' title='bbox 1915 1961 2056 2010; x_wconf 82' lang='lat' dir='ltr'>ejusque</span> <span class='ocrx_word' id='word_1_765' title='bbox 2075 1973 2202 2009; x_wconf 83' lang='lat' dir='ltr'>parvus</span> 
     </span>
     <span class='ocr_line' id='line_1_99' title="bbox 1235 2009 2205 2063; baseline -0.007 -13"><span class='ocrx_word' id='word_1_766' title='bbox 1235 2014 1326 2052; x_wconf 86' lang='lat' dir='ltr'>filius</span> <span class='ocrx_word' id='word_1_767' title='bbox 1339 2016 1375 2051; x_wconf 88' lang='lat' dir='ltr'>in</span> <span class='ocrx_word' id='word_1_768' title='bbox 1390 2014 1607 2063; x_wconf 87' lang='lat' dir='ltr'>Capitolium</span> <span class='ocrx_word' id='word_1_769' title='bbox 1620 2012 1737 2049; x_wconf 86' lang='lat' dir='ltr'>missus</span> <span class='ocrx_word' id='word_1_770' title='bbox 1750 2035 1758 2049; x_wconf 85' lang='lat'>,</span> <span class='ocrx_word' id='word_1_771' title='bbox 1784 2011 1876 2059; x_wconf 86' lang='lat' dir='ltr'>pacis</span> <span class='ocrx_word' id='word_1_772' title='bbox 1895 2011 1990 2045; x_wconf 83' lang='lat' dir='ltr'>obses</span> <span class='ocrx_word' id='word_1_773' title='bbox 2010 2010 2076 2045; x_wconf 90' lang='lat' dir='ltr'>fuit</span> <span class='ocrx_word' id='word_1_774' title='bbox 2088 2033 2098 2047; x_wconf 94' lang='lat'>,</span> <span class='ocrx_word' id='word_1_775' title='bbox 2123 2009 2205 2044; x_wconf 85' lang='lat' dir='ltr'>Phi-</span> 
     </span>
     <span class='ocr_line' id='line_1_100' title="bbox 1235 2058 2202 2111; baseline -0.006 -13"><span class='ocrx_word' id='word_1_776' title='bbox 1235 2064 1317 2111; x_wconf 89' lang='lat' dir='ltr'>lipp.</span> <span class='ocrx_word' id='word_1_777' title='bbox 1337 2077 1364 2100; x_wconf 89' lang='lat'>1.</span> <span class='ocrx_word' id='word_1_778' title='bbox 1376 2066 1410 2100; x_wconf 84' lang='lat'>&amp;</span> <span class='ocrx_word' id='word_1_779' title='bbox 1425 2077 1456 2098; x_wconf 89' lang='lat'>2.</span> <span class='ocrx_word' id='word_1_780' title='bbox 1482 2064 1599 2110; x_wconf 85' lang='lat' dir='ltr'>itaque</span> <span class='ocrx_word' id='word_1_781' title='bbox 1610 2061 1849 2096; x_wconf 61' lang='lat' dir='ltr'>interfectores</span> <span class='ocrx_word' id='word_1_782' title='bbox 1861 2081 1871 2096; x_wconf 91' lang='lat'>‚</span> <span class='ocrx_word' id='word_1_783' title='bbox 1896 2068 1936 2093; x_wconf 88' lang='lat' dir='ltr'>ut</span> <span class='ocrx_word' id='word_1_784' title='bbox 1948 2058 2151 2093; x_wconf 88' lang='lat' dir='ltr'>Plutarchus</span> <span class='ocrx_word' id='word_1_785' title='bbox 2166 2058 2202 2094; x_wconf 86' lang='lat' dir='ltr'>in</span> 
     </span>
     <span class='ocr_line' id='line_1_101' title="bbox 1234 2105 2204 2153; baseline -0.001 -9"><span class='ocrx_word' id='word_1_786' title='bbox 1234 2113 1343 2146; x_wconf 89' lang='lat' dir='ltr'>Bruto</span> <span class='ocrx_word' id='word_1_787' title='bbox 1354 2110 1469 2146; x_wconf 91' lang='lat' dir='ltr'>scribit</span> <span class='ocrx_word' id='word_1_788' title='bbox 1481 2133 1491 2147; x_wconf 91' lang='lat'><em>‚</em></span> <span class='ocrx_word' id='word_1_789' title='bbox 1515 2109 1534 2144; x_wconf 76' lang='lat' dir='ltr'>e</span> <span class='ocrx_word' id='word_1_790' title='bbox 1548 2107 1722 2153; x_wconf 85' lang='lat' dir='ltr'>Capitolio</span> <span class='ocrx_word' id='word_1_791' title='bbox 1734 2105 1985 2142; x_wconf 89' lang='lat' dir='ltr'>descenderunt</span> <span class='ocrx_word' id='word_1_792' title='bbox 1997 2130 2004 2144; x_wconf 89' lang='lat'><em>‚</em></span> <span class='ocrx_word' id='word_1_793' title='bbox 2030 2108 2065 2142; x_wconf 73' lang='grc' dir='ltr'>δε</span> <span class='ocrx_word' id='word_1_794' title='bbox 2077 2107 2204 2143; x_wconf 89' lang='lat' dir='ltr'>Brutus</span> 
     </span>
     <span class='ocr_line' id='line_1_102' title="bbox 1233 2154 2204 2206; baseline -0.002 -13"><span class='ocrx_word' id='word_1_795' title='bbox 1233 2158 1322 2206; x_wconf 83' lang='lat' dir='ltr'>apud</span> <span class='ocrx_word' id='word_1_796' title='bbox 1349 2157 1521 2206; x_wconf 86' lang='lat' dir='ltr'>Lepidum</span> <span class='ocrx_word' id='word_1_797' title='bbox 1547 2183 1556 2198; x_wconf 86' lang='lat'>‚</span> <span class='ocrx_word' id='word_1_798' title='bbox 1583 2155 1715 2193; x_wconf 84' lang='lat' dir='ltr'>Cassius</span> <span class='ocrx_word' id='word_1_799' title='bbox 1735 2154 1827 2202; x_wconf 86' lang='lat' dir='ltr'>apud</span> <span class='ocrx_word' id='word_1_800' title='bbox 1852 2155 2072 2195; x_wconf 88' lang='lat' dir='ltr'>Antonium,</span> <span class='ocrx_word' id='word_1_801' title='bbox 2099 2156 2204 2192; x_wconf 82' lang='lat' dir='ltr'>ceteri</span> 
     </span>
     <span class='ocr_line' id='line_1_103' title="bbox 1232 2203 2205 2254; baseline -0.002 -12"><span class='ocrx_word' id='word_1_802' title='bbox 1232 2206 1322 2254; x_wconf 86' lang='lat' dir='ltr'>apud</span> <span class='ocrx_word' id='word_1_803' title='bbox 1343 2206 1427 2242; x_wconf 89' lang='lat' dir='ltr'>alios</span> <span class='ocrx_word' id='word_1_804' title='bbox 1449 2216 1650 2242; x_wconf 86' lang='lat' dir='ltr'>coenarunt.</span> <span class='ocrx_word' id='word_1_805' title='bbox 1688 2204 1825 2252; x_wconf 86' lang='lat' dir='ltr'>postero</span> <span class='ocrx_word' id='word_1_806' title='bbox 1847 2203 1904 2239; x_wconf 86' lang='lat' dir='ltr'>die</span> <span class='ocrx_word' id='word_1_807' title='bbox 1925 2205 2118 2252; x_wconf 72' lang='lat' dir='ltr'>provinciae</span> <span class='ocrx_word' id='word_1_808' title='bbox 2146 2204 2205 2240; x_wconf 85' lang='lat' dir='ltr'>iis-</span> 
     </span>
     <span class='ocr_line' id='line_1_104' title="bbox 1231 2252 2206 2298; baseline -0.002 -8"><span class='ocrx_word' id='word_1_809' title='bbox 1231 2256 1311 2290; x_wconf 88' lang='lat' dir='ltr'>dem</span> <span class='ocrx_word' id='word_1_810' title='bbox 1324 2255 1360 2291; x_wconf 87' lang='lat' dir='ltr'>in</span> <span class='ocrx_word' id='word_1_811' title='bbox 1372 2256 1489 2291; x_wconf 87' lang='lat' dir='ltr'>senatu</span> <span class='ocrx_word' id='word_1_812' title='bbox 1501 2254 1648 2290; x_wconf 76' lang='lat' dir='ltr'>decretae</span> <span class='ocrx_word' id='word_1_813' title='bbox 1659 2252 1803 2289; x_wconf 89' lang='lat' dir='ltr'>fuerunt</span> <span class='ocrx_word' id='word_1_814' title='bbox 1817 2271 1826 2298; x_wconf 81' lang='lat'>3</span> <span class='ocrx_word' id='word_1_815' title='bbox 1850 2254 1958 2289; x_wconf 91' lang='lat' dir='ltr'>Bruto</span> <span class='ocrx_word' id='word_1_816' title='bbox 1972 2254 2097 2290; x_wconf 87' lang='lat' dir='ltr'>Creta:</span> <span class='ocrx_word' id='word_1_817' title='bbox 2124 2253 2206 2289; x_wconf 87' lang='lat' dir='ltr'>Cas-</span> 
     </span>
     <span class='ocr_line' id='line_1_105' title="bbox 1232 2302 2204 2351; baseline -0.004 -12"><span class='ocrx_word' id='word_1_818' title='bbox 1232 2303 1280 2339; x_wconf 86' lang='lat' dir='ltr'>sio</span> <span class='ocrx_word' id='word_1_819' title='bbox 1292 2303 1430 2340; x_wconf 80' lang='lat' dir='ltr'>Africa:</span> <span class='ocrx_word' id='word_1_820' title='bbox 1458 2303 1640 2339; x_wconf 87' lang='lat' dir='ltr'>Trebonio</span> <span class='ocrx_word' id='word_1_821' title='bbox 1656 2302 1753 2339; x_wconf 78' lang='lat' dir='ltr'>Asia:</span> <span class='ocrx_word' id='word_1_822' title='bbox 1779 2302 1927 2338; x_wconf 88' lang='lat' dir='ltr'>Cimbro</span> <span class='ocrx_word' id='word_1_823' title='bbox 1950 2302 2136 2351; x_wconf 81' lang='lat' dir='ltr'>Bithynia,</span> <span class='ocrx_word' id='word_1_824' title='bbox 2159 2304 2204 2337; x_wconf 83' lang='lat' dir='ltr'>D.</span> 
     </span>
     <span class='ocr_line' id='line_1_106' title="bbox 1233 2350 2204 2389; baseline -0.002 -1"><span class='ocrx_word' id='word_1_825' title='bbox 1233 2354 1341 2388; x_wconf 87' lang='lat' dir='ltr'>Bruto</span> <span class='ocrx_word' id='word_1_826' title='bbox 1353 2352 1466 2388; x_wconf 82' lang='lat' dir='ltr'>Gallia</span> <span class='ocrx_word' id='word_1_827' title='bbox 1475 2352 1622 2389; x_wconf 84' lang='lat' dir='ltr'>citerior.</span> <span class='ocrx_word' id='word_1_828' title='bbox 1652 2352 1719 2387; x_wconf 87' lang='lat' dir='ltr'>Sed</span> <span class='ocrx_word' id='word_1_829' title='bbox 1732 2375 1741 2389; x_wconf 92' lang='lat'>,</span> <span class='ocrx_word' id='word_1_830' title='bbox 1765 2352 1847 2387; x_wconf 81' lang='lat' dir='ltr'>cum</span> <span class='ocrx_word' id='word_1_831' title='bbox 1859 2350 1971 2387; x_wconf 87' lang='lat' dir='ltr'>Caesar</span> <span class='ocrx_word' id='word_1_832' title='bbox 1990 2351 2112 2387; x_wconf 89' lang='lat' dir='ltr'>funere</span> <span class='ocrx_word' id='word_1_833' title='bbox 2134 2351 2204 2387; x_wconf 88' lang='lat' dir='ltr'>ela-</span> 
     </span>
     <span class='ocr_line' id='line_1_107' title="bbox 1231 2399 2205 2447; baseline -0.002 -10"><span class='ocrx_word' id='word_1_834' title='bbox 1231 2413 1287 2437; x_wconf 91' lang='lat' dir='ltr'>tus</span> <span class='ocrx_word' id='word_1_835' title='bbox 1299 2428 1307 2442; x_wconf 91' lang='lat'>‚</span> <span class='ocrx_word' id='word_1_836' title='bbox 1321 2404 1355 2438; x_wconf 69' lang='grc' dir='ltr'>ὃ(</span> <span class='ocrx_word' id='word_1_837' title='bbox 1368 2402 1385 2438; x_wconf 74' lang='lat' dir='ltr'>a</span> <span class='ocrx_word' id='word_1_838' title='bbox 1401 2404 1448 2436; x_wconf 89' lang='lat' dir='ltr'>M.</span> <span class='ocrx_word' id='word_1_839' title='bbox 1459 2402 1615 2437; x_wconf 88' lang='lat' dir='ltr'>Antonio</span> <span class='ocrx_word' id='word_1_840' title='bbox 1630 2400 1785 2436; x_wconf 84' lang='lat' dir='ltr'>laudatus</span> <span class='ocrx_word' id='word_1_841' title='bbox 1797 2400 1878 2436; x_wconf 79' lang='lat' dir='ltr'>esset</span> <span class='ocrx_word' id='word_1_842' title='bbox 1892 2425 1900 2440; x_wconf 86' lang='lat'>‚</span> <span class='ocrx_word' id='word_1_843' title='bbox 1918 2400 2010 2447; x_wconf 87' lang='lat' dir='ltr'>plebs</span> <span class='ocrx_word' id='word_1_844' title='bbox 2023 2412 2107 2436; x_wconf 88' lang='lat' dir='ltr'>cum</span> <span class='ocrx_word' id='word_1_845' title='bbox 2118 2399 2205 2436; x_wconf 76' lang='lat' dir='ltr'>faci-</span> 
     </span>
     <span class='ocr_line' id='line_1_108' title="bbox 1232 2448 2204 2489; baseline -0.001 -4"><span class='ocrx_word' id='word_1_846' title='bbox 1232 2451 1294 2486; x_wconf 89' lang='lat' dir='ltr'>bus</span> <span class='ocrx_word' id='word_1_847' title='bbox 1316 2451 1358 2486; x_wconf 89' lang='lat' dir='ltr'>ad</span> <span class='ocrx_word' id='word_1_848' title='bbox 1368 2450 1517 2486; x_wconf 90' lang='lat' dir='ltr'>domum</span> <span class='ocrx_word' id='word_1_849' title='bbox 1529 2450 1624 2486; x_wconf 88' lang='lat' dir='ltr'>Bruti</span> <span class='ocrx_word' id='word_1_850' title='bbox 1638 2474 1648 2488; x_wconf 93' lang='lat'>,</span> <span class='ocrx_word' id='word_1_851' title='bbox 1675 2449 1802 2487; x_wconf 84' lang='lat' dir='ltr'>Cassii,</span> <span class='ocrx_word' id='word_1_852' title='bbox 1825 2449 2023 2485; x_wconf 85' lang='lat' dir='ltr'>&amp;aliorum</span> <span class='ocrx_word' id='word_1_853' title='bbox 2044 2448 2204 2489; x_wconf 87' lang='lat' dir='ltr'>tetendit,</span> 
     </span>
     <span class='ocr_line' id='line_1_109' title="bbox 1231 2497 2206 2548; baseline -0.003 -13"><span class='ocrx_word' id='word_1_854' title='bbox 1231 2510 1334 2548; x_wconf 88' lang='lat' dir='ltr'>atque</span> <span class='ocrx_word' id='word_1_855' title='bbox 1345 2511 1435 2547; x_wconf 84' lang='lat' dir='ltr'>aegre</span> <span class='ocrx_word' id='word_1_856' title='bbox 1458 2499 1492 2535; x_wconf 92' lang='lat' dir='ltr'>vi</span> <span class='ocrx_word' id='word_1_857' title='bbox 1507 2511 1683 2547; x_wconf 87' lang='lat' dir='ltr'>manuque</span> <span class='ocrx_word' id='word_1_858' title='bbox 1697 2498 1828 2546; x_wconf 87' lang='lat' dir='ltr'>repulsa</span> <span class='ocrx_word' id='word_1_859' title='bbox 1839 2498 1917 2533; x_wconf 84' lang='lat' dir='ltr'>suit.</span> <span class='ocrx_word' id='word_1_860' title='bbox 1943 2497 2039 2546; x_wconf 91' lang='lat' dir='ltr'>quod</span> <span class='ocrx_word' id='word_1_861' title='bbox 2051 2497 2206 2533; x_wconf 81' lang='lat' dir='ltr'>historici</span> 
     </span>
     <span class='ocr_line' id='line_1_110' title="bbox 1233 2546 2204 2595; baseline -0.005 -11"><span class='ocrx_word' id='word_1_862' title='bbox 1233 2561 1340 2595; x_wconf 88' lang='lat' dir='ltr'>prope</span> <span class='ocrx_word' id='word_1_863' title='bbox 1353 2560 1476 2584; x_wconf 89' lang='lat' dir='ltr'>omnes</span> <span class='ocrx_word' id='word_1_864' title='bbox 1490 2548 1643 2584; x_wconf 87' lang='lat' dir='ltr'>scribunt</span> <span class='ocrx_word' id='word_1_865' title='bbox 1658 2574 1666 2588; x_wconf 86' lang='lat'>,</span> <span class='ocrx_word' id='word_1_866' title='bbox 1680 2550 1714 2584; x_wconf 89' lang='lat'>&amp;</span> <span class='ocrx_word' id='word_1_867' title='bbox 1726 2560 1810 2584; x_wconf 88' lang='lat' dir='ltr'>cum</span> <span class='ocrx_word' id='word_1_868' title='bbox 1826 2546 1889 2582; x_wconf 87' lang='lat' dir='ltr'>illis</span> <span class='ocrx_word' id='word_1_869' title='bbox 1903 2546 2029 2582; x_wconf 89' lang='lat' dir='ltr'>Cicero</span> <span class='ocrx_word' id='word_1_870' title='bbox 2045 2546 2133 2581; x_wconf 90' lang='lat' dir='ltr'>libro</span> <span class='ocrx_word' id='word_1_871' title='bbox 2153 2559 2204 2589; x_wconf 85' lang='lat'>14.</span> 
     </span>
     <span class='ocr_line' id='line_1_111' title="bbox 1234 2594 2204 2645; baseline -0.002 -13"><span class='ocrx_word' id='word_1_872' title='bbox 1234 2597 1273 2632; x_wconf 87' lang='lat' dir='ltr'>ad</span> <span class='ocrx_word' id='word_1_873' title='bbox 1287 2597 1391 2634; x_wconf 88' lang='lat' dir='ltr'>Attic.</span> <span class='ocrx_word' id='word_1_874' title='bbox 1414 2599 1448 2633; x_wconf 74' lang='grc' dir='ltr'>ὅτ,</span> <span class='ocrx_word' id='word_1_875' title='bbox 1462 2597 1606 2645; x_wconf 90' lang='lat' dir='ltr'>Philipp.</span> <span class='ocrx_word' id='word_1_876' title='bbox 1619 2609 1648 2632; x_wconf 89' lang='lat'>2·</span> <span class='ocrx_word' id='word_1_877' title='bbox 1677 2598 1774 2632; x_wconf 88' lang='lat' dir='ltr'>Tum</span> <span class='ocrx_word' id='word_1_878' title='bbox 1790 2598 1838 2632; x_wconf 94' lang='lat' dir='ltr'>M.</span> <span class='ocrx_word' id='word_1_879' title='bbox 1851 2596 1976 2631; x_wconf 89' lang='lat' dir='ltr'>Brutus</span> <span class='ocrx_word' id='word_1_880' title='bbox 1989 2622 1998 2637; x_wconf 94' lang='lat'>‚</span> <span class='ocrx_word' id='word_1_881' title='bbox 2023 2597 2056 2631; x_wconf 86' lang='lat'>&amp;</span> <span class='ocrx_word' id='word_1_882' title='bbox 2072 2594 2204 2631; x_wconf 80' lang='lat' dir='ltr'>Casfius</span> 
     </span>
     <span class='ocr_line' id='line_1_112' title="bbox 1232 2644 2205 2694; baseline -0.002 -12"><span class='ocrx_word' id='word_1_883' title='bbox 1232 2645 1354 2682; x_wconf 86' lang='lat' dir='ltr'>urbem</span> <span class='ocrx_word' id='word_1_884' title='bbox 1379 2645 1595 2694; x_wconf 86' lang='lat' dir='ltr'>reliquerunt</span> <span class='ocrx_word' id='word_1_885' title='bbox 1614 2672 1623 2684; x_wconf 81' lang='grc'><em>,</em></span> <span class='ocrx_word' id='word_1_886' title='bbox 1647 2648 1681 2682; x_wconf 86' lang='lat'>&amp;</span> <span class='ocrx_word' id='word_1_887' title='bbox 1705 2645 1852 2681; x_wconf 89' lang='lat' dir='ltr'>Antium</span> <span class='ocrx_word' id='word_1_888' title='bbox 1875 2655 1978 2692; x_wconf 87' lang='lat' dir='ltr'>atque</span> <span class='ocrx_word' id='word_1_889' title='bbox 2002 2644 2205 2680; x_wconf 87' lang='lat' dir='ltr'>Lanuvium</span> 
     </span>
     <span class='ocr_line' id='line_1_113' title="bbox 1232 2692 2206 2742; baseline -0.003 -12"><span class='ocrx_word' id='word_1_890' title='bbox 1232 2694 1377 2742; x_wconf 55' lang='lat' dir='ltr'>profesti</span> <span class='ocrx_word' id='word_1_891' title='bbox 1392 2721 1401 2735; x_wconf 88' lang='lat'>‚</span> <span class='ocrx_word' id='word_1_892' title='bbox 1415 2695 1477 2730; x_wconf 83' lang='lat' dir='ltr'>diu</span> <span class='ocrx_word' id='word_1_893' title='bbox 1490 2695 1536 2729; x_wconf 85' lang='lat' dir='ltr'>ibi</span> <span class='ocrx_word' id='word_1_894' title='bbox 1549 2693 1651 2731; x_wconf 83' lang='lat' dir='ltr'>otiosi</span> <span class='ocrx_word' id='word_1_895' title='bbox 1664 2694 1825 2735; x_wconf 88' lang='lat' dir='ltr'>fuerunt,</span> <span class='ocrx_word' id='word_1_896' title='bbox 1844 2692 1953 2729; x_wconf 91' lang='lat' dir='ltr'>utlib.</span> <span class='ocrx_word' id='word_1_897' title='bbox 1971 2694 2070 2736; x_wconf 66' lang='lat'>14&amp;</span> <span class='ocrx_word' id='word_1_898' title='bbox 2089 2704 2140 2734; x_wconf 88' lang='lat'>15.</span> <span class='ocrx_word' id='word_1_899' title='bbox 2161 2692 2206 2728; x_wconf 88' lang='lat' dir='ltr'>ad</span> 
     </span>
    </p>
   </div>
   <div class='ocr_carea' id='block_1_9' title="bbox 1234 2741 2254 2792">
    <p class='ocr_par' dir='ltr' id='par_1_10' title="bbox 1234 2741 2254 2792">
     <span class='ocr_line' id='line_1_114' title="bbox 1234 2741 2254 2792; baseline 0 -14"><span class='ocrx_word' id='word_1_900' title='bbox 1234 2743 1388 2779; x_wconf 89' lang='lat' dir='ltr'>Atticum</span> <span class='ocrx_word' id='word_1_901' title='bbox 1403 2744 1572 2780; x_wconf 88' lang='lat' dir='ltr'>videmus.</span> <span class='ocrx_word' id='word_1_902' title='bbox 1598 2744 1724 2779; x_wconf 90' lang='lat' dir='ltr'>Cicero</span> <span class='ocrx_word' id='word_1_903' title='bbox 1736 2755 1878 2792; x_wconf 91' lang='lat' dir='ltr'>quoque</span> <span class='ocrx_word' id='word_1_904' title='bbox 1896 2742 2001 2778; x_wconf 88' lang='lat' dir='ltr'>initio</span> <span class='ocrx_word' id='word_1_905' title='bbox 2015 2741 2137 2789; x_wconf 88' lang='lat' dir='ltr'>Aprilis</span> <span class='ocrx_word' id='word_1_906' title='bbox 2159 2753 2205 2778; x_wconf 83' lang='lat' dir='ltr'>ex</span> <span class='ocrx_word' id='word_1_907' title='bbox 2248 2760 2254 2766; x_wconf 92' lang='lat'><strong>·</strong></span> 
     </span>
    </p>
   </div>
   <div class='ocr_carea' id='block_1_10' title="bbox 1234 2789 2209 3132">
    <p class='ocr_par' dir='ltr' id='par_1_11' title="bbox 1234 2789 2209 3132">
     <span class='ocr_line' id='line_1_115' title="bbox 1235 2789 2208 2838; baseline -0.002 -11"><span class='ocrx_word' id='word_1_908' title='bbox 1235 2792 1320 2827; x_wconf 89' lang='lat' dir='ltr'>urbe</span> <span class='ocrx_word' id='word_1_909' title='bbox 1343 2805 1403 2828; x_wconf 89' lang='lat' dir='ltr'>rus</span> <span class='ocrx_word' id='word_1_910' title='bbox 1416 2793 1590 2838; x_wconf 61' lang='lat' dir='ltr'>profeeius</span> <span class='ocrx_word' id='word_1_911' title='bbox 1603 2793 1701 2828; x_wconf 88' lang='lat' dir='ltr'>villas</span> <span class='ocrx_word' id='word_1_912' title='bbox 1717 2792 1788 2828; x_wconf 89' lang='lat' dir='ltr'>suas</span> <span class='ocrx_word' id='word_1_913' title='bbox 1799 2790 1956 2828; x_wconf 85' lang='lat' dir='ltr'>lustravit</span> <span class='ocrx_word' id='word_1_914' title='bbox 1968 2815 1977 2829; x_wconf 86' lang='lat'>‚</span> <span class='ocrx_word' id='word_1_915' title='bbox 1999 2801 2037 2826; x_wconf 93' lang='lat' dir='ltr'>ut</span> <span class='ocrx_word' id='word_1_916' title='bbox 2048 2789 2208 2826; x_wconf 84' lang='lat' dir='ltr'>indicant</span> 
     </span>
     <span class='ocr_line' id='line_1_116' title="bbox 1234 2839 2204 2890; baseline -0.003 -14"><span class='ocrx_word' id='word_1_917' title='bbox 1234 2840 1383 2888; x_wconf 88' lang='lat' dir='ltr'>epistolae</span> <span class='ocrx_word' id='word_1_918' title='bbox 1396 2841 1462 2877; x_wconf 89' lang='lat' dir='ltr'>illae</span> <span class='ocrx_word' id='word_1_919' title='bbox 1475 2867 1484 2882; x_wconf 91' lang='lat'>,</span> <span class='ocrx_word' id='word_1_920' title='bbox 1497 2854 1573 2890; x_wconf 82' lang='lat' dir='ltr'>quae</span> <span class='ocrx_word' id='word_1_921' title='bbox 1587 2841 1689 2877; x_wconf 89' lang='lat' dir='ltr'>initio</span> <span class='ocrx_word' id='word_1_922' title='bbox 1703 2841 1760 2876; x_wconf 86' lang='lat' dir='ltr'>lib.</span> <span class='ocrx_word' id='word_1_923' title='bbox 1779 2853 1828 2883; x_wconf 85' lang='lat'>14.</span> <span class='ocrx_word' id='word_1_924' title='bbox 1844 2839 1886 2875; x_wconf 89' lang='lat' dir='ltr'>ad</span> <span class='ocrx_word' id='word_1_925' title='bbox 1902 2842 1973 2876; x_wconf 81' lang='lat' dir='ltr'>Att.</span> <span class='ocrx_word' id='word_1_926' title='bbox 1987 2840 2054 2874; x_wconf 93' lang='lat' dir='ltr'>hoc</span> <span class='ocrx_word' id='word_1_927' title='bbox 2065 2849 2204 2886; x_wconf 89' lang='lat' dir='ltr'>tempo—</span> 
     </span>
     <span class='ocr_line' id='line_1_117' title="bbox 1236 2889 2208 2938; baseline -0.003 -13"><span class='ocrx_word' id='word_1_928' title='bbox 1236 2902 1271 2925; x_wconf 91' lang='lat' dir='ltr'>re</span> <span class='ocrx_word' id='word_1_929' title='bbox 1283 2889 1413 2936; x_wconf 82' lang='lat' dir='ltr'>scriptae</span> <span class='ocrx_word' id='word_1_930' title='bbox 1426 2890 1610 2937; x_wconf 86' lang='lat' dir='ltr'>leguntur:</span> <span class='ocrx_word' id='word_1_931' title='bbox 1625 2902 1688 2926; x_wconf 92' lang='lat' dir='ltr'>nec</span> <span class='ocrx_word' id='word_1_932' title='bbox 1702 2889 1894 2938; x_wconf 87' lang='lat' dir='ltr'>quidquam</span> <span class='ocrx_word' id='word_1_933' title='bbox 1907 2899 1949 2923; x_wconf 92' lang='lat' dir='ltr'>eo</span> <span class='ocrx_word' id='word_1_934' title='bbox 1960 2898 2117 2934; x_wconf 88' lang='lat' dir='ltr'>tempore</span> <span class='ocrx_word' id='word_1_935' title='bbox 2132 2899 2208 2922; x_wconf 85' lang='lat' dir='ltr'>ma·-</span> 
     </span>
     <span class='ocr_line' id='line_1_118' title="bbox 1237 2934 2206 2986; baseline -0.004 -12"><span class='ocrx_word' id='word_1_936' title='bbox 1237 2938 1324 2974; x_wconf 87' lang='lat' dir='ltr'>lebat</span> <span class='ocrx_word' id='word_1_937' title='bbox 1337 2962 1347 2976; x_wconf 88' lang='lat'>,</span> <span class='ocrx_word' id='word_1_938' title='bbox 1359 2951 1464 2986; x_wconf 85' lang='lat' dir='ltr'>quam</span> <span class='ocrx_word' id='word_1_939' title='bbox 1478 2938 1631 2974; x_wconf 88' lang='lat' dir='ltr'>rusticari</span> <span class='ocrx_word' id='word_1_940' title='bbox 1648 2963 1657 2977; x_wconf 88' lang='lat'>‚</span> <span class='ocrx_word' id='word_1_941' title='bbox 1669 2937 1821 2986; x_wconf 83' lang='lat' dir='ltr'>epist-23·</span> <span class='ocrx_word' id='word_1_942' title='bbox 1836 2936 1894 2972; x_wconf 89' lang='lat' dir='ltr'>lib.</span> <span class='ocrx_word' id='word_1_943' title='bbox 1905 2939 1958 2973; x_wconf 63' lang='lat'>16.</span> <span class='ocrx_word' id='word_1_944' title='bbox 1973 2934 2093 2970; x_wconf 69' lang='lat' dir='ltr'>Famil.</span> <span class='ocrx_word' id='word_1_945' title='bbox 2120 2937 2206 2971; x_wconf 84' lang='lat' dir='ltr'>Haec</span> 
     </span>
     <span class='ocr_line' id='line_1_119' title="bbox 1236 2983 2208 3024; baseline -0.003 -1"><span class='ocrx_word' id='word_1_946' title='bbox 1236 2998 1351 3024; x_wconf 87' lang='lat' dir='ltr'>autem</span> <span class='ocrx_word' id='word_1_947' title='bbox 1366 2986 1541 3022; x_wconf 89' lang='lat' dir='ltr'>rusticatio</span> <span class='ocrx_word' id='word_1_948' title='bbox 1564 2988 1664 3022; x_wconf 88' lang='lat' dir='ltr'>nobis</span> <span class='ocrx_word' id='word_1_949' title='bbox 1683 2986 1777 3022; x_wconf 83' lang='lat' dir='ltr'>dedit</span> <span class='ocrx_word' id='word_1_950' title='bbox 1799 2997 1866 3022; x_wconf 90' lang='lat' dir='ltr'>tres</span> <span class='ocrx_word' id='word_1_951' title='bbox 1890 2984 1996 3020; x_wconf 87' lang='lat' dir='ltr'>libros</span> <span class='ocrx_word' id='word_1_952' title='bbox 2017 2983 2059 3018; x_wconf 90' lang='lat' dir='ltr'>de</span> <span class='ocrx_word' id='word_1_953' title='bbox 2072 2984 2208 3020; x_wconf 84' lang='lat' dir='ltr'>Natura</span> 
     </span>
     <span class='ocr_line' id='line_1_120' title="bbox 1241 3032 2209 3081; baseline -0.005 -10"><span class='ocrx_word' id='word_1_954' title='bbox 1241 3038 1396 3071; x_wconf 88' lang='lat' dir='ltr'>Deorum</span> <span class='ocrx_word' id='word_1_955' title='bbox 1409 3061 1417 3076; x_wconf 93' lang='lat'>‚</span> <span class='ocrx_word' id='word_1_956' title='bbox 1442 3037 1475 3071; x_wconf 86' lang='lat'>&amp;</span> <span class='ocrx_word' id='word_1_957' title='bbox 1490 3035 1579 3071; x_wconf 91' lang='lat' dir='ltr'>duos</span> <span class='ocrx_word' id='word_1_958' title='bbox 1593 3038 1633 3071; x_wconf 89' lang='lat' dir='ltr'>de</span> <span class='ocrx_word' id='word_1_959' title='bbox 1644 3035 1870 3072; x_wconf 87' lang='lat' dir='ltr'>Divinatione</span> <span class='ocrx_word' id='word_1_960' title='bbox 1882 3059 1891 3074; x_wconf 89' lang='lat'>‚</span> <span class='ocrx_word' id='word_1_961' title='bbox 1913 3036 1948 3069; x_wconf 85' lang='lat'>&amp;</span> <span class='ocrx_word' id='word_1_962' title='bbox 1960 3042 2122 3081; x_wconf 72' lang='lat' dir='ltr'>praeterea</span> <span class='ocrx_word' id='word_1_963' title='bbox 2133 3032 2209 3067; x_wconf 88' lang='lat' dir='ltr'>dia-</span> 
     </span>
     <span class='ocr_line' id='line_1_121' title="bbox 1241 3081 2209 3132; baseline -0.003 -14"><span class='ocrx_word' id='word_1_964' title='bbox 1241 3087 1364 3131; x_wconf 82' lang='lat' dir='ltr'>logum</span> <span class='ocrx_word' id='word_1_965' title='bbox 1379 3084 1420 3119; x_wconf 92' lang='lat' dir='ltr'>de</span> <span class='ocrx_word' id='word_1_966' title='bbox 1433 3084 1622 3125; x_wconf 68' lang='lat' dir='ltr'>senestute,</span> <span class='ocrx_word' id='word_1_967' title='bbox 1633 3095 1672 3120; x_wconf 91' lang='lat' dir='ltr'>ut</span> <span class='ocrx_word' id='word_1_968' title='bbox 1683 3095 1780 3132; x_wconf 91' lang='lat' dir='ltr'>put0,</span> <span class='ocrx_word' id='word_1_969' title='bbox 1792 3082 1951 3132; x_wconf 84' lang='lat' dir='ltr'>quamvis</span> <span class='ocrx_word' id='word_1_970' title='bbox 1965 3081 2059 3116; x_wconf 90' lang='lat' dir='ltr'>enim</span> <span class='ocrx_word' id='word_1_971' title='bbox 2073 3091 2151 3116; x_wconf 88' lang='lat' dir='ltr'>ante</span> <span class='ocrx_word' id='word_1_972' title='bbox 2164 3081 2209 3116; x_wconf 89' lang='lat' dir='ltr'>li-</span> 
     </span>
    </p>
   </div>
   <div class='ocr_carea' id='block_1_11' title="bbox 1242 3129 2210 3214">
    <p class='ocr_par' dir='ltr' id='par_1_12' title="bbox 1242 3129 2210 3214">
     <span class='ocr_line' id='line_1_122' title="bbox 1242 3129 2210 3214; baseline -0.007 -43"><span class='ocrx_word' id='word_1_973' title='bbox 1242 3135 1323 3171; x_wconf 86' lang='lat' dir='ltr'>bros</span> <span class='ocrx_word' id='word_1_974' title='bbox 1345 3133 1388 3170; x_wconf 89' lang='lat' dir='ltr'>de</span> <span class='ocrx_word' id='word_1_975' title='bbox 1410 3132 1639 3171; x_wconf 85' lang='lat' dir='ltr'>Divinatione</span> <span class='ocrx_word' id='word_1_976' title='bbox 1661 3132 1702 3171; x_wconf 86' lang='lat' dir='ltr'>sit</span> <span class='ocrx_word' id='word_1_977' title='bbox 1722 3133 1865 3182; x_wconf 81' lang='lat' dir='ltr'>scriptus</span> <span class='ocrx_word' id='word_1_978' title='bbox 1886 3155 1897 3171; x_wconf 84' lang='lat'>,</span> <span class='ocrx_word' id='word_1_979' title='bbox 1931 3141 1970 3168; x_wconf 86' lang='lat' dir='ltr'>ut</span> <span class='ocrx_word' id='word_1_980' title='bbox 1993 3129 2210 3214; x_wconf 53' lang='lat' dir='ltr'>prooeifiigim</span> 
     </span>
     <span class='ocr_line' id='line_1_123' title="bbox 2159 3189 2204 3213; baseline 0 0"><span class='ocrx_word' id='word_1_981' title='bbox 2159 3189 2204 3213; x_wconf 78' lang='lat'>·2,</span> 
     </span>
    </p>
   </div>
   <div class='ocr_carea' id='block_1_12' title="bbox 1725 3226 1808 3246">
    <p class='ocr_par' dir='ltr' id='par_1_13' title="bbox 1725 3226 1808 3246">
     <span class='ocr_line' id='line_1_124' title="bbox 1725 3226 1808 3246; baseline 0 -4"><span class='ocrx_word' id='word_1_982' title='bbox 1725 3226 1808 3246; x_wconf 50' lang='lat' dir='ltr'>Q*</span> 
     </span>
    </p>
   </div>
  </div>
 </body>
</html>
