2302 3353
576 127 660 158 AD
728 111 799 156 M.
846 113 1183 160 Bau-run
1252 114 1602 162 ORATon.

1992 117 2082 176 167

115 203 188 233 nem
197 201 287 232 etiam
297 209 336 231 ex
343 200 401 230 hoc
411 196 540 237 intelligi
549 194 647 237 potest
658 215 667 230 ‚
679 195 760 237 quod
771 196 871 225 versus
880 196 952 235 saepe
963 198 995 226 in
1005 207 1069 227 ora-
1087 187 1091 226 l
1117 199 1278 229 numerosa
1288 219 1296 233 ,
1315 209 1422 239 paeone
1440 199 1576 230 maxime
1597 199 1754 242 (quoniam
1774 201 1908 241 optimus
1926 199 2030 231 auEmr
2039 203 2081 233 ita

115 245 199 274 tione
212 252 258 286 per
276 240 493 283 imprudentiam
501 239 630 269 dicimus
644 248 649 267 :
668 237 751 279 quod
760 238 954 267 vehementer
971 237 1014 267 est
1022 240 1070 268 vi·
1115 240 1225 280 censet)
1235 241 1284 271 sed
1294 242 1417 282 reliquis
1428 243 1517 272 etiam
1529 244 1676 275 numeris,
1687 252 1765 284 quos
1774 243 1825 273 ille
1838 244 1967 283 praeterit
1976 263 1985 277 ,
1997 253 2078 273 tem-

114 285 228 316 tiorum
247 296 252 314 :
272 284 320 315 sed
336 292 400 313 non
410 281 592 312 attendimus
601 300 610 314 ‚
629 290 726 320 neque
736 279 916 310 exaudimus
933 279 1069 308 nosmet-

116 327 206 367 ipsos.
229 323 444 358 Senariosverb
457 344 465 358 ‚
479 323 512 353 δε
524 321 751 363 Hippona&eos
766 319 895 362 effugere
905 322 959 350 vix
968 319 1069 360 poffu—

112 377 193 399 mus.
217 370 359 409 Magnam
368 368 452 396 enim
469 374 587 406 partem
594 374 632 394 ex
645 363 757 403 jambis
773 362 873 393 nostra
879 361 994 392 constat
1005 372 1070 392 ora-

112 409 169 440 tio.
191 409 241 440 sed
252 418 354 439 tamen
362 418 415 438 eos
423 408 522 438 versus
533 405 621 437 facile
630 405 764 446 agnoscit
770 404 896 435 auditor.
908 404 977 434 sunt
985 405 1070 433 enim

111 449 298 482 ufitatiffimi.
321 450 510 481 Inculcamus
519 457 619 479 autem
637 457 688 488 per
698 446 933 487 imprudentiam
943 446 1017 485 saepe
1027 454 1071 476 et-

110 493 172 523 iam
187 493 290 522 minus
299 490 416 522 usitatos
427 511 434 525 ‚
456 491 504 521 sed
519 499 621 520 tamen
630 489 732 519 versus
744 501 754 523 3
772 488 916 519 vitiosum
933 497 1026 529 genus
1037 487 1070 517 ὃς

109 533 204 575 longa*
215 535 311 564 animi
330 532 500 573 provifione
517 531 709 574 fugiendum.
737 530 837 571 Elegit
845 540 882 560 ex
893 531 997 560 multis
1007 529 1070 558 Iso-

109 578 185 607 crati
194 575 278 606 libris
289 577 410 616 triginta
418 572 534 605 fortasse
544 574 644 604 versus
654 576 792 612 Hierony
798 582 866 602 mus
877 592 885 606 ,
897 571 1070 612 Peripateti-

107 626 162 647 cus
172 620 203 647 in
212 619 319 657 primis
329 617 443 647 nobilis
452 637 460 651 ‚
472 615 628 657 plerosque
636 616 766 646 senarios
775 634 784 648 ,
795 613 845 644 sed
855 616 945 644 etiam
955 622 1070 652 anapae-

108 656 152 689 sta
163 678 171 692 ‚
191 668 253 700 quo
261 658 334 700 quid
344 658 442 699 potest
451 656 508 689 effe
518 660 633 698 turpius
644 659 656 686 ?
672 655 766 687 etsiin
775 655 915 697 eligendo
924 654 997 685 fecit
1006 664 1069 683 ma-

107 699 208 740 litioft.
218 703 315 740 prima
324 703 408 731 enim
420 700 528 740 syllaba
536 699 636 730 demta
645 699 676 728 in
686 699 788 738 primo
797 697 891 727 verbo
901 697 1066 730 sentcntiae,

107 741 296 782 postremum
313 742 350 773 ad
366 743 494 773 verbum
513 743 643 781 primam
658 740 756 770 rursus
767 739 911 779 syllabam
927 738 1067 778 adjunxit

107 784 303 825 insequentis.
326 787 371 815 Ita
387 783 481 814 fastus
492 783 535 813 est
543 781 705 822 anapaestus
717 784 741 811 is
752 801 761 815 ,
779 783 832 822 qui
843 778 1067 822 Aristophaneus

108 828 293 857 nominatur.
317 825 399 867 quod
409 824 566 856 neaccidat
575 845 583 857 ‚
595 824 744 854 observari
753 833 808 854 nec
820 822 916 863 potest
926 843 934 856 ‚
946 832 1000 852 nec
1012 832 1067 852 ne-

106 865 183 898 ceffe
193 867 243 898 est.
266 868 323 899 Sed
334 877 436 898 tamen
443 868 494 897 hic
503 865 654 896 cmreetor
663 885 672 899 ,
683 868 717 895 in
727 875 764 895 eo
773 866 839 905 ipso
849 865 918 895 1060
929 884 937 898 ,
949 874 1010 905 quo
1021 873 1067 894 re-

105 909 265 948 prehendit
274 930 282 943 ,
306 913 350 945 (ut
367 909 383 939 ἓι
393 919 442 938 me
452 908 694 938 animadversum
710 906 753 937 est
761 906 892 937 studiose
901 907 1067 947 inquirenti

105 952 141 981 in
155 951 239 992 eum)
250 951 392 981 immittit
402 949 578 990 imprudens
588 950 649 989 ipse
660 949 820 979 senarium.
844 950 887 979 Sit
897 950 988 990 igitur
1009 949 1068 977 hoc

106 995 266 1039 cognitum
276 1012 285 1026 ,
305 994 334 1022 in
340 992 437 1031 sbltttbs
447 992 534 1021 eriam
546 991 631 1020 verbis
641 990 720 1028 ineffiae
731 1001 856 1020 numeros
865 1010 873 1024 ,
886 990 1067 1030 cosdemque

107 1033 165 1064 esse
174 1037 320 1064 oratorios
331 1055 340 1067 ,
350 1036 402 1075 qui
410 1031 467 1064 fint
475 1043 511 1073 po
517 1034 594 1063 e‘tici.
618 1035 755 1073 Sequitur
764 1043 834 1073 ergo
848 1052 856 1066 ,
874 1041 908 1062 ut
918 1052 926 1066 ,
937 1033 990 1073 qui
1002 1040 1067 1062 ma-

106 1075 193 1106 xime
211 1075 316 1106 cadant
332 1077 366 1105 in
383 1078 552 1106 orationem
570 1084 667 1115 aptam
685 1076 805 1104 numeri
816 1094 824 1108 ‚
843 1074 1013 1104 videndum
1023 1071 1065 1103 fit.

105 1117 176 1148 sunt
184 1120 268 1147 enim
278 1118 332 1158 qui
345 1117 514 1156 jambicum
528 1125 651 1157 putent,
665 1115 747 1157 quod
764 1115 798 1146 sit
808 1117 937 1146 orationi
948 1114 1067 1145 similli-

106 1168 176 1189 mus
188 1170 193 1188 :
211 1169 270 1200 qua
279 1160 314 1189 de
323 1160 408 1190 causa
417 1158 481 1189 fieri
492 1179 500 1193 ,
520 1168 553 1189 ut
563 1160 588 1189 is
596 1157 787 1198 potissimum
796 1166 916 1198 propter
926 1156 1066 1186 similitu-

105 1200 216 1231 dinem
227 1203 360 1231 veritatis
367 1200 581 1231 adhibeaturin
591 1201 719 1234 fabulis3
736 1198 818 1241 quod
834 1200 885 1229 ille
900 1198 1065 1239 daEtylicus

105 1252 252 1273 numerus
268 1243 519 1273 hexametrorum.
530 1242 799 1283 magniloquentiae
811 1241 844 1272 sit
854 1239 1065 1272 accommoda-

107 1287 176 1314 tior.
202 1285 339 1324 Ephorus
350 1293 449 1315 autem
465 1304 474 1317 ,
493 1285 568 1314 levis
578 1285 639 1324 ipse
656 1293 757 1314 orator
765 1303 773 1317 ‚
792 1283 841 1313 sed
858 1281 1011 1323 profecitus
1026 1291 1065 1311 ex

107 1328 223 1366 optima
231 1326 386 1366 disciplina
396 1347 404 1359 ‚
413 1336 517 1366 paeona
527 1326 659 1366 sequitur
666 1345 675 1359 ‚
687 1334 738 1355 aut
746 1324 914 1365 dastylum:
927 1324 1004 1365 fugit
1013 1333 1065 1353 au-

108 1377 170 1398 tem
188 1368 354 1408 spondeum
368 1389 377 1401 ,
395 1369 428 1398 &
444 1368 620 1397 trochaeum.
644 1366 736 1409 Quod
755 1369 838 1396 enim
855 1376 944 1407 paeon
962 1365 1066 1396 habeat

106 1411 176 1439 treis
185 1410 301 1439 breveis
309 1429 318 1442 ‚
329 1409 465 1450 da&ylus
473 1418 573 1439 autem
583 1409 655 1439 duas
667 1429 676 1442 ‚
695 1409 838 1439 brevitate
850 1429 859 1442 ,
875 1409 908 1438 &
917 1408 1065 1438 celeritate

107 1451 286 1491 syllabarum
298 1451 358 1481 labi
368 1459 450 1491 putat
459 1451 549 1481 verba
556 1452 721 1490 proclivius
739 1461 744 1479 :
763 1459 925 1491 contraque
935 1449 1065 1480 accidere

105 1494 140 1523 in
148 1493 281 1533 spondeo
290 1513 298 1526 ‚
317 1493 351 1523 &
369 1494 500 1523 trochaeo
510 1513 518 1527 ‚
534 1492 617 1534 quod
626 1493 699 1523 alter
707 1493 806 1534 longis
815 1491 963 1522 constaret
973 1512 981 1526 ‚
993 1492 1065 1522 alter

107 1534 126 1564 ὲ
136 1535 277 1566 brevibus
287 1533 388 1565 fieret:
407 1535 530 1565 alteram
540 1537 634 1565 nimis
650 1536 805 1565 incitatam
817 1555 826 1568 ,
838 1535 959 1565 alteram
970 1535 1065 1563 nimis

106 1576 220 1608 tardam
229 1578 399 1606 orationem
409 1596 418 1610 ,
435 1585 572 1607 neutram
586 1585 790 1617 temperatam.
813 1576 870 1607 Sed
881 1576 914 1606 &
923 1576 971 1605 illi
980 1577 1065 1616 prio-

104 1627 151 1648 res
161 1619 446 1658 eiram‚&Epl·iorus
455 1621 489 1648 in
497 1619 583 1658 culpa
591 1618 721 1648 estc-nam
729 1618 762 1648 &
772 1620 824 1658 qui
833 1628 936 1658 paeona
947 1625 1066 1657 praeter—

105 1668 178 1690 eum
187 1680 195 1693 ,
207 1670 272 1690 non
280 1660 385 1690 vident
395 1659 607 1690 molliffimum
615 1660 632 1691 a
641 1660 700 1690 sese
709 1670 874 1690 numerum
885 1680 894 1693 ‚
905 1659 1065 1690 eumdem-

103 1700 388 1742 querampliffimum
402 1704 555 1742 praeteriri.
578 1702 669 1742 Qod
679 1702 769 1744 longe
782 1701 938 1732 Aristoteli
947 1701 1066 1732 Videtur

105 1744 189 1774 secus
199 1763 211 1777 ,
225 1746 277 1784 qui
285 1744 420 1783 judicat,
434 1745 564 1775 heroum
572 1753 735 1774 numerum
746 1744 939 1785 grandiorem
951 1763 960 1776 ‚
972 1743 1064 1784 quam

106 1783 251 1816 derideret
257 1786 352 1816 soluta
361 1787 458 1817 oratio
471 1797 477 1816 ;
484 1787 495 1826 j
499 1786 625 1817 amburn
636 1794 736 1816 autem
746 1805 754 1819 ,
767 1787 862 1815 nimis
871 1785 888 1816 ὲ
898 1786 1012 1826 vulgari
1021 1786 1066 1816 es-

4 1820 11 1837 1
56 1850 65 1865 ,Ι
105 1826 135 1857 se
145 1827 293 1857 sermone.
315 1830 360 1858 Ita
367 1837 464 1870 neque
473 1829 626 1858 humilem
639 1847 647 1862 ‚
660 1837 716 1858 nec
725 1826 870 1867 abjet‘hm
881 1829 1063 1862 orationem,

105 1878 164 1899 nec
180 1869 275 1898 nimis
292 1869 381 1899 altam
393 1889 402 1903 ,
421 1870 454 1900 &
470 1878 671 1911 exaggeratam
681 1869 786 1909 probat
804 1879 809 1898 :
834 1869 955 1909 plenam
965 1877 1066 1900 tamen

105 1919 177 1940 earn
184 1909 253 1940 vult
258 1909 315 1940 effe
320 1912 478 1950 gra-vitatis
486 1932 495 1945 ‚
504 1920 539 1942 ut
549 1921 610 1945 eos,
621 1914 674 1952 qui
682 1910 806 1941 audient
812 1911 847 1942 ad
857 1911 1004 1952 majorem
1015 1912 1067 1942 ad—

107 1953 304 1982 mirationem
318 1951 405 1992 poffit
420 1952 582 1983 traducere.
612 1953 795 1983 Trochaeum
813 1961 913 1983 autern
925 1972 934 1985 ,
955 1954 1007 1993 qui
1024 1952 1067 1984 est

107 1993 219 2024 eodem
230 1993 324 2034 spatio
334 2013 343 2027 ‚
361 2003 422 2035 quo
431 1995 557 2025 choreus
569 2014 578 2027 ,
596 1994 736 2023 cordacem
750 1994 892 2034 appellat,
909 1996 979 2034 quia
992 2004 1067 2024 con—

107 2034 214 2066 maio
225 2055 234 2068 ‚
254 2035 287 2065 &
298 2035 425 2065 brevitas
433 2035 609 2076 dignitatem
620 2046 683 2065 non
692 2035 807 2065 habeat.
831 2038 874 2065 Ita
882 2045 988 2075 paeona
996 2045 1066 2075 pro-

105 2076 156 2107 bat
167 2097 176 2110 ,
191 2086 286 2117 eoque
294 2079 335 2107 ait
345 2079 388 2106 uti
397 2079 518 2107 omneis
528 2096 537 2110 ,
558 2077 607 2107 sed
617 2078 696 2117 ipsos
706 2087 770 2107 non
781 2078 885 2108 sentire
895 2076 967 2107 cum
978 2086 1065 2109 utan-

107 2126 170 2148 tur:
190 2117 247 2148 6116
256 2127 359 2148 autem·
366 2119 488 2148 tertium
498 2138 506 2152 ,
523 2128 555 2148 ac
566 2119 704 2148 medium
716 2119 872 2148 interillos
884 2129 889 2147 ;
914 2119 962 2149 sed
974 2121 1012 2149 ita
1021 2119 1066 2150 fa-

106 2159 172 2190 &os
182 2169 234 2189 eos
243 2158 332 2200 pedes
342 2158 398 2190 effe
408 2181 418 2194 ,
428 2169 461 2190 ut
470 2162 503 2190 in
513 2162 555 2190 eis
565 2159 687 2200 singulis
697 2160 770 2190 mod
776 2170 807 2190 us
817 2158 884 2190 infit
896 2170 945 2190 aut
954 2161 1065 2201 sesqui-

104 2202 178 2243 plex
186 2221 195 2235 ‚
205 2211 255 2231 aut
263 2201 303 2231 du
325 2202 378 2231 lex
386 2221 395 2236 ‚
407 2210 456 2232 aut
464 2211 523 2242 par.
555 2204 658 2243 Itaque
667 2202 715 2232 illi
724 2221 732 2236 ‚
743 2201 780 2231 de
790 2202 899 2243 quibus
908 2202 977 2232 ante
987 2203 1064 2237 dixi,

107 2243 302 2274 tantummod
338 2244 566 2274 commoditatis
581 2244 748 2274 habuerunt
762 2246 909 2274 rationem
920 2263 930 2277 ‚
947 2245 1064 2274 nullam

106 2285 270 2326 dignitatis.
299 2285 426 2325 Jambus
444 2287 527 2315 enim
539 2305 548 2319 ‚
569 2285 602 2316 &
620 2285 757 2326 da&ylus
773 2287 807 2315 in
825 2285 945 2316 versum
955 2286 1005 2316 cad
1012 2296 1066 2317 unt

106 2328 252 2357 maxime.
275 2327 372 2367 itaque
382 2335 415 2357 ut
424 2328 497 2357 vers
493 2338 545 2357 um
554 2326 690 2369 fugimus
700 2329 733 2357 in
743 2329 877 2358 oiatione
889 2347 897 2361 ‚
910 2326 947 2357 fic
956 2328 987 2357 hi
998 2328 1066 2358 sunt

105 2368 236 2399 evitandi
247 2370 415 2399 continuati
424 2368 524 2408 pedes.
535 2377 543 2383 ·
555 2369 648 2399 Aliud
657 2370 741 2399 enim
772 2369 895 2400 uiddam
907 2369 949 2399 est
960 2372 1065 2404 oratio,

104 2421 162 2441 nec
171 2409 335 2452 quidquam
346 2410 501 2444 inimicius,
512 2410 604 2452 quam
614 2411 667 2442 1113
677 2432 687 2446 ,
698 2421 749 2441 vei·
762 2411 841 2441 ibus.
863 2414 953 2442 Paeon
963 2421 1065 2442 autem

105 2451 239 2483 minime
249 2450 292 2481 est
300 2461 384 2491 aptus
392 2452 426 2482 ad
436 2452 568 2486 versum,
578 2463 638 2494 quo
648 2453 793 2484 libentius
801 2464 872 2483 eum
883 2456 993 2493 recepit
1001 2463 1065 2484 ora-

105 2496 158 2524 tio.
182 2494 319 2534 Ephorus
328 2492 400 2524 vero
411 2504 450 2524 ne
461 2494 630 2534 spondeum
640 2494 870 2536 quidem‚quem
880 2494 967 2536 fugit,
976 2496 1066 2526 intel-

104 2536 171 2577 ligit
187 2534 245 2565 ess'e
262 2537 410 2577 aequalem
425 2535 545 2576 dactylo
554 2557 564 2570 ,
585 2546 677 2578 quem
694 2538 808 2577 probat.
842 2538 960 2577 syllabis
979 2539 1063 2567 enim

58 2603 62 2606 .
104 2576 276 2608 metiendos
285 2577 375 2617 pedes
386 2598 394 2611 ‚
412 2587 478 2608 non
485 2579 651 2609 intervallis
660 2599 669 2612 ‚
691 2578 860 2609 existimat:
879 2579 963 2620 quod
980 2579 1063 2610 idem

102 2619 174 2650 facit
185 2621 218 2649 in
227 2620 357 2649 trochaeo
370 2639 379 2653 ‚
400 2622 453 2661 qui
464 2621 650 2661 temporibus
660 2621 693 2651 &
704 2621 869 2651 intervallis
878 2620 921 2651 est
928 2631 979 2661 par
984 2622 1064 2661 jam-

101 2660 143 2691 bo
155 2672 160 2690 :
171 2661 220 2691 sed
231 2660 268 2691 εὸ
278 2662 403 2691 vitiosus
413 2664 446 2691 in
455 2665 590 2693 oratione
602 2683 612 2697 ‚
627 2661 649 2691 fi
658 2671 786 2703 ponatur
792 2671 949 2693 extremus
959 2682 968 2696 ‚
979 2663 1062 2704 quod

101 2703 189 2733 verba
199 2702 308 2733 melius
317 2704 351 2732 in
358 2703 481 2742 syllabas
490 2704 642 2746 longiores
649 2704 772 2735 cadunt.
794 2707 892 2746 Atque
901 2706 963 2736 haec
976 2725 988 2739 ‚
996 2715 1063 2746 quae

55 2778 59 2782 Δ
102 2744 171 2775 sunt
178 2744 254 2785 apud
266 2743 458 2776 Aristotelem
469 2764 480 2780 ‚
492 2746 595 2776 eadem
605 2746 622 2777 a
631 2746 839 2786 Theophrasto
849 2767 857 2781 ,
870 2746 1061 2777 Theodecte-

100 2796 160 2827 que
173 2786 210 2816 de
219 2796 323 2826 paeone
334 2786 484 2817 dicuntur.
516 2789 581 2829 Ego
590 2797 690 2819 autem
700 2788 806 2822 sentio,
823 2791 944 2819 omneis
954 2790 985 2819 in
995 2799 1060 2819 ora-

98 2830 186 2860 tione
194 2827 253 2858 effe
262 2826 340 2868 quasi
350 2828 523 2868 permistOS,
533 2831 566 2860 &
576 2830 719 2861 confusOs
729 2830 829 2870 pedes.
852 2841 907 2861 nec
919 2832 1004 2861 enim
1016 2830 1061 2861 ef-

98 2867 200 2910 fugere
209 2869 362 2911 ponemus
372 2871 678 2907 animadversionem,
687 2870 708 2902 fi
718 2874 835 2912 semper
844 2873 952 2903 iisdem
963 2881 1062 2904 utere-

102 2919 178 2941 mur.
201 2914 270 2953 quia
285 2922 383 2952 neque
402 2914 560 2944 numerosa
577 2912 636 2944 ess'e
646 2935 657 2948 ‚
679 2923 712 2944 ut
719 2916 829 2956 poema
840 2926 848 2949 ;
871 2925 968 2956 neque
979 2924 1061 2946 extra

100 2961 273 2988 numerum,
285 2962 319 2983 ut
328 2955 426 2985 sermo
433 2955 516 2996 vulgi
527 2954 578 2990 est,
591 2956 679 2987 debet
685 2959 792 2987 oratio.
818 2957 954 2988 Alterum
965 2959 1060 2988 nimis

100 2993 145 3023 est
154 2995 292 3026 Vindium
304 3016 313 3030 ‚
334 3005 367 3026 ut
375 2996 412 3027 de
422 2996 567 3028 industria
576 2997 691 3029 fadum
701 3008 834 3039 appareat
845 3009 851 3028 2
873 3000 999 3029 alterum
1010 3001 1060 3030 ni—

103 3036 163 3064 mis
172 3035 358 3071 dissolutum,
375 3047 408 3069 ut
417 3048 607 3081 pervagatum
619 3060 627 3074 ,
639 3042 797 3082 acvulgare
807 3040 958 3072 videatur:
980 3049 1013 3071 ut
1022 3041 1058 3071 ab

100 3075 192 3122 altero
202 3087 266 3108 non
275 3079 432 3115 delectere,
443 3081 570 3113 alterum
580 3082 688 3113 oderis.
711 3086 756 3114 Sit
767 3084 856 3124 igitur
864 3083 908 3122 (ut
918 3082 1001 3124 supra
1010 3083 1057 3113 di-

99 3117 145 3158 xi)
153 3118 295 3158 permista
302 3139 314 3156 >
325 3120 524 3165 &temperata
532 3124 669 3157 numeris
676 3134 756 3162 ‚nec
765 3123 924 3163 dissoluta,
933 3134 991 3160 nec
999 3132 1063 3157 tota

1115 290 1220 320 perata.
1243 285 1327 323 Qos
1338 292 1438 313 autem
1449 293 1594 314 numeros
1603 304 1612 319 ,
1631 294 1702 315 cum
1710 285 1818 326 quibus
1830 305 1839 319 ,
1858 293 1999 326 tanquam
2008 293 2076 324 pur·
2097 281 2139 320 58

1111 329 1216 362 puram
1224 343 1233 357 ‚
1252 325 1371 355 misceri
1381 335 1515 365 oporteat
1525 346 1534 360 ‚
1554 336 1635 357 nunc
1645 326 1808 357 dicendum
1819 326 1861 357 est
1870 347 1879 361 ,
1890 335 1974 368 atque
1985 329 2075 357 etiam

1116 364 1225 402 quibus
1242 367 1385 396 orationis
1401 368 1559 409 generibus
1579 367 1634 399 sint
1648 371 1755 410 cuique
1765 367 2076 400 accommodauffimi.

1114 405 1239 453 jambus
1250 409 1333 436 enim
1343 408 1596 449 frequentissimus
1606 410 1648 441 est
1657 413 1690 440 in
1701 413 1737 441 iis
1749 432 1759 444 ,
1775 421 1840 452 quae
1851 409 1980 441 demisso
1990 420 2077 452 atque

1117 447 1230 476 humili
1238 448 1376 479 sermone
1387 451 1536 481 dicuntur.
1559 455 1648 483 Paeon
1657 461 1756 483 autem
1767 455 1800 483 in
1810 453 2007 493 amplioribus
2019 463 2023 482 :
2043 455 2075 483 in

1118 495 1244 535 utroque
1254 489 1400 529 dafilylus.
1423 494 1463 521 ita
1471 494 1504 521 in
1513 495 1592 524 varia
1602 515 1610 531 ,-
1632 494 1664 524 &
1673 504 1812 535 perpetua
1820 496 1956 525 emtione
1966 495 1997 524 hi
2008 495 2078 525 suut

1118 530 1232 559 interse
1245 531 1407 566 miscendi,
1428 533 1461 562 ὃς
1475 535 1670 574 temperandi.
1695 535 1732 566 sic
1744 536 1876 566 minime
1887 536 2077 567 animadver-

1118 579 1197 601 tetur
1205 571 1411 602 dele&ationis
1422 577 1587 617 aucupium,
1600 577 1631 607 &
1646 578 1822 618 quadi-andra
1832 579 1976 608 orationis
1986 577 2077 608 indu-

1119 611 1204 642 stria:
1222 622 1288 654 quae
1300 614 1401 644 latebit
1411 625 1449 645 eo
1460 619 1552 659 magis
1563 637 1571 650 ‚
1593 617 1613 647 si
1631 619 1663 648 Sc
1680 619 1843 650 verborum
1863 620 1896 650 &
1917 620 2077 650 sententia-

1115 664 1184 684 rum
1193 655 1377 694 ponderibus
1388 665 1516 687 utemur.
1534 661 1614 688 Nam
1625 663 1676 700 qui
1685 661 1820 695 audiunt,
1832 662 1894 692 lucc
1904 661 1965 692 duo
1973 663 2075 692 anirn-

1115 695 1287 731 advertunt,
1302 696 1473 737 &jucunda
1483 697 1535 729 sibi
1548 701 1668 732 censent
1678 722 1686 735 ‚
1707 703 1795 733 verba
1805 703 1873 733 dico
1884 724 1892 738 ‚
1913 704 1944 733 ξ(
1954 703 2074 733 senten-

1113 739 1168 768 tias
1180 748 1186 767 1
1204 748 1296 780 eaque
1310 739 1385 769 dum
1395 741 1506 770 animis
1516 744 1635 772 attentis
1650 743 1828 774 admirantes
1838 747 1993 785 excipiunt
2004 765 2012 779 ‚
2026 744 2077 774 fu-

1112 781 1155 820 git
1163 790 1215 810 603
1226 801 1235 814 ,
1257 780 1290 810 &
1299 782 1484 821 praetervolat
1493 792 1637 813 numerus
1649 795 1653 811 :
1675 787 1726 825 qui
1737 795 1836 816 tamen
1848 785 1868 815 si
1878 785 1985 817 abesset
1997 807 2005 820 ,
2023 787 2076 818 illa

1113 822 1174 862 ipsa
1192 822 1384 853 dele-‹starent-
1417 826 1484 853 Nec
1501 823 1573 853 vero
1593 827 1708 855 nimius
1728 829 1751 856 is
1768 829 1868 858 cursus
1878 827 1918 857 est
1930 838 2075 858 numero»

1114 874 1182 894 rum
1192 884 1201 898 ‚
1222 866 1367 895 orationis
1377 865 1444 896 dico
1456 865 1537 903 (nam
1549 866 1590 896 est
1600 867 1689 909 longe
1700 869 1783 898 aliter
1793 871 1824 898 in
1834 868 1976 908 vei-sibus)
1997 870 2074 900 nihil

1115 915 1147 935 ut
1158 904 1208 936 fiat
1216 914 1297 936 metra
1307 907 1430 936 modum.
1450 917 1518 937 nam
1531 907 1560 938 id
1571 908 1695 948 quidem
1704 908 1774 940 efi'et
1783 912 1900 949 po‘e'ma.
1913 911 1959 940 sed
1970 914 2073 941 omnis

1114 957 1171 977 nec
1179 948 1347 979 claudicans
1357 970 1365 982 ,
1380 959 1435 979 nec
1445 949 1522 989 quari
1533 949 1680 981 fluetuans
1690 971 1697 985 ‚
1712 951 1744 981 &
1754 952 1905 992 aequaliter
1916 973 1923 985 2
1937 952 2075 982 constan-

1114 998 1215 1030 terque
1227 990 1569 1032 ingrediensmuincrofii
1578 992 1701 1023 habetur
1710 995 1813 1023 oratio.
1837 996 1932 1033 Atque
1944 994 1974 1023 id
1986 996 2017 1023 in
2029 994 2074 1024 di·

1112 1032 1210 1062 cendo
1219 1033 1417 1063 numerosum
1426 1042 1561 1072 putatur,
1588 1044 1653 1064 non
1662 1035 1743 1075 quod
1756 1043 1852 1065 totum
1863 1034 1978 1065 constat
1989 1035 2004 1065 e
2017 1045 2075 1065 riu<

1113 1075 1205 1104 meris
1215 1093 1223 1107 ‚
1243 1074 1293 1104 sed
1312 1075 1394 1115 quod
1411 1075 1446 1105 ad
1458 1085 1601 1105 numeros
1611 1077 1752 1116 proxime
1762 1077 1889 1107 accedit:
1913 1087 1974 1117 quo
1983 1079 2073 1107 etiam

1112 1114 1268 1146 difficilius
1277 1116 1321 1147 est
1330 1118 1465 1147 oratione
1478 1119 1520 1147 uti
1532 1138 1540 1150 ‚
1560 1118 1650 1158 quam
1671 1118 1800 1149 versibus
1812 1129 1816 1148 :
1836 1118 1918 1159 quod
1930 1119 1989 1147 illis
2001 1128 2075 1148 66111

1112 1157 1248 1198 quaedam
1261 1178 1270 1191 ‚
1282 1158 1314 1188 ὃς
1325 1157 1448 1189 definita
1459 1159 1507 1188 lex
1516 1158 1558 1189 cst
1569 1179 1577 1192 2
1595 1161 1724 1200 quam'se
1747 1163 1777 1190 ui
1788 1159 1821 1190 sit
1831 1158 1945 1190 necesse
1959 1170 1965 1188 z
1987 1161 2019 1190 in
2028 1161 2077 1190 di—

1110 1199 1207 1230 cendo
1217 1208 1318 1230 autem
1328 1201 1407 1230 nihil
1416 1200 1459 1230 est
1469 1199 1653 1240 propositum
1672 1223 1680 1236 ‚
1693 1171 1748 1232 11111
1757 1211 1807 1232 aut
1817 1212 1853 1232 ne
1864 1201 2074 1235 immoderata,

1110 1250 1161 1271 aut
1170 1241 1290 1283 angusta
1300 1262 1309 1276 ,
1321 1251 1369 1273 aut
1380 1240 1519 1273 dissoluta
1529 1262 1537 1276 ‚
1557 1253 1606 1273 aut
1617 1243 1713 1274 fluens
1724 1242 1757 1274 sit
1765 1246 1869 1274 oratio.
1898 1246 1999 1284 Itaque
2009 1253 2073 1273 non

1092 1291 1094 1294 ’
1113 1283 1224 1313 suntin
1233 1294 1266 1314 ea
1276 1294 1417 1325 tanquam
1427 1284 1546 1314 tibicini
1557 1284 1775 1325 percuffionum
1787 1285 1883 1319 modi,
1896 1285 1943 1315 sed
1953 1287 2075 1315 univer-

1111 1325 1139 1355 sa
1149 1325 1377 1365 comprehensio
1388 1346 1396 1360 ,
1411 1326 1444 1356 &
1454 1326 1563 1366 species
1575 1329 1719 1357 orationis
1730 1348 1738 1361 ,
1751 1328 1845 1358 clausii
1857 1348 1865 1361 ‚
1879 1328 2078 1357 &terminata

1112 1366 1170 1396 est:
1192 1368 1273 1408 quod
1291 1367 1438 1409 voluptate
1447 1369 1563 1397 aurium
1572 1369 1727 1409 judicatur.

1112 1417 1217 1439 totone
1227 1412 1260 1439 in
1271 1410 1385 1440 ambitu
1394 1410 1555 1440 verborum
1567 1414 1686 1441 numeri
1697 1412 1822 1441 tenendi
1834 1410 1890 1440 sint
1901 1431 1909 1444 ,
1920 1420 1957 1440 an
1969 1413 2001 1440 iri
2013 1412 2074 1450 pri-

1111 1452 1172 1481 mis
1182 1452 1324 1491 partibus,
1336 1460 1422 1492 atque
1434 1454 1465 1481 in
1477 1456 1630 1483 extremis.
1654 1454 1790 1494 Plerique
1801 1455 1884 1483 enim
1896 1452 2017 1482 censent
2028 1462 2073 1482 ca-

1111 1492 1181 1523 dere
1192 1492 1311 1524 tantum
1320 1494 1479 1524 numerose
1492 1504 1627 1534 oportere
1635 1515 1644 1529 ,
1663 1497 1875 1536 terminarique
1886 1495 2075 1525 sententiam.

1112 1534 1164 1565 Est
1173 1544 1272 1566 autem
1284 1556 1292 1569 ‚
1305 1544 1336 1565 ut
1346 1535 1377 1566 id
1389 1536 1524 1567 maxime
1535 1537 1635 1567 deceat
1645 1557 1653 1570 ‚
1665 1547 1729 1567 non
1739 1536 1769 1567 id
1779 1537 1888 1566 solum.
1915 1535 2076 1576 ponendus

1111 1576 1155 1606 est
1164 1579 1248 1607 enim
1256 1578 1308 1607 ille
1317 1577 1448 1608 ambitus
1459 1599 1467 1611 ,
1490 1588 1554 1608 non
1572 1579 1766 1616 abjiciendus.
1797 1581 1893 1619 Qare
1903 1577 1976 1608 cum
1985 1587 2070 1607 aures

1110 1627 1282 1650 extremum
1292 1619 1407 1660 semper
1417 1619 1578 1659 exspeffenn
1591 1623 1624 1650 in
1634 1630 1728 1661 eoque
1738 1620 1933 1661 acquiescant,
1947 1619 1978 1650 id
1988 1630 2073 1649 vaca-

1111 1671 1141 1690 re
1151 1671 1281 1692 numero
1292 1670 1356 1691 non
1364 1670 1481 1702 oportet
1494 1673 1499 1691 ·.
1530 1662 1579 1693 sed
1591 1663 1625 1692 ad
1638 1663 1717 1693 hunc
1728 1665 1844 1692 exitum
1855 1671 1956 1691 tamen
1966 1661 1981 1691 ἐι
1990 1663 2074 1701 prin-

1110 1705 1192 1743 cipio
1202 1701 1273 1733 ferri
1282 1703 1370 1734 debet
1379 1702 1541 1734 verborum
1554 1705 1606 1734 illa
1614 1702 1841 1744 comprehensio
1852 1724 1861 1737 ,
1880 1704 1912 1733 ὃ(
1930 1712 1991 1733 tota
2000 1703 2015 1733 a
2025 1713 2072 1733 ca-

1112 1747 1174 1785 pite
1193 1747 1234 1775 ita
1250 1744 1344 1776 fluere
1356 1765 1365 1778 ‚
1385 1754 1418 1775 ut
1435 1745 1471 1776 ad
1482 1755 1653 1776 extremum
1664 1748 1789 1776 veniens
1800 1745 1859 1786 ipsa
1868 1744 2012 1775 consistat.
2036 1744 2074 1775 id

1111 1796 1213 1817 autem
1222 1787 1302 1817 bona
1314 1786 1470 1827 disciplina
1481 1790 1648 1818 exercitatis
1657 1809 1665 1821 ,
1678 1790 1729 1828 qui
1742 1788 1775 1817 &
1787 1788 1883 1817 multa
1894 1787 2073 1827 scripserint,

1114 1829 1146 1859 &
1155 1839 1352 1870 quaecumque
1361 1832 1454 1859 etiam
1463 1828 1522 1860 fine
1532 1830 1639 1869 scripto
1649 1830 1783 1860 dicerent
1793 1850 1801 1862 ‚
1825 1827 1934 1859 similia
1950 1830 2077 1868 scripto-

1112 1881 1180 1901 rum
1191 1869 1355 1905 effecerint,
1368 1881 1432 1901 non
1439 1873 1495 1902 erit
1503 1870 1732 1901 difficillimum.
1756 1870 1836 1901 Ante
1846 1873 1930 1901 enim
1940 1872 2075 1901 circum-

1112 1913 1249 1943 scribitur
1260 1922 1361 1943 mente
1370 1914 1515 1943 sententia
1523 1933 1531 1947 ‚
1543 1912 1763 1953 confestimque
1772 1912 1861 1942 verba
1869 1921 2054 1942 concurrunt
2065 1922 2072 1941 :

1112 1964 1178 1995 quae
1190 1964 1278 1984 mens
1288 1954 1404 1988 eadem,
1414 1965 1471 1995 qua
1479 1955 1556 1984 nihil
1567 1953 1609 1985 est
1618 1955 1745 1985 celerius
1754 1975 1760 1987 ,
1775 1953 1871 1984 statim
1881 1954 2009 1983 dimittit
2019 1974 2028 1986 ‚
2041 1961 2074 1983 ut

1112 1996 1165 2025 suo
1175 1996 1315 2036 quodque
1322 1996 1392 2025 loco
1403 1996 1577 2036 respondeat
1587 2006 1731 2037 :quorum
1741 1995 1904 2035 descriptus
1914 1994 1989 2024 ordo
2000 1993 2073 2025 alifis

1113 2038 1170 2067 alia
1178 2038 1391 2067 terminatione
1399 2037 1608 2068 concluditur:
1627 2047 1713 2079 atque
1731 2039 1836 2067 omnia
1851 2037 1904 2066 illa
1921 2036 2073 2076 &prima‚

1113 2079 1146 2109 &
1166 2079 1266 2109 media
1284 2079 1372 2109 verba
1388 2078 1516 2119 speEkaie
1534 2079 1646 2109 debent
1665 2079 1701 2109 ad
1725 2080 1880 2109 ultimum.
1912 2077 2070 2108 Interdum

1112 2122 1197 2150 enim
1207 2120 1306 2150 cursus
1317 2120 1403 2151 estin
1413 2122 1547 2152 oratione
1558 2123 1709 2151 incitatior
1724 2141 1733 2154 ‚
1757 2120 1911 2151 interdum
1922 2119 2073 2150 moderata

1112 2161 1252 2203 ingreffio
1264 2173 1270 2191 z
1285 2171 1317 2192 ut
1323 2164 1387 2202 jam
1396 2162 1411 2192 ὲ
1420 2164 1571 2203 principio
1578 2163 1747 2193 videndum
1758 2161 1801 2196 fit,
1812 2160 2071 2203 quemadmodum

1110 2206 1187 2234 velis
1196 2206 1299 2234 venire
1309 2204 1344 2234 ad
1355 2213 1536 2234 extremum.
1561 2215 1615 2234 nec
1626 2207 1657 2235 in
1667 2207 1802 2234 numeris
1813 2205 1907 2245 magis
1918 2224 1927 2237 ‚
1939 2202 2029 2244 qulim
2040 2205 2073 2233 in

1111 2246 1236 2287 reliquis
1251 2247 1437 2276 ornamentis
1447 2248 1591 2276 orationis
1602 2267 1610 2280 ‚
1628 2247 1731 2277 eadem
1741 2245 1811 2276 cum
1823 2245 1965 2276 faciamus
1977 2264 1985 2278 ‚
2004 2254 2073 2285 quae

1111 2290 1207 2328 po'e‘tae
1215 2307 1224 2321 ‚
1242 2286 1403 2330 effugimus
1420 2297 1521 2318 tamen
1540 2290 1572 2318 in
1592 2290 1726 2319 oratione
1742 2289 1890 2328 poematis
1898 2285 2072 2317 similitudi-

1112 2340 1195 2359 nem.
1219 2329 1271 2360 Est
1279 2332 1362 2360 enim
1374 2331 1406 2359 in
1418 2339 1542 2371 utroque
1553 2330 1586 2360 &
1596 2333 1727 2363 materia,
1740 2330 1772 2360 &
1782 2328 1915 2360 tra&atio
1928 2339 1933 2357 :
1952 2329 2072 2358 materia

1112 2373 1145 2401 in
1156 2371 1255 2401 verbis
1266 2392 1275 2405 ‚
1295 2371 1427 2401 tractatio
1438 2373 1471 2402 in
1479 2373 1676 2402 collocatione
1686 2372 1858 2403 verborum.
1903 2373 2009 2401 Ternae
2020 2380 2071 2400 au-
2090 2367 2139 2402 60

1112 2422 1174 2443 tem
1185 2413 1411 2454 suntutriusque
1419 2422 1513 2453 partes
1522 2414 1683 2444 verborum
1696 2425 1701 2443 z
1730 2413 1900 2443 transsatum
1913 2433 1922 2446 ,
1940 2421 2071 2446 novum,

1110 2456 1250 2495 priscum.
1273 2465 1342 2485 narn
1354 2456 1390 2485 de
1398 2457 1526 2496 propriis
1536 2456 1612 2485 nihil
1624 2457 1681 2486 hoc
1693 2455 1760 2484 loco
1769 2455 1908 2484 dicimus.
1931 2454 2075 2484 Colloca-

1112 2499 1204 2527 tionis
1215 2506 1313 2527 autem
1324 2517 1333 2531 ‚
1345 2507 1386 2528 eae
1396 2518 1406 2531 ,
1416 2507 1487 2537 quas
1497 2497 1632 2527 diximus
1643 2518 1651 2530 ‚
1663 2495 1842 2536 compositio
1853 2515 1863 2529 ,
1873 2497 2072 2530 concinnitas,

1111 2549 1255 2569 numerus
1267 2559 1274 2573 ‚
1296 2539 1344 2569 sed
1357 2542 1390 2569 in
1401 2547 1526 2580 utroque
1536 2538 1753 2579 frequentiores
1762 2537 1830 2567 sunt
1840 2558 1848 2571 ‚
1868 2537 1901 2567 &
1915 2538 2071 2568 liberiores

1109 2582 1217 2621 po’e'tae.
1242 2583 1323 2611 Nam
1335 2581 1367 2611 &
1380 2581 1558 2611 transferunt
1567 2580 1655 2610 verba
1666 2579 1737 2610 cum
1748 2580 1889 2613 crebrius,
1900 2588 1966 2609 tum
1977 2581 2070 2609 etiam

1108 2622 1260 2653 audacius:
1286 2622 1320 2652 δε
1332 2623 1432 2662 priscis
1450 2621 1593 2652 libentius
1613 2630 1737 2651 utuntur
1746 2641 1754 2655 ‚
1780 2621 1812 2651 &
1830 2621 1953 2651 liberius
1973 2630 2072 2651 novis.

1108 2665 1191 2706 quod
1202 2664 1285 2694 idem
1294 2663 1327 2694 fit
1336 2666 1368 2694 in
1379 2665 1514 2694 numeris
1527 2674 1532 2692 z
1551 2665 1584 2694 in
1595 2663 1704 2704 quibus
1715 2661 1792 2703 quasi
1803 2662 1953 2702 neceffitari
1969 2661 2070 2702 parere

1107 2715 1265 2748 coguntur.
1288 2706 1338 2737 sed
1349 2715 1448 2736 tamen
1457 2706 1518 2736 haec
1529 2715 1584 2736 nec
1594 2707 1688 2735 nimis
1698 2703 1756 2735 effe
1767 2705 1881 2735 diversa
1892 2725 1899 2738 ‚
1913 2714 2010 2745 neque
2021 2704 2068 2733 ul-

1107 2749 1140 2778 lo
1157 2748 1253 2778 modo
1269 2747 1431 2787 conjunffli
1450 2747 1579 2789 intelligi
1597 2747 1674 2777 licet.
1708 2749 1753 2777 Ita
1763 2745 1812 2780 fit,
1835 2755 1868 2778 ut
1878 2757 1942 2776 non
1951 2748 2023 2776 item
2036 2748 2068 2775 in

1107 2792 1254 2823 oratione,
1265 2799 1297 2819 ut
1307 2791 1340 2820 in
1350 2790 1447 2824 versu,
1460 2799 1604 2819 numerus
1615 2788 1727 2819 exstet:
1748 2788 1837 2830 idque
1847 2808 1855 2823 ,
1870 2788 1950 2829 quod
1961 2798 2072 2817 nume—

1107 2832 1208 2862 rosum
1225 2833 1260 2861 in
1276 2833 1411 2862 oratione
1428 2831 1557 2865 dicitur,
1576 2841 1638 2861 non
1657 2831 1774 2871 semper
1792 2840 1920 2860 numero
1933 2828 1981 2859 fiat
1992 2850 2004 2862 ‚
2022 2828 2071 2859 sed

1107 2883 1338 2914 nonnumquam
1352 2894 1361 2908 ‚
1379 2882 1428 2903 aut
1437 2875 1639 2903 concinnitate
1651 2893 1659 2907 ,
1671 2882 1719 2903 aut
1727 2871 1954 2903 construetione·
1961 2871 2069 2902 verbo-

1106 2925 1183 2946 rum.
1208 2919 1261 2948 Ita,
1275 2914 1307 2948 si,
1318 2925 1462 2945 numerus
1473 2917 1617 2946 orationis
1628 2917 1768 2956 quaeritur
1777 2917 1828 2955 qui
1840 2912 1872 2943 sit
1885 2925 1889 2942 ς
1903 2915 2004 2943 omnis
2016 2912 2066 2942 cst:

1107 2957 1155 2989 sed
1165 2958 1238 2988 alius
1248 2957 1308 2987 alio
1319 2958 1429 2987 melior
1439 2976 1447 2990 ,
1469 2966 1555 2997 atque
1566 2959 1672 2998 aptior.
1698 2955 1718 2986 si
1729 2957 1812 2986 locus
1826 2967 1830 2984 z
1850 2957 1882 2985 in
1893 2957 1978 2985 omni
1989 2964 2070 2994 parte

1105 3000 1276 3030 verborum.
1300 2997 1332 3033 si,
1344 2999 1422 3029 unde
1434 3007 1516 3029 ortus
1526 2997 1561 3029 fit
1573 3009 1627 3030 :ex
1639 3001 1756 3029 aurium
1767 2999 1928 3037 voluptate.
1953 2995 1973 3025 fi
1982 3006 2069 3026 com-

1105 3041 1318 3081 ponendorum
1337 3042 1428 3071 ratio:
1448 3040 1564 3071 dicetur
1581 3042 1641 3072 alio
1660 3041 1728 3071 loco
1739 3061 1746 3073 ‚
1767 3041 1836 3081 quia
1844 3040 1973 3080 pertinet
1982 3038 2017 3081 ad
2030 3047 2066 3066 u—

1105 3083 1171 3114 sum
1184 3103 1192 3115 ,
1204 3092 1270 3124 quae
1278 3092 1343 3122 pars
1353 3091 1452 3123 quarta
1461 3103 1470 3117 ‚
1492 3083 1524 3113 &
1534 3092 1667 3113 eXtrema
1675 3082 1763 3113 nobis
1776 3084 1808 3111 in
1820 3079 1983 3111 dividendo
1994 3080 2061 3107 luit.

1104 3122 1139 3162 s12
1147 3124 1182 3157 ad
1191 3134 1282 3167 quam
1291 3132 1356 3157 rem
1365 3124 1537 3160 adhibeatur
1548 3135 1554 3158 ;
1566 3124 1605 3159 ad
1613 3123 1860 3159 delcetationem.
1885 3121 1916 3158 si,
1927 3119 2068 3193 quassis}-

1773 1370 1961 1399 Soletautem
1971 1371 2073 1409 quatri,
2094 1372 2141 1404 59
