2337 3400
202 152 295 206 590·
609 138 677 184 M.
761 135 1126 183 Tvnzii

201 232 251 256 tui
262 225 324 265 lege
334 214 446 253 ditum,
460 219 551 250 deseri
562 221 694 259 patimur
704 223 714 245 ἲ
731 230 768 250 an
779 220 1009 261 supplicationes
1018 218 1157 250 addendo

203 267 285 296 diem
304 263 501 295 contaminari
518 260 613 301 passus
629 272 677 291 es:
694 263 861 302 pulvinaria
881 261 1005 292 noluisti
1018 272 1027 293 .2
1042 271 1157 292 autun-

205 309 294 347 dique
312 306 490 346 religionem
501 304 593 336 tolle,
611 304 879 345 autusquequaque
899 305 1049 334 conserva.
1073 307 1163 344 Qipe·

204 359 247 379 rcs
261 369 268 380 .
289 348 439 387 placeatne
459 346 535 375 milii
554 344 759 384 pulvinarcss‘c
775 366 781 379 ‚
801 345 954 387 fastigium
968 366 976 380 ,
995 345 1162 376 flaminem.

206 391 282 418 milii
297 387 370 418 vcro
381 388 459 417 nihil
471 386 598 417 istorum
610 388 711 427 placet.
732 388 779 418 sed
793 398 834 421 tu,
846 391 899 429 qui
909 387 971 418 aista
982 388 1101 418 Caesaris
1111 387 1163 418 de—

205 430 305 460 fendis
315 450 322 463 ,
337 429 410 469 quid
425 438 507 468 potes
519 428 617 459 dicere
629 450 636 463 ‚
659 439 710 459 cur
719 430 774 459 alia
789 429 930 460 defendas
941 451 949 463 ,
968 431 1023 460 alia
1032 439 1095 460 non
1114 440 1165 460 cu-

205 482 250 501 ies
262 477 271 491 ²
286 470 340 501 nifi
357 471 432 501 sorte
456 472 501 499 vis
519 470 603 500 fateri
618 491 626 504 ‚
648 480 676 501 te
687 473 859 513 omni-iqua
870 481 966 502 tutuo
978 493 986 505 ,
1007 482 1069 502 non
1084 472 1166 501 illius

207 513 350 555 dxgnitate
371 514 482 542 metiri.
515 512 595 554 Qid
613 513 647 542 ad
672 514 732 543 haec
753 514 897 544 tandem?
922 513 1063 554 exspeclo
1082 515 1165 543 enim

205 555 410 596 eloquentiam
425 564 516 584 tuam.
537 553 762 585 disertissimum
773 557 1003 596 cognoviavum
1015 565 1120 586 tuum:
1139 564 1167 585 at

206 607 234 627 te
256 599 344 627 etiam
364 597 543 636 apertiorem
563 598 592 626 in
604 596 742 627 dicendo.
768 598 820 628 ille
837 608 992 638 nunquam
1007 599 1107 628 nudus
1124 596 1167 627 est

207 641 405 668 concionatus
417 649 421 666 z
434 647 522 668 tuum
537 640 673 668 hominis
684 638 825 680 simplicis
835 639 940 680 pe6lus
947 640 1092 670 vidimus.
1107 642 1168 669 Re-

208 680 405 721 spondebisnc
414 680 449 710 ad
460 681 543 710 haec?
568 689 617 710 aut
629 683 762 711 omnino
781 682 889 712 hiscere
901 682 1042 712 audebis:
1059 680 1168 722 ecquid

209 723 335 762 reperies
347 731 455 752 exram
467 722 554 763 longa
565 724 702 753 oratione
712 733 787 758 mea,
802 725 850 754 cui
859 733 887 753 te
901 724 1077 764 respondere
1088 722 1170 763 poffe

174 784 186 806 ἢ
209 763 360 794 confidas?
383 763 437 794 Sed
459 766 604 803 praeterita
625 768 815 796 omittamus.
847 766 928 796 hunc
950 775 1047 795 unum
1065 766 1169 798 diem,

210 808 290 836 hunc
302 815 410 839 unum,
423 807 558 847 inquam,
569 807 750 837 hodiernum
762 807 856 840 diem,
869 809 925 837 hoc
935 806 1082 847 puncstum
1094 816 1170 837 tem—

209 851 291 888 poris
303 868 311 881 ‚
332 858 393 888 quo
405 848 530 888 loquor,
546 847 673 878 defende
684 869 692 882 ,
715 848 734 878 si
746 858 839 890 potes.
850 859 908 879 vcur
920 858 1102 879 armatorum
1120 859 1171 878 co-

210 900 283 920 rona
295 890 409 920 senatus
423 890 526 929 saeptus
543 889 607 919 est?
628 901 679 920 cur
690 901 737 921 me
760 893 805 920 tui
826 890 964 921 satellites
977 901 1045 921 cum
1065 890 1173 931 gladiis

210 932 358 963 audiunt?
381 941 434 962 cur
443 932 535 961 valvae
550 932 727 963 Concordiae
745 943 809 963 non
819 937 940 973 patent?
960 943 1010 963 cur
1029 934 1171 962 homines

211 976 354 1004 omnium
366 975 502 1015 gentium
515 974 650 1004 maxime
662 975 808 1008 barbaros,
821 976 967 1016 Ithyreos,
978 985 1049 1005 cum
1061 975 1171 1016 sagittis

211 1015 334 1046 deducis
347 1018 377 1045 in
389 1015 491 1044 forum
504 1021 513 1035 ἓ
525 1013 653 1045 Praefidi'i
664 1017 707 1046 sui
719 1019 802 1047 causa
812 1017 840 1047 se
850 1015 944 1047 facere
951 1017 1034 1047 dicit.
1056 1019 1171 1047 Nonne

210 1060 301 1098 igitur
314 1066 456 1087 MiLLins
474 1059 567 1098 perire
577 1056 618 1086 est
630 1059 740 1088 melius
751 1080 758 1093 ,
772 1058 862 1100 quam
875 1061 907 1089 in
918 1059 1092 1090 suacivitate
1110 1057 1171 1088 fine

209 1108 392 1130 armatorum
411 1097 546 1138 praesidio
563 1108 626 1129 non
649 1099 732 1140 poss'e
751 1103 854 1131 vivere
872 1108 882 1129 12
912 1101 969 1132 Sed
987 1101 1109 1130 nullum
1129 1098 1171 1129 est

210 1141 297 1173 istuc,
315 1140 497 1173 mihicrede,
508 1139 686 1179 praefidium.
711 1143 847 1177 caritate,
871 1143 902 1173 ὃς
913 1143 1119 1173 benivolentia
1128 1143 1172 1170 ci-

208 1186 293 1212 vium
307 1182 428 1221 stuprum
439 1191 557 1221 oportet
567 1181 634 1217 effe,
648 1194 711 1215 non
721 1187 822 1214 armis.
842 1186 967 1225 Eripiet,
981 1183 1170 1224 extorquebit

210 1226 265 1255 ubi
284 1222 337 1254 ista
357 1224 486 1263 populus
510 1225 644 1255 Roman.
667 1229 781 1256 utinam
803 1227 888 1257 salvis
907 1226 1014 1256 nobis:
1036 1226 1084 1256 sed
1094 1235 1172 1265 quo-

208 1276 270 1307 qm
283 1265 377 1295 modo
387 1265 547 1296 nobiscum
560 1268 653 1308 egeris
664 1289 672 1301 ‚
685 1268 758 1298 dum
770 1267 832 1298 istis
842 1267 973 1299 consiliis
985 1269 1075 1298 uteris
1085 1287 1093 1300 ,
1106 1276 1170 1296 non

208 1315 304 1348 potes,
318 1307 492 1337 mihicrede
502 1327 509 1341 ³
526 1307 583 1339 effe
593 1309 764 1340 diuturnus.
784 1312 898 1341 etenim
910 1309 961 1340 ista
975 1318 1024 1339 tua
1034 1307 1165 1339 minime

209 1358 293 1381 araia
310 1352 441 1385 coniux,
469 1360 560 1390 quain
581 1362 636 1393 ego
654 1351 716 1382 sine
738 1353 924 1383 contumelia
944 1351 1099 1384 describo,
1122 1352 1170 1380 ni-

210 1393 311 1421 mium
323 1391 412 1421 debet
423 1392 474 1423 diu
488 1394 603 1432 populo
614 1396 759 1425 Romano
770 1393 946 1435 pensionem
957 1395 1084 1424 tertiam.
1109 1395 1170 1423 Ha-

211 1433 400 1473 betpopulus
413 1436 572 1465 Romanus
586 1435 620 1465 ad
639 1447 716 1477 quos
735 1437 934 1477 gubernacula
952 1437 1024 1476 reip.
1043 1434 1170 1466 deferatt

210 1485 264 1516 qui
277 1475 458 1516 ubicumque
475 1484 616 1515 terrarum
636 1479 705 1508 sunt
717 1499 726 1512 ‚
743 1479 785 1508 ibi
806 1478 848 1509 est
866 1488 959 1508 omne
979 1479 1052 1517 reip.
1074 1475 1172 1517 praesi-

211 1518 297 1548 'dium
314 1537 322 1549 ,
341 1517 387 1546 vel
400 1519 500 1557 potius
511 1519 572 1560 ipsa
581 1520 646 1559 resp.
667 1531 733 1561 quae
743 1521 771 1551 se
780 1521 875 1551 adhuc
886 1520 1101 1551 tantummodo
1112 1519 1173 1550 ulta

211 1557 265 1591 est,
279 1558 418 1588 nondum
430 1564 620 1600 recuperavit.
645 1563 732 1592 habet
741 1562 866 1603 quidem
876 1563 954 1593 certe
965 1562 1040 1602 resp.
1055 1561 1171 1592 adoles-

210 1602 324 1630 centeis
333 1599 547 1636 nobilissimos,
557 1612 670 1643 paratos
682 1603 862 1635 defensores.
882 1604 972 1645 quam
993 1604 1109 1637 volent,
1123 1603 1169 1633 illi

211 1638 335 1676 cedant,
358 1643 420 1672 otio
440 1644 645 1675 consulentes:
671 1655 774 1676 tamen
791 1646 920 1687 arepub.
939 1645 1170 1676 revocabuntur.

211 1687 251 1715 Et
264 1693 380 1714 nomen
399 1686 477 1724 pacis
491 1685 577 1716 dulce
592 1686 651 1721 est,
671 1689 704 1719 &
720 1689 780 1728 ipsa
799 1698 844 1718 res
863 1685 1003 1718 salutaris.
1025 1687 1074 1717 sed
1090 1689 1169 1717 inter

209 1728 315 1767 pacem,
328 1726 361 1755 &
372 1726 543 1764 ftrw‘tmem
551 1728 720 1768 plurimum
735 1729 863 1760 interest.
880 1740 948 1770 pax,
960 1729 1002 1759 est
1013 1729 1171 1770 tranquilla

211 1768 347 1798 libertas:
360 1767 484 1798 servitus
495 1771 646 1800 malorum
657 1774 801 1802 omnium
812 1771 1009 1812 postremum,
1027 1781 1091 1800 non
1101 1781 1170 1800 mo·-

212 1808 253 1840 do
266 1810 347 1839 bello
358 1829 366 1842 ,
388 1813 397 1828 ¹
411 1808 460 1839 sed
470 1820 568 1841 morte
578 1814 668 1843 etiam
680 1814 896 1854 repellendum.
916 1813 1007 1855 Qiod
1019 1812 1040 1842 fi
1051 1813 1168 1853 seipsos

211 1851 259 1881 illi
279 1850 372 1881 nostri
388 1850 560 1895 liberatores
579 1853 595 1883 ὲ
613 1855 774 1895 conspeetu
794 1856 899 1887 nostro
916 1855 1117 1885 abstulerunt:
1143 1863 1171 1885 at

211 1893 370 1934 exemplum
382 1892 453 1922 ῒεῑξὶὶ
464 1895 660 1935 reliquerunt.
683 1898 728 1927 illi
748 1898 829 1938 quod
839 1908 931 1928 nemo
941 1896 1049 1927 fecerat
1060 1917 1068 1929 ‚
1088 1896 1168 1926 fece-

211 1944 291 1965 runt.
318 1937 522 1975 Tarquinium
538 1939 642 1967 Brutus
653 1938 734 1969 bello
745 1939 787 1969 est
797 1941 983 1980 persecutus:
1005 1940 1057 1979 qui
1067 1948 1168 1968 tamen

211 1987 266 2007 rex
276 1975 344 2010 fuit,
355 1986 426 2006 cum
437 1976 494 2007 effe
506 1980 614 2010 Romae
624 1990 724 2022 regem
736 1982 846 2011 liceret.
857 1984 905 2022 Sp.
919 1979 1036 2013 Cassius,
1047 1983 1094 2019 Sp-
1102 1981 1169 2010 Me-

212 2021 282 2052 lius,
298 2021 341 2048 M.
354 2019 486 2049 Manlius
496 2030 614 2061 propter
626 2022 828 2063 suspicionem
838 2026 920 2064 regni
930 2022 1088 2063 appetendi
1102 2022 1169 2052 sunt

212 2063 318 2091 necati.
342 2061 373 2090 hi
384 2061 555 2101 primicum
565 2063 671 2104 gladiis
682 2085 689 2097 ,
712 2075 775 2095 non
789 2067 821 2095 in
831 2076 955 2107 regnum
967 2072 1168 2104 appetentem,

213 2103 262 2133 sed
274 2106 305 2132 in
316 2111 490 2144 regnantem
501 2106 652 2144 impetum
669 2106 813 2137 fecerunt.
833 2107 915 2148 quod
934 2117 1005 2136 cum
1018 2106 1115 2146 ipsum
1126 2105 1171 2136 fa-

214 2146 299 2174 c‘tum
314 2154 367 2184 per
385 2144 412 2174 se
431 2147 604 2185 praeclarum
614 2168 621 2180 ‚
642 2157 726 2189 atque
737 2149 879 2180 divinum
890 2148 932 2179 est
944 2169 952 2182 ,
974 2157 1040 2178 tum
1052 2146 1171 2187 expofi-

215 2196 279 2216 tum
295 2186 328 2215 ad
342 2187 522 2218 imitandum
535 2209 542 2222 ‚
564 2190 726 2229 praesertim
737 2201 806 2220 cum
824 2191 872 2221 illi
883 2201 949 2221 earn
958 2190 1085 2232 gloriam
1097 2199 1172 2219 con-

215 2229 309 2258 secuti
323 2225 395 2262 sint,
412 2238 477 2268 qua*
489 2232 542 2259 viz<
553 2232 616 2260 coer'o
628 2233 690 2272 capi
708 2232 789 2272 posse
807 2233 954 2263 videatur.
983 2235 1061 2262 Ersz
1079 2241 1170 2261 ENiM

214 2271 281 2300 satis
292 2271 324 2298 in
336 2269 394 2308 ipsa
402 2271 584 2302 conscientia
601 2275 795 2313 pulcherrimi
811 2274 881 2304 fasti
896 2272 1016 2304 fruetus
1027 2281 1086 2304 crat
1097 2293 1104 2306 ,
1129 2283 1172 2303 ta-

215 2321 288 2342 men
297 2311 417 2341 mortali
426 2314 684 2345 immortalitatem
693 2325 758 2345 non
768 2316 891 2346 arbitror
899 2315 1174 2347 contemnendam.

256 2482 279 2498 i,
298 2474 420 2535 serignorte
436 2479 508 2501 ctiam
526 2477 702 2511 repe.'!1.nr.’um,]
724 2477 803 2503 Haud
815 2477 884 2505 secus
902 2479 960 2505 mss.
980 2480 1070 2506 nostri.
1091 2479 1175 2506 atisi-

217 2513 298 2535 sJ-urus
320 2519 336 2535 ii
361 2520 421 2537 ,Χμ
442 2521 460 2537 cv

218 2546 342 2571 &hortus
353 2545 401 2573 lib.
415 2556 436 2573 1.
447 2546 554 2576 Nodor.
565 2550 626 2576 Cic.
636 2559 691 2586 cap.
712 2558 753 2583 ¹4·

256 2588 271 2604 π.
279 2600 284 2605 .
304 2584 362 2606 Cum
371 2584 414 2608 hac
423 2588 581 2611 nummariam
590 2587 659 2620 tua]
682 2586 738 2612 Pal.
755 2595 796 2622 pr.
807 2589 955 2613 nunrr‘ati'one
965 2587 1013 2614 sec.
1025 2590 1090 2613 mimi
1099 2596 1180 2613 vaca-

1217 138 1761 187 C1cE‘Ronis

1211 219 1377 252 Recordare
1388 221 1477 261 igitur
1487 241 1495 254 ‚
1508 222 1597 253 illum
1608 243 1617 258 ,
1629 225 1674 254 M.
1688 225 1817 259 Antoni,
1831 223 1913 255 diem
1924 231 1985 265 quo
1992 221 2169 254 dictaturam
2189 225 2237 267 453

1214 262 1373 293 sustulisti:
1394 272 1474 307 pone
1486 273 1554 294 ante
1572 265 1679 296 oculos
1696 267 1831 297 laetitiam
1852 267 1967 297 senatus
1979 286 1988 299 ,
2008 265 2171 306 populique

1215 308 1349 335 Roman.
1364 307 1469 334 conrer
1479 307 1493 324 ²
1504 315 1574 335 cum
1586 311 1796 339 nummatione
1808 318 1857 339 tua
1868 329 1876 342 ,
1890 317 2073 348 tuorumque
2086 318 2091 336 z
2104 315 2170 336 tum

1216 347 1364 387 intelliges
1377 366 1385 379 ,
1405 356 1553 387 quantum
1564 349 1641 378 inter
1651 349 1778 385 laudem,
1800 350 1952 384 &lucrum
1970 347 2092 379 intersit.
2115 346 2173 378 Sed

1218 391 1364 419 nimirum
1377 408 1384 422 ‚
1397 398 1429 418 ut
1439 388 1561 429 quidam
1574 409 1583 423 ,
1606 392 1713 422 morbo
1731 394 1833 433 aliquo
1845 414 1853 426 ,
1876 393 1909 423 ὃς
1927 392 2024 422 sensus
2042 390 2171 430 stupore,

1218 432 1392 461 suavitatem
1403 431 1463 460 cibi
1475 441 1540 460 non
1553 431 1701 464 sentiunt:
1718 432 1754 464 sic
1765 435 1919 465 libidinosi
1929 454 1937 468 ,
1949 436 2046 466 avari,
2058 432 2177 463 facino-

1218 471 1284 506 rofi‚
1295 483 1364 501 verx
1377 472 1464 501 laudis
1476 471 1592 513 gustum
1606 484 1670 505 non
1679 476 1798 506 habent.
1822 477 1877 507 Sed
1888 497 1896 511 ‚
1913 474 1933 506 si
1946 486 1974 507 te
1985 477 2046 506 laus
2057 474 2177 504 allicere

1218 515 1253 545 ad
1265 514 1344 544 reete
1359 513 1531 544 faciendum
1542 525 1606 545 non
1615 516 1711 556 potest
1721 537 1730 551 ,
1751 528 1788 547 ne
1798 528 1896 548 metus
1913 518 2035 558 quidem
2046 516 2061 546 a
2072 515 2177 546 foedis-

1220 555 1302 586 simis
1311 555 1398 586 fastis
1416 555 1512 596 potest
1524 567 1645 588 avocare
1657 562 1667 584 ,2
1689 559 1802 600 Judicia
1813 570 1877 590 non
1888 562 2009 590 metuis.
2030 557 2049 588 si
2059 566 2180 598 propter

1221 601 1443 632 innocentiam,
1456 598 1560 629 laudo:
1577 598 1598 628 fi
1607 609 1727 639 propter
1737 602 1815 634 vim,
1831 610 1895 632 non
1906 602 2061 642 intelligis,
2072 601 2111 633 ei,
2122 601 2176 640 qui

1221 640 1277 671 isto
1288 640 1382 671 modo
1400 640 1513 680 judicia
1523 651 1586 671 non
1602 644 1723 675 timeat,
1742 642 1815 683 quid
1834 643 2005 673 timendum
2017 641 2070 672 sit?
2088 640 2180 683 Qotl

1221 681 1242 712 fi
1254 693 1317 713 non
1331 685 1442 713 metuis
1450 685 1530 713 viros
1541 683 1657 717 forteis,
1669 685 1861 725 egregiosque
1871 686 1963 714 civeis
1973 704 1981 717 ‚
1999 683 2080 724 quod
2089 683 2180 713 acor-

1220 734 1292 765 pore
1311 733 1364 755 tuo
1375 725 1571 765 prohibentur
1589 728 1699 760 armis;
1720 727 1765 755 rui
1784 735 1811 756 te
1823 746 1831 760 ,
1853 726 2045 758 mihicrede,
2063 725 2178 754 diutius

1222 777 1286 797 non
1299 767 1406 797 ferent.
1435 771 1447 794 3
1474 770 1561 806 QJAE
1582 777 1638 798 EST
1654 777 1753 798 autem
1773 770 1854 802 vita,
1873 768 1937 798 dies
1957 767 1990 797 δε
2005 765 2122 796 ῃοὲὶείε
2141 768 2179 795 ti-

1224 809 1400 839 mereasuis
1418 812 1429 838 ?
1452 808 1507 839 nisi
1526 807 1599 839 vero
1613 819 1662 840 aut
1679 810 1846 850 majoribus
1865 810 1953 840 habes
1973 807 2101 847 beneficia
2110 806 2180 836 obli-

1219 858 1319 891 gatos,
1334 851 1427 891 quam
1439 851 1489 880 ille
1500 851 1644 892 quosdam
1656 852 1761 881 habuit
1772 862 1809 882 ex
1822 854 1858 882 iis
1869 871 1876 885 ,
1888 852 1903 882 a
1912 851 2022 892 quibus
2032 849 2073 879 est
2086 851 2179 878 inter-

1220 891 1331 922 fec'tus:
1356 902 1405 923 aut
1419 902 1449 923 tu
1461 903 1490 923 es
1501 893 1562 923 ulla
1571 904 1601 923 re
1619 904 1690 924 cum
1704 904 1740 924 eo
1751 894 1980 934 comparandus.
2002 891 2061 921 fuit
2073 893 2104 920 in
2121 891 2179 920 illo
2218 914 2225 921 t

1222 936 1381 974 ingenium
1393 955 1401 968 ‚
1414 937 1489 965 ratio
1500 956 1507 968 ‚
1521 938 1670 966 memoria
1681 956 1689 969 ,
1703 937 1873 970 litteratura,
1884 937 2038 976 cogitatio,
2050 933 2181 973 diligen-

1222 978 1279 1006 tia:
1299 986 1344 1006 res
1355 977 1435 1007 bello
1445 974 1584 1018 gess'erat,
1604 981 1742 1018 quamvis
1752 978 1867 1019 reipub.
1883 976 2066 1008 calamitosas
2080 995 2090 1009 ,
2108 983 2182 1005 atta-

1221 1027 1293 1048 men
1306 1028 1443 1059 magnas:
1466 1020 1684 1050 multosannos
1694 1030 1813 1062 regnare
1823 1019 1866 1050 est
1877 1018 2037 1049 meditatus
2049 1029 2057 1051 3
2069 1026 2178 1056 magno

1219 1059 1331 1092 labore,
1347 1062 1462 1101 magnis
1471 1062 1611 1101 periculis
1626 1083 1633 1095 ,
1645 1063 1727 1103 quod
1736 1064 1896 1103 cogitarat,
1907 1060 2056 1091 effecerat:
2069 1069 2180 1089 mune-

1221 1101 1314 1135 ribus,
1326 1105 1538 1132 monumentis
1549 1122 1556 1136 ,
1568 1107 1727 1145 congiariis
1738 1125 1746 1137 ,
1758 1105 1863 1144 epulis,
1878 1101 2108 1133 multitudinem
2120 1103 2179 1131 im-

1222 1152 1346 1183 peritam
1358 1143 1481 1173 lenierat
1493 1154 1498 1172 :
1514 1145 1581 1174 suos
1590 1148 1733 1184 praemiis,
1744 1146 1924 1176 adversarios
1934 1145 2103 1174 clementiae
2113 1143 2178 1182 spe-

1221 1186 1266 1214 cie
1280 1184 1465 1215 devinxerat.
1487 1185 1559 1225 quid
1571 1187 1685 1218 multa?
1707 1187 1843 1217 attulerat
1860 1186 2033 1226 jamliberae
2049 1187 2176 1217 civitati.

1219 1227 1328 1266 partim
1349 1235 1432 1256 metu
1444 1247 1452 1260 ,
1481 1229 1589 1266 partim
1608 1230 1748 1268 patientia
1758 1248 1766 1262 ‚
1789 1227 2014 1267 consuetudinem
2026 1226 2176 1266 serviendi.

1220 1270 1299 1298 Cum
1320 1268 1375 1298 illo
1390 1279 1445 1309 ego
1466 1277 1494 1299 te
1513 1269 1694 1300 dominandi
1709 1270 1870 1310 cupiditate
1887 1268 2025 1300 conferre
2043 1266 2174 1307 polium,
2196 1265 2242 1308 46

1220 1312 1324 1340 ceteris
1342 1309 1415 1340 verb
1432 1310 1518 1340 rebus
1535 1312 1622 1342 nullo
1644 1312 1738 1342 modo
1762 1321 1792 1341 es
1810 1310 2038 1351 comparandus.
2060 1309 2117 1340 Sed
2135 1319 2174 1339 ex

1218 1352 1358 1392 plurimis
1377 1353 1465 1382 malis
1476 1373 1484 1386 ,
1499 1363 1565 1393 quae
1580 1353 1616 1383 ab
1632 1354 1688 1384 illo
1699 1356 1771 1393 reip.
1783 1355 1852 1384 sunt
1864 1352 1978 1386 inusta,
2000 1354 2057 1381 hoc
2074 1360 2175 1381 tamen

1221 1395 1295 1424 boni
1306 1393 1357 1428 est,
1369 1394 1451 1435 quod
1464 1394 1570 1425 didicit
1574 1397 1636 1436 jam
1647 1397 1776 1436 populus
1786 1398 1944 1426 Romanus
1954 1403 2100 1435 quantum
2112 1396 2177 1424 cui-

1219 1446 1277 1477 que
1295 1436 1425 1466 crederet
1441 1456 1449 1470 ,
1467 1436 1577 1477 quibus
1596 1438 1624 1468 se
1640 1440 1863 1470 committeret,
1884 1438 1900 1467 a
1921 1436 2030 1477 quibus
2048 1444 2174 1466 caveret,

1222 1481 1295 1508 Haec
1305 1479 1396 1519 igitur
1409 1489 1474 1509 non
1483 1480 1613 1519 cogitas?
1631 1489 1686 1510 nec
1697 1480 1840 1521 intelligis
1853 1479 1921 1509 satis
1931 1475 1988 1508 esse
1999 1479 2070 1507 viris
2086 1476 2176 1507 forti-

1219 1520 1276 1550 bus
1286 1519 1423 1550 didiciss'e
1434 1541 1442 1554 ,
1459 1530 1560 1558 QLAM
1580 1532 1631 1552 sri-
1647 1523 1820 1562 pulchrum,
1833 1519 1981 1551 beneficio
1992 1527 2119 1560 gratum,
2132 1518 2176 1549 fa-

1220 1572 1270 1592 ma
1278 1562 1442 1603 gloriosum
1454 1582 1462 1596 ,
1485 1572 1646 1602 tyrannum
1657 1563 1813 1594 occidere?
1828 1573 1876 1595 an,
1889 1560 1961 1592 cum
1972 1563 2060 1590 illum
2072 1562 2175 1591 homi-

1221 1614 1273 1634 nes
1285 1614 1348 1634 non
1361 1604 1486 1634 tulerint
1496 1625 1503 1638 ‚
1515 1613 1542 1634 te
1552 1604 1670 1635 ferent?
1693 1607 1835 1636 Certatim
1846 1603 1975 1645 posthac,
1988 1602 2172 1635 mihicrede.

1218 1646 1254 1676 ad
1269 1647 1326 1676 hoc
1338 1656 1413 1686 opus
1424 1655 1566 1681 curretur,
1578 1657 1633 1677 nec
1647 1646 1808 1678 occasionis
1821 1646 1938 1677 tarditas
1949 1643 2175 1685 exspeEtabitur-
2215 1682 2223 1689 -

1219 1688 1345 1728 Respice
1356 1708 1363 1722 ‚
1377 1687 1476 1729 quaeso
1487 1709 1496 1722 ‚
1514 1689 1675 1729 aliquando
1686 1699 1782 1729 remp.
1795 1691 1838 1718 M.
1850 1690 1967 1718 Antoni
1979 1698 1984 1716 :
2007 1686 2115 1727 quibus
2127 1695 2178 1716 oi·-

1219 1738 1265 1760 tus
1279 1729 1315 1759 sis
1326 1751 1334 1764 ,
1348 1740 1411 1760 non
1421 1730 1602 1770 quibuscum
1613 1733 1695 1762 vivas
1704 1751 1712 1764 ,
1724 1729 1893 1761 considera:
1916 1739 2038 1759 mecum
2050 1748 2058 1762 ‚
2079 1737 2111 1758 ut
2121 1737 2177 1758 vo—

1218 1772 1261 1801 les
1277 1782 1283 1801 t
1307 1782 1377 1801 cum
1396 1773 1546 1811 republica
1556 1773 1662 1803 rediin
1680 1774 1816 1818 gratiam.
1839 1771 1895 1802 Sed
1905 1771 1942 1801 de
1960 1780 1988 1800 te
2002 1779 2034 1800 tu
2050 1771 2112 1810 ipse
2130 1771 2177 1799 vi·

1219 1813 1315 1845 deris:
1339 1823 1394 1855 ego
1411 1813 1448 1843 de
1468 1824 1518 1843 me
1533 1815 1597 1854 ipso
1614 1814 1789 1855 protitebor.
1813 1812 2042 1852 defendiremp.
2062 1811 2178 1842 adoles-

1218 1865 1299 1889 cens,
1315 1865 1380 1885 non
1391 1855 1522 1885 deseram
1535 1857 1642 1887 senex:
1664 1854 1811 1887 contemsi
1825 1855 1961 1886 Catilinae
1973 1854 2099 1895 gladios,
2113 1862 2190 1883 nont

1217 1897 1421 1937 pertimescam
1434 1907 1513 1927 tuos.
1536 1901 1619 1939 Qin
1629 1901 1721 1929 etiam
1740 1907 1846 1938 corpus
1861 1896 1991 1926 libenter
2000 1895 2176 1929 obtulerim,

1220 1937 1240 1969 li
1254 1940 1453 1979 repraesentari
1470 1948 1557 1969 morte
1569 1951 1633 1969 mea
1646 1940 1763 1970 libertas
1772 1940 1902 1971 civitatis
1911 1942 1929 1965 4
1938 1936 2034 1978 potest
2045 1949 2054 1972 5
2074 1946 2107 1968 ut
2121 1937 2179 1967 ali-

1217 1981 1340 2022 quando
1354 1981 1442 2011 dolor
1459 1982 1564 2022 populi
1579 1985 1674 2012 Rom.
1685 1985 1777 2022 pariat
1788 2002 1796 2016 ,
1817 1980 1899 2022 quod
1906 1980 2024 2021 jamdiu
2043 1981 2176 2019 parturit.

1219 2024 1343 2053 Etenim
1355 2021 1374 2052 fi
1394 2023 1504 2053 abhinc
1522 2034 1618 2054 annos
1632 2024 1724 2065 prope
1738 2024 1846 2065 viginti
1865 2024 1924 2052 hoc
1940 2022 2005 2062 ipso
2017 2023 2050 2051 in
2060 2021 2177 2061 templo

1219 2066 1324 2106 negavi
1345 2075 1440 2095 possa
1458 2075 1604 2096 MORTEM
1621 2068 1814 2096 immaturam
1824 2063 1883 2095 effe
1891 2064 2177 2104 consulari2quanto
2223 2080 2230 2087 κ

1218 2106 1318 2136 verius
1339 2117 1420 2137 nunc
1439 2108 1553 2148 negabo
1572 2109 1635 2139 seni
1657 2111 1668 2138 ?
1697 2109 1777 2138 Mihi
1794 2106 1865 2138 verb
1878 2127 1886 2140 ‚
1905 2109 1936 2137 P.
1956 2108 1988 2136 C.
2005 2107 2068 2146 jam
2086 2106 2177 2134 etiam

1223 2148 1351 2188 optanda
1365 2159 1447 2179 mors
1456 2149 1500 2180 est
1511 2170 1519 2184 ,
1534 2149 1694 2190 pei·fun6‘co
1705 2151 1792 2180 rebus
1800 2150 1838 2179 iis
1849 2170 1858 2182 ,
1877 2158 1949 2189 quas
1958 2147 2077 2186 adeptus
2095 2146 2174 2179 sum,

1220 2191 1350 2231 quasque
1359 2189 1441 2231 geffi,
1461 2191 1522 2221 duo
1533 2192 1627 2222 modo
1640 2194 1700 2223 haec
1710 2200 1782 2232 opto
1795 2202 1800 2220 :
1811 2200 1922 2223 unum,
1932 2197 1964 2218 ut
1974 2190 2108 2219 moriens
2120 2197 2178 2228 po-

1220 2233 1327 2272 pulum
1338 2235 1516 2264 Romanum
1532 2234 1661 2264 liberum
1673 2236 1842 2274 relinquam
1856 2243 1862 2261 :
1885 2233 1942 2261 hoc
1951 2231 2027 2260 mihi
2044 2230 2141 2269 majus
2162 2230 2178 2260 a

1224 2273 1282 2304 diis
1293 2276 1517 2306 immortalibus
1527 2276 1589 2306 dari
1603 2277 1682 2306 nihil
1691 2274 1789 2315 porest
1804 2285 1809 2303 z
1830 2274 1969 2305 alterum,
1982 2280 2014 2302 nt
2023 2273 2061 2302 ita
2071 2274 2179 2313 cuique

1223 2316 1348 2350 eveniar,
1359 2324 1392 2346 ut
1402 2316 1439 2347 de
1448 2318 1599 2358 republica
1609 2317 1735 2358 quisque
1744 2322 1902 2345 mereatur.

1915 2382 1982 2427 M.
2021 2380 2181 2427 Tun-'-

1920 2463 2184 2471 *Ἢ

1256 2488 1282 2515 3.
1302 2482 1357 2512 5274:ae
1366 2483 1402 2505 ef!
1410 2488 1488 2506 aurem
1496 2484 1553 2506 vita
1565 2501 1571 2512 ‚
1582 2482 1631 2507 dies
1643 2501 1651 2514 ‚
1670 2482 1736 2515 &eff
1765 2482 1807 2508 Est
1825 2482 1857 2507 ab
1868 2491 1919 2508 uno
1930 2483 2044 2508 Ferrarii
2062 2482 2160 2522 scripto
2171 2491 2180 2513 ς

456 2522 497 2548 ap.
510 2521 555 2545 30.
575 2514 720 2549 Originum
740 2514 830 2541 laudat
849 2516 994 2548 repellenda,
1025 2524 1054 2542 iit
1073 2515 1178 2542 monuit
1221 2525 1307 2551 neque
1318 2515 1418 2542 recedit
1438 2516 1552 2543 inultum
1566 2519 1622 2544 Pal.
1643 2518 1689 2544 nili
1708 2517 1778 2554 quod
1788 2518 1810 2544 is
1820 2520 1914 2550 multa,
1935 2528 1984 2554 pro
1996 2521 2062 2545 vita.
2082 2518 2180 2546 inlulse

1225 2553 1348 2587 vulgat-i:
1372 2553 1437 2585 Qia'
1445 2555 1480 2578 eff
1488 2560 1566 2579 autem
1575 2556 1658 2580 multos
1668 2555 1727 2580 dies.
1796 2580 1799 2593 ,
2158 2581 2162 2587 ,

1261 2596 1289 2621 4.
1308 2591 1404 2621 ῬΜ-σῃ·
1424 2596 1450 2614 ut
1460 2591 1606 2623 aliquando,
1623 2591 1689 2625 chuc]
1715 2589 1864 2617 Confirmat
1883 2591 1950 2617 hanc
1968 2590 2085 2617 Ferrarii
2096 2588 2182 2625 Codi-

220 2624 279 2640 1²0²oe
291 2635 297 2646 ‚
318 2625 346 2643 ut
367 2617 487 2647 rideatur
507 2621 696 2648 restituendum
710 2641 717 2653 ,
736 2626 906 2650 nxmrnatsouc
923 2632 969 2652 aut
987 2627 1183 2656 murmuratione,
1227 2633 1286 2650 cuni
1307 2624 1452 2652 leftioneni
1472 2625 1530 2654 Pal.
1550 2624 1601 2654 sec.
1624 2624 1751 2663 vulgata,
1764 2629 1849 2661 foteff.
1870 2630 1966 2654 Utinam
1983 2626 2120 2662 aliquando.
2142 2625 2183 2654 fi-

220 2662 236 2683 'i
249 2652 353 2680 *omo-’ro
363 2652 407 2681 diu
419 2656 453 2684 est
464 2657 535 2692 quod
547 2658 595 2686 viri
606 2657 673 2685 ‹lic'li
683 2657 861 2693 conjecerunt.

1205 2672 1209 2701 ᾗ
1234 2664 1290 2688 tue.
