2295 3400
129 839 142 864 1
155 841 172 875 7
193 831 285 874 quam
297 835 349 874 qui
368 843 434 863 ante
451 842 478 863 te
495 834 705 864 vendiderunt.

172 107 269 153 272
606 91 677 137 M.
758 89 1113 137 TULL11

180 178 247 200 non
261 171 288 198 S.
301 171 334 199 C.
350 167 398 199 sed
415 169 502 199 novis
513 167 619 198 ediffls
630 169 687 198 tuis
699 188 707 201 ,
723 166 901 207 nefariisque
911 163 1058 195 institutis
1067 163 1134 192 exi-

181 220 263 252 geres
275 231 283 244 ‚
297 210 329 240 δε
339 212 465 250 eriperes
486 221 491 238 :
505 220 647 250 magnum
658 219 685 238 te
695 207 795 239 feciss'e
805 207 978 239 arbitrabere
991 226 999 238 ,
1018 204 1140 244 sipluris

181 251 354 282 vendideris
366 273 373 284 ,
383 252 473 292 quarn
485 254 518 281 L.
532 250 706 281 Hortensius
718 271 726 284 ,
738 259 818 290 pater
827 248 912 279 istius
923 244 1138 288 QHortensii,

182 293 274 334 quiim
287 296 340 323 Cu.
354 296 513 332 Pompeius
522 313 529 326 ,
546 292 636 333 quam
649 295 692 321 M.
705 292 863 322 Marcellus
878 293 943 330 :qui
954 289 989 318 ab
998 288 1141 330 aequitate,

182 334 219 364 ab
229 345 287 374 iege
297 356 305 369 ,
319 334 356 363 ab
366 333 499 370 institutis
509 345 559 363 non
569 333 749 371 receffirunt?
764 335 812 363 An
823 332 878 363 tibi
887 334 977 362 unius
987 333 1079 362 anni,
1094 338 1144 375 aut

185 376 388 406 bienniiratio
397 376 533 406 habenda
543 376 617 405 ruit:
638 376 712 405 salus
722 377 885 415 provinciae
898 393 906 406 ,
927 371 1143 403 commodarei

187 417 390 447 frumentariae
404 437 412 450 ‚
424 419 496 447 ratio
506 419 579 457 reip.
590 419 623 446 in
633 417 784 456 posterum
794 416 852 446 fuit
860 414 1055 456 negligenda?
1070 411 1142 442 cum

186 460 227 488 ita
244 469 307 488 rem
323 458 517 489 constitutam
527 457 684 499 accepiss'es
697 479 705 492 ,
722 468 754 488 ut
766 459 797 488 ὃς
808 459 922 498 populo
932 459 992 493 Ro.
1005 456 1070 485 satis
1080 453 1144 484 fru-

189 502 288 529 menti
297 510 334 529 ex
343 501 443 530 Sicilia
457 500 689 540 suppeditaretur
699 521 707 534 ,
728 501 761 530 &
770 499 934 530 aratoribus
945 507 1045 528 tamen
1055 505 1143 527 arare,

186 551 272 581 atque
292 552 375 582 agros
394 543 491 572 colere
508 542 680 581 expediret?
702 541 784 584 Qid
793 540 937 571 effecisti?
953 539 1025 580 quid
1036 536 1147 568 aflecti—

187 592 235 613 tus
245 586 296 612 es?
320 586 362 613 Ut
370 584 485 623 populo
494 586 533 613 R.
542 593 666 623 praetore
678 593 706 613 te
717 604 725 617 ‚
747 584 848 613 neseio
862 582 935 623 quid
951 581 986 611 ad
1005 581 1144 624 decumas

189 624 358 658 accederet,
378 625 553 655 deserendas
569 628 713 656 arationes
725 646 734 658 ,
752 623 1020 665 relinquendasque
1029 619 1145 650 curasti.

188 664 326 697 Successit
337 667 391 696 tibi
400 667 593 697 Livietcllus.
609 670 658 697 Tu
668 669 877 700 innocentior,
890 666 979 706 quam
990 662 1146 692 Metellus?

191 717 223 738 tu
234 708 329 737 laudis
340 728 348 741 ‚
371 709 404 738 δε
412 710 538 739 honoris
547 709 705 748 cupidior?
723 709 779 739 tibi
790 710 873 738 enim
888 706 1056 737 consulatus
1067 712 1148 743 quae-

190 749 309 779 rebatur
321 770 330 783 ,
353 750 481 779 Metello
493 758 628 792 paternus
645 751 745 784 honor,
770 750 802 780 &
821 751 917 779 avitus
934 746 1144 790 negligebatur.

193 791 291 821 multo
302 793 432 821 minoris
442 792 579 822 vendidit
588 812 595 826 ,
612 802 676 822 non
690 792 785 822 modo
796 812 803 824 ‚
819 791 908 831 quam
919 799 951 819 tu
963 809 970 822 ‚
987 788 1033 818 sed
1045 795 1146 832 etiam,

728 836 838 874 Qaero
849 852 857 866 ‚
880 830 899 860 si
909 831 970 870 ipse
984 836 1150 867 excogitare

193 884 259 904 non
269 884 398 914 poterat,
417 875 678 915 quemadmodum
692 876 781 915 quam
793 875 926 914 plurimo
938 871 1096 916 vend-eret:
1111 878 1149 897 ne

194 925 244 946 tua
253 916 378 957 quidem
387 927 515 946 recentia
525 919 658 956 proximi
679 918 809 956 pra-toris
821 913 945 954 vestigia
954 914 1086 952 pertequi
1095 919 1150 949 po—

193 967 286 991 terat,
308 967 341 988 ut
351 960 407 988 tuis
416 959 561 998 pra-claris
572 979 579 991 ,
599 959 649 988 abs
663 967 690 988 te
701 960 834 997 principe
845 958 977 986 inventis
988 974 996 987 ‚
1018 953 1050 982 δε
1061 961 1151 981 exco—

193 1001 293 1040 gitatis
312 999 437 1033 ediCtis‚
457 1009 543 1040 atque
561 999 705 1029 institutis
723 1001 872 1028 meretur?
895 997 950 1026 Ille
961 994 1031 1026 vero
1045 1004 1110 1023 turn
1123 994 1150 1023 se

194 1041 356 1070 Metellum
366 1041 496 1071 minime
507 1041 570 1070 rore
581 1040 705 1081 putasset
713 1061 721 1074 ,
743 1039 764 1069 fi
773 1049 801 1070 te
811 1040 872 1070 ulla
881 1050 914 1068 in
924 1049 954 1068 re
963 1039 1097 1067 imitatus
1108 1035 1151 1081 es-

194 1083 256 1112 set:
282 1085 332 1123 qui
342 1083 377 1112 ab
389 1083 460 1112 urbe
478 1085 579 1113 Roma
590 1103 597 1115 ,
616 1082 698 1123 quod
709 1092 801 1112 nemo
814 1090 959 1122 umquam
973 1077 1039 1122 pos't
1050 1079 1152 1123 nomi*

195 1134 273 1153 nuni
286 1126 464 1154 memoriam
476 1123 547 1154 fecit
556 1145 564 1158 ,
575 1124 646 1153 cum
657 1123 710 1153 fibi
719 1126 751 1153 in
762 1125 948 1163 provinciam
961 1119 1151 1160 proticiscen-

197 1165 272 1195 dum
290 1175 420 1205 putaret,
441 1166 552 1196 litteras
571 1166 606 1195 ad
620 1166 728 1196 Siciliae
745 1167 877 1195 civitates
892 1161 989 1195 misit,
1010 1171 1060 1201 per
1079 1169 1151 1205 quas

196 1207 331 1237 hortatur
340 1227 348 1241 ‚
360 1208 392 1237 &
403 1216 503 1246 rogat,
516 1215 638 1236 marem
648 1228 657 1240 ,
680 1215 714 1236 ut
727 1207 838 1246 ¹serant
848 1208 880 1235 in
890 1202 1039 1234 beneficio
1049 1202 1152 1241 populi

197 1251 238 1279 R.
261 1250 330 1278 Hoc
350 1251 424 1288 petit
442 1249 593 1289 aliquanto
615 1258 682 1279 aiite
703 1249 866 1278 adveutum
889 1247 976 1276 suurn
992 1255 997 1273 t
1022 1244 1054 1273 ὅτ.
1065 1242 1154 1289 simul

197 1289 330 1320 ostendit
340 1311 348 1323 ,
366 1291 393 1320 se
404 1291 467 1331 lege
478 1290 845 1320 Hieronicavenditumm
857 1309 864 1323 ,
882 1289 938 1318 lioc
948 1286 990 1317 est
999 1307 1007 1319 ‚
1023 1288 1055 1315 in
1066 1294 1153 1314 omni

198 1333 314 1362 ratione
324 1331 519 1362 decumarum
536 1333 614 1362 nihil
623 1332 670 1362 isti
681 1331 776 1361 simile
789 1330 947 1361 faeturum.
972 1331 1070 1368 Atque
1080 1328 1152 1359 haec,

200 1383 266 1404 non
277 1373 436 1413 cupiditate
450 1374 546 1414 aliqua
556 1374 656 1404 scribit
668 1372 813 1404 adduehis
825 1393 833 1406 ,
854 1381 887 1402 ut
900 1373 933 1401 in
945 1371 1074 1400 alienam
1085 1378 1155 1408 pro—

201 1416 334 1445 vinciam
351 1417 450 1445 mittat
468 1416 578 1445 litteras
589 1424 656 1446 ante
674 1425 810 1455 tempus:
829 1413 878 1445 sed
897 1410 1022 1443 consilio
1034 1431 1042 1444 ,
1063 1421 1100 1440 ne
1112 1430 1120 1443 ,
1136 1408 1155 1438 si

202 1465 322 1496 tempus
342 1458 463 1486 sationis
481 1456 662 1497 praeteriiss'et
674 1478 682 1491 ,
700 1467 826 1498 granum
843 1458 876 1485 in
894 1455 1048 1494 provincia
1057 1452 1158 1482 Sicilia

200 1498 322 1528 nullum
334 1498 520 1528 haberemus.
536 1500 713 1539 Cognoscite
722 1498 839 1528 Metelli
848 1498 966 1526 litteras.
981 1497 1085 1524 Recita
1095 1495 1158 1533 epi-

140 1534 180 1567 18
204 1539 310 1570 stolam
326 1542 351 1570 L
370 1540 498 1570 Metelli.
521 1541 768 1571 LITTEReAE
790 1538 1076 1569 LMETELLJ.
1101 1538 1158 1565 Hae

200 1581 307 1612 litterae
319 1601 327 1615 ‚
336 1581 452 1620 judices
463 1602 471 1615 ,
484 1583 642 1612 L.Metelli
655 1602 663 1616 2
673 1592 742 1622 quas
752 1580 874 1612 audistis
884 1600 892 1613 ‚
913 1581 972 1608 'noc
982 1599 990 1611 .
1011 1587 1156 1618 quantum

202 1622 246 1653 est
268 1633 306 1653 ex
326 1623 428 1653 Sicilia
441 1622 589 1654 frumenti
615 1625 774 1655 hornotini
799 1629 1002 1654 exaraverunt.
1032 1619 1159 1659 glaebam

166 1669 186 1675 ·”
203 1663 388 1695 commofl'et
402 1666 435 1694 in
451 1675 519 1706 agro
538 1665 707 1695 decumano
716 1665 825 1695 Siciliae
841 1673 935 1694 nemo
949 1682 958 1696 ,
982 1660 1003 1690 fi
1019 1662 1160 1690 Metellus

202 1708 281 1737 hanc
291 1705 448 1746 epistolam
460 1717 524 1736 non
533 1705 664 1737 misisset.
692 1706 794 1748 Qid?
812 1705 936 1735 Metello
947 1704 1093 1734 divinitus
1104 1704 1161 1732 hoc

204 1747 292 1778 venit
307 1751 337 1777 in
348 1758 483 1778 mentem
496 1759 501 1777 τ
516 1758 553 1778 an
563 1749 600 1779 ab
608 1749 717 1779 Siculis
727 1769 735 1782 ,
751 1750 803 1788 qui
813 1750 946 1777 Romam
963 1743 1160 1785 frequentissi-

205 1791 253 1820 mi
269 1799 471 1820 convenerant
482 1811 489 1822 ,
511 1790 803 1831 negotiatoribusque
824 1793 838 1809 ²
853 1789 959 1819 Sicili.e
980 1785 1086 1816 doctus
1106 1786 1161 1816 est?

205 1841 349 1872 quorum,
361 1833 463 1872 quanti
472 1841 638 1862 conventus
648 1832 683 1862 ad
692 1832 851 1861 Marcellos
863 1851 871 1863 ,
884 1826 1103 1869 antiquiffimos
1115 1830 1161 1858 Si-

205 1873 284 1904 ciliae
294 1882 446 1913 patron05‚
458 1875 563 1913 quanti
572 1873 607 1903 ad
618 1876 674 1903 Cn.
685 1875 874 1913 Pompejum‚
886 1874 955 1902 Cos.
966 1869 1160 1911 designatum,

203 1915 466 1954 ceterosqueillius
473 1916 636 1954 provinciae
647 1913 834 1948 necessarios,
850 1913 913 1943 fieri
924 1913 1004 1942 soliti
1015 1911 1083 1944 sint,
1094 1913 1160 1952 quis

204 1958 337 1997 ignorat?
348 1956 438 1997 Qod
448 1955 571 1996 quidem
580 1956 730 1995 judicium
739 1956 826 1986 nullo
837 1964 982 1995 umquam
991 1953 1026 1983 de
1036 1954 1163 1982 homine

204 1997 324 2028 histum
334 1997 376 2027 est
386 2018 394 2031 ,
406 2005 439 2026 ut
447 1996 540 2036 absens
549 1998 726 2037 accufizretur
733 1996 770 2026 ab
780 1998 810 2026 iic
816 1997 911 2038 palam
923 2016 931 2029 ,
946 2005 1067 2036 quorum
1075 1995 1102 2023 in
1114 1993 1164 2024 bo-

204 2050 243 2070 na
260 2060 268 2072 ,
292 2038 443 2081 liberosque
458 2039 605 2078 summum
623 2040 771 2079 imperium
786 2060 794 2073 ,
815 2037 1029 2080 potestatemque
1046 2034 1163 2066 haberet.

207 2083 308 2111 Tanta
322 2082 368 2110 vis
385 2090 445 2115 erat
462 2082 639 2120 injuriarum
652 2101 664 2115 „
688 2090 720 2110 ut
739 2083 880 2114 homines
899 2079 1019 2120 quidvis
1039 2081 1162 2118 perpeti,

209 2122 301 2164 quam
312 2132 376 2151 non
385 2122 421 2152 de
430 2122 514 2152 istius
525 2125 666 2162 pravitate
677 2142 685 2156 ‚
697 2123 858 2161 &injuriis
869 2122 1019 2161 deplorare
1028 2141 1038 2154 ‚
1051 2120 1082 2149 ἅτ
1090 2130 1165 2150 con—

209 2166 297 2204 queri
309 2164 443 2194 mallent.
466 2167 546 2209 Qas
554 2165 665 2194 litteras
674 2163 745 2193 esim
756 2164 791 2193 ad
801 2166 921 2193 omneis
930 2164 1063 2191 civitates
1071 2162 1163 2201 prope

210 2205 386 2245 suppliciter
406 2204 530 2235 misisset
545 2206 688 2235 Metellus
701 2216 706 2234 :
730 2215 831 2235 tamen
852 2206 1011 2244 antiquum
1035 2203 1164 2236 modum

207 2247 336 2278 :sationis
347 2267 356 2280 ,
373 2248 457 2276 nulla
466 2257 503 2277 ex
511 2256 603 2287 parte.
617 2251 629 2274 3
641 2246 749 2287 ass'equi
764 2248 871 2286 potuit.
894 2244 1163 2285 diffugerantenim

210 2288 373 2330 permulti,
392 2288 423 2318 id
436 2289 518 2329 quod
536 2288 693 2319 ostendam
706 2299 711 2317 2
730 2298 795 2318 non
814 2286 914 2318 solum
932 2288 1076 2316 arationes
1087 2306 1096 2320 ‚
1116 2286 1163 2315 sed

211 2331 306 2360 ctiam
318 2329 400 2360 sedes
416 2330 480 2360 suas
489 2333 613 2370 patrias,
632 2329 716 2360 istius
727 2331 845 2369 injuriis
862 2329 1017 2369 exagitati,
1035 2327 1165 2367 relique-

211 2381 288 2403 rant.
312 2373 387 2401 Non
395 2371 569 2406 mehercule
590 2375 608 2398 4
616 2373 752 2402 criminis
761 2370 888 2412 augendi
897 2370 980 2400 causa
987 2368 1085 2398 dicam
1097 2388 1104 2401 ,
1117 2369 1165 2408 ju-

213 2411 296 2443 dices
309 2413 478 2454 :sed‚quern
486 2414 584 2453 accepi
594 2413 653 2453 ipse
662 2414 770 2447 oculis,
778 2414 943 2452 animoque
953 2410 1166 2443 sensum‚hunc

213 2455 286 2484 vere
301 2456 377 2495 apud
387 2465 442 2484 vos
452 2475 460 2489 ,
474 2455 506 2484 &
516 2475 525 2488 ,
536 2464 568 2484 ut
577 2464 682 2494 potero
692 2475 700 2488 ,
712 2452 878 2495 planissime
889 2462 1050 2493 exponam.
1074 2454 1165 2484 Nam,

212 2494 285 2526 cum
296 2496 495 2536 quadriennio
503 2495 571 2536 post
589 2498 622 2526 in
631 2497 764 2527 Siciliam
777 2493 924 2526 veniss'em
937 2505 943 2522 :
961 2492 998 2523 fic
1009 2494 1087 2522 mihi
1096 2491 1168 2522 affe-

214 2536 262 2567 e‘ta
272 2539 331 2567 visa
341 2538 383 2568 est
394 2559 403 2571 ‚
424 2548 456 2568 ut
465 2539 508 2568 hae
524 2547 606 2567 terrae
616 2539 715 2576 solent
725 2558 733 2572 ‚
754 2540 787 2567 in
797 2537 907 2578 quibus
918 2534 1017 2565 bellum
1026 2533 1167 2567 acerbum,

214 2578 454 2619 diuturnumque
463 2581 609 2610 versatum
621 2579 672 2609 est.
695 2590 769 2620 quos
780 2589 835 2620 ego
852 2587 974 2617 campos
983 2586 1066 2607 antea
1077 2597 1085 2610 ,
1105 2576 1169 2605 col-

211 2620 325 2660 leisque
336 2620 529 2651 nitidiffimos
540 2641 548 2654 ‚
568 2620 818 2662 viridissimosque
828 2618 966 2650 vidiffem
977 2639 986 2652 ,
1005 2619 1061 2647 hos
1070 2620 1111 2647 ita
1119 2627 1170 2647 va—

213 2660 304 2692 statos
313 2671 395 2693 nuuc
405 2682 414 2696 ,
424 2673 456 2693 ac
466 2663 596 2694 desertos
606 2663 745 2694 videbam
755 2683 764 2697 ,
777 2671 808 2692 ut
816 2672 882 2703 ager
890 2661 950 2702 ipse
960 2660 1108 2692 cultorem
1119 2658 1171 2689 de-

257 2787 279 2804 1.
297 2783 383 2804 Seram
391 2782 416 2805 in
426 2781 530 2813 beneficio
534 2781 614 2811 populi
622 2782 663 2804 Ro.
682 2782 728 2805 Hoc
741 2782 801 2811 petit
818 2778 885 2812 &c.]
906 2777 1050 2804 Lambinus
1063 2776 1147 2804 edidit
1159 2787 1167 2808 ς

208 2814 305 2848 sir-ant.
315 2818 343 2839 ln
352 2816 456 2849 benificii
462 2818 540 2847 populi
547 2819 576 2840 R.
587 2817 699 2847 hocpetit.
719 2817 743 2841 Ν
750 2815 820 2841 annii
832 2813 915 2840 codex
927 2823 978 2840 nou
990 2813 1068 2840 habet
1079 2823 1169 2841 vocem

214 2852 250 2877 1¹71.
272 2850 389 2885 legitque
400 2851 485 2876 statim
498 2870 505 2881 ‚
513 2858 605 2883 propter
613 2852 727 2883 hocpetit‚
737 2851 788 2880 glyc.
808 2852 893 2876 Locus
905 2850 1032 2876 lubricus.

253 2894 281 2911 2.
299 2888 381 2911 Stciliae
390 2886 468 2911 dot-'lus
478 2889 537 2920 eff]
550 2888 629 2912 Forte
640 2887 732 2912 edoflus
740 2889 775 2912 εἶν’
785 2905 793 2917 ,
804 2886 892 2922 iuquit
902 2885 1072 2912 Gulielmius.

253 2929 268 2957 3
276 2941 282 2946 .
299 2922 542 2955 Asseajieipotiiit.jlta
552 2921 702 2948 Nauliber.
717 2922 934 2958 vulgata,exftqui.
945 2921 1015 2957 quod
1025 2922 1051 2947 &
1064 2922 1090 2947 in
1102 2921 1170 2948 Pau.

251 2964 280 2990 4.
294 2958 410 2986 ,Criminis
419 2958 517 2990 augendi
525 2959 595 2984 caula
603 2958 704 2992 dicam]
725 2957 880 2994 Sui'peCium
890 2957 1037 2984 Gulielmio
1050 2966 1100 2984 vox
1111 2967 1171 2984 cau-

209 2993 243 3027 sa
257 3011 264 3023 ,
275 3000 397 3027 tauquam
409 2992 496 3018 scribae
506 2993 726 3020 additamentum.

257 3037 281 3061 5.
302 3030 374 3063 qum
383 3036 455 3053 antea
458 3031 513 3062 spes
523 3030 566 3054 haec
573 3029 651 3062 eran]
665 3029 724 3056 Mss‘.
735 3030 916 3061 Nannii,item
928 3028 1102 3064 Faustum.
1120 3029 1170 3056 Ti·-

215 3061 304 3092 bullus
318 3083 326 3095 ‚
335 3067 439 3097 Necspcs
449 3064 568 3096 destituat.

256 3099 285 3128 6.
302 3100 594 3137 hicantaimprobnate]
613 3100 714 3138 Recepi
724 3101 810 3131 'isthaec
827 3100 900 3144 suasu
909 3101 967 3132 mff.
977 3101 1172 3140 Nanuii.prius

1192 89 1717 138 CicERours

1182 161 1303 194 siderare
1315 184 1323 197 ,
1340 174 1372 195 ac
1386 164 1486 207 lugere
1504 165 1669 196 dominum
1680 164 1838 195 videretur.
1862 164 2046 195 Herbitensis
2055 173 2132 208 ager,

1183 204 1328 235 Enneiisis
1340 226 1348 239 ‚
1364 208 1575 247 Murgentinus
1587 227 1594 240 ,
1606 206 1761 236 Assorinus
1772 226 1780 239 ,
1802 205 1995 237 Macharensis
2008 228 2016 240 ‚
2029 210 2134 248 Agyri-

1183 246 1307 277 1ineusis
1318 268 1326 281 ,
1346 250 1386 277 ita
1395 248 1516 278 relffitus
1531 258 1589 278 erat
1602 259 1639 278 ex
1651 250 1785 278 maxima
1801 257 1881 288 parte
1892 269 1900 282 ,
1921 258 2024 278 utnon
2034 248 2136 280 solum

1179 290 1318 329 jugerum
1329 309 1337 322 ,
1360 290 1408 319 sed
1426 292 1516 320 etiam
1535 290 1734 320 dominorum
1749 290 1977 320 multitudinem
1993 300 2138 330 quaerere-

1185 341 1266 359 mus.
1291 330 1462 361 AEthnenfis
1484 331 1555 361 vero
1577 342 1662 371 ager,
1681 334 1734 372 qui
1751 331 1861 361 solebat
1872 329 1928 361 esse
1945 331 2145 365 cultiffimus,

1185 372 1218 401 &
1227 372 1307 412 quod
1316 382 1402 412 caput
1409 372 1451 402 est
1460 375 1501 402 rei
1511 372 1724 405 frumentariae,
1735 382 1855 412 campus
1865 374 2045 406 Leontinus,
2063 376 2075 400 5
2085 383 2139 402 cu-

1182 414 1231 453 jus
1242 423 1326 443 antea
1338 415 1399 452 spes
1412 416 1473 444 haec
1482 423 1542 444 erat
1552 435 1559 448 ,
1578 423 1611 443 ut
1621 434 1629 448 ‚
1649 413 1721 444 cum
1731 412 1860 444 obsitum
1870 413 1990 444 vidiss'es
2002 434 2010 447 ,
2029 424 2140 443 annona

1186 456 1335 484 caritatem
1344 466 1395 484 non
1409 465 1524 484 vererere
1535 467 1545 482 .·
1560 454 1597 485 sic
1606 465 1664 485 erat
1674 454 1832 489 deformis,
1842 465 1928 496 atque
1938 455 2076 485 horridus
2086 475 2094 489 ,
2105 464 2140 486 ut

1187 498 1219 525 in
1240 497 1388 526 uberrima
1397 498 1505 526 Siciliae
1515 506 1593 536 parte
1603 497 1737 526 Siciliam
1750 507 1958 537 quaereremus.
1980 496 2136 528 labefiera-

1188 546 1230 566 rat
1248 540 1331 567 enim
1343 540 1537 568 vehementer
1553 547 1747 577 aratoresjam
1764 539 1895 578 superior
1902 549 1998 568 annus
2011 549 2015 567 ε
2034 540 2136 578 proxi-

1189 589 1257 608 mus
1274 578 1346 609 vero
1366 578 1503 609 funditus
1519 588 1670 609 everterat.
1692 583 1743 610 Tu
1756 581 1832 609 mihi
1849 583 1939 610 etiam
1952 579 2040 610 audes
2052 590 2135 610 men-

1187 622 1305 650 tionem
1315 620 1409 650 facere
1419 621 1635 651 decumarum?
1658 624 1709 651 Tu
1729 618 1745 640 ⁶
1755 632 1788 651 in
1799 630 1876 652 tanta
1885 622 2075 661 improbitate
2087 642 2096 655 .
2107 630 2139 652 tu

1188 663 1220 691 in
1232 671 1309 692 tanta
1317 663 1473 692 acerbitate
1484 683 1493 696 ,
1515 665 1547 692 in
1565 671 1609 692 tot
1618 663 1650 692 δε
1659 664 1747 693 tantis
1757 664 1877 701 injuriis
1887 683 1895 696 ,
1913 663 1984 694 cum
1995 665 2027 692 in
2036 665 2144 694 aratio-

1190 704 1277 733 nibus
1288 723 1296 737 ,
1318 704 1393 733 &in
1403 714 1506 734 earum
1522 714 1623 734 rerum
1639 705 1704 744 jure
1717 707 1872 743 provincia
1889 705 1990 735 Sicilia
1997 703 2144 735 consistat:

1190 743 1295 774 eversis
1305 744 1442 775 funditus
1452 746 1626 780 aratoribus,
1638 745 1750 776 reliais
1761 749 1835 787 agris
1845 766 1854 779 ,
1865 745 1937 776 cum
1948 748 1980 776 in
1988 748 2145 786 provincia

1190 795 1250 816 tam
1261 788 1408 826 locuplete
1419 806 1427 820 ‚
1439 797 1471 816 ac
1480 786 1584 817 referta
1592 807 1601 821 ,
1619 797 1684 817 non
1695 786 1788 817 modo
1797 798 1854 817 rem
1863 807 1872 821 ,
1893 787 1941 817 sed
1951 788 2066 828 nespem
2076 789 2145 829 qui-

1189 828 1260 857 dem
1280 829 1373 858 ullam
1384 829 1528 868 reliquam
1538 831 1677 869 cuiquam
1689 829 1794 858 feceris
1805 849 1813 862 ,
1836 829 1948 870 aliquid
1965 838 1993 859 te
2003 831 2145 869 populare

1190 869 1307 909 putabis
1318 870 1421 899 habere
1433 890 1441 903 ‚
1454 880 1527 900 cum
1539 870 1619 901 dices
1631 891 1639 904 ‚
1651 879 1679 900 te
1688 871 1782 910 pluris
1792 890 1800 904 ‚
1812 881 1902 911 quam
1912 880 2038 904 ceteros,
2054 870 2146 901 decu-

1193 921 1255 940 mas
1265 910 1452 941 vendidisse?
1475 910 1563 953 Qafi
1573 910 1644 941 vero
1662 921 1712 941 aut
1721 913 1849 952 populus
1859 915 1955 942 Rom.
1969 914 2028 942 hoc
2037 913 2146 942 volue-

1191 955 1247 986 rit,
1266 963 1315 982 aut
1326 953 1441 983 senatus
1451 954 1507 982 hoc
1516 953 1570 982 tibi
1580 953 1768 984 mandaverit
1778 973 1786 986 ‚
1806 964 1839 983 ut
1849 974 1857 987 ,
1873 953 1944 983 cum
1955 956 2076 983 omneis
2084 963 2147 987 arar

1193 1004 1293 1024 torum
1305 993 1440 1024 fortunas
1449 995 1642 1025 decumarum
1653 998 1780 1025 nomine
1789 998 1915 1036 eriperes
1926 1017 1934 1028 ,
1951 998 1984 1025 in
1992 995 2147 1035 posterum

1193 1036 1292 1066 fructu
1308 1037 1362 1065 illo
1373 1056 1381 1070 ‚
1402 1036 1627 1077 commodoque
1646 1039 1688 1066 rei
1705 1036 1908 1067 frumentariae
1922 1037 2071 1077 populum
2082 1039 2149 1067 Ro-

1195 1088 1319 1108 manum
1330 1080 1459 1117 privares
1472 1088 1477 1106 2
1495 1078 1603 1108 deinde
1615 1098 1624 1111 ,
1642 1077 1761 1118 siquam
1771 1087 1884 1118 partem
1897 1088 1954 1108 tuae
1963 1078 2068 1118 praedae
2089 1083 2103 1106 7
2112 1077 2149 1108 ad

1194 1120 1345 1150 summam
1364 1120 1558 1149 decumarum
1573 1118 1731 1149 addidisses
1742 1140 1751 1153 ‚
1778 1120 1854 1150 bene
1872 1120 1908 1149 de
1925 1120 2041 1160 populo
2052 1123 2147 1150 Rom.

1195 1163 1320 1190 meritus
1330 1160 1474 1190 viderere.
1497 1164 1595 1201 Atque
1602 1161 1725 1200 perinde
1734 1162 1843 1202 loquor
1850 1181 1858 1195 ,
1870 1160 1948 1202 quasi
1958 1163 1992 1191 in
2002 1171 2038 1191 eo
2047 1160 2081 1191 fit
2088 1162 2150 1191 ini-

1194 1204 1289 1243 quitas
1299 1203 1362 1241 ejus
1373 1201 1613 1242 reprehendenda
1623 1222 1631 1235 ‚
1647 1200 1730 1243 quod
1737 1203 1944 1244 proptergtoriae
1952 1202 2148 1243 cupiditatem,

1195 1255 1227 1274 ut
1236 1244 1352 1284 aliquos
1362 1244 1480 1273 summa
1487 1243 1682 1274 decumarum
1692 1246 1837 1278 vinceret,
1846 1244 2027 1274 acerbiorem
2037 1245 2064 1274 le
2086 1254 2148 1278 em,

1195 1286 1314 1316 duriora
1323 1284 1420 1315 edi&a
1432 1285 1656 1324 interposuerit,
1669 1288 1813 1316 omnium
1823 1286 2010 1326 superiorum
2020 1255 2152 1316 auegtori-

1196 1337 1286 1357 tatem
1296 1327 1467 1367 repudiarit.
1494 1329 1606 1368 Magno
1617 1337 1648 1357 tu
1661 1326 1801 1357 decumas
1810 1327 1983 1357 vendidisti.
2007 1327 2089 1367 Qd
2100 1347 2109 1361 ,
2128 1325 2152 1357 fi

1197 1369 1293 1399 doceo
1304 1389 1313 1400 2
1334 1379 1360 1398 te
1375 1379 1426 1397 non
1439 1370 1533 1397 minus
1545 1370 1658 1397 domum
1671 1377 1754 1398 ruam
1765 1368 1895 1407 avertffi
1905 1388 1913 1403 ,
1929 1364 2018 1410 quitm
2030 1372 2152 1398 Romam

1197 1411 1295 1452 m's'ffi'
1304 1422 1314 1437 .·
1324 1410 1518 1440 decumarum
1528 1414 1656 1440 nomine
1666 1411 1755 1451 ?quid
1764 1411 1852 1441 'nabet
1858 1412 2000 1451 populare
2007 1412 2082 1441 ratio
2092 1420 2151 1444 tua,

1197 1452 1268 1483 cum
1281 1462 1318 1482 ex
1326 1454 1481 1492 provincia
1489 1453 1804 1493 populiRom.aequam
1814 1461 1927 1492 partem
1937 1461 1968 1482 tu
1977 1452 2034 1482 tibi
2042 1452 2156 1483 sumse-

1197 1505 1236 1524 ris
1246 1514 1254 1528 ‚
1275 1504 1362 1535 atque
1371 1495 1483 1533 populo
1494 1496 1589 1524 Rom.
1602 1495 1717 1524 miseris
1729 1497 1739 1523 ?
1757 1495 1830 1539 quid
1840 1513 1849 1528 ,
1869 1493 1890 1523 si
1900 1494 2012 1524 duabus
2022 1494 2153 1534 partibus

1199 1536 1294 1566 doceo
1310 1546 1337 1566 te
1347 1536 1477 1575 amplius
1485 1534 1633 1566 frumenti
1641 1535 1790 1565 abstulifle
1801 1555 1809 1569 ,
1828 1536 1918 1576 quam
1928 1536 2042 1575 populo
2052 1538 2148 1566 Rom.

1201 1576 1331 1608 misiffe?
1349 1586 1489 1607 tamenne
1499 1587 1640 1617 putamus
1649 1587 1808 1616 patronum
1820 1587 1907 1607 tuum
1915 1579 1949 1607 in
1958 1578 2017 1606 hoc
2025 1579 2153 1607 crimine

1201 1620 1379 1650 cerviculam
1394 1618 1571 1658 jaEtaturum
1582 1639 1591 1652 ,
1614 1614 1628 1637 8
1639 1620 1672 1648 &
1681 1620 1795 1658 populo
1813 1619 1841 1649 se
1859 1618 1894 1648 ad
1911 1629 2055 1648 coronam
2068 1619 2153 1648 datu-

1202 1667 1291 1693 rum?
1314 1663 1389 1691 Haec
1399 1670 1453 1690 vos
1463 1670 1546 1691 antea
1556 1681 1566 1694 ‚
1574 1662 1584 1700 j
1589 1660 1690 1691 udices
1699 1681 1708 1694 ,
1721 1660 1858 1693 audistis:
1871 1658 1978 1690 verum
1987 1658 2103 1690 fortaffe
2113 1662 2155 1691 ita

1202 1702 1323 1733 audistis
1333 1722 1342 1736 ,
1359 1711 1391 1732 ut
1406 1701 1558 1732 aridiorem
1569 1712 1724 1733 rumorem
1735 1703 1880 1732 haberetis
1890 1721 1898 1735 ,
1919 1702 2154 1742 sermonemque

1204 1747 1356 1774 omnium.
1376 1745 1548 1785 cognoscite
1557 1754 1650 1778 nunc,
1662 1744 1915 1773 innumerabilem
1923 1744 2082 1783 pecuniam
2091 1744 2166 1773 fru-.

1204 1788 1351 1816 mentario
1361 1796 1488 1815 nomine
1498 1795 1627 1825 ereptam
1640 1797 1645 1815 z
1661 1794 1693 1815 ut
1703 1785 1789 1815 simul
1799 1785 1883 1815 illam
1893 1795 2012 1825 quoque
2024 1785 2087 1824 ejus
2098 1794 2166 1815 vo-.

1203 1838 1270 1859 cem
1288 1827 1457 1867 improbam
1475 1828 1655 1868 agnoscatis:
1674 1829 1726 1868 qui
1744 1828 1770 1856 se
1788 1837 1841 1855 uno
1859 1825 1961 1867 questu.
1975 1826 2155 1857 decumarum

1204 1871 1309 1900 omnia
1324 1870 1373 1899 sua
1388 1871 1517 1908 pericula
1536 1869 1742 1899 redemturum
1759 1867 1817 1898 efl'e
1829 1868 1955 1898 dicebat.
1977 1872 1993 1895 9
2004 1867 2153 1898 Audimus

1205 1911 1403 1951 hocjamdiu‚
1417 1910 1534 1950 judices
1546 1921 1551 1939 :
1571 1921 1648 1952 nego
1656 1920 1841 1951 quemquam
1851 1908 1908 1939 effe
1915 1909 2047 1940 vestrum
2058 1929 2066 1944 ,
2080 1911 2157 1951 quin

1206 1954 1279 1993 saepe
1290 1953 1432 1985 audierit,
1449 1953 1546 1982 socios
1556 1951 1640 1981 istius
1649 1950 1754 1985 fuisse,
1776 1951 1969 1981 decumanos.
1989 1950 2158 1983 nihilaliud

1205 1995 1330 2025 arbitror
1339 1997 1373 2024 in
1385 1993 1476 2023 istum
1492 1992 1568 2024 falso
1582 1992 1639 2023 efl'e
1649 1993 1766 2023 &Cium
1781 1993 1863 2023 abiis
1873 2013 1882 2025 ‚
1901 1992 2042 2034 quimale
2051 1993 2088 2023 de
2097 1992 2157 2023 isto

1206 2035 1405 2066 existimarint
1418 2056 1426 2069 ‚
1450 2035 1505 2065 nifi
1519 2037 1585 2066 hoc.
1608 2045 1678 2065 nam
1688 2035 1759 2075 fiscii
1766 2034 1890 2076 putandi
1898 2035 1986 2074 fiant,
2003 2044 2071 2076 quos
2087 2035 2160 2064 inter

1206 2089 1245 2108 res
1254 2077 1460 2110 communicata
1469 2076 1520 2106 eff.
1544 2080 1608 2118 Ego
1615 2087 1677 2110 rem
1688 2086 1781 2107 totam
1791 2095 1800 2110 ‚
1809 2075 2001 2116 fortunasque
2009 2085 2159 2107 aratorum
2179 2076 2182 2080 ’

1207 2122 1327 2150 omneis
1337 2139 1345 2152 ,
1361 2118 1445 2148 istius
1457 2117 1542 2148 fuifl'e
1554 2119 1642 2153 dico:
1664 2120 1833 2158 ¹Apronium
1848 2137 1858 2152 ‚
1879 2118 2082 2158 Veneriosque
2100 2118 2160 2148 set·
2199 2125 2206 2132 ⁸

1206 2161 1357 2202 vos‚quod
1369 2159 1424 2190 isto
1434 2169 1556 2199 praetore
1564 2158 1623 2190 fuit
1633 2169 1751 2189 novum
1761 2169 1853 2200 genus
1863 2158 2158 2199 publicanorum‚ce-

1207 2204 1343 2243 terosque
1351 2201 1534 2232 decumanos
1544 2222 1554 2234 ‚
1574 2209 1776 2240 procuratores
1791 2200 1875 2230 istius
1892 2200 2019 2241 quaestus
2029 2221 2038 2235 ,
2058 2201 2092 2233 fic
2101 2202 2161 2231 mi-

1207 2243 1316 2274 nistros
1334 2245 1504 2283 rapinarum
1520 2241 1607 2272 fuiss'e
1618 2243 1697 2272 dico.
1721 2242 1889 2281 Qomodo
1901 2245 1960 2272 hoc
1973 2242 2081 2273 doces?
2099 2251 2160 2283 quo

1208 2285 1302 2315 modo
1318 2295 1357 2315 ex
1366 2286 1516 2315 locatione
1526 2285 1577 2314 illa
1585 2285 1796 2314 columnarum
1812 2284 1903 2314 docui
1912 2283 2003 2313 istum
2020 2282 2077 2314 effe
2085 2293 2161 2324 pra-..-
2186 2311 2196 2319 ,

1207 2328 1309 2356 datum
1329 2329 1340 2355 ?
1362 2329 1488 2366 opinor,
1513 2335 1551 2355 ex
1570 2336 1606 2355 eo
1626 2325 1759 2355 maxime
1777 2345 1785 2358 ,
1808 2324 1891 2366 quod
1912 2326 2042 2365 iniquam
2062 2325 2158 2365 legem,

1209 2371 1409 2407 ¹0novamque
1419 2366 1550 2397 dixiss'et.
1560 2368 1635 2407 Qis
1646 2369 1729 2397 enim
1740 2377 1884 2407 umquam
1895 2376 2018 2397 conatus
2026 2366 2068 2397 est
2078 2368 2160 2407 “ju-

2165 588 2205 621 19

1207 2420 1237 2439 ra
1248 2411 1352 2439 omnia
1362 2429 1370 2443 ,
1387 2409 1677 2442 &consuetudinem
1687 2410 1829 2438 omnium
1838 2417 2024 2438 commutare
2033 2418 2104 2438 cum
2113 2409 2162 2438 vi·
2194 2423 2199 2426 ⁴
2218 2433 2224 2444 ,
2244 2441 2245 2450 ¹

1208 2453 1393 2490 tuperatione
1403 2471 1411 2484 ‚
1424 2449 1483 2480 sine
1493 2449 1627 2491 quaestu?
1649 2453 1781 2496 Pergam,
1793 2459 1877 2490 atque
1886 2450 2022 2490 insequar
2030 2450 2160 2490 longius.
2202 2446 2206 2449 ”
2243 2482 2245 2493 ¹

1210 2495 1313 2533 iniqua
1332 2493 1394 2533 lege
1411 2492 1558 2522 vendebas
1569 2512 1576 2525 ‚
1599 2502 1659 2532 quo
1668 2493 1761 2531 pluris
1771 2492 1926 2521 venderes.
1947 2501 2017 2525 cur,
2037 2492 2100 2531 jam
2110 2491 2162 2522 ad-

1211 2533 1300 2564 dic‘tis
1311 2554 1319 2567 ‚
1341 2534 1373 2563 &
1384 2534 1512 2564 venditis
1522 2533 1658 2564 decumis
1669 2553 1676 2566 ,
1700 2532 1771 2562 cum
1787 2534 1848 2571 jam
1860 2532 1894 2562 ad
1905 2532 2053 2563 summam
2071 2533 2162 2563 decu-
2200 2534 2203 2538 '
2242 2537 2244 2552 ²

1212 2586 1331 2606 marum
1340 2576 1418 2605 nihil
1430 2596 1438 2609 ‚
1456 2575 1491 2605 ad
1502 2585 1589 2605 tuum
1599 2574 1744 2615 quaestum
1763 2573 1897 2603 multum
1907 2573 2001 2613 poffet
2017 2575 2162 2608 accedere.

1214 2616 1313 2647 subito
1322 2638 1331 2650 ‚
1351 2626 1485 2657 atquevex
1492 2626 1627 2656 tempore
1645 2626 1718 2646 nova
1732 2613 1913 2655 nascebantur
1921 2614 2034 2646 caieta?
2050 2626 2122 2646 nam
2132 2624 2172 2648 ut.

1212 2659 1425 2690 vadimonium
1436 2659 1605 2689 decumano
1614 2678 1623 2692 ,
1641 2667 1834 2699 quocumque
1843 2659 1869 2687 is
1879 2657 1971 2687 vellet
1981 2677 1990 2692 ,
2009 2659 2166 2698 promitte-

2075 2708 2165 2734 retur,

1212 2778 1321 2806 deerant
1334 2799 1341 2811 ,
1354 2789 1438 2815 neque
1448 2779 1546 2805 haerent
1556 2779 1583 2805 iii
1596 2778 1662 2805 Pall.
1674 2787 1732 2804 nam
1744 2777 1861 2809 heiciam
1871 2776 1998 2803 deficiunt
2007 2773 2168 2811 exemplaria

1213 2815 1317 2841 Metelli
1328 2823 1407 2851 atque
1419 2816 1550 2851 Hittorpii
1563 2824 1570 2845 ς
1581 2824 1678 2850 magno
1687 2815 1794 2840 eriticae
1805 2814 1842 2839 rei
1848 2813 1933 2839 malo.

1249 2859 1276 2886 7.
1296 2852 1350 2879 cAd
1359 2853 1476 2884 Jismmam
1486 2851 1660 2885 decumarum]
1679 2851 1752 2877 Male
1762 2849 1892 2876 editiones
1902 2849 2006 2885 aliquot
2015 2845 2167 2875 Lambinia-

1214 2896 1264 2918 iiae,
1271 2888 1374 2921 ficmma.

1251 2922 1277 2949 8.
1298 2925 1331 2949 Et
1344 2925 1425 2956 populo
1435 2923 1462 2955 se
1479 2923 1514 2949 ad
1528 2931 1633 2948 coronam
1647 2922 1785 2956 daturum]
1805 2920 1907 2957 Lipsius
1919 2919 2005 2948 noster
2014 2917 2185 2947 emendabat*

1215 2958 1262 2985 lib.
1277 2967 1300 2984 1.
1312 2959 1414 2986 Vari-ir,
1424 2967 1479 2994 cap.
1493 2967 1518 2991 5.
1529 2967 1558 2983 ac
1567 2967 1657 2984 corona.
1691 2988 1693 2990 Ι
2154 2987 2160 2995 ¹

1249 3002 1278 3029 9.
1297 2994 1428 3021 <Audimus
1436 2994 1600 3027 hocjamdtu]
1618 2992 1743 3028 vulgata,
1753 2993 1898 3020 Audi—nimus
1905 3004 1915 3026 ,-
1924 2991 1968 3019 secl
1977 2990 2095 3018 nostrum
2106 2988 2142 3018 cst
2149 2997 2166 3018 fl

1215 3029 1283 3056 Pali.
1297 3029 1440 3065 meliusque
1451 3029 1585 3055 convenit.

1256 3075 1296 3092 io.
1314 3069 1459 3101 Quamque
1467 3065 1581 3099 dixissen]
1599 3064 1695 3091 Forsan
1705 3065 1817 3099 edixisset,
1827 3064 1916 3100 inquit
1925 3062 2097 3094 Gulielmius,

1253 3111 1264 3131 i
1273 3111 1296 3131 1.
1313 3105 1381 3139 Jura
1389 3103 1466 3133 omnia
1476 3100 1560 3138 λέγω]
1571 3100 1647 3131 Idem
1656 3101 1916 3138 conjicit,communla‚
2107 3140 2119 3162 ι
2141 3131 2171 3157 m
