2295 3400
129 134 224 185 350
539 111 1052 163 MTULLM
1134 110 1675 156 CICERONIS

131 197 333 234 men,0mislis
344 193 645 236 au&oritatibus‚ipftz
655 203 682 222 re
692 193 725 225 c>
736 191 842 219 ratione
851 190 1006 230 exquirere
1016 185 1085 227 pos-
1111 194 1114 221 l
1130 186 1181 217 stri
1199 189 1318 218 exuviis
1336 189 1474 222 nauticis,
1486 188 1518 219 &
1527 186 1662 218 classium
1674 185 1776 227 spoliis
1794 193 1932 218 ornatum
1950 186 2086 228 reliquist-

134 245 237 274 sumus
257 244 429 273 veritatem:
448 248 534 279 atque
544 238 601 266 hoc
609 233 729 265 facilius
741 253 749 267 ,
760 231 844 273 quod
855 242 890 261 ea
899 231 1013 263 omnia,
1025 237 1089 269 quas
1112 224 1115 270 l
1132 229 1204 259 sent.
1228 231 1313 259 Bono
1324 239 1350 260 re
1360 232 1464 260 animo
1473 240 1549 264 tum,
1568 228 1767 270 QHortensi‚
1780 230 1906 269 populus
1916 232 2085 263 Romanus,
2103 242 2143 276 ¹9

132 286 230 316 adhuc
249 284 323 314 {ime
341 281 419 311 dicta
432 281 517 312 sunt,
535 278 629 308 iidem
646 275 693 306 isti
704 285 770 305 vera
780 273 837 304 esse
848 272 1034 305 concedunt,
1058 270 1091 299 δε
1114 275 1115 312 ᾗ
1133 271 1299 305 &ceterOS,
1311 274 1455 312 quierant
1473 274 1506 302 in
1523 271 1627 302 eadem
1648 271 1801 305 sententia,
1814 271 1911 301 dicere
1932 270 2088 301 existima-

134 325 327 357 nect—flatrum
339 323 454 353 bellum
465 319 522 350 ess'e
536 341 544 353 ‚
557 320 588 349 &
600 327 744 360 magnum
755 337 763 350 ,
776 316 849 346 &in
860 325 921 345 uno
932 316 988 344 Cn.
1002 316 1093 343 Pom·
1114 316 1116 347 ἰ
1132 316 1176 343 vit
1193 324 1234 347 ea,
1245 324 1309 354 quae
1321 314 1503 344 sentiebatis:
1526 313 1575 344 sed
1588 304 1687 344 rameri
1706 314 1734 342 in
1747 313 1842 353 sicsine
1857 311 2089 344 communiidem

133 379 203 410 pero
216 362 395 397 summa'esse
407 365 520 393 omnia.
540 361 619 402 de
633 362 769 402 igiturait
778 355 954 387 Hortensius
968 359 978 385 ?
992 357 1020 385 Si
1040 355 1093 383 uni
1114 359 1116 374 ⁴
1133 356 1262 395 populus
1272 358 1430 386 Romanus
1441 355 1538 386 dolori
1556 355 1608 386 suo
1621 355 1738 388 maluit,
1750 355 1840 396 quam
1851 353 2019 385 auctoritati
2036 363 2092 384 ve·
2180 352 2181 355 ’
2197 337 2239 388 ῗξι

138 411 243 440 omnia
255 405 410 437 tribuenda
421 405 605 437 sunt,unum
617 399 823 443 dignissimum
832 397 889 428 ess'e
900 398 1092 437 Pompejum:
1115 382 1117 445 l
1135 397 1198 427 strae
1208 398 1423 436 obtemperare.
1446 399 1548 438 Itaque
1557 407 1615 426 una
1625 397 1694 430 lex,
1715 398 1848 427 unusvii·
1859 417 1866 429 ‚
1886 405 1963 426 unus
1980 405 2090 430 annus,
2237 385 2239 399 ⁵

139 452 187 482 sed
197 451 331 478 adi-mum
344 456 436 477 tamen
449 446 542 475 omnia
551 445 650 483 deferri
661 454 710 473 non
720 449 849 483 oportere.
871 439 1095 478 Obsolevitjam
1116 447 1118 480 ς
1136 449 1200 469 nori
1220 438 1313 468 modo
1327 449 1383 468 nos
1400 439 1452 468 illa
1463 439 1579 468 miseria
1591 459 1599 471 ,
1618 448 1649 468 ac
1666 437 1848 478 turpitudine
1866 438 2018 468 liberavit:
2041 434 2104 468 sed*

139 493 193 523 Μ,
202 493 308 523 oratio,
323 500 352 519 re
366 487 466 518 multo
478 489 571 528 magis
584 485 675 526 quam
692 484 804 516 verbis,
816 482 946 513 refutata.
971 484 1051 511 Nam
1067 488 1097 509 tu
1137 483 1227 510 ctiam
1239 479 1348 513 effecit,
1368 484 1385 506 4
1396 489 1427 510 ut
1436 479 1595 521 aliquando
1606 479 1674 510 vere
1685 480 1857 510 videremur
1865 479 2009 510 omnibus
2017 488 2093 520 gen-

143 535 238 566 idem,
250 534 362 571 Qiinte
374 528 635 562 Hortensi,multa,
645 537 698 567 pro
709 535 758 558 tua
768 526 883 555 summa
893 525 988 563 copia,
999 532 1031 552 ac
1041 519 1099 550 sin-
1119 550 1121 560 ,
1138 522 1216 552 tibus
1230 542 1238 555 ,
1252 532 1283 551 ac
1300 522 1474 551 nationibus
1485 531 1557 551 terra
1568 542 1575 555 ,
1595 520 1730 562 marique
1748 522 1902 561 imperare.
1925 523 1996 561 Qo
2015 521 2094 550 mihi

142 575 235 619 gulari
246 573 382 604 facultate
394 571 564 604 dicenda&
575 572 606 599 in
618 570 718 599 senatu
727 566 939 600 contravirum
949 564 1098 595 fortemA·
1119 565 1121 593 l
1139 566 1228 593 etiam
1239 562 1395 604 indignius
1404 563 1522 593 videtur
1540 562 1738 593 obtre6tatum
1750 561 1807 592 effe
1824 562 1919 593 adhuc
1930 582 1938 596 ‚
1960 561 2094 592 Gabinio

90 1074 130 1108 1-'8
151 1076 260 1106 blicam
278 1075 339 1113 jam
356 1075 440 1102 obire
460 1069 630 1111 pollemus?

144 616 626 656 Gabinium,gra¹:iter‚ornateque
636 609 750 642 dixisti,
767 607 875 638 cumis
885 607 921 637 de
932 617 993 636 uno
1004 607 1101 643 impe-

144 668 239 689 ratore
257 667 359 686 contra
376 655 530 695 praedones
541 651 752 684 constituendo
762 651 859 692 legem
869 645 1101 689 promulgasset:
1121 658 1123 686 ζ

146 701 180 730 &
192 710 229 729 ex
241 701 297 729 lioc
306 699 371 738 ipso
380 699 448 727 loco
461 700 469 715 ¹
482 695 628 736 permulta
637 696 709 724 item
721 702 822 723 contra
833 693 928 732 legem
940 700 1005 719 cam
1015 688 1103 718 verba
1121 687 1123 693 ⁸

141 741 252 772 fecisti.
264 740 344 782 Qid
358 742 366 768 ἓ
379 748 510 778 tum,per
520 737 592 767 deos
602 732 835 767 imniortaleis,si
845 738 911 772 plus
923 731 997 771 apud
1008 740 1103 770 popu-

147 785 213 814 lum
227 785 263 813 R.
275 781 434 813 audloritas
445 789 495 810 tua
508 799 515 812 .
528 778 618 820 quam
631 775 717 818 ipsius
727 776 832 816 populi
842 777 880 804 R.
891 775 964 804 salus
976 793 984 806 ,
996 774 1028 802 &
1039 780 1107 801 vera
1124 781 1125 788 ¹

146 825 229 856 causa
238 822 394 856 valuisset,
409 821 501 852 hodic
511 822 586 851 hanc
595 820 720 861 gloriam
728 839 736 852 ,
759 827 844 857 atque
855 818 912 845 hoc
923 815 1004 844 orbis
1023 822 1103 843 terrae
1124 823 1125 833 ¹

147 868 312 908 imperium
324 873 493 895 teneremus
505 869 513 894 ἓ
525 865 573 892 An
585 862 639 891 tibi
650 870 715 890 tum
726 859 874 899 imperium
884 855 942 886 effe
954 857 1010 885 hoc
1020 855 1107 884 vide-
1125 854 1127 891 '1

146 909 231 939 batur
241 928 250 942 ,
268 906 339 938 cum
350 906 454 946 populi
466 907 505 935 R.
517 905 613 944 legati,
624 911 773 943 pi'aetores‚
784 898 1000 940 quaestoresque
1010 898 1104 936 capie-

148 951 275 981 bantur?
293 948 364 979 cum
375 958 414 977 ex
424 946 567 977 omnibus
577 945 742 985 provinciis
753 949 928 971 commeatu
940 941 971 969 δε
980 941 1106 979 privato,

154 992 187 1023 &
198 992 319 1032 publico
328 988 573 1030 prohibebamur?
582 996 652 1018 cum
664 987 703 1015 ita
711 984 807 1014 clausa
816 991 898 1012 erant
907 981 996 1011 nobis
1007 981 1112 1010 omnia

152 1035 245 1064 maria
255 1053 264 1067 ,
280 1041 311 1062 ut
327 1041 424 1072 neque
434 1034 448 1050 ²
459 1031 603 1070 privatam
615 1037 678 1057 rem
689 1025 926 1056 transmarinam,
939 1032 1035 1063 neque
1052 1031 1107 1061 pu*

652 1071 725 1107 Qae
743 1069 848 1097 civitas
866 1074 951 1095 antea
961 1072 1106 1104 umquam

152 1117 220 1150 fuit,
232 1126 294 1146 non
303 1116 371 1145 dico
382 1110 612 1143 Atheniensium
622 1130 630 1143 ‚
640 1120 704 1151 quae
719 1109 782 1139 satis
794 1108 850 1138 late
865 1105 1018 1148 quondam
1029 1114 1109 1135 mare

151 1156 278 1190 tenuiss'e
295 1157 419 1186 dicitur:
439 1164 504 1184 non
518 1149 803 1195 Carthaginienslum
817 1170 825 1182 ,
849 1151 900 1190 qui
921 1145 1109 1188 permultum
1130 1165 1131 1178 1

151 1199 257 1232 classe,
279 1197 496 1236 maritimisque
514 1195 602 1225 rebus
620 1195 792 1224 valuerunt:
811 1201 875 1221 non
894 1189 1087 1220 Rhodiorum
1100 1207 1109 1222 ,
1131 1190 1132 1193 ’

153 1251 284 1281 quorum
299 1240 390 1280 usque
410 1238 445 1268 ad
465 1236 597 1268 nostram
617 1244 797 1265 memoriam
813 1232 969 1272 disciplina
986 1230 1110 1263 navalis,

156 1280 191 1314 δε
208 1284 300 1325 gloria
310 1279 466 1311 remansit:
484 1289 550 1321 quae
562 1279 665 1308 civitas
676 1285 822 1317 umquam
832 1283 918 1304 antea
928 1282 986 1303 tam
1000 1274 1108 1305 tenuis,

154 1336 220 1366 quae
232 1334 292 1354 tam
311 1332 398 1363 parva
408 1322 503 1352 insula
512 1320 571 1350 fuit
580 1339 588 1353 ‚
609 1328 673 1361 quae
685 1328 747 1348 non
764 1326 867 1357 porrus
879 1316 956 1348 suos,
973 1315 1005 1344 &
1014 1323 1109 1355 agros,

155 1370 190 1397 ὅ(
208 1367 338 1407 aliquam
360 1373 473 1404 partem
492 1363 622 1404 regionis
634 1380 642 1394 ,
661 1369 746 1400 atque
765 1369 823 1388 orae
841 1359 1002 1387 maritimae
1016 1365 1067 1396 per
1083 1356 1112 1385 se

155 1409 217 1449 ipsa
228 1406 422 1438 defenderet?
444 1407 482 1435 At
501 1405 600 1434 hercle
618 1403 733 1442 aliquot
752 1410 847 1430 annos
866 1401 1028 1429 continuos
1044 1406 1111 1427 ante

153 1452 251 1493 legem
266 1449 426 1479 Gabiniam
440 1447 491 1476 ille
508 1445 638 1486 populus
654 1446 829 1475 Romanus,
851 1443 935 1479 cujus
947 1461 955 1474 ,
976 1440 1066 1480 usque
1078 1438 1113 1468 ad

156 1491 292 1523 nostram
303 1491 483 1520 memoriam
495 1508 502 1521 ,
525 1498 620 1517 nomen
639 1483 823 1515 invtc‘iumin
841 1483 994 1513 navalibus
1005 1482 1112 1522 pugnis

130 1548 133 1549 ⁷
156 1533 372 1576 permanserat,
393 1540 519 1572 magna,
538 1539 569 1559 ac
580 1528 679 1558 multo
691 1529 824 1557 maxima
838 1533 917 1565 parte
936 1533 1001 1553 non
1016 1521 1111 1552 modo

156 1576 294 1606 utilitatis
305 1594 313 1607 ,
328 1573 376 1604 sed
390 1572 542 1613 dignitatis
553 1591 561 1605 ,
580 1579 665 1611 atque
680 1570 801 1608 imperii
817 1569 921 1597 caruit.
945 1568 1025 1598 Nos,
1036 1574 1114 1605 quo-

156 1627 227 1651 rum
247 1618 374 1655 majores
384 1614 571 1644 Antiochum
582 1620 681 1653 regem
692 1608 776 1640 claffe
788 1629 797 1643 ,
819 1608 982 1648 Persenque
1000 1607 1115 1646 supera-

159 1667 240 1692 runt,
252 1656 453 1696 omnibusque
468 1654 624 1685 navalibus
634 1654 742 1693 pugnis
752 1649 1018 1690 Carthaginienseis
1029 1668 1036 1682 ‚
1057 1649 1114 1677 ho-

160 1703 261 1732 mines
280 1702 314 1729 in
332 1699 491 1728 maritimis
508 1696 595 1726 rebus
614 1692 888 1725 exercitatissimos,
905 1688 1115 1731 paratiffimos·

159 1753 220 1785 que
230 1743 382 1772 vicerunt:
396 1741 419 1769 ii
437 1739 523 1768 nullo
534 1747 566 1767 in
576 1737 713 1776 locojam
722 1733 888 1777 pradonibus
901 1742 980 1775 pares
995 1730 1052 1761 effe
1061 1740 1117 1770 po-

161 1793 304 1815 teramus.
327 1791 384 1811 nos
400 1789 532 1824 quoque,
542 1781 595 1820 qui
612 1778 696 1808 antea
705 1787 768 1806 non
780 1774 875 1806 mode>
894 1775 1115 1805 Italiamtutam

163 1825 367 1857 habebamus,
384 1822 432 1853 sed
449 1823 569 1851 omneis
585 1820 682 1850 socios
693 1821 725 1849 in
743 1819 860 1848 ultimis
872 1818 931 1846 oris
946 1814 1118 1846 aufiloritate

163 1866 260 1898 nostri
277 1866 398 1905 imperii
415 1864 512 1894 salvos
529 1861 662 1902 praestare
679 1869 849 1900 poteramus
861 1879 869 1893 ,
882 1867 946 1888 turn
960 1878 967 1890 ,
987 1855 1058 1887 cum
1070 1858 1118 1886 in-

162 1910 225 1941 sula
235 1908 330 1938 Delos
340 1916 400 1936 tam
409 1904 514 1946 procul
524 1909 539 1934 a
549 1904 638 1934 nobis
648 1905 680 1932 in
691 1905 785 1943 AEgeo
797 1903 871 1931 mari
888 1898 979 1939 posita
987 1919 995 1933 ,
1010 1897 1071 1939 quo
1084 1908 1118 1927 o-

165 1960 253 1982 mnes
271 1948 403 1989 undique
421 1956 492 1977 cum
511 1945 661 1976 mercibus
673 1965 680 1977 ,
699 1953 785 1984 atque
803 1944 945 1972 oneribus
963 1950 1118 1971 commea-

163 1993 247 2025 bant,
258 1990 362 2021 referta
372 1989 498 2021 divitiis,
510 1997 597 2028 parva
609 2007 617 2020 ,
626 1986 684 2027 fine
693 1995 771 2014 muro
786 1984 859 2013 nihil
872 1981 1012 2013 timebat:
1025 1981 1120 2012 iidem

165 2044 231 2065 non
241 2031 335 2063 modo
344 2032 521 2072 provinciis,
533 2038 619 2070 atque
629 2030 689 2058 oris
699 2028 791 2058 Italiae
801 2026 962 2056 maritimis
974 2044 983 2057 ‚
1004 2034 1035 2054 ac
1052 2033 1123 2064 por·

164 2076 255 2106 tubus
265 2073 384 2106 nostris,
399 2072 448 2102 sed
459 2073 549 2101 etiam
559 2072 654 2110 Appia
668 2069 731 2109 jam
748 2071 798 2098 via
819 2067 1004 2097 carebamus:
1024 2066 1057 2096 &
1076 2067 1123 2095 his

164 2115 353 2156 temporibus
373 2118 385 2142 3
405 2113 606 2152 nonpudebat
616 2110 798 2151 magistratus
818 2108 923 2149 populi
933 2109 1079 2140 Romani,
1092 2109 1124 2136 in

1119 602 1121 627 l
1141 605 1238 635 dicam
1252 624 1260 638 ,
1275 615 1352 634 anne
1364 606 1508 644 Pompejo
1519 624 1527 638 ,
1541 615 1579 634 an
1589 607 1705 645 utrique
1718 608 1728 633 ,⁷
1749 604 1799 643 (id
1809 605 1890 645 quod
1899 603 1942 634 est
1955 604 2068 634 verius:
2080 603 2094 643 )

1140 657 1177 676 ne
1188 647 1331 687 legaretur
1340 646 1434 676 Aulus
1445 647 1591 677 Gabinius
1602 649 1656 676 Cn.
1664 648 1809 686 Pompejo
1820 647 1983 686 expetenti,
1999 655 2030 675 ac
2039 653 2096 684 po-

1141 687 1272 718 stulanti.
1295 687 1409 718 Utrum
1421 689 1482 721 ille,
1495 690 1547 729 qui
1558 687 1686 729 postulat
1702 688 1834 729 legatum
1851 687 1887 718 ad
1907 696 2023 717 tantum
2033 687 2099 716 bel-

1142 730 1218 764 lum,
1233 731 1418 774 quem-velit,
1429 730 1556 760 idoneus
1567 740 1632 760 non
1642 728 1685 760 est
1695 749 1703 763 ‚
1722 731 1774 770 qui
1794 732 1952 769 impetret,
1967 727 2038 759 cum
2048 738 2097 758 ce-

1144 774 1198 801 teri
1213 772 1251 800 ad
1267 771 1426 812 expilandos
1439 772 1526 811 fhcz'os
1537 792 1545 805 ,
1563 771 1801 812 diripiendasque
1819 772 2007 811 provincias,
2020 779 2098 811 quos

1124 834 1126 851 3
1144 813 1308 847 voluerint,
1319 813 1428 853 legatos
1441 813 1613 843 eduxerint:
1637 823 1674 846 an
1694 814 1753 853 ipse
1765 833 1773 846 ,
1786 815 1871 853 cujus
1886 813 1950 853 lege
1960 812 2052 845 salus,
2065 820 2099 841 ac

1144 855 1272 894 dignitas
1285 856 1398 894 populo
1406 857 1548 885 Romano
1561 875 1569 889 ,
1590 864 1676 896 atque
1687 855 1832 885 omnibus
1839 855 1977 895 gentibus
1986 852 2100 884 consti-

1132 905 1207 927 -tuta
1225 896 1286 930 est,
1304 906 1409 936 expers
1428 895 1484 926 effe
1493 896 1581 927 debet
1597 898 1700 939 gloriae
1708 898 1773 936 ejus
1786 897 1993 936 imperatoris,
2014 903 2102 935 atque

1148 938 1211 985 eius
1226 939 1373 968 exercitus
1387 958 1394 971 ‚
1414 937 1602 979 quiconsilio
1611 937 1717 978 ipsius,
1733 947 1818 979 atque
1832 937 1966 980 periculo
1976 935 2019 966 est
2027 945 2103 966 con-

1147 979 1288 1027 stitutus?
1308 990 1344 1010 an
1362 982 1393 1010 C.
1404 979 1568 1013 Falcidius,
1589 980 1797 1021 QMetellus‚
1818 983 1830 1007 5
1849 979 2009 1020 QCoelius
2019 979 2102 1007 Lati-

1149 1020 1260 1052 niensis
1272 1041 1280 1056 ‚
1302 1024 1358 1051 Cn.
1370 1023 1519 1052 Lentulus
1528 1042 1536 1056 ‚
1549 1032 1625 1062 quos
1637 1025 1755 1052 omneis
1766 1024 1889 1051 honoris
1906 1021 1990 1051 causa
1998 1020 2103 1049 nomi-

1149 1073 1201 1096 no,
1212 1062 1283 1093 cum
1294 1063 1407 1093 tribuni
1420 1064 1516 1103 plebis
1531 1061 1654 1093 fuissent
1664 1084 1672 1097 ,
1688 1073 1770 1093 anno
1780 1064 1923 1103 proximo
1942 1062 2028 1103 legati
2045 1058 2104 1091 effe

1148 1113 1326 1145 potuerunt:
1345 1107 1378 1134 in
1389 1107 1446 1135 hoc
1456 1115 1518 1135 uno
1533 1106 1665 1135 Gabinio
1682 1103 1698 1125 6
1708 1106 1776 1136 sunt
1786 1115 1846 1135 tam
1860 1104 2036 1146 diligentes,
2049 1103 2106 1143 qui.

1131 1181 1132 1185 Ἰ
1148 1150 1181 1176 in
1194 1148 1251 1177 hoc
1261 1146 1352 1179 bello,
1363 1146 1444 1187 quod
1455 1152 1469 1175 7
1479 1147 1542 1187 lege
1553 1146 1680 1177 Gabinia
1696 1149 1817 1187 geritur,
1830 1148 1861 1175 in
1876 1147 1934 1175 hoc
1943 1153 2106 1184 imperato-

1151 1199 1200 1222 re,
1219 1197 1306 1229 atque
1325 1190 1474 1222 exercitu,
1493 1184 1507 1207 8
1527 1197 1618 1229 quem
1636 1189 1728 1228 perse
1746 1189 1807 1228 ipse
1823 1186 1996 1220 constituit,
2012 1187 2106 1216 etiam

1149 1232 1300 1270 praecipuo
1314 1230 1325 1270 j
1331 1240 1380 1263 ure
1390 1228 1447 1259 esse
1457 1230 1577 1260 deberet
1588 1232 1599 1258 ?
1616 1229 1652 1259 de
1662 1240 1723 1270 quo
1741 1230 1867 1270 legando
1877 1229 1960 1268 spero
1968 1227 2108 1257 consules

1149 1272 1184 1302 ad
1206 1272 1340 1302 senatum
1352 1272 1503 1302 relaturos.
1523 1273 1575 1313 qui
1588 1269 1608 1300 fi
1618 1270 1816 1304 dubitabunt,
1831 1280 1879 1300 aut
1888 1269 2086 1311 gravabuntur
2097 1278 2107 1298 ;

1151 1324 1207 1355 ego
1225 1323 1275 1343 me
1292 1312 1435 1353 profiteor
1450 1313 1626 1342 rel'aturum:
1644 1317 1765 1354 9neque
1783 1323 1831 1343 me
1853 1311 1998 1351 impediet
2008 1309 2107 1350 cujus·

1150 1365 1239 1397 quam
1249 1375 1258 1389 ,
1314 1356 1414 1385 uirites
1426 1375 1435 1388 ,
1447 1357 1609 1385 inimicum
1628 1354 1761 1384 edi&um
1774 1375 1782 1388 ,
1803 1351 1979 1395 quominus
1989 1373 1996 1386 ,
2015 1351 2110 1381 fretus

1151 1397 1256 1431 vobis,
1280 1400 1411 1427 veltrum
1428 1398 1478 1436 jus
1495 1417 1504 1431 ,
1527 1394 1772 1437 beneficiumque
1789 1395 1967 1426 defendam:
1990 1403 2108 1434 neque,

1150 1448 1255 1480 piaeter
1272 1437 1701 1479 interceffionem,quidquam
1710 1438 1845 1468 audiam:
1865 1437 1902 1466 de
1919 1446 1977 1477 qua
1997 1435 2048 1475 (ut
2063 1444 2110 1465 ar-

1153 1481 1263 1520 bitror)
1276 1479 1323 1510 isti
1334 1478 1387 1520 ipsi
1398 1500 1406 1514 ‚
1431 1482 1519 1522 ¹0qui
1531 1482 1693 1513 minantur,
1705 1481 1795 1510 etiam
1806 1488 1892 1520 atque
1901 1481 2006 1511 etiam,
2017 1474 2112 1518 quiid

1152 1524 1257 1556 liceat,
1277 1521 1514 1552 considerabunt.
1538 1524 1608 1552 Mea
1623 1521 1749 1562 quidem
1769 1522 1931 1554 sententia,
1956 1521 2110 1560 Qirites,

1154 1574 1232 1594 unus
1249 1567 1285 1593 A.
1296 1564 1442 1593 Gabinius
1454 1584 1462 1598 ,
1475 1563 1546 1594 belli
1566 1565 1723 1596 maritimi,
1739 1566 1764 1582 ¹¹
1784 1571 1944 1602 rerumque
1960 1560 2111 1602 gestarum

1155 1605 1258 1636 aufikor
1269 1617 1278 1639 3
1296 1615 1400 1635 comes
1419 1608 1474 1636 Cn.
1496 1606 1642 1645 Pompejo
1655 1604 1847 1635 adscribitur:
1867 1611 2020 1643 propterea
2029 1600 2114 1642 qubd

1154 1649 1227 1678 alter
1244 1648 1298 1677 uni
1317 1647 1348 1677 id
1367 1647 1483 1677 bellurn
1502 1646 1722 1687 suscipiendum
1741 1645 1844 1676 vestris
1863 1643 2008 1684 suffragiis
2025 1643 2113 1673 detu-

1154 1691 1189 1719 lit
1209 1701 1217 1723 ·‚
1238 1689 1311 1719 alter
1327 1689 1461 1718 delatum
1481 1710 1491 1722 ,
1520 1689 1747 1729 susceptumque
1769 1686 1912 1718 confecit.
1945 1685 2112 1725 Reliquum
2128 1663 2208 1726 χαὶ

1156 1730 1215 1776 est?
1239 1740 1271 1760 ut
1289 1730 1325 1760 de
1343 1731 1500 1771 QCatuli
1514 1729 1687 1760 audioritate
1699 1750 1707 1763 ,
1732 1730 1765 1760 &
1785 1730 1931 1760 sententia
1949 1726 2114 1757 dicendum

1158 1772 1216 1803 esse
1237 1772 1381 1802 videatur.
1414 1774 1468 1813 qui
1488 1771 1560 1802 cum
1583 1781 1621 1802 ex
1642 1772 1729 1801 vobis
1774 1779 1893 1800 uaereret
1911 1789 1920 1803 ,
1952 1767 1973 1798 fi
1995 1770 2027 1798 in
2050 1777 2116 1798 uno

1156 1818 1214 1845 Cn.
1237 1815 1383 1854 Pompejo
1396 1815 1502 1844 omnia
1513 1815 1662 1853 poneretis
1674 1831 1683 1846 ‚
1706 1781 1771 1841 ¹²1}
1789 1811 1861 1853 quid
1881 1821 1917 1841 eo
1939 1808 2051 1840 faffum
2070 1809 2117 1840 es-

1158 1857 1210 1890 set,
1224 1857 1258 1900 in
1271 1866 1332 1896 quo
1346 1856 1429 1895 spem
1442 1854 1539 1886 effetis
1557 1855 1704 1884 habituri:
1718 1855 1796 1894 cepit
1815 1862 1960 1894 magnum
1980 1852 2038 1882 suae
2052 1853 2117 1881 vii·-

1159 1900 1229 1928 tutis
1244 1897 1376 1927 trucium
1389 1918 1396 1930 ,
1409 1908 1441 1927 ac
1451 1897 1603 1938 dignitatis
1618 1917 1626 1929 ,
1645 1895 1717 1926 curn
1730 1905 1838 1926 omnes
1851 1894 1944 1935 prope
1955 1903 2014 1924 una
2027 1902 2113 1927 voce,

1162 1950 1197 1970 ru
1222 1949 1262 1969 Eo
1286 1950 1356 1969 rr>so
1379 1949 1433 1969 vos
1447 1939 1529 1979 spem
1544 1938 1696 1968 habituros
1710 1935 1768 1968 effe
1781 1936 1908 1967 dixistis.
1943 1937 2120 1966 Etenimta-

1160 1982 1196 2011 lis
1206 1980 1248 2011 est
1258 1983 1304 2010 vir
1313 2001 1321 2014 ,
1339 1990 1372 2011 ut
1384 1981 1467 2010 nulla
1478 1990 1522 2010 res
1534 1989 1614 2010 tanta
1623 1978 1657 2010 fit
1669 2000 1677 2014 ,
1692 1990 1725 2010 ac
1734 1979 1798 2009 tam
1806 1977 1950 2011 difficilis,
1962 1986 2052 2018 quam
2065 1975 2121 2006 ille

1161 2033 1226 2053 non
1235 2023 1267 2052 &
1280 2026 1287 2041 ¹
1297 2026 1308 2050 3
1318 2021 1443 2052 consilio
1452 2022 1599 2063 regere‚&
1609 2023 1775 2061 integritate
1785 2022 1872 2053 tueri,
1882 2020 1915 2049 δε
1923 2021 2035 2049 virtute
2045 2027 2120 2047 con-

1165 2064 1250 2095 ficere
1269 2063 1367 2105 possit.
1390 2064 1438 2094 sed
1460 2066 1492 2093 'in
1504 2066 1561 2093 'noc
1570 2063 1634 2103 ipso
1643 2064 1679 2093 ab
1689 2073 1726 2093 eo
1735 2059 1997 2092 vehementissime
2008 2057 2120 2090 diffen-

1163 2109 1217 2139 tio‚
1227 2106 1309 2146 quod
1328 2127 1336 2138 ,
1362 2116 1424 2146 Qi9
1445 2115 1550 2135 MtNus
1566 2114 1643 2134 certa
1653 2103 1696 2134 est
1708 2106 1883 2135 hominum,
1894 2112 1927 2131 ac
1941 2103 2043 2130 minus
2053 2099 2124 2130 diu·-

166 2160 248 2190 hunc
257 2158 358 2198 ipsum
367 2157 470 2186 locum
487 2154 640 2186 ascendere
649 2172 658 2187 ,
670 2151 743 2182 cum
752 2161 824 2182 euni
833 2150 920 2180 vobis
931 2151 1061 2190 majores
1074 2159 1124 2179 ve·
1143 2154 1147 2166 ⁴
1168 2157 1253 2178 turna
1262 2150 1332 2182 vita,
1345 2149 1402 2178 hoc
1411 2149 1504 2187 magis
1514 2147 1588 2186 resp.
1603 2146 1678 2176 dum
1686 2155 1738 2186 per
1747 2144 1819 2174 deos
1830 2143 2029 2173 immortaleis
2039 2142 2122 2175 licet,

2061 2182 2124 2213 frui

159 2257 2122 2290 Μ

205 2324 215 2341 1
224 2335 229 2341 .
249 2317 372 2340 Permulta
380 2317 433 2340 itm
443 2322 524 2340 contra
534 2317 599 2348 legem
609 2322 661 2338 cam
670 2314 746 2339 ‘acrba
754 2313 813 2346 futu]
834 2312 877 2337 Sic
888 2312 962 2337 Hitt.
975 2312 1002 2337 &
1011 2310 1114 2337 Uverd.

167 2351 239 2387 prius
251 2350 315 2377 editi
328 2370 335 2382 ,
350 2353 469 2383 permulta
487 2351 643 2376 iiiem'comra
660 2350 726 2382 legem
744 2349 818 2373 verba
832 2349 879 2380 fic.
902 2346 1008 2374 Modius
1019 2347 1122 2382 Episto-

169 2394 195 2414 la
205 2395 298 2414 cxxix
305 2407 310 2412 .

205 2432 234 2449 2.
251 2426 383 2448 Privatam
401 2431 448 2447 rem
464 2419 680 2454 transmarinam]
701 2418 781 2446 Haud
799 2419 878 2445 aliter
896 2419 970 2445 Hitt.
982 2419 1009 2444 &
1020 2418 1123 2445 Uverd.

169 2469 222 2500 non
233 2467 262 2485 ut
274 2458 485 2493 vulgopriviitam
495 2467 542 2483 rem
551 2460 708 2487 maritimam,
726 2454 796 2491 quod
807 2455 833 2481 in
845 2454 919 2481 nullo
930 2455 1124 2485 Palatium-uim

170 2504 216 2531 qui
229 2515 235 2526 ‚
250 2504 296 2519 reni
307 2503 437 2520 mai-mam.

207 2539 234 2566 3.
254 2534 305 2556 Non
320 2531 423 2563 pudebat
442 2538 503 2562 mag.
518 2536 572 2561 pop.
593 2531 688 2553 Roman.
708 2529 734 2552 in
744 2529 806 2553 hum
814 2527 887 2560 lstsflm
895 2529 968 2552 Iocum
978 2525 1124 2561 ascendere]

170 2565 368 2601 Corrigenduni
381 2569 394 2592 c
406 2565 504 2592 Colon.
519 2574 592 2590 nonne
598 2564 701 2597 pudebat
710 2566 735 2588 In
744 2565 805 2588 hunc
823 2564 894 2595 ipsicm
912 2565 984 2587 locum
1002 2562 1126 2596 estendere.

170 2611 228 2638 qna:
239 2602 332 2627 ultima
343 2611 394 2627 vox
406 2600 469 2636 ssepe
481 2601 538 2627 loco
550 2599 594 2626 suo
606 2607 677 2626 mota
686 2599 717 2625 ab
727 2599 856 2634 imperitis
870 2598 992 2624 librariis.

207 2646 234 2670 4.
253 2638 387 2670 Aliquando
404 2639 460 2662 vcra
477 2636 639 2669 virle-remma]
663 2635 748 2670 Magis
769 2634 894 2671 populare
913 2634 948 2660 est
966 2634 1127 2664 videremini,

171 2672 244 2709 quod
255 2672 350 2711 liabent
362 2673 518 2699 membranae
529 2673 627 2699 colon.
649 2681 695 2697 nec
713 2671 796 2697 obstat
815 2670 884 2706 qnod
903 2669 1058 2706 praecellerit
1078 2678 1128 2694 nos.

171 2710 221 2750 boc
231 2709 300 2749 earini
314 2712 367 2748 tere
379 2709 435 2734 'neic
445 2707 529 2734 lei-vat
541 2708 660 2740 Tullius,
671 2715 701 2734 ut
710 2707 812 2733 laet'iora
822 2707 921 2742 populo
932 2705 1064 2731 vindicet:
1079 2706 1129 2731 tri-

171 2750 219 2772 itia
229 2753 307 2771 etiam
321 2745 364 2770 libi
376 2745 564 2770 communicet.

212 2790 238 2814 ς,
257 2782 304 2814 Q
315 2782 397 2806 Cxlim·
406 2780 575 2814 Latiflierfis]
596 2779 694 2806 Colon.
706 2780 834 2812 Latienfis.
857 2778 914 2804 Pal.
925 2777 1012 2814 quint.
1024 2778 1051 2802 ὃ(
1062 2777 1129 2803 sext.

172 2818 338 2849 Lari-ruienses
351 2835 358 2848 ,
378 2817 403 2842 in
415 2815 508 2852 quibus
519 2817 585 2842 item
601 2817 635 2842 erl
647 2818 751 2841 Cecilmr
762 2835 769 2847 ,
790 2815 860 2850 quod
879 2815 906 2841 in
925 2814 1006 2840 tertio
1025 2823 1130 2848 quoqne

173 2851 345 2888 conspicitur.

210 2888 240 2914 6.
257 2893 317 2913 Sunt
327 2896 374 2912 ram
385 2888 528 2921 Adit-entes]
552 2886 669 2922 Respicit
683 2906 690 2918 ‚
710 2894 738 2913 ut
751 2894 815 2922 puto
827 2905 835 2918 ‚
859 2885 890 2912 ad
903 2886 987 2921 Leges
1000 2884 1131 2911 Liciniani

174 2932 254 2960 atque
266 2923 388 2963 Ebutiam
402 2942 409 2954 ‚
428 2923 460 2949 de
473 2924 566 2959 quibus
582 2933 587 2948 ι
600 2932 620 2949 i.
634 2925 731 2958 Agrai:
743 2926 769 2948 R
782 2932 829 2959 pro
840 2923 978 2948 Deiotaro.
999 2922 1132 2947 Hotoma-

176 2969 224 2990 nus
235 2958 267 2985 ad
279 2967 405 2989 marorum
418 2969 517 2985 nior-eni
531 2959 630 2985 refert:
644 2959 721 2985 male.
743 2959 776 2985 sic
788 2959 832 2985 Cl.
845 2959 988 2984 Puteanus.

212 3004 239 3036 7:
257 2996 323 3035 Qid
338 2997 382 3027 Age
400 2997 502 3021 Gabinia
515 2996 634 3030 gentium]
657 2995 845 3031 Hittorpianus
860 3002 990 3028 gereretur.
1009 2992 1134 3029 probabat

176 3031 351 3058 Gulielmius.

212 3067 238 3093 8.
260 3066 410 3100 Qcmpcrft
419 3067 465 3098 ipse
475 3067 616 3100 constituit]
631 3068 723 3103 Inepte
736 3076 809 3092 vei-0.
820 3066 848 3091 δε
861 3065 933 3092 rcStc
945 3063 1097 3097 Coloniens.
1109 3065 1135 3089 ἃ

175 3102 279 3143 [lvercl.
291 3113 356 3137 quem
363 3110 406 3135 per
416 3111 459 3127 >vos
468 3103 513 3134 ipsi·
524 3104 649 3130 sorisssituit.
667 3103 714 3128 lio:
727 3103 761 3130 est
776 3103 902 3137 Ponipejo
914 3101 939 3127 id
950 3101 1050 3127 bellum
1061 3099 1138 3126 susti-

171 3138 302 3182 piendum
315 3138 403 3168 tciri-is
416 3137 548 3176 suffragiis
558 3137 666 3168 detulit.
678 3139 787 3168 adeatur
800 3137 876 3166 Mod.
888 3138 970 3175 Epist.
981 3145 1086 3165 cxxix.

1200 2320 1229 2345 9.
1249 2316 1337 2346 Qque
1346 2319 1378 2334 me
1387 2309 1492 2342 impediet
1502 2308 1637 2342 cujusquam
1649 2327 1656 2339 ,
1674 2307 1781 2339 Qirites
1792 2325 1799 2336 ‚
1809 2308 1917 2339 iniquum
1926 2303 2050 2337 edissam]
2070 2303 2124 2329 Pro

1167 2348 1205 2374 liis
1217 2347 1298 2373 solnm
1311 2345 1387 2372 liubet
1400 2346 1522 2380 Hittorp.
1535 2353 1606 2378 neque
1617 2353 1650 2368 me
1658 2343 1742 2375 impul.
1757 2342 1892 2375 ctg’iifiluam
1901 2342 2034 2374 iniquitas:
2071 2337 2126 2365 nod.

1169 2394 1221 2410 non
1232 2382 1364 2418 displicuit
1376 2380 1479 2407 Modio.
1491 2379 1652 2406 Gulielmius
1664 2378 1729 2404 nihil
1742 2377 1861 2404 mutabat
1871 2377 1917 2403 nisi
1927 2375 1998 2412 quod
2008 2348 2126 2402 texileret

1170 2419 1259 2456 reponi
1271 2417 1339 2454 poffe
1350 2420 1457 2450 iniq-uum
1468 2436 1475 2447 ,
1487 2425 1534 2452 pro
1545 2416 1593 2441 illo
1602 2418 1732 2440 inimicum.

1209 2465 1249 2481 io.
1269 2456 1316 2486 Qi
1326 2453 1476 2486 minantium]
1496 2451 1614 2477 Malebat
1626 2450 1787 2476 Gulielmius
1797 2447 1940 2475 letffionem
1951 2446 1998 2474 nisi
2009 2448 2128 2472 minitan-

1167 2499 1218 2517 tur.
1238 2492 1266 2516 δε
1277 2492 1314 2516 itii
1323 2489 1392 2515 inii-2
1402 2498 1434 2514 ex
1445 2487 1536 2515 i'isslem
1548 2486 1706 2513 membranis
1717 2485 1823 2521 legebat
1833 2504 1842 2517 ‚
1861 2494 1910 2519 φα
1918 2485 1972 2509 huic
1981 2484 2036 2508 urbi
2046 2484 2128 2508 maxi-

1170 2528 1203 2552 mi>
1213 2528 1396 2552 minitabantur.

1215 2572 1222 2588 1
1233 2572 1254 2588 i.
1275 2566 1403 2595 Rerumque
1408 2563 1525 2593 gestarum
1535 2562 1628 2590 auHor,
1639 2567 1708 2584 comes
1719 2560 1763 2584 Cn.
1774 2557 1877 2591 Pompejo
1885 2554 2053 2589 adfiribiiur]
2065 2552 2131 2580 Col.
2150 2570 2154 2575 ·

1170 2608 1292 2632 rerumque
1304 2599 1420 2630 gestarum
1439 2600 1484 2622 Gn.
1503 2597 1604 2629 'Pompejo
1617 2596 1695 2628 ficim-
1713 2594 1864 2627 aiffiribitur.
1889 2590 1940 2618 Sed
1960 2598 2047 2617 tamen
2066 2597 2127 2616 cum

1173 2635 1278 2669 vulgata
1289 2633 1372 2659 exstet
1384 2634 1408 2658 in
1424 2631 1532 2658 Erfurd.
1543 2632 1590 2658 nil'.
1601 2630 1665 2657 nihil
1677 2629 1755 2656 audet
1766 2629 1826 2654 loco
1836 2636 1943 2654 movere
1953 2625 2128 2657 Gulielmius,

1173 2672 1214 2696 cni
1225 2672 1252 2696 ὃ(
1265 2679 1314 2704 ego
1323 2668 1464 2695 adsentior.
1486 2667 1592 2694 Medius
1604 2665 1819 2727 tamenlsequitui·
1829 2663 1984 2699 scripturam
1995 2662 2105 2688 alteram
2118 2678 2128 2692 ‚

1172 2707 1199 2732 d.
1212 2706 1326 2742 Epistola
1338 2714 1441 2731 cxxix.
1463 2703 1549 2730 Andr.
1561 2703 1683 2729 Scliottus
1705 2701 1741 2727 ib.
1757 2710 1779 2726 1.
1790 2709 1846 2736 cap.
1856 2708 1886 2726 2.
1897 2698 2003 2725 Nodor.
2013 2696 2130 2723 adsenti-

1174 2751 1201 2769 tn
1207 2752 1217 2768 1·
1229 2741 1359 2768 Lambino
1370 2740 1534 2777 expungenti
1551 2748 1641 2765 rocem
1659 2740 1742 2764 aanor
1752 2747 1759 2762 .·
1775 2734 1938 2772 disceditque
1949 2736 1964 2760 ὁ.
1975 2732 2131 2760 Manutiana

1177 2779 1300 2814 vulgante
1313 2797 1320 2809 ‚
1332 2786 1401 2803 comcs
1411 2780 1456 2802 Cn.
1466 2777 1587 2809 'Pompcjrir
1596 2775 1661 2809 aajs'c.
1674 2773 1741 2800 Pau.
1752 2772 1834 2799 nosti-'i
1847 2791 1854 2804 ‚
1865 2779 1894 2798 ut
1906 2768 2110 2796 &Lambiniani
2121 2785 2133 2800 ,

1176 2825 1226 2840 non
1238 2813 1382 2850 agnoscunt
1393 2813 1438 2838 illa
1449 2814 1529 2838 auch>-
1539 2819 1620 2841 corncs‘,
1631 2819 1716 2846 neque
1727 2808 1830 2835 exstant
1841 2808 1866 2833 in
1877 2805 2037 2833 editionibus
2048 2813 2132 2830 anno-

1176 2860 1233 2876 rnm
1245 2858 1349 2876 centum
1361 2849 1470 2884 triginta
1483 2867 1490 2879 ,
1501 2856 1558 2883 quae
1568 2846 1697 2873 editiones
1708 2844 1791 2871 solum
1802 2842 1944 2873 exhibent,
1964 2848 2134 2875 rei-umquage-

1168 2889 1263 2919 starum
1274 2889 1320 2911 Gn,
1330 2889 1410 2917 Pomp.
1423 2884 1575 2917 adscribitur.
1596 2891 1680 2917 neque
1689 2881 1767 2907 aliter
1778 2880 1834 2905 Pal.
1847 2878 1898 2905 sec.
1909 2884 1972 2904 tert.
1983 2875 2051 2902 sext.
2069 2875 2133 2902 reli-

1175 2923 1219 2957 qui
1231 2922 1299 2948 enim
1312 2920 1432 2948 omnibus
1445 2920 1528 2945 litei-is
1540 2921 1585 2944 Gn.
1595 2918 1707 2950 Pompcjo.
1727 2915 1886 2951 adscriptum
1896 2913 1930 2940 ad
1940 2922 2013 2939 oram
2025 2911 2075 2938 sec.
2091 2920 2133 2944 ge-

1170 2961 1265 2991 starum
1271 2959 1355 2990 gloria.
1375 2955 1406 2982 ad
1418 2963 1480 2982 tert.
1486 2957 1601 2987 gestarum
1609 2954 1693 2984 fiii-ius.-
1715 2952 1778 2977 alias
1796 2959 1853 2983 par.
1873 2949 1984 2976 Gruter'i
1994 2947 2132 2984 exemplar

1175 2993 1294 3030 *prati-ert,
1308 3002 1429 3026 rerumque
1434 2993 1548 3023 gestarum
1558 2991 1639 3014 altft'or
1650 2992 1695 3014 Gn.
1704 2991 1785 3019 Pomp.
1797 2987 1950 3020 adscribitur.

1217 3038 1259 3055 η.
1278 3031 1303 3054 Si
1312 3029 1370 3061 quid
1377 3028 1496 3060 iasar-'lum
1505 3025 1582 3059 estin]
1596 3024 1639 3051 Est
1650 3026 1665 3050 a
1678 3023 1778 3050 Fabi-ic.
1788 3023 1815 3048 ὃς
1827 3022 1951 3057 Ηίῑῑονρ.
1964 3020 2033 3048 male
2044 3018 2136 3054 vulga-

1180 3073 1206 3093 ta
1218 3085 1225 3097 ,
1233 3066 1257 3099 fi
1265 3065 1323 3099 quid
1331 3065 1357 3088 de
1367 3065 1496 3096 cofac‘Yum.

1220 3109 1261 3136 ¹3·
1281 3101 1373 3133 Consilio
1383 3098 1589 3132 regere.]Tuetur
1599 3096 1663 3123 lianc
1673 3095 1827 3131 scripturam
1839 3093 1945 3135 egregie
1957 3098 2049 3119 contra
2057 3096 2136 3119 novas

1183 3136 1262 3167 editt.
1282 3136 1406 3165 schottus
1418 3134 1504 3163 noster
1515 3132 1563 3161 lib.
1577 3142 1599 3161 1.
1613 3131 1719 3161 Nodor.
1731 3141 1787 3167 cap.
1797 3139 1844 3157 ιο.
2094 3159 2127 3188 ml

2008 3165 2094 3191 nsum
2124 3186 2127 3190 ,
