2302 3353
578 114 663 162 An
696 116 1119 175 Heu-sumum,

157 207 229 234 w,
248 199 308 231 hoc
323 196 435 229 modo:
454 194 530 226 Vires
537 195 674 225 hominis
684 195 787 226 breves
805 196 891 230 sunt,
911 206 962 228 aut
969 207 1055 237 parva
1063 199 1119 230 sta—

160 251 225 272 tura
237 262 245 275 ‚
256 250 304 271 aut
318 241 443 279 longum
454 240 488 267 in
497 238 624 267 homine
635 235 795 267 confilium
807 258 815 270 ‚
829 248 879 268 aut
887 241 981 269 oratio
992 249 1098 279 magna
1107 260 1116 273 ‚

159 291 210 313 aut
218 284 261 312 uti
271 291 364 321 pauco
375 280 520 310 sermone.
544 281 626 308 Nam
636 276 685 309 hic
693 278 780 309 facile
790 279 834 309 est
844 279 1010 313 intellefflm,
1024 279 1118 310 finiti-

0 317 3 363 i
159 333 210 354 ma
218 323 305 353 verba
313 331 413 351 rerum
424 319 614 350 dissimilium
626 340 634 353 ‚
646 322 760 350 ratione
770 320 918 351 abusionis
929 341 938 354 ‚
949 320 1008 351 effe
1018 322 1116 351 tradu-

96 373 112 406 3
122 375 144 408 4
161 364 215 395 ‹sta-
237 362 403 394 Transsatio
413 361 456 392 est
464 383 473 396 ‚
484 361 556 392 cum
565 361 692 391 verbum
702 363 735 391 in
745 362 893 402 quandam
904 373 968 392 rem
980 362 1118 393 transfer—

157 414 206 436 tur
223 415 262 435 ex
279 405 334 435 alia
351 414 382 434 re
393 424 402 437 ‚
425 403 505 444 quod
516 411 635 443 propter
651 401 882 433 fimilitudmem
902 403 981 433 τεᾶὲ
1000 404 1119 434 videtur

179 445 240 476 oss'e
249 444 408 476 transferri.
432 449 474 476 Ea
483 447 598 474 utimur
608 445 650 474 rei
661 453 728 474 ante
739 445 844 475 oculos
856 446 1004 485 ponendae
1013 446 1095 475 causa
1106 465 1115 479 ,

180 499 212 518 c:
233 489 291 517 Hic
299 487 422 516 Italiam
433 486 578 516 tumultus
588 485 787 526 expergefecit
796 496 904 517 terrore
916 487 1023 517 subito.
1047 489 1117 517 Bre-

156 531 254 559 vitatis
264 527 413 561 causa,sic:
428 531 528 557 Recens
537 527 682 557 adventus
693 530 842 558 exercitus
855 527 953 559 subito
963 530 1115 558 civitatem

154 570 308 601 exstinxit.
321 570 528 600 Obscoenitatis
539 568 666 599 vitandae
676 570 767 601 causa,
777 568 829 599 sic:
844 571 927 609 Cujus
938 579 1031 600 mater
1039 580 1114 610 quo—

156 612 278 643 tidianis
289 613 402 652 nuptiis
413 610 583 641 delec'tatur.
598 610 736 651 Augendi
748 609 881 644 causa,fic
893 623 898 640 ;
910 612 1028 640 Nullim
1038 621 1115 641 moe-

156 664 206 684 ror
217 674 225 688 ,
237 654 270 684 &
280 654 430 684 calamitas
441 652 524 683 istius
537 653 654 692 explere
665 653 840 681 inimicitias
851 672 860 685 ‚
877 653 909 682 &
919 652 1061 682 nefariam
1074 653 1116 682 sa-

155 704 250 726 turare
260 694 466 726 crudelitatem
476 696 582 734 potuit.
605 693 767 723 Minuendi
777 695 860 724 caula
871 714 879 727 ,
891 693 946 724 fic:
965 695 1075 734 Magno
1087 694 1115 724 se

153 737 293 778 praedicat
310 737 425 767 auxilio
444 734 547 768 fuiffe,
568 736 637 775 quia
645 734 813 773 paullulum
824 737 858 764 in
868 735 957 765 rebus
967 735 1115 765 difficilli-

155 781 216 809 mis
235 779 380 819 aspiravit.
410 776 543 807 Ornandi
562 776 644 806 causa
656 795 664 808 ‚
684 773 722 805 fic
735 786 740 804 ;
760 776 932 817 Aliquando
942 778 1013 817 reip.
1024 778 1113 807 ratio-

154 830 208 850 nes
227 841 236 854 ,
259 831 326 861 quae
343 819 456 849 malitia
472 826 638 848 nocentum
660 821 670 836 ¹
684 827 855 848 exaruerant
872 838 880 851 ‚
904 821 1014 848 virtute
1034 820 1113 857 opti—

155 864 284 893 matium
302 863 458 891 reviruere.
491 858 732 889 Transsationem
751 859 858 889 dicunt
872 860 1036 899 pudentem
1054 859 1112 890 este

153 912 311 943 oportere,
330 911 362 932 ut
379 911 449 931 cum
469 902 583 931 ratione
594 902 627 930 in
636 899 826 930 consimilem
837 911 902 930 rem
912 902 1054 935 transeat,
1073 911 1112 931 ne

152 943 214 974 fine
224 943 340 974 deleffiiu
351 941 464 973 temere
476 942 508 972 &
518 941 626 981 cupide
639 942 773 971 videatur
782 944 814 971 in
825 941 1000 973 diffimilem
1019 944 1112 973 trans-

152 984 282 1016 currisse.
309 986 490 1015 Permutatio
500 1004 508 1017 ,
529 984 572 1013 est
590 985 685 1013 oratio
695 1003 703 1017 ‚
724 983 804 1013 aliud
814 984 913 1014 verbis
924 1004 932 1018 ‚
952 984 1033 1015 aliud
1044 985 1111 1015 sen-

151 1028 244 1057 tentia
252 1025 468 1056 demonstrans.
497 1028 539 1056 Ea
556 1025 701 1054 dividitur
720 1027 754 1054 in
772 1027 840 1055 treis
858 1028 965 1065 parteis
976 1046 985 1059 ,
1005 1025 1112 1055 fimili-

150 1068 289 1098 tudinem
300 1074 317 1103 ,'
328 1075 538 1108 argumentum
548 1087 557 1101 ‚
577 1068 772 1097 contrarium.
805 1070 859 1097 Per
880 1066 1110 1098 similitudinem

151 1110 281 1141 sumittu·
289 1129 299 1144 ‚
320 1108 392 1140 cum
410 1109 612 1139 transsationes
624 1128 633 1142 ,
657 1118 716 1138 una
725 1128 735 1142 ‚
758 1117 807 1138 aut
824 1109 922 1148 plures
940 1108 1112 1150 frequenter

149 1159 306 1192 ponuntur
315 1149 467 1190 asimplici
477 1152 590 1180 ratione
601 1149 695 1179 duCtae
709 1170 718 1183 ‚
739 1149 794 1179 sic:
817 1153 899 1180 Nam
921 1161 939 1180 c
950 1161 973 1181 υ
985 1161 1011 1181 Μ
1042 1161 1061 1180 c
1073 1161 1110 1180 A·

149 1202 175 1224 N
185 1203 206 1223 E
217 1203 230 1223 s
255 1192 421 1233 funguntur
439 1190 547 1222 officiis
566 1192 706 1231 luporum
728 1211 737 1224 ›
767 1195 782 1210 ²
800 1195 848 1222 cui
867 1191 1001 1232 praesidio
1019 1202 1111 1233 pecua

147 1235 306 1265 credemus
326 1237 336 1263 ?
363 1237 418 1264 Per
433 1242 644 1274 argumentum
663 1232 816 1267 tradatur,
837 1232 910 1264 cum
929 1234 945 1264 a
962 1235 1087 1275 persona
1099 1254 1107 1267 ,

147 1276 321 1309 aut‘2110c0¹
341 1285 390 1306 aut
407 1275 423 1305 a
440 1286 471 1306 re
480 1276 576 1316 aliqua
587 1295 595 1309 ‚
621 1273 805 1308 similitudo,
824 1275 949 1316 augendi
961 1296 969 1309 ,
990 1278 1108 1306 autmi—

149 1318 266 1350 nuendi
285 1318 367 1348 causa
377 1338 387 1351 ,
408 1317 532 1347 dicitur:
557 1320 569 1343 3
582 1325 614 1346 ut
631 1314 719 1356 siquis
737 1317 872 1347 Drusum
884 1337 892 1351 ‚
915 1318 1086 1348 Gracchum
1098 1338 1106 1351 ‚

147 1360 268 1390 nitorem
277 1358 426 1399 obsoletum
434 1359 521 1388 dicat.
549 1361 596 1388 Ex
615 1359 762 1387 contrario
772 1358 890 1388 ducitur
899 1357 937 1389 fic
948 1379 958 1392 ‚
978 1368 1010 1388 ut
1019 1357 1108 1400 siquis

148 1402 310 1432 hominem
329 1400 489 1441 prodigum
507 1419 517 1433 ‚
542 1400 576 1430 δε
594 1400 783 1430 luxuriosum
801 1400 930 1430 illudens
940 1420 949 1434 ,
956 1409 1087 1472 <farrum
1098 1421 1107 1434 ‚

149 1443 185 1474 δε
194 1442 355 1483 diligentem
371 1442 507 1482 appellet.
537 1443 616 1472 Etin
626 1442 684 1471 hoc
697 1440 850 1480 postremo
861 1463 870 1475 ,
893 1452 954 1483 quo
985 1452 1023 1471 ex
1032 1452 1107 1472 con-

147 1485 239 1515 trario
249 1485 386 1515 sumitur:
413 1484 446 1513 δε
457 1485 490 1513 in
500 1483 555 1513 illo
565 1484 665 1522 primo
674 1502 683 1516 ‚
699 1483 781 1523 quod
791 1483 807 1513 a
817 1482 1014 1514 similitudine
1024 1483 1110 1514 duci-

148 1535 213 1560 tur,
228 1535 279 1566 per
288 1525 511 1556 transsationem
520 1533 696 1565 argumento
705 1527 872 1564 poterimus
883 1527 936 1555 uti.
959 1528 1013 1556 Per
1024 1524 1107 1555 fimi-

147 1567 310 1598 ]itudinem
319 1587 328 1602 ‚
349 1566 386 1598 sic
398 1578 404 1596 ε
423 1567 508 1607 Qid
515 1568 560 1595 ait
579 1568 629 1596 hic
639 1576 709 1599 rex,
731 1575 817 1607 atque
828 1567 1041 1608 Agamemnon
1050 1577 1107 1597 no-

149 1609 208 1640 ster
218 1630 227 1643 ‚
239 1608 297 1640 five
308 1629 317 1643 ,
330 1618 363 1639 ut
371 1609 526 1639 crudelitas
536 1607 578 1638 est
589 1628 598 1641 ,
618 1610 718 1648 potius
728 1611 835 1638 Atreus
846 1612 857 1638 ?
879 1612 926 1639 Ex
936 1610 1084 1639 contrario
1095 1628 1103 1642 ‚

148 1649 172 1680 fi
180 1661 271 1692 quem
283 1653 413 1692 impium
424 1672 434 1685 ,
453 1652 506 1692 qui
517 1659 629 1691 patrem
639 1650 835 1681 verberaverit
845 1671 853 1684 ,
874 1652 1008 1680 «AEneam
1016 1661 1107 1681 voce-

147 1702 235 1723 mus:
256 1695 506 1734 intemperantem
517 1694 550 1724 &
559 1693 727 1724 adulterum
737 1713 746 1727 ‚
766 1692 951 1736 Hippolytum
962 1694 1106 1723 nomine·-

148 1743 228 1765 mus.
252 1737 325 1765 Haec
334 1736 401 1766 sunt
409 1735 471 1766 fere
481 1755 490 1769 ,
501 1746 566 1776 quae
575 1735 700 1766 dicenda
710 1735 887 1766 videbantur
895 1736 932 1766 de
943 1736 1105 1767 verborum

149 1777 406 1808 exornationibus.
430 1780 522 1807 Nunc
531 1787 576 1807 res
588 1778 647 1818 ipsa
655 1786 763 1807 monet
771 1798 779 1812 ‚
800 1786 832 1808 ut
841 1777 982 1818 deinceps
993 1778 1028 1808 ad
1038 1779 1106 1809 sen-

87 1823 102 1858 3
110 1824 132 1856 5
149 1820 307 1849 tentiarum
325 1821 538 1850 exornationes
557 1819 745 1850 transeamus.
785 1821 1019 1850 Disrruimrio
1038 1819 1081 1850 est
1094 1840 1102 1854 ‚

147 1858 219 1890 cum
231 1862 263 1890 in
273 1861 383 1901 plureis
394 1871 438 1891 res
448 1881 456 1895 ‚
477 1870 528 1891 aut
536 1860 673 1900 personas
682 1870 773 1891 certas
783 1863 902 1902 negotia
911 1861 1047 1903 quaedam
1057 1862 1104 1892 di-

144 1902 342 1942 spertiuntur,
362 1904 419 1932 hoc
428 1902 541 1932 modo:
561 1903 627 1944 Qi
636 1901 757 1938 vestram
767 1922 775 1936 ,
784 1903 900 1942 judices
910 1922 919 1937 ‚
932 1913 1048 1933 nomen
1059 1904 1104 1934 se-

146 1951 233 1973 natus
243 1943 297 1973 dili
319 1946 341 1973 it
350 1964 358 1976 ‚
378 1945 459 1973 hunc
468 1943 565 1973 oderit
576 1942 691 1974 necess'e
700 1944 752 1974 est.
774 1943 1006 1984 petulantissime
1017 1947 1101 1976 enim

146 1983 264 2024 semper
280 1986 290 2013 i
319 1995 334 2014 e
351 1986 533 2024 oppugnavit
550 1985 694 2014 senatum.
728 1987 789 2026 Qi
800 1985 966 2024 equestrem
976 1987 1078 2016 locum
1092 2007 1100 2019 ,

146 2023 416 2065 splendidiffimum
435 2027 517 2064 cupit
536 2023 593 2055 effe
612 2026 646 2054 in
664 2026 781 2055 civitate
791 2045 799 2059 ‚
820 2030 838 2052 4
846 2029 871 2056 is
882 2036 1000 2066 oportet
1009 2026 1101 2057 istum

145 2067 294 2096 maximas
305 2076 406 2107 poenas
416 2065 527 2096 dediss'e
535 2067 619 2100 velit,
631 2076 670 2096 ne
680 2065 733 2096 iste
744 2067 793 2096 sua
806 2068 992 2107 turpitudine
1001 2068 1102 2098 ordini

143 2106 362 2141 honestissimo,
382 2108 506 2137 maculat
515 2116 600 2148 atque
610 2107 749 2138 dedecori
760 2106 801 2137 sit.
825 2110 886 2150 Qi
895 2119 1039 2149 parenteis
1049 2111 1101 2139 ha-

142 2149 232 2183 betis,
245 2148 391 2180 ostendite
403 2148 486 2179 istius
497 2149 652 2188 supplicio,
666 2149 753 2178 vobis
763 2150 906 2179 homines
916 2152 1028 2190 impios
1038 2161 1101 2181 non

142 2191 266 2231 placere.
289 2191 406 2232 Qibus
424 2191 511 2220 liberi
528 2191 597 2220 sunt
608 2211 616 2223 ,
636 2189 753 2220 statuite
770 2191 947 2231 exemplum
959 2212 969 2226 ‚
987 2201 1102 2233 quanta:

143 2242 240 2273 poenae
258 2235 291 2263 in
310 2235 426 2263 civitate
447 2230 504 2262 fint
520 2232 698 2262 hominibus
718 2233 892 2272 hujusmodi
913 2243 1098 2273 comparatae.

142 2277 221 2305 Item
236 2295 244 2308 ‚
264 2278 414 2305 SENArus
432 2272 571 2304 officium
591 2273 633 2303 est
644 2294 652 2307 ‚
674 2273 798 2304 consilio
817 2276 969 2305 civitatem
985 2278 1100 2315 juvare.

144 2315 330 2357 Magistratus
348 2314 486 2346 officium
505 2315 547 2346 est
557 2335 564 2349 2
586 2325 673 2355 opera
687 2316 719 2346 &
729 2316 884 2357 diligentia
894 2318 1101 2359 consequivo-

143 2357 292 2388 luntatem
300 2358 427 2388 senatuS.
451 2358 558 2397 Populi
567 2356 705 2387 officium
717 2356 758 2387 est
768 2377 776 2391 ‚
787 2368 832 2387 res
841 2359 968 2398 optimas
980 2379 989 2392 ,
1001 2359 1033 2389 δε
1044 2360 1102 2389 ho—

144 2401 245 2430 mines
255 2399 380 2429 idoneos
394 2399 530 2429 maxime
543 2399 602 2429 suis
612 2400 766 2429 sententiis
776 2399 883 2440 eligere
893 2420 902 2433 ,
924 2401 957 2430 ὃς
966 2401 1099 2440 probare.

146 2441 333 2471 Accusatoris
343 2440 481 2471 officium
491 2439 534 2471 est
544 2461 552 2474 a
563 2440 672 2470 inferre
681 2443 809 2472 crimina
820 2452 825 2470 ;
845 2441 1023 2472 Defensoris
1033 2463 1041 2476 ,
1055 2443 1102 2472 di-

144 2482 226 2513 luere
236 2482 268 2513 &
277 2483 456 2522 propulsare:
479 2482 578 2513 Testis
588 2481 631 2512 est
642 2502 651 2516 ‚
664 2482 760 2512 dicere
772 2503 780 2515 ‚
792 2493 856 2524 quae
865 2485 962 2513 scierit
973 2505 981 2518 ‚
991 2494 1041 2514 aut
1049 2494 1101 2515 au·-

144 2523 233 2556 dierit
245 2535 250 2554 :
261 2523 431 2567 Qaefitoi·is
442 2523 494 2559 est,
508 2534 758 2567 unumquemque
767 2526 879 2556 horum
889 2527 924 2558 in
933 2524 1038 2558 officio
1048 2527 1102 2558 suo

184 2643 208 2662 1.
227 2639 386 2664 Exaruerunt
398 2657 406 2670 ‚
423 2641 515 2665 ‘vir-tute
532 2642 677 2673 optimatium
698 2642 844 2675 reah-utres}
866 2639 908 2668 Est
920 2643 935 2667 a
946 2639 1004 2668 Pal.
1015 2648 1104 2678 quart.

143 2669 173 2698 δί
185 2670 259 2699 sexto
270 2683 277 2700 ε
299 2682 383 2709 neque
395 2675 494 2701 recedit
505 2677 552 2702 Br.
564 2685 642 2711 quam
653 2675 723 2712 quod
735 2677 755 2703 is
769 2696 777 2709 ,
800 2680 961 2703 reviruerunt.

181 2716 210 2734 2.
229 2710 379 2744 Cuipraesuiio
385 2719 459 2743 pccua
469 2712 611 2746 credemus]
623 2713 663 2737 lta
674 2716 765 2748 aperte
778 2713 833 2739 Pal.
845 2721 967 2749 quartus,
978 2714 1024 2740 nisi
1036 2713 1106 2750 quod

143 2742 167 2770 is
177 2742 260 2770 adhuc
268 2745 496 2779 qitopraefidio,stxt.
508 2747 693 2781 habetpeculia.
704 2748 936 2784 reliquipecunrM,
949 2757 979 2776 ut
990 2751 1106 2785 vulgata.

143 2778 230 2815 *scripsi
240 2781 463 2815 etiamfungunrur
474 2802 483 2814 ,
504 2782 556 2809 fide
567 2783 654 2819 quarti
665 2784 693 2809 &
703 2785 792 2820 primi.
813 2794 873 2811 nam
884 2784 1107 2820 sextusfimgcren-

144 2821 197 2841 tur.
216 2816 453 2850 Bi·uil.sungcmur,-
471 2829 523 2845 non
536 2839 545 2851 ,
556 2826 585 2846 ut
595 2818 660 2845 editi
670 2821 743 2856 prius
754 2821 914 2853 ‚ficngantum

184 2859 198 2886 3
206 2871 212 2877 .
232 2855 261 2876 Ur
268 2853 288 2883 si
293 2853 345 2886 quis
352 2855 608 2887 Dmfixmssracchum,
618 2858 715 2881 nitorem
724 2858 840 2889 obselerum
849 2857 939 2891 dicim]
951 2856 1106 2892 Repraesen-

145 2887 201 2912 tavi
221 2887 290 2923 quod
311 2896 458 2924 repereram
468 2890 494 2917 in
506 2891 563 2917 Pal.
575 2898 669 2926 quarto
680 2901 688 2922 3
712 2892 873 2928 restabatque
886 2893 948 2919 item
961 2893 986 2918 in
999 2893 1104 2919 Bruile-

145 2921 224 2949 tienfi
233 2942 243 2955 ,
253 2924 348 2959 quippe
360 2924 415 2951 Pal.
427 2925 494 2952 sext.
514 2930 625 2952 minorem
633 2930 696 2953 nitor
704 2929 812 2961 nbfhletm
824 2947 832 2960 ‚
851 2927 962 2960 dicitur,
974 2928 1103 2965 quemad-

148 2957 269 2990 modum,
287 2962 334 2985 Et?
350 2962 441 2993 honesta
458 2963 576 2995 turpitudo
590 2970 633 2995 pro
651 2965 711 2988 bona
727 2964 800 2996 causti
808 2967 866 2989 mori
873 2964 942 3000 apud
954 2965 984 2990 P.
995 2966 1103 2999 Syrum.

148 2993 288 3021 Turnebus
308 2994 354 3021 lib.
366 3005 415 3022 xx.
426 3006 482 3034 cap.
493 3007 540 3031 25.
551 2998 692 3033 legendum
703 2998 817 3026 credidit
828 3019 836 3032 ‚
847 3004 1027 3034 munitm-emique
1044 3002 1105 3034 οὐχο-

147 3028 228 3056 Ictum.
249 3038 351 3066 recepta
361 3030 442 3058 leffio
454 3053 461 3064 ,
480 3036 624 3059 Numitorem
632 3036 758 3067 obftletum.

185 3071 213 3096 4.
231 3068 255 3090 Is
265 3073 348 3098 oportet
356 3069 423 3099 istum
432 3071 635 3102 maximaspoenas
644 3071 725 3103 dediffe
733 3071 819 3104 velia]
839 3072 899 3097 Vox
918 3073 978 3099 velit
995 3080 1045 3098 non
1067 3070 1103 3096 est

149 3097 177 3124 in
197 3099 254 3139 Pal.
273 3108 369 3135 quai-to
387 3111 433 3143 aut
451 3103 525 3133 sexto
537 3124 545 3139 ‚
564 3111 703 3145 mutatque
713 3113 797 3141 ofortet
806 3107 833 3135 iu
843 3114 901 3141 01²0
914 3118 920 3133 ·'
935 3116 1020 3143 neque
1031 3106 1102 3135 stem

149 3133 236 3163 Bruil.
247 3135 332 3164 forsan
342 3138 448 3167 melius.

1156 118 1352 166 Lmen
1386 104 1710 185 QAR‘Tus.
2053 128 2119 184 29'

1164 199 1330 228 continere.
1354 199 1450 240 Qare
1460 217 1469 231 ,
1489 199 1525 228 L.
1536 197 1609 229 Caffi
1621 219 1629 232 ,
1650 198 1672 229 fi
1682 200 1787 232 testem
1798 221 1806 236 ‚
1825 208 2017 244 praeterquam
2035 204 2119 246 quod

1164 239 1233 269 sciat
1242 259 1250 272 ,
1262 249 1312 270 aut
1319 240 1446 270 audierit
1454 260 1465 273 ‚
1477 243 1684 281 argumentari,
1698 242 1730 272 δε
1739 243 1910 283 conjectura
1918 246 2055 286 prosequi
2064 256 2115 287 pa-

1163 280 1244 309 tieris
1258 291 1264 308 r
1274 281 1322 318 jus
1333 282 1504 311 accusatoris
1515 292 1584 312 cum
1591 283 1658 322 jure
1667 283 1833 315 testimonii
1844 287 2116 320 commiscebis‚te-

1163 318 1213 348 stis
1224 322 1355 360 improbi
1365 322 1559 362 cupiditatem
1570 323 1776 359 confirmabis,
1786 336 1837 356 reo
1846 326 1997 367 duplicem
2009 328 2115 359 defen-

1162 358 1275 390 fionem
1286 363 1408 401 parabis.
1432 364 1483 394 Est
1492 365 1554 394 haec
1562 369 1718 397 exornatio
1728 369 1854 408 copiosa.
1879 370 2116 410 Comprehendit

1163 403 1247 430 enim
1258 402 1341 432 brevi
1353 405 1445 434 multa
1457 425 1464 437 ,
1479 405 1511 435 &
1520 407 1606 437 suum
1618 410 1724 449 cuique
1734 413 1747 436 5
1757 410 1890 440 tribuens
1900 409 2050 445 officium,
2068 412 2113 442 se-

1160 444 1285 482 paratim
1294 453 1338 472 res
1349 444 1457 474 dividit
1467 447 1589 485 plureis.
1621 451 1759 481 Licentia
1776 451 1818 481 est
1828 472 1837 485 ‚
1857 450 1928 482 cum
1947 453 2022 492 apud
2041 463 2092 483 eos
2102 473 2111 487 ‚
2138 465 2149 475 ⁴

1160 494 1235 529 quos
1245 493 1294 514 aut
1305 486 1399 514 vereri
1411 505 1419 518 ,
1442 496 1488 516 aut
1503 497 1636 520 metuere
1645 491 1789 523 debemus
1799 513 1808 527 ‚
1829 502 1929 524 tamen
1939 494 2050 535 aliquid
2060 505 2115 534 pro

1157 535 1222 571 jure
1233 525 1336 555 nostro
1346 525 1437 573 dicim
1443 536 1475 556 us
1486 547 1494 560 ‚
1515 531 1595 568 quod
1607 542 1658 561 eos
1668 534 1800 564 minime
1810 533 1942 566 offendat
1953 555 1961 569 ,
1980 546 2028 566 aut
2037 547 2116 576 quos

1160 569 1182 596 ii
1194 566 1344 608 diligunt,
1367 576 1438 596 cum
1451 569 1482 597 in
1491 570 1591 609 aliquo
1601 582 1694 603 errato
1704 575 1772 605 vere
1784 577 1958 616 reprehendi
1977 577 2057 617 pofl'c
2067 581 2116 608 vi—

1159 607 1300 641 deantur,
1313 609 1370 638 hoc
1380 608 1475 638 modo
1487 619 1492 637 2
1511 611 1667 641 Miramini
1679 634 1686 648 ‚
1739 619 1837 647 uirites
1849 638 1857 652 ,
1871 617 1954 659 quod
1965 620 2000 649 ab
2011 622 2115 649 omni-

1158 648 1212 678 bus
1222 649 1324 680 vestrae
1333 651 1461 679 rationes
1471 649 1638 682 deserantur
1649 657 1658 682 ?
1668 619 1871 695 quffi'caufiim
1881 659 2006 690 vestram
2018 671 2114 691 nemo

1157 691 1315 731 suscipiat?
1334 690 1415 731 quod
1427 691 1454 721 se
1464 701 1557 722 nemo
1566 693 1655 724 vestri
1671 697 1857 730 defensorem
1869 700 2060 741 profiteatur?
2081 702 2114 733 id

1157 731 1277 762 tribuite
1288 731 1390 762 vestrae
1400 733 1492 773 culpae
1503 745 1512 767 3
1524 743 1608 775 atque
1617 735 1739 767 desinite
1750 743 1857 771 mirari.
1871 743 1951 784 Qid
1962 746 2045 773 enim
2056 743 2113 778 est,

1155 783 1244 814 quare
1254 783 1317 804 non
1328 776 1449 804 omneis
1459 773 1545 805 istam
1557 787 1620 806 rem
1630 776 1740 819 fugere,
1752 791 1784 810 ac
1793 785 1883 813 vitare
1894 785 2018 815 debeant
2029 789 2038 815 ?
2049 788 2113 816 Re·-

1155 814 1333 848 cordamini‚
1346 825 1421 856 quos
1433 815 1593 847 habueritis
1603 819 1772 851 defensores
1785 844 1792 855 ‚
1806 823 1899 854 studia
1908 836 2012 856 corum
2023 827 2113 857 vobis

1155 865 1220 885 ante
1238 857 1342 886 oculos
1360 859 1463 896 ponite
1485 868 1490 886 :
1516 857 1625 890 deinde
1644 863 1742 891 exitus
1762 867 1903 895 omnium
1922 866 2112 899 considerate.

1155 906 1221 927 tum
1230 899 1317 928 vobis
1328 900 1431 928 veniet
1439 901 1471 928 in
1481 909 1616 930 mentem
1627 922 1636 934 ,
1658 911 1690 932 ut
1707 904 1775 934 vere
1794 906 1892 936 dicam
1904 928 1912 940 ,
1932 910 2114 950 negligentia

1153 938 1263 973 vestra,
1277 939 1335 969 sive
1345 942 1461 980 ignavia
1469 944 1570 980 pocius
1582 962 1589 976 ,
1602 943 1671 973 ilios
1681 948 1800 976 omneis
1810 956 1874 977 ante
1884 949 1987 979 oculos
2000 950 2113 982 vestros

1155 981 1314 1011 trucidatos
1325 981 1392 1015 efl'e,
1405 983 1550 1012 inimicos
1561 994 1667 1015 eorum
1678 985 1781 1017 vestris
1793 987 1937 1030 suffragiis
1948 992 1981 1020 in
1990 993 2112 1032 amplis-

1154 1020 1263 1052 simum
1273 1023 1377 1053 locum
1386 1023 1560 1063 pervenisse.
1592 1028 1669 1057 Item
1683 1048 1691 1060 ,
1712 1030 1792 1058 Nam
1802 1031 1939 1070 quidtuit
1950 1052 1957 1064 ‚
1975 1033 2087 1072 judices
2101 1053 2112 1067 2

1153 1073 1241 1104 quare
1252 1066 1285 1094 in
1296 1065 1451 1095 sententiis
1461 1064 1592 1097 ferendis
1604 1067 1807 1101 dubitaveritis
1819 1093 1827 1105 ‚
1849 1081 1898 1102 aut
1908 1072 1999 1103 istum
2009 1075 2112 1105 homi-

1153 1115 1226 1135 nem
1237 1104 1385 1136 nefarium
1395 1107 1605 1146 ampliaveritis
1618 1112 1628 1138 ?
1638 1120 1702 1141 non
1713 1112 1897 1152 apertissimae
1906 1125 1952 1145 res
1963 1125 2044 1146 etant
2054 1118 2113 1146 cri-

1153 1148 1232 1176 mini
1242 1146 1315 1178 datae
1326 1150 1337 1177 ?
1347 1158 1412 1178 non
1421 1158 1528 1178 omnes
1538 1151 1582 1179 hae
1594 1150 1714 1183 restibus
1726 1156 1946 1194 comprobatae?
1965 1168 2028 1187 non
2037 1168 2111 1188 con-

1153 1188 1194 1218 tra
1205 1192 1333 1219 tenuiter
1343 1209 1351 1223 ‚
1364 1189 1397 1220 &
1406 1191 1560 1232 nugatorie
1572 1193 1746 1232 responsum
1759 1198 1769 1225 ?
1789 1195 1848 1228 Hic
1856 1208 1910 1227 vos
1921 1201 2008 1229 veriti
2018 1198 2086 1230 estis
2099 1220 2111 1234 ,

1152 1227 1166 1250 ⁶
1177 1228 1198 1259 si
1206 1232 1308 1271 primo
1317 1240 1396 1262 coetu
1406 1232 1667 1268 condemnassetis,
1686 1246 1724 1266 ne
1734 1238 1868 1268 crudeles
1878 1239 2113 1271 existimaremi-

1151 1273 1193 1301 ni.
1217 1274 1302 1302 Dum
1321 1283 1387 1303 earn
1406 1272 1519 1304 vitastis
1532 1278 1782 1315 vituperationem
1793 1300 1802 1313 ‚
1822 1282 1986 1323 quaelonge
1997 1282 2012 1312 a
2023 1282 2112 1313 vobis

1151 1322 1211 1343 erat
1219 1313 1371 1348 absumta,
1392 1325 1458 1345 eam
1470 1316 1628 1347 invenistis
1639 1339 1647 1352 ,
1670 1329 1702 1349 ut
1712 1321 1812 1351 timidi
1823 1325 2016 1364 atqueignavi
2026 1334 2112 1364 puta-

1150 1357 1274 1384 remini.
1305 1358 1456 1386 Maximas
1466 1376 1475 1391 ‚
1492 1357 1524 1387 δε
1533 1361 1658 1398 privatas
1668 1381 1676 1394 ,
1690 1361 1723 1391 &
1732 1362 1866 1401 publicas
1876 1365 2053 1395 calamitates
2063 1376 2112 1396 ac-

1150 1396 1267 1436 cepistis
1279 1408 1284 1426 z
1297 1396 1369 1428 cum
1380 1400 1470 1429 etiam
1482 1401 1609 1439 majores
1619 1403 1792 1442 impendere
1804 1405 1960 1436 videantur
1969 1427 1978 1440 ,
1992 1407 2111 1442 sedetis,

1151 1439 1183 1468 &
1194 1439 1374 1469 oscitamini.
1394 1442 1475 1470 Luce
1486 1440 1620 1476 nodiem,
1632 1444 1722 1475 noete
1731 1446 1832 1476 lucem
1844 1447 2030 1488 exspee'tatis.
2042 1449 2111 1479 Ali-

1149 1480 1222 1521 quid
1232 1480 1369 1521 quotidie
1378 1481 1493 1516 acerbi,
1504 1492 1590 1524 atque
1600 1486 1794 1517 incommodi
1803 1491 1968 1524 nuntiatur,
1980 1490 2013 1521 &
2022 1500 2106 1524 eum,

1149 1523 1195 1562 cuj
1199 1532 1233 1552 us
1244 1533 1333 1563 opera
1342 1523 1430 1553 vobis
1439 1525 1503 1554 haec
1511 1525 1660 1560 accidunt,
1675 1532 1873 1560 remoramini
1883 1531 2044 1566 diutius,&
2053 1533 2111 1562 ali-

1150 1565 1185 1593 tis
1197 1575 1207 1598 3
1228 1568 1242 1592 7
1253 1575 1285 1594 ac
1294 1567 1366 1605 reip.
1377 1568 1543 1605 perniciem
1557 1569 1691 1599 retinetis
1701 1591 1709 1604 ‚
1721 1571 1818 1611 quoad
1828 1572 1950 1611 potestis
1960 1594 1968 1608 ‚
1989 1576 2022 1604 in
2033 1576 2110 1604 civi-

1147 1614 1216 1636 tate.
1240 1607 1399 1646 Ejusmodi
1408 1607 1529 1638 licentia
1539 1607 1560 1638 fi
1569 1611 1702 1641 nimium
1713 1612 2046 1646 wdebiruracrimoniae
2056 1617 2108 1646 ha—

1149 1647 1227 1681 bere,
1239 1649 1345 1679 multis
1356 1650 1593 1689 mitigationibus
1605 1652 1744 1684 lenietur.
1755 1664 1826 1685 nam
1837 1656 1984 1687 continuo
1993 1657 2106 1698 aliquid
2131 1642 2144 1675 3
2156 1641 2176 1676 7

1148 1689 1324 1730 hujusmodi
1341 1690 1444 1721 licebit
1460 1691 1581 1722 inferre.
1603 1692 1662 1722 Hic
1672 1705 1717 1735 ego
1737 1697 1879 1727 virtutem
1890 1697 2016 1729 vestram
2027 1710 2110 1740 quae-

1147 1742 1182 1762 ro
1192 1752 1201 1766 ‚
1213 1732 1387 1773 sapientiam
1398 1732 1530 1764 defidem
1541 1754 1548 1768 2
1561 1733 1694 1767 veterem
1705 1738 1955 1771 consuetudinem
1966 1745 2084 1782 requiro
2095 1761 2106 1776 ,

1148 1783 1181 1804 ut
1190 1774 1272 1815 quod
1282 1778 1337 1806 erit
1346 1785 1540 1806 commotum
1552 1776 1670 1809 licentia
1679 1799 1687 1813 ‚
1701 1779 1732 1810 id
1744 1780 1829 1811 laude
1840 1783 1994 1824 mitigetur
2003 1803 2011 1817 ,
2024 1793 2056 1813 ut
2065 1784 2110 1814 al—

1148 1825 1206 1847 tera
1215 1827 1259 1847 res
1269 1817 1305 1848 ab
1316 1817 1466 1848 iracundia
1478 1818 1510 1849 &
1521 1819 1659 1851 molestia
1676 1831 1846 1857 removeat,
1869 1824 1956 1855 altera
1965 1824 2000 1855 ab
2010 1834 2108 1855 errato

1147 1858 1300 1889 deterreat.
1324 1862 1397 1889 Haec
1406 1870 1450 1890 res
1462 1880 1470 1893 ‚
1483 1858 1598 1891 sicut'in
1609 1865 1739 1893 amicitia
1748 1884 1756 1897 ,
1769 1866 1808 1894 ita
1817 1866 1850 1895 in
1859 1865 1988 1896 dicendo
1999 1887 2007 1900 ,
2019 1865 2039 1896 fi
2049 1867 2107 1896 loco

1147 1899 1198 1934 fit,
1212 1901 1347 1932 maxime
1357 1901 1427 1932 facit
1438 1922 1447 1935 ‚
1465 1897 1479 1921 ⁸
1491 1910 1522 1932 ut
1533 1903 1621 1933 &illi
1632 1924 1640 1937 ‚
1653 1907 1705 1945 qui
1716 1906 1859 1940 audiunt,
1871 1906 1887 1936 a
1897 1908 1984 1947 culpa
1992 1907 2086 1938 absint
2095 1928 2105 1943 ‚

1147 1943 1180 1973 &
1188 1952 1245 1973 nos
1256 1963 1264 1976 ‚
1284 1945 1337 1983 qui
1348 1943 1479 1974 dicimus
1488 1964 1497 1977 ‚
1517 1946 1606 1975 amici
1616 1955 1722 1976 eorum
1732 1967 1741 1980 ,
1755 1948 1788 1977 &
1798 1950 1926 1978 veritatis
1938 1948 1996 1979 effe
2008 1949 2109 1980 videa-

1146 1994 1226 2013 mur.
1251 1984 1303 2014 Est
1311 1993 1411 2014 autem
1420 1984 1574 2025 quoddam
1586 1997 1678 2027 genus
1688 1988 1817 2019 licentiae
1827 1991 1860 2019 in
1871 1989 2010 2025 dicendo,
2022 1991 2106 2032 quod

1144 2024 1284 2055 astutior-e
1294 2028 1406 2056 ratione
1416 2035 1602 2066 comparatur
1612 2038 1617 2056 :
1637 2026 1710 2058 cum
1720 2038 1769 2059 aut
1778 2031 1817 2060 ita
1825 2031 2018 2072 objurgamus
2028 2043 2080 2062 eos
2089 2052 2101 2067 ,

1144 2068 1197 2107 qui
1214 2067 1340 2097 audiunt
1348 2087 1357 2101 ,
1378 2067 1535 2108 quomodo
1553 2067 1605 2108 ipsi
1625 2069 1653 2099 se
1664 2072 1789 2110 cupiunt
1798 2072 1944 2114 objurgari
1958 2084 1963 2102 :
1983 2083 2032 2104 aut
2051 2074 2082 2104 id
2090 2093 2105 2109 ,

1144 2108 1225 2148 quod
1237 2109 1347 2139 scimus
1357 2109 1444 2139 facile
1454 2112 1572 2140 omneis
1584 2110 1736 2142 audituros
1748 2133 1757 2146 ,
1778 2113 1908 2144 dicimus
1919 2125 1976 2146 nos
1997 2117 2106 2146 timere

1144 2150 1302 2189 quomodo
1311 2153 1471 2190 accipiant:
1492 2151 1542 2181 sed
1554 2161 1654 2183 tamen
1664 2156 1783 2184 veritate
1794 2158 1996 2191 commoveri,
2011 2166 2041 2187 ut
2053 2160 2104 2187 ni-

1145 2191 1210 2220 hilo
1229 2191 1323 2222 secius
1341 2192 1486 2222 dicamus.
1510 2195 1632 2225 Horum
1642 2196 1801 2227 amborum
1811 2208 1956 2239 generum
1966 2199 2105 2239 exempla

1146 2232 1348 2271 subjiciemus.
1372 2236 1482 2264 Prioris
1493 2255 1502 2268 ,
1514 2235 1703 2275 hujusmodi:
1718 2240 1855 2268 Nimium
1867 2260 1875 2273 ,
1918 2243 2028 2275 uirites,
2039 2244 2105 2271 ani-

1147 2276 1206 2304 mis
1217 2273 1285 2305 estis
1297 2273 1481 2315 fimplicibus
1494 2296 1502 2310 ,
1515 2277 1547 2307 δε
1557 2279 1718 2309 mansuetis
1730 2300 1738 2313 ‚
1759 2279 1894 2312 nimium
1904 2283 2023 2312 creditis
2035 2285 2104 2313 uni-

1146 2318 1266 2356 cuique.
1290 2317 1467 2348 existimatis
1477 2328 1725 2361 unumquemque
1736 2324 1829 2356 eniti,
1842 2323 2023 2363 utperficiat,
2038 2334 2106 2365 quae

1146 2358 1233 2387 vobis
1242 2359 1396 2398 pollicitus
1407 2358 1457 2390 sit:
1475 2362 1586 2395 erratis,
1599 2362 1631 2391 &
1640 2361 1744 2393 frustra
1754 2362 1822 2394 falsa
1833 2365 1951 2404 spe-jam
1963 2367 2015 2396 diu
2027 2366 2105 2396 deti-

1148 2402 1284 2429 nemini:
1303 2404 1493 2431 STULTITIA
1505 2402 1598 2433 vestra
1608 2403 1668 2437 est,
1689 2408 1704 2431 9
1736 2407 1766 2434 ui
1777 2425 1785 2439 ‚
1806 2406 1886 2446 quod
1899 2410 2001 2437 eratin
2011 2406 2107 2438 vestra

1144 2440 1287 2481 potestate
1298 2463 1306 2476 ‚
1328 2442 1364 2472 ab
1372 2443 1438 2473 aliis
1447 2452 1546 2483 petere
1557 2464 1566 2478 ,
1577 2445 1667 2485 quam
1678 2447 1707 2486 ip
1721 2457 1729 2475 i
1741 2447 1855 2476 sumere
1865 2448 2023 2478 maluistis.
2047 2451 2108 2479 Po—

1146 2482 1277 2513 sterioris
1287 2484 1416 2514 licentiae
1426 2486 1484 2515 hoc
1493 2488 1549 2514 erit
1557 2487 1747 2526 exemplum:
1774 2489 1856 2518 Mihi
1865 2499 1936 2519 cum
1947 2489 2015 2524 isto,
2028 2490 2108 2529 judi—

1146 2535 1194 2556 ces
1205 2545 1215 2561 ‚
1234 2524 1295 2558 fuit
1306 2527 1437 2558 amicitia
1446 2547 1457 2562 ,
1476 2527 1527 2558 scd
1538 2526 1592 2558 ista
1601 2536 1701 2559 tamen
1710 2530 1840 2561 amicitia
1850 2549 1858 2565 ‚
1879 2530 1992 2562 tametsi
2001 2541 2108 2562 vereor

2025 2584 2106 2615 quo-

1181 2650 1208 2675 ς,
1228 2642 1343 2668 ‘r’ribuens
1352 2640 1445 2674 offi‘cium
1456 2660 1464 2672 ‚
1478 2640 1607 2672 fiparnrim
1618 2658 1626 2671 ,
1646 2639 1713 2674 ἀμ]
1735 2640 1778 2666 Est
1797 2641 1812 2666 :i
1832 2641 1901 2667 Pali.
1914 2640 2005 2668 iisdem
2016 2642 2044 2667 &
2055 2642 2105 2667 ΒΓ.

1145 2677 1239 2714 quibus
1249 2677 1351 2703 acceffit
1362 2678 1389 2702 δε
1401 2677 1458 2703 Pal.
1470 2676 1590 2710 quintus,
1601 2675 1727 2702 haetenus
1737 2676 1955 2712 iinpressiskparat
1964 2679 1992 2709 φῖ*
2002 2678 2105 2709 i·cs,&c.

1182 2714 1211 2740 6.
1230 2717 1309 2739 Primo
1326 2713 1408 2747 cirrus]
1437 2713 1507 2739 Bene
1518 2712 1710 2748 iuterpretatur
1720 2712 1859 2739 Turnebus
1870 2712 1916 2739 lib.
1930 2723 1977 2740 xx.
1988 2713 2046 2741 Ad»
2053 2712 2105 2740 ers.

1147 2758 1203 2785 cap.
1214 2758 1262 2782 25.
1273 2749 1317 2784 qui
1327 2748 1445 2774 adeatur.
1731 2784 1736 2788 .

1183 2793 1211 2819 7.
1229 2789 1265 2811 Ac
1287 2788 1344 2817 reip.
1360 2786 1486 2817 pernicicm
1497 2802 1505 2815 ,
1523 2783 1591 2818 dja]
1610 2782 1686 2817 Libri
1697 2783 1739 2810 illi
1748 2784 1828 2812 nostri
1841 2792 1893 2811 tres
1906 2804 1914 2818 ,
1926 2786 1959 2811 ad
1968 2787 2025 2818 reip.
2031 2792 2105 2818 pern.

1147 2820 1216 2857 quod
1228 2820 1403 2847 satisfaciebat
1412 2820 1569 2846 Gulielinio.
1926 2857 1930 2861 ²

1183 2856 1209 2882 8.
1231 2860 1261 2881 Ut
1269 2857 1298 2886 (¹9-
1307 2858 1340 2881 illi
1349 2859 1400 2890 qui,
1410 2855 1460 2885 &aa
1480 2856 1580 2881 dicimur
1591 2874 1600 2887 ,
1619 2858 1689 2881 amici
1697 2865 1772 2882 eorum
1781 2856 1809 2886 ἐν·
1828 2865 1866 2881 ’νει
1874 2859 1941 2882 imru
1957 2856 1998 2887 eff}
2016 2857 2105 2882 videa-

1145 2892 1224 2926 mur.]
1238 2891 1367 2917 stiffi-idus
1378 2892 1414 2918 ait
1424 2891 1524 2917 exstare
1534 2891 1560 2917 in
1574 2891 1735 2918 Erfurdiensi
1756 2893 1866 2918 veritaris
1876 2893 2004 2925 affertur-es
2013 2893 2054 2925 effe
2063 2895 2105 2918 τί-

1146 2929 1252 2960 dcamur5
1263 2926 1333 2963 quod
1344 2928 1371 2952 δε
1383 2929 1398 2953 :i
1410 2936 1487 2953 manu
1499 2927 1597 2953 recenti
1609 2928 1634 2953 in
1646 2928 1703 2953 Pal.
1715 2928 1800 2954 sexto.
1811 2928 1882 2963 prius
1895 2929 1963 2954 enim
1976 2928 2102 2964 scriptum

1146 2963 1172 2989 in
1183 2963 1231 2989 illo
1243 2972 1251 2992 3
1271 2971 1297 2988 ut
1306 2963 1376 2993 &illi
1385 2965 1427 2996 qui
1439 2983 1446 2994 ,
1464 2963 1514 2993 &a
1534 2963 1632 2988 dicimus
1644 2983 1653 2995 ‚
1662 2971 1740 2989 tamen
1749 2965 1921 2996 ramsz‘mmtia
1930 2974 2005 2989 eorum
2014 2966 2056 2998 qui
2065 2963 2104 2989 di-

1145 3006 1200 3023 cunt
1213 3018 1220 3029 ‚
1242 3007 1313 3032 quam
1323 2999 1349 3022 dc
1358 3000 1444 3031 quibui
1453 2999 1539 3024 dicitur
1546 3008 1586 3024 ‘vei
1593 3008 1609 3024 a
1619 3001 1734 3025 habeatur
1745 3010 1751 3024 :
1767 2998 1900 3034 quomodo
1911 3000 1974 3026 item
1987 3000 2062 3025 restat
2073 3000 2101 3025 in

1145 3042 1240 3069 quarto
1250 3034 1277 3059 8(
1289 3033 1375 3060 Bruil.
1387 3033 1431 3069 qui
1442 3034 1552 3061 ultimus
1571 3033 1771 3072 superscriptum
1782 3035 1858 3061 habet
1870 3044 1878 3066 5
1898 3043 1975 3061 tamen
1985 3043 2034 3061 tam
2043 3035 2102 3068 ipsos

1145 3073 1217 3094 veriti
1225 3071 1265 3101 effe
1275 3069 1399 3094 wldeamur
1410 3088 1418 3101 ,
1438 3079 1509 3103 qnam
1521 3090 1528 3102 ‚
1547 3071 1597 3102 &m

1178 3113 1207 3139 9.
1228 3106 1274 3138 Q!
1284 3105 1402 3138 quoderat
1410 3107 1435 3130 in
1444 3108 1577 3142 vestrasot.
1587 3107 1654 3143 ἅμα]
1680 3107 1722 3133 Ita
1734 3105 1802 3137 Pau.
1814 3106 1916 3143 aliquot
1927 3106 1953 3133 &
1962 3107 2027 3133 Bru.
2042 3103 2101 3130 vul-

1143 3147 1206 3176 gata
1217 3149 1287 3170 enim
1300 3159 1309 3175 ‚
1326 3142 1384 3176 quia
1393 3142 1460 3178 quad,

1652 3178 1678 3207 D
1703 3184 1717 3214 3
1982 3184 2005 3204 1-
2015 3175 2101 3209 εἵκω·
