2379 3400
206 133 327 164 1102
598 105 1099 154 M.Tur.1.11

199 201 295 224 errore
308 214 316 226 .
331 193 428 222 laeriti³
437 187 582 229 gestiens,
604 190 612 206 ¹
628 184 781 224 libidoque
792 182 939 213 versetur:
958 181 1030 211 cum
1042 178 1146 209 omnia

201 243 269 264 cum
281 231 420 263 consilio.
435 232 468 258 ὅ(
480 231 591 258 ratione
601 235 731 266 pugnent
746 226 806 254 :his
817 233 847 252 tu
857 233 914 252 tam
924 222 1062 261 gravibus
1071 229 1147 251 con-

200 274 388 306 citationibus
401 291 408 303 .
430 280 547 309 tamque
565 267 631 307 ipfis
653 276 728 296 inter
740 266 766 296 se
776 263 1019 295 dissentientibus
1032 282 1040 296 ,
1059 271 1146 302 atque

200 314 342 346 distr-istis
353 334 360 346 ,
371 321 460 353 quem
471 319 595 340 vacuum
609 328 617 342 ‚
631 309 759 338 solutum
771 325 778 339 ‚
789 305 917 335 liberum
926 305 1035 334 videris
1046 324 1054 336 .
1068 305 1147 333 hunc

202 356 348 386 dubitabis
367 355 482 383 beatum
501 351 619 381 dicere?
638 350 715 389 atqui
727 348 841 387 sapiens
853 347 966 386 semper
976 347 1014 375 ita
1023 344 1148 377 affeths

202 397 251 427 cst.
275 397 386 434 semper
397 403 483 433 igitur
494 393 607 432 sapiens
618 391 719 420 beatus
729 389 779 419 est.
800 389 880 428 atqui
892 390 981 418 etiam
991 397 1085 417 omne
1094 387 1150 417 bo-

201 448 274 468 num
287 458 295 470 ,
309 435 432 466 laetabile
441 434 483 464 est
495 433 591 474 :quod
602 440 701 462 autem
715 430 838 460 laetabile
850 450 858 463 ,
872 429 901 459 id
913 428 1146 469 praedicandum,

202 480 234 509 ὅ(
246 489 301 518 prae
314 476 522 507 feferendum:
544 474 624 515 quod
635 474 689 503 talc
699 482 798 502 aurem
810 492 819 505 ‚
831 471 860 501 id
871 474 959 501 etiam
971 471 1148 512 gloriosum3
1171 493 1172 529 1

202 520 221 550 si
234 521 303 549 vcro
315 519 478 558 gloriosum
491 537 499 550 ,
512 518 588 546 certi:
602 514 764 545 laudabile:
786 513 866 554 quod
877 522 976 560 aurem
992 512 1148 560 laudabile,
1171 533 1173 569 μ

202 561 336 602 proiecto
356 562 443 590 etiam
465 557 641 588 honestum:
661 555 741 597 quod
759 555 875 585 bonum
888 564 993 595 igitur,
1015 554 1044 584 id
1055 556 1150 584 hone—
1171 578 1173 595 Ι

201 603 294 633 stum.
318 605 356 631 At
366 611 430 640 quae
440 599 486 630 isti
497 600 574 629 bona
585 606 744 628 numerant
755 617 763 630 ,
783 607 820 627 ne
831 595 882 636 ipsi
893 597 1016 637 quidem
1029 594 1152 626 honesta
1171 599 1173 632 ζ

203 645 316 675 dicunt.
335 644 428 673 sulum
439 643 530 681 igitur
544 641 672 673 bonum.
683 639 763 680 quod
773 637 944 669 honestum.
968 648 1005 667 ex
1016 648 1075 678 quo
1085 635 1150 666 effi-

199 691 293 719 citur.
314 682 443 720 hom-stare
461 693 516 711 una
535 683 630 711 vitam
648 680 780 710 contineri
790 679 910 710 beatam.
935 682 1009 710 Non
1020 680 1086 709 sunt
1098 679 1154 719 igi-

206 738 253 759 tur
263 737 294 757 ea
312 728 389 756 bona
409 725 552 757 dicenda,
572 733 627 754 nec
646 722 779 753 habenda
791 742 800 756 ,
822 722 932 762 quibus
949 721 1150 752 abundantem

203 771 271 800 licet
288 767 343 798 ess'e
363 767 578 797 miserrimum.
601 763 776 795 Andubiras
787 784 795 798 ‚
810 765 883 805 quin
898 762 1034 804 praestans
1046 764 1152 792 valitu-

204 812 293 842 dine,
313 809 443 842 viribus,
465 807 583 840 forma.
602 807 754 836 acerrimis
767 826 775 838 .
796 805 1055 846 integerrimisque
1067 802 1153 834 senfi-

204 853 276 884 bus,
295 850 367 880 adde
387 853 474 880 etiam
489 869 498 883 ‚
519 847 539 878 fi
553 849 645 881 libet,
665 849 869 887 pernicitatem
881 867 890 880 ,
911 846 1152 878 &velocitatem

202 893 239 923 da
250 893 366 923 divitias
378 911 387 924 ,
408 892 540 922 honores
550 910 558 924 ,
570 892 695 930 imperia
705 909 714 922 ,
726 898 796 929 opes
810 908 818 921 ,
832 888 956 930 gloriam
972 886 1006 917 :si
1017 887 1152 919 fueritis,

203 937 254 975 qui
278 935 338 964 haec
357 933 459 966 habet,
480 931 628 971 injustus.
651 933 871 970 intemperans,
891 929 1034 963 timidus,
1055 929 1154 959 hebeti

202 978 344 1016 ingenio,
363 984 451 1015 arque
469 974 571 1004 nullo:
593 971 780 1003 dubitabisne
792 981 863 1001 eum
882 971 1023 1001 miserum
1036 971 1154 1001 dicere?

203 1017 299 1057 qualia
319 1019 326 1046 i
350 1019 407 1046 itur
424 1015 477 1046 ista
487 1015 566 1045 bona
577 1015 661 1047 sunt,
682 1023 745 1054 qua:
758 1015 809 1053 qui
825 1013 942 1046 habeat,
968 1013 1153 1043 miserrimus

202 1057 260 1088 ess'e
270 1027 354 1098 ponit
365 1062 374 1087 ἓ
387 1057 540 1087 videamus
552 1076 559 1089 ‚
578 1065 616 1085 ne
628 1076 635 1089 ,
648 1065 678 1085 ur
688 1064 807 1085 acervus
818 1064 855 1084 ex
869 1055 910 1085 sui
922 1056 1037 1095 generis
1045 1056 1154 1094 granis,

205 1098 242 1129 fic
254 1100 334 1130 beata
354 1101 414 1129 vita
431 1108 467 1128 ex
488 1099 532 1128 sui
542 1096 688 1127 similibus
700 1097 830 1137 partibus
841 1094 1041 1126 efficidebeat.
1064 1095 1155 1136 Qod

203 1140 224 1170 si
235 1143 273 1170 ita
282 1140 335 1170 est:
351 1150 388 1170 ex
399 1140 487 1170 bonis
498 1159 506 1173 ,
527 1149 591 1180 quae
600 1139 659 1169 sola
669 1137 790 1169 honesta
801 1139 867 1169 sunt
877 1158 885 1171 ,
904 1136 1100 1168 efficiendum
1113 1135 1156 1166 est
1176 1148 1178 1155 ⁴

203 1183 333 1212 beatum.
357 1192 389 1212 ea
408 1184 502 1212 mixca
525 1191 564 1211 ex
589 1179 779 1211 diffimilibus
793 1178 927 1209 fierunt:
948 1178 1109 1208 honestum
1119 1188 1157 1208 ex
1177 1190 1178 1195 ¹

203 1225 250 1253 his
262 1223 339 1253 effici
360 1223 436 1253 nibil
455 1225 572 1262 poterit.
595 1229 657 1263 quo
667 1221 796 1252 detra&
807 1242 815 1255 ,
834 1221 906 1261 quid
917 1223 1025 1261 poterit
1036 1220 1153 1249 beatum
1177 1221 1179 1255 ξ

200 1265 331 1305 intelligi
345 1269 355 1294 ?
373 1266 485 1294 etenim
497 1264 642 1305 quidquid
653 1263 694 1294 est
706 1285 714 1297 ,
735 1263 817 1304 quod
827 1263 943 1292 bonum
955 1260 988 1291 sit
999 1281 1008 1295 ,
1026 1261 1055 1291 id
1067 1271 1158 1301 expe—

202 1306 328 1336 tendum
339 1306 396 1336 est:
418 1307 498 1346 quod
509 1316 609 1336 autern
621 1305 823 1346 expetendum
836 1324 844 1338 ,
865 1304 896 1335 id
906 1304 983 1334 certe
993 1303 1158 1343 approban-

202 1349 276 1378 dum
293 1359 298 1377 z
315 1348 397 1388 quod
417 1347 487 1377 vero
507 1348 674 1388 approbaris
685 1367 693 1381 ,
720 1347 749 1377 id
760 1356 874 1387 gratum
885 1354 1098 1385 acceptumque
1109 1346 1160 1375 ha·

203 1389 349 1420 bendum.
374 1399 443 1429 ergo
461 1391 550 1420 etiam
571 1390 697 1429 dignitas
715 1390 743 1418 ei
753 1387 911 1418 tribuenda
921 1387 972 1417 est.
995 1385 1108 1427 quodsi
1120 1388 1160 1416 ita

206 1430 247 1461 est
262 1441 267 1459 :
289 1431 431 1461 laudabile
453 1429 486 1460 sit
506 1430 620 1462 neceffe
634 1430 686 1460 est.
710 1429 811 1459 bonum
820 1432 910 1470 igitur
920 1439 996 1458 omne
1004 1427 1155 1458 laudabile.

205 1482 243 1502 ex
255 1482 314 1512 quo
323 1471 466 1506 efficitur,
492 1482 522 1503 ut
534 1493 542 1505 ‚
560 1472 642 1513 quod
661 1470 694 1502 sit
704 1471 883 1504 honestum,
905 1470 936 1501 id
948 1469 980 1500 fit
992 1470 1090 1500 sulum
1103 1470 1158 1499 bo-

206 1523 293 1543 num.
317 1513 406 1554 Qud
421 1517 451 1543 ni
464 1515 503 1544 ita
513 1514 682 1544 tenebimus
694 1524 699 1542 :
711 1514 806 1543 multa
815 1522 902 1543 erunt
910 1532 918 1546 ,
929 1522 995 1553 quae
1006 1512 1094 1542 nobis
1105 1511 1159 1541 bo—

147 1557 188 1591 16
207 1563 244 1585 na
253 1554 380 1584 dicenda
392 1553 458 1584 sint.
481 1557 597 1585 Omitto
606 1555 726 1585 divitias
739 1565 744 1583 :
755 1563 838 1595 quas,
851 1553 921 1584 cum
933 1555 1042 1593 quivis,
1052 1562 1160 1593 quam—

207 1595 420 1635 visindignus‚
443 1594 651 1635 habere'poffit
664 1615 672 1628 ,
693 1605 725 1625 in
744 1595 833 1625 bonis
851 1604 916 1624 non
926 1604 1064 1624 numero.
1087 1593 1163 1635 quod

207 1638 292 1666 enim
315 1635 349 1672 est
367 1635 466 1664 bonum
478 1656 486 1670 ‚
507 1637 536 1666 id
554 1648 604 1666 non
615 1637 711 1678 quivis
726 1634 919 1677 haberepotest.
942 1638 1059 1665 Omitto
1070 1635 1160 1665 nobi-

207 1678 321 1707 litatem
333 1697 341 1710 ,
355 1677 523 1718 famamque
534 1680 708 1718 popularem
722 1697 730 1710 ‚
745 1677 902 1708 stultorum
916 1698 924 1710 ,
935 1676 1159 1717 improborum-

208 1729 266 1760 que
275 1719 417 1748 consensu
435 1722 604 1750 excitatam.
628 1722 719 1753 Haec,
736 1729 804 1760 qua:
815 1719 1038 1751 suntminima,
1058 1727 1160 1748 tamen
1180 1726 1181 1729 ¹

209 1760 287 1789 bona
297 1760 430 1789 dicantur
441 1759 553 1790 necess'e
564 1760 605 1790 est
620 1761 786 1790 :candiduli
796 1761 898 1790 dentes
910 1781 918 1793 ‚
936 1759 1055 1790 venusti
1067 1760 1159 1792 oculi,

207 1802 291 1831 color
311 1801 423 1833 suavis,
453 1801 547 1834 &ea‚
579 1805 592 1820 ²
604 1812 668 1841 quae
686 1803 822 1832 Anticlea
845 1801 943 1831 laudat
961 1799 1053 1840 Vlyffi
1073 1801 1161 1840 pedes
1180 1806 1182 1817 *¹

207 1842 330 1871 abluens
342 1862 350 1875 ,
371 1841 493 1871 lenitudo
513 1844 660 1874 orationis,
679 1842 821 1871 mollitudo
840 1843 965 1883 corporis.
988 1852 1021 1871 ea
1039 1840 1058 1871 si
1083 1842 1161 1872 bona

205 1884 351 1913 ducemus
361 1903 370 1917 ,
381 1883 452 1923 quid
464 1884 516 1912 erit
528 1886 559 1913 in
569 1883 740 1924 philosophi
750 1885 890 1924 gravitate
900 1903 908 1916 ,
932 1882 1022 1923 quarn
1036 1884 1067 1911 in
1078 1883 1162 1922 vulgi

206 1926 354 1964 opinione
367 1945 376 1958 ,
397 1923 615 1966 stultorumque
635 1925 736 1958 turba,
756 1924 837 1965 quod
855 1923 1159 1964 dicaturautgravius‚

206 1965 424 2006 aurgraudists?
442 1969 481 1996 At
491 1969 573 1996 enim
585 1966 685 1997 eadem
697 1968 788 1996 Stoici
799 1968 944 2006 praecipua
954 1986 962 2000 ,
989 1966 1036 1996 vel
1049 1965 1160 2005 produ-

209 2006 255 2037 &a
267 2008 371 2037 dicunt
382 2028 391 2041 ,
411 2017 476 2048 quae
488 2007 565 2038 bona
576 2007 632 2038 isti.
656 2010 770 2038 Dicunt
781 2009 828 2037 illi
839 2008 980 2047 quidem:
999 2008 1047 2037 sed
1059 2009 1107 2037 his
1116 2010 1162 2038 vi-

209 2057 266 2078 tam
282 2048 392 2079 beatam
403 2050 549 2088 compleri
561 2059 686 2091 negant:
708 2051 738 2079 hi
750 2059 849 2080 autem
861 2049 920 2079 fine
929 2052 965 2079 iis
976 2048 1032 2079 effe
1043 2050 1162 2079 nullam

206 2099 328 2130 putant:
351 2100 417 2124 aut,
436 2089 457 2120 si
484 2089 516 2120 fit
534 2091 634 2125 beata,
657 2091 851 2122 beariffimam
861 2092 941 2121 certe
955 2100 1068 2131 negant.
1096 2094 1163 2121 Nos

206 2140 304 2161 autem
327 2133 468 2162 volumus
487 2131 694 2163 beatiffimam:
732 2133 819 2174 idque
839 2133 928 2164 nobis
950 2135 1094 2164 Socratica
1113 2133 1165 2163 illa

206 2171 397 2203 conclusione
417 2172 619 2204 confirmatur.
645 2176 691 2204 Sic
712 2177 794 2205 enim
815 2177 951 2215 princeps
963 2175 1015 2204 ille
1026 2174 1164 2214 philoso-

205 2213 457 2254 phiaedisserebat.
481 2215 583 2255 Qalis
602 2217 732 2257 cujufiyuc
751 2217 842 2245 animi
851 2216 967 2258 affatius
977 2215 1039 2253 effer
1052 2236 1060 2250 ‚
1081 2216 1166 2245 talem

206 2255 256 2292 ff
266 2256 401 2285 hominem
411 2267 422 2283 .·
432 2257 520 2297 quala
529 2265 624 2286 autem
635 2259 689 2298 ipse
699 2259 775 2288 homo
787 2258 848 2296 effer
860 2279 869 2292 ,
881 2257 966 2287 talem
976 2260 1033 2297 ejus·
1045 2257 1091 2295 effe
1102 2268 1164 2286 ora-

211 2298 314 2326 tionem
324 2308 334 2324 .·
355 2298 474 2327 orationi
482 2299 779 2339 autemfhd'basimitia
791 2299 890 2339 ‚fastu
900 2301 1003 2329 viram.
1027 2298 1165 2339 Affec‘l'us

209 2346 304 2366 autem
322 2340 409 2367 animi
431 2340 458 2367 in
483 2338 547 2369 bono
561 2342 619 2369 viro
630 2340 783 2370 laudabilis.
809 2341 842 2373 ὀ-
853 2345 865 2369 3
883 2343 947 2371 vita
957 2342 1047 2381 igitur
1063 2340 1164 2371 lauda-

208 2378 268 2407 ἐμω
279 2378 339 2409 boni
359 2382 417 2409 viri
432 2379 588 2416 &honesta
613 2385 684 2422 Ergo
696 2402 703 2415 ‚
724 2384 858 2423 quoniam
867 2382 1033 2417 laudabitis,
1053 2393 1088 2411 ex
1098 2383 1166 2424 qui-

208 2419 258 2448 hur
273 2441 281 2453 ,
301 2421 429 2450 bonorum
442 2421 551 2451 beatam
567 2425 657 2452 vitam
670 2423 728 2460 effi,
741 2425 923 2453 concluditur.
948 2427 1068 2455 Etenim
1081 2444 1089 2458 ,
1111 2423 1165 2464 prb

209 2460 336 2492 deorum
349 2483 358 2497 ‚
381 2473 465 2505 arque
485 2465 647 2495 hominum
669 2466 760 2496 iidem
771 2485 780 2500 ‚
800 2466 943 2506 parumne
955 2468 1112 2507 cognitum
1124 2465 1167 2496 est

1199 101 1746 149 CicznoN1s

1173 182 1176 220 Ι
1190 179 1389 220 superioribus
1400 177 1510 209 nostris
1521 178 1770 219 disputationibus
1781 199 1790 218 2
1801 190 1837 213 an
1848 181 2057 214 delet-:tationis
2065 204 2074 218 ,
2084 186 2103 212 4
2111 183 2146 216 δε

1172 221 1174 273 J
1191 223 1246 252 otii
1258 219 1458 251 consumendi
1476 219 1560 250 causa
1577 221 1672 251 locuti
1691 223 1793 254 sumus
1804 243 1813 258 ,
1835 225 1997 264 sapientem
2010 225 2047 255 ab
2057 227 2147 256 omni
2184 243 2187 247 ·

1172 275 1174 307 *1
1192 264 1394 294 concitatione
1412 263 1526 294 animi,
1545 271 1634 302 quam
1645 264 1896 302 perturbationem
1914 276 2011 300 voco,
2031 267 2148 307 semper

1192 307 1314 335 vacare?
1334 303 1448 343 semper
1470 304 1504 332 in
1523 305 1627 333 animo
1646 306 1710 343 ejus
1726 303 1784 335 effe
1795 306 2018 346 placidiffimarn
2029 311 2148 348 pacem?

1191 348 1238 376 vir
1250 348 1338 387 igitur
1351 353 1531 384 temperatus
1543 365 1552 378 ,
1575 343 1715 376 constans
1727 365 1736 380 ,
1747 345 1806 377 sine
1816 357 1897 378 metu
1906 368 1914 382 ,
1926 347 1986 379 sine
1996 349 2150 392 aegritudi-

1194 398 1230 418 ne
1243 408 1252 421 ‚
1275 391 1288 415 5
1298 385 1358 416 sine
1377 387 1522 416 alacritate
1537 386 1596 416 ulla
1606 406 1614 420 ‚
1641 385 1702 417 stne
1726 387 1852 418 libidine
1863 398 1966 420 nonne
1976 391 2077 422 beatus
2091 392 2101 418 ?
2118 400 2148 422 at

1195 430 1307 468 semper
1329 429 1441 468 sapiens
1462 428 1528 458 talis
1542 439 1548 457 :
1569 428 1684 468 semper
1703 430 1792 470 igitur
1802 429 1912 459 beatus.
1932 433 2000 472 Jam
2011 432 2083 463 verb
2092 431 2147 474 q-ui

1192 470 1288 511 potest
1307 472 1354 500 vir
1364 470 1462 500 bonus
1473 479 1535 499 non
1545 469 1579 500 ad
1590 469 1620 499 id
1631 489 1640 504 ‚
1660 470 1742 510 quod
1753 470 1898 500 laudabile
1908 471 1941 502 fit
1951 492 1960 506 ,
1984 477 2090 504 omnia
2099 484 2148 505 re-

1194 513 1270 542 ferre
1281 532 1288 546 ,
1303 522 1368 552 quae
1377 521 1435 551 agit
1445 531 1453 545 ,
1464 521 1589 552 quaeque
1597 511 1700 542 sentit?
1715 511 1804 543 refert
1813 521 1913 542 aurem
1924 517 2028 545 omnia
2035 515 2070 545 ad
2079 515 2151 546 bea-

1193 554 1221 584 rt}
1242 554 1418 583 vivendum.
1442 553 1525 583 beata
1545 555 1636 594 igitur
1653 555 1720 583 vira
1742 551 1895 582 laudabilis.
1927 565 1974 584 uec
1991 556 2148 598 quidquam

1190 595 1248 636 fine
1258 597 1364 624 virtute
1373 593 1523 625 laudabile.
1537 595 1619 624 beata
1629 596 1717 636 igitur
1725 598 1786 625 vita
1795 598 1904 625 virtute
1913 595 2080 627 conficitur.
2093 603 2146 629 At-

1196 648 1252 678 que
1261 639 1319 666 hoc
1329 635 1366 666 fic
1374 638 1462 666 e'riam
1475 636 1673 666 concluditur.
1684 639 1750 667 Nec
1759 638 1792 666 in
1800 636 1906 667 misera
1917 638 1975 668 vita
1983 639 2146 679 quidquam

1195 678 1237 708 est
1247 678 1448 718 praedicabile,
1462 687 1510 707 aut
1517 679 1708 717 gloriandum
1723 689 1728 707 :
1745 679 1847 709 necin
1857 688 1889 708 ea
1899 699 1907 712 ‚
1922 688 1987 719 quae
1995 689 2049 710 nec
2060 682 2150 711 mise-

1173 743 1175 751 .
1196 731 1225 750 ra
1239 720 1271 750 sir
1284 740 1291 754 ‚
1314 729 1369 750 nec
1391 720 1481 750 beata.
1505 723 1543 750 Et
1552 719 1635 749 estin
1646 721 1743 760 aliqua
1752 722 1811 750 vita
1820 720 2008 759 praedicabile
2020 722 2146 761 aliquid,

1198 761 1446 803 autgloriandum
1462 781 1470 794 ,
1489 771 1521 791 ac
1531 771 1589 801 prae
1602 762 1628 791 se
1638 761 1815 792 ferendum:
1831 771 1862 791 ut
1871 763 2106 801 Epaminondas,

1292 802 1408 844 Confitiu
1417 802 1506 839 nostru
1516 803 1577 832 laus
1591 802 1634 833 eft'
1642 803 1756 844 attonsa
1764 805 1909 833 Laconum
1917 814 1929 831 .-

1198 854 1230 876 ut
1241 844 1411 879 Africanus,

1291 886 1391 926 ,Astale
1400 886 1548 920 exoriente,
1564 887 1599 926 su
1629 897 1648 915 a
1658 886 1672 907 ⁶
1684 887 1803 916 Maeori'
1810 885 1935 930 paludes,

1295 931 1384 958 Nemo
1396 927 1438 958 ef}
1448 934 1461 957 7
1473 930 1525 969 qui
1528 928 1618 968 fac'l'ts
1627 930 1791 970 aequiperare
1802 936 1897 969 queat.

1176 982 1178 993 ι
1199 969 1290 1012 Qvod
1310 969 1329 1000 si
1348 971 1429 1000 beata
1452 972 1529 1000 vita:
1548 970 1719 1012 glorianda,
1738 970 1770 1000 &
1788 969 1972 1009 praedicanda
1985 991 1994 1005 ,
2014 971 2150 1011 &praese

1176 1045 1177 1051 ἵ
1198 1011 1319 1042 ferenda
1336 1011 1386 1042 est.
1410 1012 1487 1041 nihil
1501 1011 1543 1042 est
1557 1013 1639 1041 enim
1651 1011 1748 1044 aliud,
1769 1011 1849 1052 quod
1861 1012 2082 1052 praedicandum
2095 1033 2103 1047 ‚
2117 1014 2152 1044 δε

1199 1063 1256 1093 prae
1267 1054 1294 1083 se
1305 1053 1461 1084 ferendum
1475 1051 1518 1082 sit.
1541 1053 1659 1094 Qibus
1669 1051 1771 1092 positis
1781 1073 1789 1086 ,
1810 1055 1954 1094 intelligis
1966 1055 2038 1094 quid
2050 1055 2152 1095 sequa-

1200 1104 1260 1125 tur:
1277 1095 1310 1125 &
1327 1094 1450 1135 quidem
1459 1114 1467 1128 ‚
1482 1093 1536 1123 nisi
1552 1104 1586 1124 ea
1597 1096 1657 1123 vita
1670 1095 1750 1124 beata
1759 1093 1801 1124 est
1810 1105 1875 1135 quae
1886 1095 1927 1125 est
1938 1097 2043 1126 eadem
2057 1097 2152 1126 hone-

1200 1136 1241 1166 sta
1253 1147 1258 1166 ’.
1271 1135 1302 1166 fit
1315 1136 1396 1166 aliud
1407 1133 1520 1165 necess'e
1540 1134 1581 1165 est
1598 1136 1707 1166 melius
1725 1138 1784 1166 vita
1795 1135 1887 1166 beata.
1909 1137 1989 1176 quod
1999 1147 2054 1167 erit
2064 1139 2149 1168 enim

1199 1177 1360 1209 honesturn
1373 1198 1382 1211 ,
1403 1186 1480 1207 certe
1496 1176 1669 1207 fatebuntur
1679 1175 1736 1207 csse
1743 1177 1863 1207 melius.
1887 1179 1925 1207 ita
1936 1178 2079 1209 eritbeata
2092 1181 2153 1210 vita

1201 1221 1310 1251 melius
1319 1219 1442 1260 aliquid,
1455 1228 1516 1260 quo
1526 1218 1599 1259 quid
1608 1218 1704 1258 porest
1713 1218 1771 1249 dici
1781 1217 1944 1259 perverfius
1955 1221 1965 1248 ἓ
1975 1218 2046 1260 quid
2057 1231 2066 1253 3
2078 1216 2152 1251 cum

1201 1262 1330 1293 fatentur
1344 1262 1409 1291 satis
1419 1270 1558 1301 magnam
1570 1263 1634 1290 vim
1646 1259 1703 1291 ess'e
1716 1263 1750 1291 in
1757 1263 1838 1291 vitiis
1846 1261 1880 1291 ad
1891 1261 2031 1291 miseram
2045 1263 2152 1295 vitam,

1177 1314 1180 1333 1
1202 1314 1307 1335 nonne
1324 1303 1477 1333 fatendum
1497 1301 1540 1332 est
1551 1322 1560 1336 ,
1579 1297 1592 1321 3
1602 1302 1726 1333 eandem
1739 1305 1804 1333 vim
1814 1305 1846 1333 in
1854 1304 1962 1332 virtute
1972 1299 2029 1333 effe
2039 1302 2074 1333 ad
2085 1303 2156 1333 bea-

1203 1356 1263 1377 tam
1273 1348 1388 1376 vitam?
1409 1346 1627 1375 contrariorum
1641 1346 1724 1375 enim
1734 1345 1879 1375 contraria
1888 1344 1955 1374 sunt
1967 1344 2155 1384 consequen-

1207 1390 1254 1419 tia.
1278 1390 1347 1426 Quo
1357 1388 1426 1417 loco
1437 1396 1537 1427 quaero
1548 1407 1557 1419 ,
1583 1396 1672 1426 quam
1684 1388 1746 1416 vim
1761 1386 1862 1416 habeat
1871 1385 1946 1417 libra
1956 1386 2008 1415 illa
2019 1386 2154 1416 Critolai:

1203 1430 1256 1472 qui
1275 1428 1338 1459 cum
1360 1429 1390 1457 in
1407 1427 1640 1456 alteramlancem
1649 1428 1739 1456 animi
1747 1426 1816 1456 bona
1825 1428 1970 1470 imponat,
1993 1427 2021 1455 in
2033 1427 2153 1457 alteram

1203 1472 1333 1510 corporis,
1365 1470 1399 1502 <91
1419 1477 1552 1498 externa:
1573 1476 1688 1498 tantum
1702 1469 1860 1510 propendere
1878 1470 1957 1498 illam
1973 1467 2035 1497 boni
2048 1468 2153 1499 lancem

1202 1521 1302 1555 puter,
1326 1518 1360 1540 ut
1378 1518 1481 1540 terram
1493 1531 1501 1543 ,
1523 1510 1557 1542 ὠ·
1576 1511 1668 1539 maria
1677 1510 1823 1551 deprzmat.
1847 1510 1928 1550 Qid
1937 1520 1968 1540 er
1987 1511 2154 1541 oauthunc

1203 1554 1357 1594 prohibet,
1380 1560 1429 1582 aut
1447 1553 1536 1582 etiam
1561 1554 1762 1582 Xenocratem
1773 1552 1860 1582 illum
1872 1553 1952 1592 gravi
1976 1560 2074 1581 imum
2086 1553 2155 1592 phi-

1203 1596 1396 1635 losophorum
1407 1613 1416 1628 ,
1437 1600 1661 1665 exaffrantem
1687 1602 1838 1633 tantopere
1861 1597 1877 1620 9
1889 1595 2031 1623 virtutem
2042 1613 2050 1627 ‚
2072 1601 2156 1624 exte-

1203 1646 1345 1667 nuantem
1365 1644 1476 1668 cetera,
1548 1635 1738 1674 abjicientem
1750 1655 1759 1669 ,
1778 1637 1811 1665 in
1826 1637 1935 1665 virtute
1953 1644 2017 1665 non
2037 1635 2156 1666 beatam

1206 1677 1299 1708 modo
1322 1679 1413 1707 vitam
1424 1697 1432 1710 ,
1456 1676 1503 1706 sed
1525 1679 1614 1706 etiam
1637 1675 1830 1706 beatiffimam
1841 1686 1952 1716 ponere
1965 1679 1975 1705 ?
1996 1677 2076 1717 quod
2086 1679 2156 1718 qui-

1207 1720 1274 1750 dem
1287 1717 1341 1748 nisi
1350 1717 1394 1751 sit,
1404 1720 1549 1747 virtutum
1563 1719 1700 1747 interitus
1709 1719 1917 1758 consequetur.
1940 1720 2052 1747 namin
2062 1728 2154 1758 quem

1180 1761 1182 1791 l
1203 1761 1279 1791 cadit
1296 1759 1438 1800 aegritudo
1450 1779 1458 1792 ‚
1479 1761 1512 1788 in
1528 1758 1659 1788 eundem
1678 1767 1794 1788 metum
1805 1758 1905 1789 cadere
1914 1757 2029 1789 necesse
2037 1758 2090 1789 est.
2113 1758 2157 1790 est

1180 1798 1181 1804 ¹
1207 1804 1289 1831 enim
1307 1810 1407 1830 metus
1426 1800 1534 1830 futurae
1552 1800 1739 1840 aegritudinis
1755 1800 1881 1830 sollicita
1903 1799 2095 1840 exspeEtatio.
2117 1803 2156 1831 In

1203 1853 1295 1883 quem
1309 1851 1410 1872 autem
1421 1849 1531 1874 metus,
1542 1842 1576 1871 in
1584 1842 1714 1872 eundern
1725 1841 1872 1875 formido,
1883 1842 2039 1876 timiditas,
2051 1851 2154 1882 pavor,

1206 1886 1331 1924 ignavia.
1355 1886 1434 1924 Ergo
1450 1885 1478 1902 ¹0
1492 1891 1524 1912 ut
1534 1882 1615 1912 idem
1627 1884 1762 1914 vincatur
1771 1883 1923 1914 interdum
1938 1903 1948 1918 ‚
1959 1893 2015 1915 nec
2023 1892 2107 1924 putet
2119 1883 2156 1915 ad

1204 1927 1232 1957 se
1242 1933 1421 1966 praeceptum
1435 1924 1511 1954 illud
1527 1926 1608 1954 Atrei
1619 1927 1777 1964 pertinere,

1298 1966 1413 1997 Proinde
1422 1967 1466 1996 ita
1476 1974 1576 2007 parent
1585 1967 1651 2006 sein
1661 1967 1742 2001 vira,
1766 1974 1802 1996 ut
1810 1967 1888 1996 vinci
1898 1966 2032 2007 nesciant.

1207 2010 1265 2039 Hic
1273 2019 1373 2039 autem
1385 2010 1531 2041 vincetur,
1545 2016 1576 2039 ut
1584 2007 1650 2038 dixi
1660 2019 1666 2037 :
1678 2018 1733 2039 nec
1743 2008 1837 2039 modo
1845 2011 1992 2042 vincetur,
2006 2008 2053 2039 sed
2065 2008 2156 2039 etiam

1207 2052 1324 2081 serviet.
1339 2054 1363 2070 ¹¹
1379 2052 1433 2079 ,At
1445 2060 1491 2079 nos
1501 2051 1642 2079 virtutem
1645 2051 1751 2093 semper
1760 2050 1879 2080 liberam
1889 2050 2019 2079 volumus
2031 2070 2039 2083 ,
2053 2050 2158 2091 semper

1206 2091 1356 2121 invidiam.
1380 2094 1453 2131 Qae
1473 2089 1527 2121 nifi
1554 2091 1622 2122 sunt
1633 2111 1641 2125 ‚
1662 2092 1773 2123 sublata
1790 2094 1885 2122 virtus
1905 2091 1957 2122 est.
1982 2090 2074 2132 Atqui
2091 2090 2111 2121 fi
2123 2094 2155 2122 in

1207 2143 1316 2164 virtute
1337 2134 1403 2164 saris
1412 2133 1454 2163 est
1463 2131 1588 2173 praefidii
1597 2133 1632 2163 ad
1643 2133 1719 2163 bene
1728 2134 1892 2164 vivendum
1907 2153 1916 2167 ‚
1937 2133 2004 2164 satis
2014 2132 2055 2163 est
2065 2134 2157 2163 eriam

1207 2175 1242 2206 ad
1262 2175 1355 2206 beate.
1378 2175 1445 2206 satis
1464 2174 1506 2205 est
1527 2176 1610 2205 enirn
1622 2175 1700 2205 certe
1712 2177 1745 2206 in
1755 2177 1864 2206 virtute
1873 2195 1883 2210 ‚
1904 2184 1937 2205 ur
1947 2174 2064 2205 fortiter
2075 2175 2161 2205 viva»-

1209 2227 1288 2247 mus.
1311 2215 1332 2246 si
1350 2216 1488 2250 fortiter,
1506 2218 1597 2247 etiam
1621 2225 1653 2246 ut
1673 2226 1782 2258 magno
1800 2218 1923 2251 animo,
1942 2217 1974 2246 &
1993 2215 2116 2256 quidem
2128 2223 2161 2246 ut

1208 2259 1290 2289 nulla
1309 2269 1339 2289 re
1358 2267 1503 2299 umquam
1519 2267 1679 2291 terreamur
1698 2279 1707 2292 ‚
1735 2259 1910 2299 semperque
1928 2256 2018 2288 fimus
2041 2255 2159 2286 inviffi.

1185 2324 1186 2334 ,
1208 2303 1358 2341 Sequitur,
1370 2309 1402 2330 ut
1413 2300 1489 2330 nihil
1500 2301 1640 2340 poeniteat
1651 2319 1660 2334 ,
1673 2300 1751 2329 nihil
1761 2299 1843 2333 desit,
1858 2299 1936 2329 nihil
1947 2297 2052 2329 obstet.
2078 2300 2158 2338 Ergo

1209 2345 1314 2373 omnia
1323 2341 1507 2382 profluenter
1518 2361 1527 2375 ,
1542 2341 1689 2374 absolute,
1700 2341 1859 2381 prosper-&2
1869 2342 1959 2381 igitur
1970 2340 2065 2370 beate.
2085 2341 2161 2369 Satis

1209 2393 1309 2414 aurem
1328 2384 1363 2414 ad
1372 2383 1491 2414 fortiter
1500 2382 1667 2413 vivendum
1675 2385 1770 2412 virtus
1778 2380 1885 2422 potest.
1908 2382 1976 2412 satis
1987 2391 2057 2420 ergo
2068 2383 2159 2411 etiam

1208 2424 1244 2455 ad
1265 2425 1357 2456 beate.
1381 2426 1504 2455 Etenim
1527 2433 1558 2454 ut
1569 2423 1690 2454 stultitia
1702 2444 1710 2457 ‚
1729 2421 1780 2454 etsi
1790 2423 1892 2463 adepta
1905 2422 2036 2464 estquod
2046 2431 2161 2453 concu-

1185 2498 1187 2504 .
1207 2468 1304 2507 pivit‚
1330 2475 1500 2507 numquam
1519 2466 1547 2497 se
1565 2474 1666 2496 tamen
1676 2465 1742 2496 satis
1751 2465 1938 2496 consecutam
1949 2462 2096 2509 putatzsic
2109 2463 2159 2509 fif-

2049 2512 2159 2547 pientia

247 2580 269 2596 ι.
289 2573 412 2607 Libidoque
432 2575 555 2608 versetur:
574 2584 624 2600 cum
641 2576 752 2609 omnia.]
778 2577 818 2602 Ex
838 2574 951 2602 Victorii
975 2575 1091 2603 editione
1102 2577 1157 2603 haec

208 2610 350 2667 bretun&
364 2609 488 2636 Palatinis
499 2611 625 2647 quinque.
637 2612 776 2638 Vaticanus
794 2611 911 2647 alioquin
925 2623 930 2638 :
950 2613 1076 2645 ver-finiar
1087 2631 1095 2644 ‚
1107 2622 1158 2638 cum
1179 2609 1182 2628 ¹

224 2651 250 2667 [ἴ
259 2652 343 2668 omma.
1180 2646 1182 2657 1

246 2685 272 2702 2.
295 2681 350 2710 Qae
358 2681 466 2705 Anticlea
483 2681 594 2715 laudan]
617 2682 677 2708 Hoc
697 2692 790 2709 nomen
802 2692 893 2710 omnes
903 2682 983 2709 codd.
1001 2683 1158 2719 praeferunt,

210 2717 264 2737 tum
278 2714 332 2738 l’al.
345 2722 399 2740 tum
411 2716 428 2740 ii
441 2735 448 2746 ,
468 2725 533 2750 quos
545 2717 677 2743 Viftorius
697 2718 815 2745 adhibuit
834 2719 945 2745 editioni
968 2719 1027 2745 siiae.
1048 2729 1094 2746 nec
1106 2720 1122 2746 fi
1133 2720 1159 2746 in
1182 2713 1183 2747 i

211 2746 329 2785 lloinero
349 2759 396 2776 non
417 2751 451 2777 cst
465 2771 472 2781 ,
491 2753 616 2778 continuo
638 2763 742 2788 quoque
761 2764 793 2781 ex
821 2755 960 2782 Ciceronis
981 2756 1160 2782 monumentis
1182 2772 1183 2776 =

211 2783 417 2823 exhilpeudum.
442 2787 519 2822 vulgo
532 2791 653 2821 Euryclia.
670 2792 789 2816 ceterum
802 2792 985 2827 Septenarium
998 2791 1160 2818 trochaicum
1182 2788 1183 2794 ¹

211 2824 244 2842 ex
261 2825 339 2844 veteri
351 2825 427 2854 poeta
438 2822 496 2847 binc
506 2823 641 2850 constituit
652 2825 824 2852 Gulielmius.

387 2857 496 2882 Leniludo
506 2860 626 2888 orationis,
637 2862 748 2886 mollitudo
764 2863 870 2894 corporie.

236 2895 262 2927 ¹¹33
271 2907 283 2927 3
293 2891 349 2926 ⁴Vna
360 2893 428 2922 <gitur
438 2893 560 2918 laudabilia
571 2896 622 2919 boni
631 2899 683 2920 viri
692 2896 721 2926 (ῥ’
729 2898 829 2929 honesta.
851 2901 910 2931 Ergo
919 2898 1054 2932 quoniam]
1077 2898 1110 2924 Et
1121 2897 1163 2924 di-

212 2922 378 2963 struerent-m
387 2927 415 2967 J&
425 2926 570 2967 lectionem
586 2930 694 2957 Victorii
710 2951 717 2963 ,
736 2933 781 2968 qui
803 2942 860 2958 cum
873 2933 973 2959 faciunt
985 2934 1101 2969 quinque
1113 2935 1163 2960 Pa-

212 2957 262 3027 llor.
277 2958 351 2984 luibr.
364 2962 380 3002 *l
397 2967 488 2986 aticaii.
509 2964 631 2998 sequutus
651 2966 717 2992 sum.
742 2968 821 3003 vulgo
838 2979 843 2995 :
864 2970 916 2994 boni
932 2971 986 2995 viri
1003 2971 1094 3002 honesta
1103 2980 1164 3003 ergo,

229 3003 334 3024 nomam,
352 3004 402 3025 σε.

248 3037 276 3061 4.
297 3032 381 3055 Eram
394 3031 543 3072 ⁷⁶⁰”s‘f'3m'df'
562 3036 640 3072 ⁴eausa·
658 3039 726 3062 locuti
739 3039 847 3074 firmem]
871 3039 1071 3068 Palansecund.
1084 3040 1166 3068 nescit

209 3068 241 3092 ,τὸ
256 3067 406 3094 conlummdt.
419 3075 483 3092 ini-11
497 3071 617 3101 relipilcit
630 3072 747 3104 glulsani.

1234 2578 1262 2604 6.
1283 2581 1362 2604 Maeori
1372 2580 1378 2590 ’
1397 2577 1524 2611 paludes]
1547 2577 1614 2603 Pali.
1625 2587 1666 2613 pr.
1678 2583 1767 2612 quart.
1778 2578 1883 2602 meotides
1896 2596 1904 2608 ‚
1927 2575 1996 2602 unde
2007 2584 2059 2602 non
2069 2574 2158 2609 inepte

1202 2622 1262 2639 cum
1277 2614 1354 2640 Hier.
1367 2613 1499 2640 Columna
1510 2614 1535 2639 in
1548 2613 1661 2639 Ennium
1674 2613 1875 2645 zrtaeoridipludes,
1887 2612 1991 2638 feceris.

1237 2658 1264 2683 7.
1283 2651 1331 2682 Qi
1342 2651 1416 2683 fassis
1426 2652 1568 2683 equiparare
1584 2649 1681 2683 queat]
1703 2650 1744 2675 Ita
1763 2648 1848 2684 scripfi
1861 2667 1868 2680 ,
1888 2647 2008 2684 plurimis
2020 2645 2094 2672 libi-is
2103 2643 2161 2670 fre-

1202 2692 1262 2711 tus:
1281 2686 1376 2712 namin
1391 2685 1522 2712 Toletano
1535 2704 1543 2716 ‚
1567 2685 1652 2711 Palae.
1664 2691 1753 2720 quart.
1764 2685 1882 2710 Vaticani.
1901 2681 2106 2719 provocabulum
2127 2689 2161 2705 rue

1201 2720 1323 2756 disparet.
1351 2724 1493 2756 ..equiparare
1515 2722 1576 2747 vero
1587 2720 1661 2757 posui
1673 2740 1682 2753 ,
1705 2729 1739 2746 ex
1760 2719 1826 2746 edit.
1840 2720 1942 2746 Veneta
1955 2737 1963 2751 ,
1976 2716 2079 2744 Victor.
2092 2715 2160 2742 Pali.

1204 2757 1254 2783 sec.
1266 2764 1330 2783 tert.
1343 2764 1431 2792 quart.
1444 2757 1530 2783 Varie.
1652 2764 1655 2767 ’

1239 2792 1266 2819 8.
1288 2793 1394 2818 Eandem
1402 2796 1455 2818 vim
1471 2795 1497 2817 in
1507 2795 1600 2819 virtute
1609 2792 1648 2825 effe
1667 2791 1701 2816 ad
1709 2792 1804 2816 beatam
1812 2789 1916 2823 avitam]
1939 2789 2006 2814 'ri-es
2018 2786 2062 2813 Pal
2070 2807 2075 2812 .
2086 2787 2159 2822 prio-

1204 2838 1257 2859 res,
1268 2831 1318 2854 vim
1328 2831 1443 2854 :virtutem
1451 2829 1501 2860 effe.
1513 2835 1600 2862 quart.
1611 2827 1706 2852 eandem
1716 2829 1768 2851 vim
1777 2827 1817 2858 este
1826 2826 1859 2850 ad
1866 2827 1960 2850 braum
1969 2826 2059 2848 vitam.

1240 2872 1267 2899 9.
1290 2866 1415 2895 Virtutem,
1426 2871 1589 2889 extenuantem
1599 2863 1702 2895 ceteras]
1718 2860 1822 2893 Dempli
1832 2869 1861 2885 co
1866 2859 1951 2894 pulani
1961 2860 1991 2889 ᾤ’
2000 2857 2161 2885 auehi-itate

1206 2900 1262 2926 Pal.
1273 2900 1430 2935 quinque'ac
1443 2899 1527 2926 Vatic.
1537 2899 1563 2925 in
1575 2908 1628 2934 quo
1638 2905 1766 2934 praererca
1783 2902 1849 2921 tanta
1857 2902 1921 2928 opere
1933 2905 1939 2919 :
1959 2894 2000 2920 sed
2016 2904 2041 2920 in
2053 2903 2162 2929 quarto,

1206 2944 1254 2970 pro
1265 2942 1441 2966 extenuantem,
1451 2937 1656 2960 exterminantem.

1246 2980 1286 2997 ιο.
1299 2974 1327 2995 Ut
1337 2970 1396 2996 idem
1405 2973 1522 2996 vincatur
1529 2969 1704 2998 interciatam&
1712 2965 1806 2999 psum]
1819 2965 1880 2991 Elisi
1893 2965 1959 2991 illud
1970 2965 2158 3001 supervacuum

1185 3026 1186 3038 ,
1204 3006 1257 3043 post
1268 3007 1386 3032 interdum
1397 3025 1405 3035 ,
1423 3006 1567 3038 necefferfl.
1587 3002 1668 3028 ductu
1679 3009 1793 3037 quatuor
1805 3001 1871 3027 Pali.
1884 3001 1962 3028 fabr.
1975 3002 2059 3028 Vatic.
2083 3001 2162 3031 deni-

1185 3043 1186 3048 *
1209 3051 1259 3078 que
1270 3041 1336 3068 edit.
1351 3040 1476 3067 Vic'torii.

251 3109 277 3134 5.
293 3103 348 3127 stne
358 3111 487 3128 macrum(
497 3103 570 3137 tullii.)
593 3105 672 3131 fabr.
683 3109 848 3137 alacrimdine.

1251 3086 1290 3103 ιι.
1311 3073 1634 3107 Arnasvirtunmfimer]
1655 3072 1828 3102 Palatinfficc.
1843 3080 1907 3100 tert.

1919 3081 2008 3110 quart.
2026 3076 2061 3100 At
2069 3081 2110 3099 not
2119 3081 2166 3098 au-

1208 3120 1252 3139 tem
1264 3116 1324 3139 vin.
1339 3110 1451 3140 Victorii
1462 3109 1528 3137 edit.
1549 3118 1589 3136 nos
1603 3117 1680 3135 autem
1693 3112 1752 3136 vin.
1956 3121 1957 3124 =
2141 3113 2146 3129 2

2061 3153 2072 3171 ι
2080 3164 2086 3170 .
2095 3145 2168 3170 6·ἱηὶ-

2169 611 2208 645 ¹7

2175 1515 2218 1559 18,
