2337 3400
176 151 270 202 608
594 147 660 194 M.
745 143 1106 192 Tunnit

181 244 251 267 veo,
265 242 294 263 tn
307 234 351 261 M.
364 230 517 261 Antonio:
538 237 593 269 ego
602 227 773 257 conservare
792 225 944 256 coloniam
958 221 1061 263 populi
1077 223 1144 268 Ros
1159 220 1164 284 ἰ

1195 137 1738 192 Cxcanouts

1185 218 1337 254 differret,
1357 220 1472 260 virgula
1489 219 1618 251 stantem
1639 219 1874 266 circumfirf'pfit:
1896 219 2052 262 dixitque,
2078 221 2096 248 4
2112 219 2140 251 se

147 271 167 305 6
188 275 379 312 manicupio,
392 279 601 311 cuc-xpugnatc
614 270 722 300 studet.
735 271 782 297 An
797 268 1061 307 hocncgareputes
1075 272 1144 303 :qui
1163 285 1164 288 ,

184 318 307 346 omneis.
324 322 420 342 mor-„as
432 313 597 351 interponis
608 331 616 344 ,
628 311 739 351 quibus
749 308 919 339 infirmetur
930 308 1036 336 Brutus
1049 325 1057 338 ,
1079 314 1144 334 mc-

187 358 246 388 lior
258 355 489 386 fiatAntonius?
511 354 665 394 quousque
677 353 759 381 enirn
775 350 848 381 dicas
861 370 867 382 ‚
885 358 987 390 pacem
1006 347 1122 377 vellete
1134 349 1146 372 3

187 408 234 429 res
251 398 381 438 geritur:
401 394 558 425 conduiffta:
582 396 676 424 vinca:
701 394 786 423 sunt:
817 400 964 432 pugnatur
983 387 1144 419 acerrime?

186 440 239 480 qui
254 446 499 469 intercurrescnt‚
521 434 657 465 misimus
677 436 745 465 treis
763 435 912 473 prineipes
929 432 1068 461 civitatis,
1093 430 1148 459 hos

187 473 363 512 contemsit,
375 479 492 517 rejecit,
508 477 848 516 repudiavitAutouius.
873 483 1013 504 tutamen
1030 479 1147 512 perma-

187 532 243 553 net
252 518 505 551 constantiillinus
514 517 653 549 defensor
664 519 802 547 Antonii.
814 519 852 547 Et
861 515 995 557 quidem,
1009 524 1070 555 quo
1084 522 1148 542 me-

188 565 250 594 lior
269 563 384 593 senator
401 561 554 594 videatur,
580 569 664 601 negat
687 559 715 589 se
734 559 780 588 illi
793 560 929 588 amicum
945 555 1003 586 effe
1023 555 1148 585 debere:

192 608 204 625 ¹
217 615 286 635 cum
307 604 359 633 suo
371 612 481 643 magno
492 601 641 632 beneficio
654 621 662 635 .
682 598 794 630 venill‘e
807 609 878 629 eum
895 607 998 629 contra
1012 597 1049 627 se.
1073 595 1149 625 Vide

191 655 302 688 quanta
310 648 413 676 caritas
424 644 456 674 sit
468 645 577 684 patriae.
593 642 665 674 cum
678 643 798 672 homini
810 640 841 671 sit
852 643 951 673 iratus,
964 648 1064 669 tamen
1074 640 1148 677 reip.

191 688 276 719 causa
295 686 431 717 defendit
448 687 630 716 Antonium.
655 687 718 725 Ego
738 693 783 717 te,
802 683 874 713 cum
895 684 929 712 in
945 679 1150 711 Massiliensem

191 738 255 761 tam
265 727 301 758 sis
313 728 433 759 acci-biis
445 748 454 762 ,
476 725 539 758 Fufi
551 747 560 761 ‚
581 737 644 757 non
654 729 758 756 animo
768 735 853 765 aequo
864 724 964 754 audio.
988 721 1152 763 Qousque

192 773 277 802 enim
290 768 449 801 Massiliam
461 769 665 810 opptiguabi53
686 777 724 798 ne
736 767 905 806 triumphus
914 764 1039 806 quidem
1056 762 1150 792 finem

192 812 266 843 fecit
277 812 371 842 belli?
392 821 443 851 per
455 820 547 852 quein
567 810 678 840 sublata
688 808 731 839 est
749 809 817 838 urbs
838 818 868 837 ea
880 828 889 840 ,
909 805 967 837 sine
984 815 1043 846 qua
1061 813 1151 834 num—

192 864 286 896 quam
305 864 343 883 ex
353 853 559 892 Transalpinis
575 851 715 893 gentibus
734 851 861 887 majores
880 847 972 878 nostri
985 846 1152 885 triumpha-

194 905 278 927 tunt.
300 905 360 936 quo
380 894 505 935 quidem
522 902 655 933 tempore
668 892 796 931 populus
815 893 972 920 Romanus
993 889 1151 929 ingemuit.

196 946 384 979 quamquam
394 938 475 966 enim
484 935 604 977 proprios
616 934 715 962 dolores
734 933 849 962 suarum
864 940 963 960 rerum
975 939 1083 960 omnes
1102 929 1154 958 ha-

198 979 308 1010 bebant
321 990 326 1008 :
350 988 449 1009 tamen
462 979 550 1015 'nujus
559 977 690 1007 civitatis
699 972 875 1004 fiat-:istium
887 973 1020 1002 miserias
1031 992 1039 1004 ,
1059 979 1152 1000 nemo

197 1022 362 1053 eratcivis,
382 1020 458 1060 quia
469 1019 497 1048 se
507 1019 616 1047 alienas
627 1017 822 1046 arbitraretur.
846 1015 938 1045 Caelar
956 1014 1034 1053 ipse,
1054 1014 1106 1053 qui
1118 1012 1156 1040 il-

198 1063 236 1092 lis
250 1059 541 1092 fueratiiatist'iinus:
564 1067 665 1088 tamen
676 1067 795 1098 propter
808 1055 983 1097 ungularem
998 1057 1061 1094 ejus
1079 1056 1155 1083 civi-

200 1106 266 1135 tatis
276 1105 449 1144 gravitatem
460 1121 469 1134 ,
490 1101 522 1130 &
533 1099 625 1130 fidem
636 1119 645 1133 ,
663 1099 799 1139 quotidie
809 1097 921 1138 aliquid
941 1096 1100 1127 iracundia:
1112 1104 1156 1123 rc-

201 1146 357 1176 mittebat:
382 1154 409 1174 te
420 1143 502 1172 nulla
512 1142 561 1172 sua
576 1142 741 1171 calamitate
755 1142 859 1170 civitas
879 1140 977 1169 satiare
988 1148 1045 1168 tuin
1061 1136 1156 1166 tidelis

200 1186 317 1228 potest?
339 1185 451 1216 Rursus
471 1193 520 1213 me
534 1185 595 1223 jam
613 1182 697 1212 irasci
715 1181 833 1212 fortass'e
850 1181 942 1211 dices.
975 1183 1039 1219 Egi>
1056 1187 1156 1207 autem

201 1228 264 1259 sine
274 1227 426 1258 iracundia
435 1226 513 1258 dico,
527 1234 559 1254 ut
569 1225 685 1257 omnia,
699 1233 754 1253 nec
768 1233 868 1253 tamen
882 1221 939 1252 sine
950 1221 1071 1251 dolore:
1095 1221 1157 1248 Ne-

203 1273 323 1301 minem
336 1269 381 1298 illi
398 1268 683 1298 civitatiinimicum
697 1263 752 1295 esse
764 1265 908 1297 arbitror,
927 1264 979 1304 qui
997 1263 1111 1292 amicus
1126 1258 1158 1289 sit

202 1314 275 1342 huic
285 1312 411 1341 civitati.
435 1310 610 1349 Excogitare
621 1328 629 1340 ,
651 1317 716 1348 quae
729 1316 775 1337 tua
786 1308 861 1336 ratio
872 1303 905 1335 fic
915 1325 923 1338 ‚
947 1304 1055 1333 Calene
1067 1322 1076 1336 ,
1095 1311 1159 1331 non

203 1352 334 1395 polium.
356 1361 441 1382 antea
453 1351 598 1381 deterrere
609 1359 635 1379 te
647 1369 655 1383 ‚
674 1359 711 1378 ne
720 1349 872 1388 popularis
887 1345 960 1376 esses
970 1366 978 1379 ‚
996 1354 1060 1375 non
1077 1351 1162 1384 pote-

204 1405 306 1428 ramus
319 1405 324 1423 :
349 1403 380 1423 ut
392 1403 473 1423 nunc
483 1391 517 1422 sis
527 1391 676 1431 popularis
687 1411 694 1424 ,
717 1400 839 1419 exorare
853 1399 915 1418 non
926 1385 1090 1428 poss'umus.
1113 1388 1163 1415 Sa·

203 1439 244 1468 tis
260 1437 356 1466 multa
368 1445 437 1466 cum
449 1432 547 1467 Fufio,
557 1443 590 1463 ac
600 1431 659 1463 fine
669 1432 741 1462 odio
752 1433 857 1461 omnia
868 1451 876 1464 ‚
886 1430 962 1460 nihil
976 1428 1036 1458 fine
1046 1427 1163 1458 dolore.

209 1478 306 1509 Credo
323 1487 422 1507 autem
432 1497 442 1510 ,
472 1485 525 1514 QJ
537 1486 547 1505 1
570 1485 590 1504 G
600 1485 618 1504 E
631 1485 652 1504 N
663 1484 682 1504 E
691 1484 712 1503 R
724 1483 735 1502 1
755 1473 906 1514 querelam
918 1471 1071 1501 moderate
1080 1468 1163 1502 ferat,

206 1531 294 1562 aequo
305 1521 409 1550 animo
420 1519 550 1548 laturum
561 1518 661 1546 amici.
685 1518 785 1545 Venio
802 1524 884 1544 nunc
896 1514 933 1543 ad
950 1514 1081 1553 reliquos
1091 1520 1166 1541 con-

209 1563 329 1594 sulareis
342 1581 350 1595 ,
362 1570 491 1601 quorum
504 1558 545 1588 est
555 1568 649 1587 nemo
661 1577 670 1590 ‚
696 1557 779 1596 (jure
790 1566 861 1585 meo
872 1557 928 1586 hoc
937 1555 1019 1594 dico)
1041 1555 1094 1594 qui
1104 1561 1168 1582 non

207 1613 333 1635 mecum
352 1603 456 1632 habeat
475 1601 606 1641 aliquam
628 1597 880 1638 conjunclionem
896 1599 1013 1638 gratiae,
1037 1596 1088 1625 aiii
1106 1604 1169 1623 ma-

207 1648 327 1676 ximam
339 1664 347 1677 ,
369 1644 420 1674 alii
432 1642 632 1674 mediocrem,
648 1650 741 1670 nemo
754 1640 881 1669 nullam.
904 1641 1003 1679 Qam
1014 1635 1169 1666 hesternus

207 1687 274 1720 dics
291 1685 400 1719 nobis,
415 1683 619 1715 consularibus
629 1682 698 1712 dico
709 1701 718 1715 ,
734 1681 958 1720 tui-pisilluxit?
971 1682 1081 1709 ite-rum
1091 1678 1169 1718 lega—

210 1737 280 1760 tos?
296 1726 368 1768 quid
381 1730 391 1753 ?
402 1726 456 1755 ille
466 1725 573 1755 faceret
583 1723 718 1754 inducias
727 1727 739 1749 3
756 1731 824 1752 ante
834 1722 967 1752 consulis
977 1741 986 1755 ‚
1006 1720 1169 1759 oculosque

209 1771 375 1811 legatorum
391 1788 400 1801 ,
418 1768 580 1798 tormentis
599 1767 750 1795 Mutinam
770 1764 950 1794 verberavit:
975 1772 1049 1802 opus
1068 1760 1169 1791 osten—

211 1812 300 1842 debat
311 1831 320 1844 ,
332 1810 597 1848 munitionemque
607 1807 726 1847 legatis:
751 1816 789 1835 ne
799 1805 946 1845 [molstum
958 1803 1080 1845 quidem
1092 1812 1170 1833 tem-

210 1855 296 1894 poris
312 1872 320 1886 ,
346 1850 417 1881 cum
437 1851 523 1890 legati
544 1847 674 1879 adefl‘ent
689 1869 698 1883 ‚
726 1849 910 1887 oppugnatio
929 1847 1088 1885 respiravit.
1122 1843 1170 1876 Ad

210 1897 293 1927 hunc
306 1894 416 1934 legatos
428 1895 441 1921 3
455 1902 508 1922 cur
521 1896 531 1922 ?
553 1900 590 1920 an
604 1898 752 1920 uteorum
769 1892 866 1919 reditu
884 1887 1094 1918 vehementius
1106 1895 1171 1925 per-

211 1935 392 1968 timescatis?
414 1933 565 1974 Equidem
579 1931 651 1962 cum
665 1941 749 1961 antea
766 1931 876 1972 legatos
889 1930 1009 1960 decerni
1024 1938 1088 1958 non
1101 1936 1172 1957 cen-

211 1976 351 2010 suissem:
374 1977 433 2006 hoc
444 1985 493 2005 me
504 1983 604 2005 tamen
613 1973 786 2003 consolabar
797 1993 805 2006 ,
821 1970 903 2013 quod
921 1980 992 2003 curn
1002 1971 1049 1999 illi
1060 1970 1096 1999 ab
1108 1972 1172 2002 An-

213 2022 303 2051 tonio
311 2019 459 2049 contemti
470 2037 479 2050 ‚
495 2017 527 2046 &
542 2014 642 2055 rejeeu
652 2012 855 2050 revertissent,
877 2011 1079 2056 dixissentque
1090 2011 1172 2044 sena-

213 2062 270 2095 tui,
283 2070 346 2090 non
361 2059 455 2089 modo
465 2058 555 2088 illum
566 2058 582 2088 ὲ
596 2057 692 2087 Gallia
707 2066 770 2087 non
783 2053 948 2088 disceffiss'e,
961 2051 1172 2084 uticensuiss'e-

217 2113 305 2136 mus,
327 2101 376 2132 sed
395 2111 434 2131 ne
450 2100 465 2131 a
478 2101 598 2132 Mutina
614 2098 738 2140 quidem
753 2094 910 2128 receffiss'e:
932 2095 1108 2137 potestatem
1119 2093 1173 2124 sibi

216 2145 353 2176 D.Bruti
363 2141 567 2176 conveniendi
582 2151 646 2171 non
655 2139 760 2170 fuiss'e:
783 2138 848 2170 fore
859 2159 868 2173 ,
886 2147 1037 2171 utomnes
1051 2135 1172 2167 inflam-

221 2188 294 2218 mati
303 2185 376 2216 odio
388 2204 396 2220 ,
409 2185 528 2218 excitati
538 2183 643 2213 dolore
655 2202 663 2216 ,
683 2185 697 2205 ²-
708 2182 798 2211 armis
808 2201 817 2215 ,
831 2183 915 2221 equis
926 2200 934 2214 ,
947 2181 1020 2210 viris
1030 2181 1069 2209 D.
1081 2181 1173 2208 Bruto

218 2228 459 2260 subveniremus.
482 2235 539 2256 nos
549 2226 639 2254 etiam
659 2223 845 2264 languidiores
863 2221 933 2253 fafu
948 2222 1070 2255 sumus,
1091 2219 1174 2260 post-

219 2278 311 2310 quam
323 2269 450 2300 Antonii
462 2276 526 2297 non
540 2267 639 2296 solum
650 2266 819 2298 audaciam,
840 2264 872 2294 &
882 2264 975 2294 scelus
987 2283 995 2296 ‚
1018 2262 1067 2292 sed
1084 2264 1173 2292 etiam

218 2311 433 2345 insolentiam,
447 2307 674 2348 superbiamque
683 2307 898 2347 perspeximus.
922 2307 1048 2339 Utinam
1064 2306 1100 2333 L.
1112 2306 1175 2333 Cae-

219 2353 263 2384 sar
274 2351 401 2383 valeret,
421 2351 540 2381 Servius
558 2349 707 2387 Sulpicius
725 2356 850 2377 viveret.
875 2345 975 2375 multo
994 2346 1104 2375 melius
1115 2346 1176 2374 haec

219 2394 303 2427 causa
325 2396 338 2420 ³
348 2401 479 2433 ageretur
487 2389 503 2421 a
512 2390 605 2420 tribus
616 2409 624 2422 ‚
636 2389 725 2431 quam
737 2397 818 2417 nunc
826 2389 922 2427 agitur
931 2387 966 2416 ab
977 2396 1047 2416 uno.
1068 2386 1175 2415 dolen-

221 2444 265 2468 ter
275 2436 334 2465 hoc
343 2433 440 2464 dicam
450 2430 553 2472 potius
564 2452 573 2467 ,
584 2431 675 2472 quam
685 2429 918 2460 contumeliose.
931 2428 1046 2462 deserti,
1058 2426 1176 2459 deserti,

221 2480 361 2518 inquam,
374 2475 488 2509 sumus,
500 2476 530 2507 Ρ.
540 2475 573 2502 C.
583 2472 598 2502 a
607 2470 802 2512 principibus.
825 2470 893 2503 Sed,
904 2478 937 2499 ut
946 2469 1087 2509 saepejam
1097 2467 1176 2500 dixi,

225 2527 335 2548 omnes
355 2519 389 2547 in
407 2525 488 2547 tanto
506 2515 639 2554 periculo
651 2533 658 2546 ,
678 2515 731 2554 qui
752 2511 832 2542 τεξὶὲ
855 2511 888 2541 ὃς
905 2510 1021 2540 fortiter
1038 2510 1177 2542 sentient,

224 2568 311 2592 crunt
323 2558 501 2589 consulares.
524 2557 664 2586 animum
679 2554 769 2584 nobis
779 2552 881 2587 afferre
899 2553 986 2594 legati
997 2551 1179 2581 debuerunt:

226 2603 371 2632 timorem
381 2599 543 2630 attulerunt
553 2608 558 2626 :
568 2606 747 2639 quamquam
757 2597 835 2625 mihi
843 2594 968 2636 quidem
980 2593 1102 2623 nullum
1111 2602 1181 2622 um-

227 2652 318 2684 quam
328 2644 482 2674 timorem‚
496 2640 635 2681 quamvis
646 2638 681 2668 de
694 2638 748 2667 illo
760 2657 768 2671 ,
778 2637 813 2667 acl
823 2646 915 2677 quem
926 2634 1005 2666 miffi
1015 2635 1093 2668 sunt,
1103 2634 1180 2664 bene

193 2689 211 2720 8
228 2683 417 2715 existiment:
432 2682 448 2713 Ξι
457 2692 517 2727 quo
528 2682 618 2711 etiam
631 2680 766 2710 mandata
775 2687 960 2718 acceperunt.
975 2680 1041 2711 Pro,
1053 2676 1108 2709 dii,
1122 2677 1182 2705 im-

230 2725 389 2756 mortales!
413 2724 465 2756 ubi
475 2723 517 2754 est
527 2723 579 2752 ille
590 2731 668 2756 mos,
678 2721 828 2761 virtusque
838 2721 1012 2759 majorum?
1033 2720 1066 2748 C.
1081 2718 1181 2757 Popil-

227 2768 289 2799 lius
300 2765 376 2806 apud
393 2767 518 2805 majores
528 2763 645 2795 nostros
657 2783 665 2796 ,
684 2773 756 2793 cum
769 2763 805 2792 ad
816 2762 1002 2791 Antiochum
1021 2769 1121 2801 regem
1138 2759 1181 2788 le-

228 2817 312 2850 gatus
328 2805 433 2837 miss‘us
446 2805 536 2840 esset,
556 2805 589 2835 ὃς
607 2804 708 2835 verbis
724 2805 840 2835 senatus
859 2800 1057 2833 denuntiasset
1069 2821 1077 2835 ,
1097 2809 1128 2830 ut
1145 2800 1181 2830 ab

230 2848 411 2884 Alexandria
420 2848 600 2881 discederet,
619 2855 709 2891 quam
721 2844 870 2877 obsidebat
882 2855 887 2874 :
909 2844 982 2883 cum
995 2852 1114 2883 tempus
1131 2843 1183 2872 ille

272 2971 282 2989 1
290 2981 296 2988 .
316 2961 420 2994 Cumfito
430 2971 508 2994 meiqm
517 2965 621 2996 beneficio
632 2982 640 2994 ,
651 2963 736 2995 vcmffe
745 2971 795 2987 eum
805 2969 887 2988 contra
899 2962 950 2996 se]
972 2960 1114 2986 Posti-emm
1124 2958 1187 2984 edd.

231 3000 338 3032 beneficio
346 2998 409 3031 effu,
418 2999 515 3032 vemssb,
524 2999 574 3028 (lya.
587 3008 620 3024 ex
632 2999 758 3024 Vaticano
769 2999 793 3024 iu
817 2999 893 3024 uiunt
905 3008 910 3024 :
924 2998 949 3022 δε
963 2996 995 3023 sic
1005 3005 1110 3032 quoque
1123 2995 1187 3020 Hit-

234 3042 307 3074 torp.
326 3033 390 3060 item
411 3031 466 3059 fere
479 3034 535 3060 Pal.
546 3033 595 3060 sec.
613 3034 655 3060 std
666 3041 754 3061 tamen
766 3043 807 3062 ma
818 3035 856 3061 im
877 3033 1010 3069 vulgatam
1022 3051 1031 3065 ,
1050 3041 1107 3066 quae
1117 3031 1187 3057 idem

233 3070 302 3099 dicit
311 3068 383 3107 quod
394 3068 487 3095 altera.

271 3115 300 3132 2.
319 3105 399 3131 Armis
411 3123 418 3136 ‚
428 3105 492 3139 equit
504 3123 512 3137 ,
520 3105 609 3138 viris]
631 3105 720 3139 Vulgo
732 3124 740 3137 ,
749 3106 856 3132 virr'bm.
876 3104 919 3131 sed
930 3104 1043 3131 alterum
1054 3101 1188 3134 defendit,

232 3148 368 3177 tamquam
388 3141 528 3167 meliorum
547 3140 739 3178 exemplarium
758 3141 900 3167 lectionem
921 3141 1044 3167 Gifanius
1064 3140 1150 3166 noster
1161 3139 1187 3164 in

228 3174 360 3207 observat.
371 3175 470 3214 linguae
480 3176 596 3207 Latina.
615 3180 700 3214 neque
710 3177 808 3205 iteruin
817 3177 866 3206 lib.
878 3186 928 3206 ux.
948 3176 980 3205 de
991 3175 1085 3205 officiis
1095 3184 1145 3206 cum
1153 3175 1189 3202 his

1188 273 1252 293 non
1262 262 1329 293 ants:
1340 263 1578 292 renuntiaturum
1597 262 1728 296 senatui,
1745 265 1797 293 nili
1809 263 1889 304 prius
1901 262 1952 293 fibi
1970 263 2141 304 respondis·

1188 304 1228 336 set
1240 325 1247 338 .
1261 303 1332 345 quid
1342 302 1473 333 fa&urus
1481 301 1552 332 ess'et
1563 323 1571 336 ‚
1582 303 1671 344 quam
1684 315 1721 334 ex
1731 306 1782 335 illa
1791 305 2067 345 circumscriptione
2083 314 2141 334 ex-

1186 346 1311 377 cederet.
1336 344 1493 376 Praeclare:
1514 345 1629 375 senatus
1647 348 1729 376 enim
1749 346 1856 377 faciem
1879 347 1978 377 secum
1995 346 2141 378 attulerat,

1186 387 1393 418 auctoritatem
1417 385 1587 425 reipublicae
1602 396 1608 415 :
1631 389 1679 417 cui
1697 389 1749 428 qui
1766 398 1829 418 non
1851 398 1949 428 paret,
1969 398 2032 418 non
2049 388 2085 418 ab
2101 397 2139 417 co

1189 429 1324 459 mandata
1337 426 1506 468 accipienda
1522 427 1608 461 sunt,
1629 428 1676 458 scd
1694 429 1754 468 ipse
1771 429 1814 460 est
1832 439 1911 461 totus
1930 429 2140 471 repudiandus.

1190 474 1239 501 AN
1259 480 1322 500 noo
1341 470 1424 500 abeo
1444 467 1581 499 mandata
1600 471 1781 510 acciperem,
1801 474 1853 511 qui
1873 472 1988 502 senatus
2006 471 2145 501 mandata

1188 514 1416 542 contemneret?
1440 519 1490 540 aut
1507 511 1614 540 eicum
1633 511 1733 541 senatu
1743 513 1907 553 quidquam
1918 523 2082 544 commune
2099 514 2148 548 iu-

1191 554 1323 585 dicarem
1335 573 1342 586 ‚
1355 555 1408 594 qui
1420 554 1630 592 imperatorem
1640 553 1745 592 populi
1755 556 1851 584 Rom.
1866 555 1965 585 senatu
1981 549 2147 595 prohiben-

1193 605 1231 629 te,
1243 594 1408 625 obsideret?
1432 598 1471 623 At
1487 603 1552 634 quae
1567 594 1726 624 mandata?
1744 604 1801 634 qua
1813 598 1996 636 arrogantia?
2013 606 2075 637 quo
2086 595 2148 625 stu-

1192 647 1263 677 pore
1275 639 1285 666 ?
1296 646 1357 677 quo
1368 636 1492 676 spiritu?
1517 637 1576 665 Cur
1584 643 1684 664 autem
1695 645 1727 665 ea
1737 635 1839 676 legatis
1848 636 1956 667 nostris
1966 637 2062 671 dabat,
2072 640 2146 668 cuin

1192 679 1227 709 ad
1239 688 1295 708 nos
1304 679 1440 718 Cotylam
1454 678 1603 710 mitteret,
1618 686 1832 707 ornamentum
1845 697 1853 710 ,
1868 687 1953 719 atque
1963 689 2058 709 arcem
2069 681 2149 709 ami-

1193 730 1300 750 corum
1320 720 1439 750 suorum
1453 739 1461 753 ‚
1482 719 1642 748 hominem
1661 717 1844 749 aedilitium?
1873 718 1894 748 si
1916 719 1988 749 vero
2007 729 2071 750 tum
2090 719 2150 752 fuit

1194 762 1290 792 aedilis
1301 782 1310 795 ,
1330 760 1399 791 cum
1411 771 1482 791 eum
1498 758 1577 799 juss'u
1592 762 1719 790 Antonii
1742 762 1773 790 in
1788 762 1934 791 convivio
1944 761 2019 791 servi
2035 761 2150 801 publici

1196 804 1266 832 loris
1277 803 1456 833 cecideruut.
1476 806 1516 832 At
1525 811 1615 842 quarn
1627 801 1760 832 modesta
1770 801 1907 833 mandata
1917 805 1922 831 ¹.
1933 803 2020 832 ferrei
2034 803 2098 833 sum
2105 811 2149 835 us.

1195 848 1226 875 P.
1238 847 1269 875 C.
1282 847 1332 885 qui
1344 844 1508 885 quidquam
1522 845 1592 873 huic
1605 853 1760 884 negemus.
1781 846 1944 885 Utramque
1957 847 2007 874 Pro
2015 845 2150 877 vinciam,

1195 887 1291 927 inquit
1303 906 1310 919 ,
1322 887 1433 915 remitto
1448 896 1459 913 .·
1482 885 1647 914 Exercitum
1658 886 1775 926 depono:
1792 887 1923 924 privatus
1934 885 2038 923 essenon
2049 886 2151 924 reeusb.

1196 930 1270 958 Haec
1280 929 1347 958 sunt
1356 929 1439 957 enim
1451 927 1549 957 verba.
1564 926 1660 956 redire
1669 927 1704 956 ad
1713 927 1741 956 se
1753 928 1880 957 videtur.
1890 920 1983 956 omn'ia
1993 926 2151 966 oblivi'ftor.

1196 971 1225 998 in
1235 971 1365 1010 gratiam
1373 969 1457 998 redeo.
1480 968 1536 999 Sed
1546 968 1618 1008 quid
1629 968 1782 1009 adjungit?
1799 969 1826 1010 fi
1841 968 1994 1010 legionibus
2008 971 2070 998 meis
2087 969 2151 1007 [Ex.

1192 1010 1370 1052 fiequitibuo·
1381 1031 1388 1044 ,
1403 1011 1541 1051 ficolwrti
1559 1011 1685 1050 praetoria·
1699 1012 1818 1051 pra-dam
1828 1031 1837 1044 ‚
1853 1021 2007 1051 agrumque
2014 1010 2151 1039 dederim.

1199 1056 1255 1082 His
1265 1055 1356 1082 etiam
1368 1054 1489 1091 praemia
1498 1051 1637 1091 postulat,
1648 1052 1756 1092 quibus
1769 1062 1800 1082 ut
1810 1053 1968 1092 ignofiatur
1978 1051 1998 1081 si
2009 1051 2154 1092 postulet.

1198 1092 1474 1133 impudentiffimus
1488 1093 1658 1131 judicetur?
1678 1093 1771 1123 Addit
1790 1104 1946 1134 praeteiea,
1979 1103 2061 1132 eris
2084 1102 2155 1122 IPSE

1199 1145 1273 1164 CUM
1284 1137 1495 1164 DOLABELLA
1505 1143 1652 1163 DEDERIT
1663 1143 1780 1168 Aoaos,
1791 1145 1948 1165 ‘rt-:NEANT
1965 1146 1992 1165 11
2005 1156 2014 1169 ,
2030 1144 2156 1174 Qtims

1199 1185 1281 1206 nArt
1301 1185 1395 1205 SUNT.
1420 1177 1479 1205 Hic
1489 1174 1531 1204 est
1541 1177 1709 1214 Campanus
1718 1186 1803 1216 ager,
1824 1177 1857 1206 δε
1874 1179 2044 1207 Leontinus
2057 1198 2066 1210 ‚
2088 1186 2155 1216 qux

1199 1217 1260 1247 duo
1283 1218 1410 1257 majores
1422 1215 1515 1246 nostri
1529 1226 1658 1246 annonae
1669 1217 1801 1257 perfugia
1812 1217 1970 1248 ducebant.
1993 1221 2083 1247 caver.
2095 1221 2155 1247 mi-
2172 1225 2197 1258 9

1199 1261 1258 1289 mis
1268 1279 1276 1293 ‚
1289 1258 1467 1289 aleatoribus
1477 1277 1485 1291 ‚
1499 1257 1660 1287 lenonibus
1672 1269 1678 1287 2
1701 1261 1835 1298 Capboni
1845 1261 1932 1289 etiam
1944 1280 1952 1293 ,
1975 1260 2007 1289 &
2016 1263 2098 1289 δια-π
2109 1269 2157 1289 ca-

1200 1311 1267 1330 vet:
1287 1310 1363 1341 quos
1382 1301 1573 1330 centuriones
1585 1310 1750 1341 pugnaces,
1771 1301 1971 1331 &lacertosos
1982 1322 1990 1334 .
2007 1303 2084 1331 inter
2094 1303 2158 1330 mi-

1201 1352 1337 1376 morum,
1350 1342 1382 1372 &
1394 1343 1555 1371 mimarum
1565 1351 1667 1382 greges
1677 1342 1847 1372 collocavit.
1870 1341 2001 1373 Postulat
2009 1351 2159 1382 praecerea,

1203 1393 1247 1415 υτ
1261 1392 1583 1414 Ci—nROGRAPI-IORUM
1597 1393 1637 1413 ετ
1651 1393 1986 1414 COMMENTARIORUM
1998 1393 2071 1417 sUA,
2081 1393 2162 1413 coi„-

1204 1435 1374 1465 LEGAEQE
1384 1435 1438 1457 sm
1450 1434 1606 1454 bacani-A
1618 1434 1800 1457 MANEANT.
1822 1426 1904 1468 Qid
1919 1427 2030 1456 laborat
2039 1446 2048 1460 ‚
2067 1434 2100 1455 ut
2109 1426 2164 1455 ha-

1205 1468 1280 1501 beat,
1290 1468 1370 1508 quod
1381 1467 1505 1507 quisque
1516 1476 1661 1498 mercatus
1671 1467 1723 1500 est,
1735 1466 1756 1497 si
1766 1468 1840 1509 quid
1850 1470 1970 1508 accepit,
1982 1468 2096 1501 habeat,
2106 1467 2162 1507 qui

1206 1509 1364 1540 vendidit?
1378 1519 1418 1538 Ετ
1433 1518 1476 1538 NE
1493 1517 1706 1539 TANGANTUR
1716 1519 1883 1539 RATiouizs
1895 1519 1938 1539 AD
1947 1512 2042 1539 Otus:
2063 1509 2094 1539 id
2105 1507 2162 1541 est,

1207 1561 1244 1581 ne
1256 1549 1421 1581 sestertium
1433 1551 1536 1590 septies
1547 1551 1661 1580 millies
1673 1560 1877 1591 recuperetur:
1902 1561 1946 1580 NE
1959 1560 2088 1581 Falsum
2108 1559 2162 1579 sit⁴

1208 1602 1434 1623 SEPTEMvims
1445 1611 1453 1625 ,
1476 1601 1565 1631 QJOD
1575 1601 1743 1622 EGISSENT.
1767 1593 1890 1622 Nucula
1900 1594 1956 1622 hoc
1967 1612 1975 1626 ‚
1992 1591 2080 1622 credo
2091 1612 2100 1625 ‚
2111 1591 2165 1621 ad-

1211 1636 1340 1664 monuit.
1364 1633 1517 1664 verebatur
1527 1632 1643 1664 fortass'e
1654 1653 1662 1667 ‚
1682 1644 1721 1664 ne
1731 1635 1879 1665 amitteret
1889 1642 1979 1664 tantas
1996 1633 2162 1663 clientelas.

1210 1677 1313 1707 Caveri
1322 1677 1413 1706 etiam
1423 1676 1486 1705 vult
1498 1685 1544 1705 11s
1554 1694 1563 1709 ‚
1575 1684 1636 1713 ορ]
1650 1685 1760 1707 secum
1771 1685 1854 1706 SUNT
1865 1695 1874 1709 ,
1896 1684 2070 1714 Qinn
2082 1684 2166 1703 cou-

1210 1727 1279 1748 τευ.
1298 1727 1399 1748 LEGEs
1415 1726 1676 1749 COMMJSERUNT.
1698 1717 1854 1750 Mustelae,
1874 1717 1907 1747 &
1921 1718 2031 1747 Tironi
2047 1717 2165 1756 prospi-

1210 1761 1268 1790 cit:
1290 1759 1327 1790 de
1345 1759 1373 1789 se
1393 1759 1472 1791 nihil
1490 1758 1613 1790 laborat.
1635 1758 1717 1799 Qid
1735 1761 1820 1788 enim
1830 1756 1981 1788 commisit
1994 1759 2165 1798 umquam?

1209 1811 1285 1831 num
1295 1809 1344 1831 aut
1354 1801 1509 1842 pecuniam
1522 1800 1673 1841 publicam
1684 1800 1797 1841 attigit,
1809 1809 1858 1830 aut
1869 1801 2027 1829 hominem
2039 1799 2165 1832 occidit,

1211 1852 1260 1873 aut
1270 1843 1370 1874 secum
1382 1841 1641 1873 habuitarmatos?
1662 1841 1718 1873 Sed
1729 1841 1802 1884 quid
1815 1840 1876 1875 est,
1891 1840 1973 1883 quod
1984 1840 2020 1870 de
2032 1842 2068 1871 iis
2078 1841 2166 1871 labo-

1210 1885 1272 1917 ret?
1294 1883 1424 1914 Postulat
1442 1884 1544 1916 enirn,
1568 1892 1612 1915 ΝΕ
1632 1892 1696 1915 5οᾼ
1708 1892 1915 1924 JuniciAniA
1933 1892 1998 1912 LEX
2017 1883 2167 1912 Annocrzae'

1212 1936 1290 1956 run.
1313 1935 1373 1968 quo
1384 1925 1544 1964 impetrato
1553 1944 1562 1958 ‚
1572 1924 1644 1964 quid
1653 1923 1696 1957 est
1704 1924 1785 1967 quod
1796 1925 1927 1957 metuat?
1941 1934 1978 1954 an
1991 1934 2030 1954 ne
2040 1924 2167 1955 suorum

1211 1968 1318 2008 aliquis
1329 1970 1345 1997 a
1355 1966 1445 2010 Cyda,
1458 1964 1591 2005 Lyfiade,
1604 1967 1697 1996 Curio
1705 1966 1944 1999 condemnetur?
1959 1976 2054 2007 neque
2064 1975 2169 1997 tamen

1212 2019 1268 2040 nos
1280 2018 1361 2049 urget
1380 2008 1528 2038 mandatis
1537 2008 1681 2048 pluribus.
1704 2010 1830 2038 remittit
1845 2009 2031 2051 aliquantum
2045 2027 2053 2041 ,
2070 2008 2102 2037 &
2119 2017 2169 2037 re-

1212 2052 1301 2082 laxat.
1313 2053 1494 2085 GALmAM,
1508 2051 1616 2091 inquit,
1629 2059 1794 2081 TOGATAM
1808 2060 1973 2083 REMiTTo,
1994 2058 2167 2081 σοΜΑτΑΜ

1214 2102 1371 2124 POSTULO.
1399 2092 1519 2122 Otiosus
1536 2091 1676 2121 videlicet
1691 2089 1749 2121 effe
1768 2093 1892 2122 mavult.
1916 2091 2040 2132 Cumfi‘x
2049 2090 2167 2131 legioni-

1213 2134 1262 2165 bm
1273 2156 1282 2168 ‚
1294 2136 1324 2164 in
1351 2136 1395 2164 uit
1405 2154 1413 2166 ‚
1425 2131 1649 2175 iisqueshppleris
1658 2143 1692 2162 ex
1703 2134 1834 2163 D-Bruti
1844 2133 1968 2163 exercitu
1979 2153 1987 2167 ,
1999 2143 2060 2163 non
2070 2129 2167 2161 modb

1215 2188 1252 2207 ex
1262 2177 1326 2206 dele
1348 2177 1379 2205 iu
1390 2176 1441 2205 suo
1453 2186 1458 2204 ;
1482 2182 1543 2203 ram
1557 2176 1662 2216 dinque
1672 2182 1706 2204 ut
1715 2174 1857 2209 obtineat,
1876 2174 2014 2217 quamdiu
2028 2174 2077 2206 Μ.
2091 2175 2165 2202 Bm-

1218 2227 1263 2249 rus
1275 2238 1282 2251 ‚
1297 2220 1323 2248 C.
1338 2217 1440 2257 Caffim
1450 2237 1458 2250 ‚
1479 2217 1597 2261 consules
1609 2236 1617 2250 2
1627 2224 1713 2259 prove
1734 2226 1815 2247 coss.
1826 2216 1986 2258 provincias
1995 2213 2169 2244 obtinebunt.

1217 2261 1306 2300 hujus
1316 2260 1450 2290 comitiis
1468 2261 1499 2288 C.
1511 2259 1684 2298 ti·ater(ejus
1701 2258 1744 2289 est
1754 2260 1837 2288 enim
1850 2259 1913 2297 jam
1927 2257 2034 2297 annus)
2049 2258 2110 2296 jam
2123 2266 2171 2285 re-

1215 2302 1331 2342 pulsam
1347 2301 1425 2330 tulit.
1450 2309 1522 2329 IPSE
1535 2309 1654 2331 AUTEM
1674 2306 1708 2327 ut
1723 2299 1964 2341 quinquennium,
1988 2300 2088 2339 inquit
2097 2296 2174 2327 obri-

1219 2353 1307 2373 neam.
1332 2345 1370 2372 At
1380 2341 1457 2371 istud
1468 2349 1546 2371 vetat
1556 2342 1606 2370 lex
1617 2340 1734 2370 Caesaris
1746 2360 1755 2373 ,
1768 2340 1800 2370 δε
1814 2349 1871 2370 tua.
1896 2341 1927 2370 ὃς
1937 2349 1970 2369 tu
1979 2339 2042 2370 ae'ta
2052 2340 2171 2370 Caesaris

1217 2383 1376 2414 defendis?
1396 2384 1470 2412 Haec
1489 2390 1521 2410 tu
1531 2381 1685 2413 mandam,
1706 2381 1818 2411 L.Piso
1831 2401 1839 2414 ,
1860 2381 1953 2415 &tu‚
1972 2383 2008 2413 L.
2020 2383 2169 2422 Philippe,
2193 2396 2238 2422 10

1219 2425 1368 2465 principes
1376 2423 1504 2453 civitatis
1517 2442 1525 2456 ‚
1545 2431 1609 2452 non
1620 2422 1688 2453 dico
1697 2424 1803 2452 animo
1818 2422 1894 2452 ferre
1905 2443 1913 2457 ,
1932 2422 2037 2453 verum
2052 2424 2173 2453 auribus

1219 2468 1348 2506 accipere
1358 2462 1514 2504 potuistis?
1535 2463 1590 2494 Sed
1602 2483 1611 2497 ,
1627 2473 1660 2493 ut
1678 2464 1825 2504 suspicor,
1844 2473 1937 2495 terror
1954 2473 2014 2495 erat
2029 2464 2173 2506 quidam:

1225 2518 1280 2538 nec
1290 2516 1344 2537 vos
1355 2515 1387 2535 ut
1396 2506 1483 2546 legati
1493 2505 1568 2545 apud
1578 2505 1669 2535 illum
1679 2505 1789 2539 fuistis,
1802 2516 1858 2536 nec
1868 2516 1900 2536 ut
1909 2507 2098 2537 consulares:
2115 2515 2175 2536 nec

1221 2559 1277 2579 vos
1285 2547 1423 2581 vestram,
1435 2557 1490 2576 nec
1501 2547 1671 2587 reipublicae
1680 2548 1857 2589 dignitatem
1868 2557 1966 2578 tenere
1976 2547 2124 2588 potuistis.
2138 2547 2174 2578 ὃς

1222 2600 1322 2621 tamen
1333 2589 1434 2635 nescio
1443 2598 1504 2630 quo
1512 2587 1611 2628 pactu,
1621 2589 1760 2629 sapientia
1769 2589 1905 2630 quadam,
1915 2593 2015 2623 credo,
2024 2590 2106 2631 quod
2117 2598 2174 2630 ego

1223 2643 1286 2662 non
1299 2630 1415 2672 possum
1431 2651 1438 2663 ,
1459 2640 1521 2660 non
1541 2632 1636 2660 nimis
1647 2631 1891 2661 iratirevertistis.
1913 2632 2002 2662 vobis
2019 2635 2066 2661 M.
2077 2635 2177 2662 Anto-

1225 2676 1294 2704 nius
1304 2673 1381 2703 nihil
1391 2673 1514 2706 tribuit,
1525 2670 1692 2703 clarissimis
1702 2674 1772 2702 viris
1783 2693 1792 2706 ‚
1803 2673 1904 2713 legatis
1913 2675 2018 2714 populi
2027 2672 2176 2704 Romani.

1226 2714 1378 2757 Nos‚quid
1389 2724 1452 2744 non
1463 2715 1559 2756 legato
1570 2716 1698 2744 Antonii
1708 2715 1820 2755 Cotylae
1830 2713 2029 2745 concessimus
2039 2719 2049 2742 ?
2058 2717 2105 2744 cui
2113 2721 2181 2755 por-

1224 2765 1267 2787 tas
1276 2758 1365 2797 hujus
1376 2756 1457 2786 urbis
1464 2756 1613 2796 paterejus
1622 2765 1685 2785 non
1694 2755 1762 2791 fuit,
1769 2758 1837 2786 huic
1846 2757 1904 2787 hoc
1913 2757 2060 2795 templum
2071 2757 2177 2795 patuit:

1224 2801 1293 2829 huic
1313 2798 1410 2829 aditus
1428 2799 1462 2827 in
1480 2797 1614 2827 senatum
1628 2796 1700 2827 fuit:
1722 2799 1772 2828 hic
1791 2796 1930 2828 hesterno
1952 2797 2000 2827 die
2016 2797 2179 2827 sententias

1224 2841 1337 2872 nostras
1353 2841 1387 2872 in
1403 2839 1579 2874 codicillos,
1601 2839 1749 2870 &omnia
1766 2838 1854 2870 verba
1873 2838 2033 2870 referebat:
2054 2839 2127 2868 huic
2146 2838 2178 2868 se

2088 2880 2182 2912 etiam

1225 2959 1288 2984 viris
1296 2958 1414 2992 equistqm,
1423 2957 1474 2987 &a

1267 3002 1293 3029 3.
1313 2997 1428 3026 Ageretur
1436 2991 1451 3018 ti
1462 2993 1540 3018 tribui·
1548 2990 1620 3025 qusint
1637 2999 1699 3017 nunc
1708 2993 1786 3023 agitur
1796 2992 1826 3016 ab
1842 2990 1913 3025 imm]
1935 2990 1976 3016 Sic
1987 2989 2040 3016 mss
2039 3010 2044 3015 .
2054 2988 2184 3016 Feri-arii.

1229 3029 1377 3065 antiquitus
1388 3028 1438 3054 culi
1452 3047 1458 3059 ,
1469 3036 1540 3061 quam
1549 3036 1612 3052 nunc
1621 3033 1725 3059 tigamur
1733 3028 1764 3052 ab
1773 3029 1878 3052 emnil-m·
1888 3045 1896 3058 ‚
1915 3026 1986 3063 quod
1997 3027 2023 3052 δ(
2034 3026 2061 3052 iu
2073 3025 2130 3053 Pal.
2139 3034 2183 3061 pr.

1232 3074 1291 3092 naui
1302 3064 1352 3090 sec.
1368 3072 1471 3097 »tgerctur
1481 3065 1511 3088 ab
1520 3073 1575 3093 nno,
1585 3062 1682 3088 omiffis
1693 3062 1870 3089 intermediis.

1264 3108 1292 3133 4,
1311 3105 1338 3125 se
1347 3109 1391 3125 non
1401 3106 1455 3125 ante
1466 3102 1658 3124 rennnriatnrvmz
1666 3099 1789 3133 senatun]
1803 3100 1842 3124 lta
1852 3097 1957 3134 quidem
1969 3098 2049 3124 etiam
2059 3096 2128 3123 Pali.
2140 3095 2183 3122 sud

1229 3146 1280 3163 non
1291 3135 1384 3175 placet.
1405 3135 1540 3160 Manutius
1552 3143 1581 3160 ac
1591 3134 1738 3163 Lambinus
1747 3133 1867 3167 edidere,
1870 3135 1896 3170 je
1906 3137 2099 3162 renuntiaturum
2107 3136 2186 3158 sena·-

1226 3175 1273 3201 sut'.
1292 3171 1377 3201 nihilo
1390 3171 1474 3208 inagis
1485 3171 1580 3207 pla-set.

1575 3216 1583 3223 ’
2119 3213 2130 3232 ι
2137 3224 2144 3232 .
2153 3208 2189 3233 13
