2337 3400
209 133 307 182 544
609 114 1117 163 M‘rueeix

210 199 453 241 haeedisputabis.
475 199 532 229 tibi
542 198 625 228 enim
638 194 757 230 &essem
779 195 812 226 &
830 194 918 226 fuiffe
938 194 1031 225 ¹deos
1049 193 1167 225 videbis

212 245 312 273 initos.
337 246 438 271 Vestes
450 251 477 272 te
486 241 521 270 ad
532 241 651 270 alteiam
664 239 795 268 scholam
809 249 813 267 :
825 236 945 268 differes
955 237 990 267 de
1002 238 1169 277 triumpho.

215 287 308 324 Qu>
328 293 469 313 TANDEM
490 282 578 312 habet
588 280 640 311 iste
651 290 753 311 currus
764 285 774 308 ?
785 280 857 320 quid
868 279 964 309 vincli
974 287 1042 308 ante
1050 288 1172 308 currum

217 326 306 356 duces
318 329 329 354 ἵ
344 325 416 365 quid
427 323 580 354 simulacra
589 322 795 363 oppidorum?
813 321 887 363 quid
898 324 1026 351 aurum?
1048 319 1122 362 quid
1131 330 1175 350 ar-

214 370 363 407 gentum?
383 366 455 406 quid
475 367 563 407 legati
582 367 615 394 in
635 366 718 405 cquis
731 385 739 397 ,
761 364 793 394 δε
815 363 929 394 tribuni
943 366 955 391 ἓ
973 362 1046 403 quid
1062 363 1174 393 clamor

217 409 351 438 militum
366 411 376 436 ?
393 408 465 448 quid
476 417 536 438 tota
547 407 597 436 illa
606 409 738 446 pompa?
756 407 857 435 inania
868 403 996 435 suntista
1007 425 1014 437 2
1029 405 1176 434 mihicre-

214 450 250 480 de
263 470 271 483 ,
291 449 509 480 deleolmmenta
522 448 606 489 paene
621 457 783 489 puerorum
797 468 804 481 ,
825 456 938 487 captare
947 447 1064 486 plausus
1074 467 1082 480 ,
1103 447 1174 477 vehi

214 501 267 532 per
278 492 383 521 urbem
394 511 402 525 ,
413 492 547 533 conspici
557 491 644 520 velle.
668 490 777 530 quibus
787 499 825 520 ex
835 489 921 519 rebus
932 489 1010 518 nihil
1019 487 1063 518 est
1073 509 1080 523 ,
1093 487 1175 530 quod

216 534 349 564 solidum
360 543 461 564 tenere
475 544 480 563 1
501 533 580 563 nihil
591 553 600 566 ,
618 532 700 573 quod
712 530 819 561 referre
829 531 864 562 acl
874 532 1060 571 voluptatem
1070 540 1177 570 corpo-

215 577 256 606 ris
266 574 364 615 possis.
388 577 472 617 Qin
485 584 516 605 tu
529 585 580 605 me
590 575 675 605 vides
685 594 692 607 ,
705 576 776 615 qui,
789 583 827 604 ex
836 584 893 614 qua
902 575 1057 613 provincia
1065 572 1178 604 T.Fla-

217 619 356 647 mininus
367 638 375 650 ,
390 618 550 648 L-Paullus
560 637 568 650 ,
581 617 804 658 Q.Metellus,
819 616 973 646 T.Didius
983 636 992 648 ,
1005 617 1179 645 innumera-

215 659 293 690 biles
306 660 357 689 alii
370 679 379 693 ,
401 660 460 689 levi
473 659 633 699 cupiditate
646 660 814 692 commoti,
835 658 1076 697 triumpharunt,
1097 667 1134 686 ex
1145 666 1178 686 ea

215 699 253 731 fic
266 701 338 731 redii
351 722 359 734 ,
370 709 403 731 ut
412 702 447 732 acl
457 710 574 741 portam
585 700 774 741 Esquilinam
785 719 793 734 ,
807 700 1036 731 Macedonicam
1048 699 1177 729 lauream

217 743 433 778 conculcarimg
447 744 508 783 ipse
519 753 590 773 cum
600 742 779 772 hominibus
790 741 964 782 quindecim
976 740 1055 771 male
1065 739 1179 770 vestitis

215 785 249 815 ad
264 794 380 824 portam
392 786 649 815 Caelimontanam
660 782 759 814 sitiens
770 785 958 823 pervenerim
970 786 981 812 ἒ
992 793 1054 823 quo
1065 784 1097 812 in
1109 783 1177 812 loco

216 829 298 856 milii
308 827 431 857 libertus
442 847 450 861 ,
465 827 606 868 praeclaro
617 828 785 866 imperatori
797 846 804 859 ‚
820 825 949 856 domum
962 835 998 854 ex
1008 826 1061 854 hac
1072 825 1121 854 die
1132 823 1178 853 bi-

216 868 278 899 duo
289 868 357 899 ante
368 870 569 900 conduxerat:
589 878 656 909 quae
673 878 762 898 vacua
776 866 796 897 si
811 877 875 897 non
888 865 989 896 fuiss'et
1000 886 1008 900 ‚
1028 868 1061 895 in
1071 875 1176 905 campo

216 913 329 941 Mattio
347 912 427 942 mihi
445 911 669 942 tabernaculum
687 908 887 939 collocassem.
911 917 1058 938 nummus
1068 911 1179 937 interea

216 954 295 982 milii
309 973 318 986 ,
342 954 436 984 Caesar
447 974 455 987 ‚
480 952 624 994 negleffis
645 955 660 971 ²
671 951 817 981 vehiculis
836 950 1068 990 triumphalibus
1088 950 1174 979 domi

216 1004 340 1028 manet,
362 996 395 1025 &
406 996 553 1026 manebit.
577 996 707 1024 rationes
717 993 753 1023 ad
764 995 900 1023 aerarium
912 993 1001 1023 retuli
1011 990 1173 1024 continuo,

218 1035 555 1077 ficutiualexju'oebat:
573 1044 672 1076 neque
687 1035 743 1065 alia
762 1036 821 1065 ulla
836 1037 869 1065 in
884 1045 914 1065 re
931 1035 991 1076 legi
1009 1043 1066 1065 tuae
1083 1036 1177 1074 parui.

216 1088 291 1119 quas
305 1081 435 1109 rationes
448 1078 467 1108 fi
481 1079 622 1119 cognoris
635 1088 640 1106 ;
660 1077 808 1119 intelliges
819 1098 828 1110 ,
848 1079 967 1107 nemini
977 1077 1045 1116 plus
1056 1097 1064 1110 ‚
1086 1085 1175 1117 quam

218 1122 298 1150 milii
309 1141 316 1154 ‚
339 1121 448 1150 litteras
459 1119 598 1160 profmffi.
624 1121 662 1149 ita
672 1121 759 1148 enim
774 1119 1018 1160 suntperscriptae
1032 1119 1102 1148 scite
1115 1137 1124 1151 ,
1145 1118 1178 1147 &

213 1162 340 1192 litterate
353 1182 361 1195 ,
382 1172 414 1193 ut
424 1163 516 1193 scriba
529 1183 537 1196 ,
556 1161 591 1192 ad
602 1163 739 1192 aerarium
751 1164 802 1202 qui
813 1171 859 1191 eas
870 1162 972 1191 retulit
981 1180 988 1193 ,
1010 1160 1178 1200 perscriptis

216 1204 385 1234 rationibus
405 1225 414 1238 ,
438 1205 539 1235 secum
557 1204 618 1244 ipse
630 1223 638 1237 ,
658 1213 744 1243 caput
763 1202 876 1233 sinistra
892 1213 986 1232 manu
1005 1201 1177 1241 perfricans,

218 1254 497 1277 commurmuratus
509 1245 550 1280 fit,
562 1245 650 1275 Ratio
660 1244 774 1286 quidem
782 1246 869 1274 hercle
876 1246 1019 1286 apparet,3
1029 1251 1179 1284 argentum

219 1289 349 1328 οἴχεται.
376 1294 439 1322 Hac
456 1301 488 1321 tu
498 1292 635 1321 oratione
644 1300 709 1321 non
719 1289 826 1320 dubito
837 1310 846 1324 ‚
866 1292 942 1331 quin
955 1289 1044 1319 illum
1054 1290 1115 1327 jam
1127 1287 1179 1318 ad-

153 1333 200 1368 26
215 1333 414 1364 scendentem
425 1336 456 1364 in
467 1343 586 1364 currum
598 1331 686 1373 possis
696 1342 842 1363 revocare.
888 1333 914 1361 O
928 1332 1055 1362 tenebrae
1067 1352 1075 1364 ,
1097 1329 1117 1360 ὃ
1132 1330 1178 1359 lu-

219 1385 286 1407 tum
298 1396 306 1410 ‚
326 1375 347 1407 ὀ
359 1376 456 1407 sordes
468 1397 476 1410 ,
493 1374 517 1406 ’ὃ
527 1377 640 1416 paterni
649 1377 765 1417 generis
776 1374 869 1405 oblite
880 1395 888 1408 ‚
910 1375 1037 1404 materni
1047 1376 1100 1403 vix
1115 1382 1181 1402 me-

217 1421 306 1449 mor!
327 1420 367 1449 ita
384 1419 486 1449 nescio
503 1421 576 1459 quid
590 1417 666 1448 istuc
675 1417 822 1451 fra&um,
844 1417 980 1450 humile,
1000 1414 1178 1447 demifl'urn,

214 1460 374 1491 sordidum
387 1481 395 1494 ,
414 1459 541 1490 inferius
552 1462 642 1491 etiam
653 1459 695 1490 est
706 1480 714 1494 ,
731 1460 823 1501 quam
835 1469 867 1489 ut
879 1456 1098 1489 Mediolanensi
1108 1467 1181 1498 prae-

218 1512 295 1533 cone
306 1522 314 1536 ‚
329 1513 386 1533 avo
395 1512 449 1533 tuo
460 1502 489 1533 di
513 1513 587 1533 num
599 1500 656 1532 effe
667 1502 810 1532 videatur.
834 1503 869 1531 L.
880 1498 995 1531 Craffus
1006 1521 1016 1534 ‚
1032 1501 1128 1530 homo
1139 1500 1180 1529 sa-

217 1543 424 1585 pientiffimus
441 1551 496 1574 noi
513 1555 550 1575 rae
566 1545 715 1578 civitatis,
736 1543 858 1584 spiculis
875 1543 969 1583 prope
984 1543 1123 1573 scrutatus
1137 1539 1181 1571 est

220 1587 326 1626 Alpeis
339 1597 344 1616 :
365 1596 416 1621 ut,
437 1587 490 1617 ubi
504 1586 599 1617 hostis
612 1596 677 1616 non
690 1595 768 1620 erat,
788 1586 831 1616 ibi
846 1586 991 1625 triumphi
1002 1585 1116 1624 causam
1126 1584 1181 1613 ali-

240 1639 310 1659 uam
321 1637 473 1669 quaereret.
493 1628 605 1659 Eadem
616 1628 776 1668 cupiditate
786 1630 832 1657 vii·
841 1629 963 1658 summo
974 1628 1098 1668 ingenio
1108 1635 1182 1666 prae—

217 1639 306 1700 ditus
316 1691 324 1704 ,
337 1672 460 1700 C-Cotta
475 1691 484 1704 ,
497 1671 585 1700 nullo
595 1680 676 1700 certo
686 1669 769 1700 hoste
779 1690 787 1704 ,
799 1669 950 1712 flagravit,
962 1679 1067 1700 eorum
1078 1677 1183 1698 neuter

220 1713 442 1753 triumphavit,
462 1712 544 1752 quod
561 1713 645 1743 alteri
661 1713 751 1742 illum
771 1713 921 1743 honorem
942 1712 1077 1753 collegam
1096 1711 1181 1741 alteri

220 1764 305 1784 mors
318 1754 440 1784 ademit.
463 1756 549 1785 Irrisa
558 1755 608 1785 abs
619 1764 646 1785 te
656 1755 757 1794 paullo
766 1755 835 1784 ante
847 1757 890 1784 M.
899 1754 1017 1785 Pisonis
1035 1753 1181 1793 cupiditas

217 1796 428 1836 triumphandi
440 1816 448 1829 ,
469 1795 484 1826 a
497 1806 554 1837 qua
564 1806 595 1826 te
609 1796 702 1837 longe
715 1795 820 1826 dixisti
833 1796 1003 1826 abhorrere.
1027 1805 1080 1836 qui
1090 1796 1179 1824 etiam

220 1836 242 1868 si
253 1840 358 1868 minus
367 1848 511 1879 magnum
523 1838 639 1868 bellum
648 1836 770 1880 gess'erat
778 1858 786 1871 ,
800 1847 832 1868 ut
843 1838 893 1868 abs
903 1846 931 1867 te
941 1836 1057 1867 dictum
1069 1836 1112 1866 est
1121 1856 1129 1870 ‚
1142 1846 1183 1866 ta-

218 1889 295 1910 men
304 1880 395 1910 istum
408 1882 558 1910 honorem
568 1880 832 1910 contemnendum
844 1890 907 1909 non
918 1880 1042 1919 putavit.
1057 1881 1107 1908 Tu
1116 1888 1184 1907 eru-

224 1922 319 1952 ditior
329 1942 337 1956 ,
352 1922 444 1963 quam
453 1922 521 1952 Piso
532 1943 539 1955 ,
555 1921 748 1962 prudentior,
763 1922 854 1963 quam
866 1925 970 1954 Cotta.
984 1920 1184 1951 abundantior

218 1963 367 1997 consilio,
380 1966 504 2005 ingenio
513 1984 521 1998 ,
535 1965 674 2005 sapientia
682 1984 690 1998 ‚
703 1964 796 2005 quam
806 1963 925 1994 Craffus
935 1984 944 1997 ,
956 1973 989 1993 ea
998 1963 1183 1995 contemnis,

219 2015 288 2047 quae
299 2006 344 2036 illi
356 2006 445 2036 idiota
456 2027 464 2040 ,
483 2016 516 2036 ut
526 2015 556 2036 tu
566 2007 694 2047 appellas
705 2027 712 2040 ,
728 2007 865 2047 praeclara
875 2006 1037 2036 duxerunt.
1060 2003 1152 2047 Qiod
1164 2002 1185 2033 fi

220 2049 433 2088 reprehendis,
454 2048 537 2090 quod
557 2049 659 2088 cupidi
678 2050 783 2079 laureae
801 2048 932 2081 fuerint,
954 2047 1026 2077 cum
1046 2047 1122 2077 bella
1137 2055 1187 2077 aut
1205 2053 1206 2062 ¹

219 2099 308 2132 parva
319 2111 328 2124 ,
347 2100 396 2122 aut
406 2091 490 2120 nulla
503 2089 667 2131 geffiss'ent:
688 2100 719 2121 tu
732 2111 741 2125 ,
761 2093 849 2121 tantis
862 2090 1036 2121 nationibus
1046 2088 1184 2123 sabaeus,

218 2134 312 2162 tantis
330 2132 418 2163 rebus
436 2132 524 2174 gestis
549 2154 559 2167 ,
586 2132 719 2163 minime
738 2132 873 2163 fruCtum
892 2133 1030 2163 laborum
1048 2141 1184 2165 tuorum,

221 2176 346 2214 praemia
355 2175 557 2214 periculorum
569 2196 577 2208 ‚
594 2175 714 2204 virturis
723 2174 844 2215 insignia
853 2195 861 2209 ‚
871 2184 1068 2205 contemnere
1078 2174 1184 2204 debui-

223 2215 272 2246 sti.
295 2226 393 2257 neque
412 2215 484 2246 vero
505 2216 687 2248 contemsisti
699 2236 707 2250 ,
726 2219 821 2247 4licet
838 2215 996 2247 Themista
1012 2217 1184 2256 sapientior,

225 2261 242 2286 5
253 2256 272 2287 si
290 2267 325 2288 os
343 2267 430 2288 tuum
447 2257 581 2289 ferreum
598 2260 714 2290 senatus
731 2259 872 2289 convicio
888 2259 1033 2288 verberari
1048 2256 1182 2288 noluisti.

221 2300 291 2342 Jam
303 2300 386 2330 vides
397 2320 405 2333 ‚
424 2300 672 2341 quandoquidem
688 2302 729 2330 ita
745 2301 889 2330 mihimet
903 2299 948 2330 fui
965 2301 1112 2330 inimicus
1124 2319 1132 2332 ‚
1153 2307 1187 2329 ut

227 2352 280 2372 me
299 2350 399 2372 tecum
418 2351 620 2382 compararem
631 2363 640 2377 ‚
661 2343 694 2373 ἅτ
708 2341 875 2382 degressum
892 2351 997 2371 meum
1009 2360 1017 2375 ,
1039 2341 1186 2371 &absen-

221 2385 298 2414 tiam
313 2404 321 2417 ,
342 2383 375 2414 &-
391 2384 522 2414 reditum
544 2386 583 2415 ita
601 2385 693 2425 longe
711 2393 764 2414 tuo
783 2382 946 2423 praestitifl'e
961 2402 969 2416 ,
989 2391 1022 2412 ut
1038 2383 1116 2412 milii
1135 2381 1187 2411 illa

224 2428 331 2457 omnia
347 2425 554 2470 immortalem
568 2426 701 2470 gloriam
718 2425 874 2460 dederint,
895 2425 951 2456 tibi
970 2423 1184 2465 sempiternam

265 2547 288 2563 1.
308 2542 365 2564 Dm
374 2540 465 2564 videbis
475 2539 576 2572 iratos]
599 2539 759 2566 Posteriores
770 2538 831 2566 edd.
842 2539 946 2571 videbit,
961 2537 1005 2565 sed.
1016 2545 1111 2565 contra
1122 2538 1192 2565 Pali.

226 2574 354 2600 ictustius
366 2574 449 2601 culos.
473 2575 555 2600 etiam
567 2574 745 2602 Vicini-inam.

262 2619 291 2636 ι.
311 2612 423 2637 rement-*s
441 2612 652 2646 triumphalium]
674 2611 795 2638 Novitiae
813 2610 875 2638 edd.
888 2611 990 2644 ferculis
1002 2630 1010 2643 ‚
1030 2610 1073 2637 sed
1090 2617 1192 2647 praeter

227 2645 296 2673 Pan.
307 2654 402 2682 praeter
413 2654 480 2673 vett.
491 2646 534 2672 cd.
546 2646 696 2683 respuitque
708 2649 738 2674 P.
750 2647 899 2674 metor-ius.

267 2695 280 2722 3
289 2707 295 2713 .
317 2690 459 2720 <Affirmant
471 2684 532 2726 οἶχε
540 2687 615 2720 γεω]
637 2686 713 2713 Prius
724 2686 852 2713 edebatur
864 2685 944 2713 verbo
954 2686 1057 2718 addito,
1069 2693 1193 2719 argentum

226 2731 342 2756 &coslum
352 2728 470 2769 οἴχετ-αλ
483 2751 491 2765 ,
511 2732 617 2767 ejusque
630 2733 737 2768 vestigia
755 2732 855 2759 diserte
876 2733 901 2759 in
915 2732 982 2759 Pall.
993 2731 1128 2759 omnibus.
1149 2731 1191 2758 sed

228 2779 276 2805 pro
288 2771 334 2797 hac
346 2772 431 2809 nostra
440 2773 535 2799 aeriter
545 2773 659 2809 disputat
669 2783 761 2801 contra.
770 2773 923 2801 ViGtorium
934 2774 1077 2801 Turnebus
1090 2773 1138 2800 lib.
1152 2782 1179 2800 iv
1188 2794 1194 2801 .

236 2807 337 2833 vai-in.
349 2808 412 2834 lect*
423 2818 478 2844 erip.
494 2818 537 2845 19.
549 2811 592 2846 qni
606 2810 770 2837 consulatur.

221 2847 224 2850 ”
270 2851 298 2874 4.
318 2846 384 2869 Licet
396 2846 511 2877 letmista
522 2846 679 2880 sapientiam]
700 2846 843 2874 Tui-nebus
862 2845 938 2873 dicto
957 2846 1041 2883 mpite
1055 2845 1194 2879 15.liben-

221 2883 275 2904 ⁴ter
287 2879 383 2915 legerit
396 2899 404 2911 ,
423 2883 475 2906 liter
493 2889 518 2906 m
530 2886 555 2907 ln
574 2885 612 2915 isto
625 2883 766 2916 sapientior.
786 2883 888 2919 Lipsius
901 2882 948 2908 lib.
963 2892 989 2909 i:
1006 2882 1110 2909 Variar.
1131 2882 1194 2908 lecoc.

232 2923 290 2950 cap.
305 2916 345 2941 18.
359 2915 390 2941 lie
400 2917 536 2944 constituit
548 2918 633 2944 istiiaee
645 2939 653 2950 ,
671 2921 724 2944 litet
734 2919 1000 2954 wsemisissap.ftdos.
1023 2928 1076 2945 non
1096 2918 1194 2955 placet,

220 2950 301 2986 ¹quid
311 2952 381 2978 enim
394 2951 453 2977 liuic
463 2953 544 2979 bardo
557 2964 615 2980 cuni
629 2955 760 2981 Themide
775 2960 784 2981 ἓ

277 2996 302 3020 5.
320 2991 345 3013 Si
354 2996 378 3013 os
388 2994 453 3012 tuum
462 2990 587 3023 ferreum]
603 2990 686 3016 Aldus
697 2991 835 3017 Manutius
846 2991 873 3016 &
885 2990 1090 3024 Lambinus,sed
1097 2999 1132 3023 ns,
1141 2991 1194 3021 &t-

233 3031 329 3051 conti-ai
339 3024 433 3055 libros,
444 3024 470 3049 ὃ(
481 3032 571 3051 tuetur
583 3034 698 3053 veterem
711 3028 817 3053 Paullus
829 3035 913 3062 pater.

271 3060 299 3085 6.
317 3063 347 3092 A]
367 3061 459 3085 it’lurem
468 3061 496 3090 (1)·
503 3062 666 3096 ΓενᾸιιονεητ.]
688 3063 729 3089 lta
740 3063 882 3099 legendum
894 3073 1001 3099 quoque
1014 3063 1130 3093 monuit,
1145 3072 1193 3088 :ui-

234 3094 361 3125 &oritate
382 3096 438 3122 mss.
459 3096 599 3123 Turnebus
619 3098 688 3124 libro
702 3107 766 3125 xxr.
789 3099 897 3134 vulgata
910 3101 1058 3132 proditorem.
1079 3106 1139 3125 nata
1158 3107 1191 3124 ex

229 3132 420 3168 typographico
435 3130 579 3168 sphaliiiate
589 3133 713 3160 editionis
725 3136 828 3170 primm,
838 3137 864 3162 iu
875 3145 928 3171 qua
938 3135 1092 3175 transpolita
1101 3135 1192 3168 litem,

209 3202 214 3207 ν
222 3169 379 3205 praditorcm.
400 3168 576 3198 nisi-dieamus
589 3170 697 3198 voliiiffc
705 3172 867 3205 predatorcm.

1198 113 1749 165 CICERON1S

1215 194 1435 240 turpitudinem
1454 195 1634 229 inflixerint.
1657 210 1738 232 nunc
1756 202 1847 233 etiam
1867 201 1900 233 in
1917 202 1970 234 hac
1987 203 2185 245 quotidianas,

1214 235 1324 284 assidua
1334 256 1342 269 ‚
1359 238 1526 285 urbanaque
1538 249 1598 270 vita
1606 241 1795 281 splendorem
1810 253 1897 275 tuum
1909 265 1919 279 ,
1935 249 2059 286 gratiam
2070 267 2078 280 ,
2097 248 2178 277 cele-

1217 278 1354 326 britatem
1364 278 1563 311 domesticam
1575 301 1583 315 ,
1604 292 1723 323 operam
1739 284 1888 318 forensem
1899 307 1908 321 ,
1928 286 2088 318 consilium
2099 308 2107 322 ,
2124 298 2179 319 au·

1219 321 1330 350 xilium
1343 340 1351 353 ,
1369 320 1577 353 auctoritatem
1588 343 1597 357 ,
1611 325 1789 357 sententiam
1801 329 1976 360 senatoriam
1989 330 2080 360 nobis
2091 350 2099 363 ,
2114 339 2174 364 aut,

1221 371 1252 392 ut
1263 362 1363 392 verius
1374 362 1471 393 dicam
1484 384 1494 397 ,
1509 366 1651 405 cuiquam
1661 377 1691 398 cs
1701 368 1908 401 infirmissimo
1919 391 1927 405 ,
1942 382 1975 402 ac
1985 369 2178 413 desperatiffi-

1223 414 1275 450 mo
1286 405 1465 434 antelaturus
1477 409 1489 435 ἓ
1533 408 1596 448 Age
1607 429 1616 441 ,
1626 408 1741 440 senatus
1751 410 1816 441 odit
1828 421 1853 442 te
1863 433 1872 446 ,
1883 414 1965 454 quod
1975 424 2046 444 eum
2058 423 2089 444 tu
2098 413 2177 444 face·
2195 419 2239 453 27

1223 456 1252 493 re
1263 456 1330 493 jure
1344 447 1486 493 concedis
1497 467 1505 481 ,
1529 447 1544 468 ⁶
1552 448 1730 481 afflffimrem
1741 471 1749 486 ,
1772 453 1805 483 δε
1813 455 1994 493 perditorem
2006 466 2069 486 non
2079 454 2176 486 mod&

1223 488 1375 529 dignitatis
1385 508 1393 522 ,
1410 489 1443 519 δε
1453 488 1635 521 audior-itatis
1645 511 1654 525 ‚
1670 493 1718 523 sed
1728 497 1859 525 omnino
1870 497 1985 527 ordinis
1997 518 2005 530 ‚
2020 508 2052 528 ac
2061 498 2177 527 nominis

1196 551 1200 589 1
1222 530 1265 560 sui
1279 540 1284 558 :
1305 529 1406 560 videre
1420 534 1534 576 equites
1544 534 1677 564 Romani
1689 555 1698 568 ,
1716 545 1780 566 non
1791 535 1928 576 possunt,
1948 549 2010 579 quo
2021 549 2059 569 ex
2070 540 2178 570 ordine

1221 571 1550 611 virpraestantissiinus,
1565 576 1727 611 L.AElius,
1744 577 1805 611 est,
1825 586 1852 608 te
1863 580 1985 610 consule
1996 600 2004 614 ‚
2023 582 2179 621 relegatus:

1221 614 1304 653 plebs
1315 616 1455 645 Romana
1469 615 1621 655 perditum
1636 619 1736 658 cupit,
1757 621 1790 649 in
1807 621 1892 660 cujus
1910 630 1940 651 tu
1959 621 2117 652 infamiam
2132 632 2178 656 ea.

1222 666 1287 696 qua:
1300 665 1350 695 per
1363 657 1492 687 latrones
1503 677 1511 691 ,
1534 658 1628 699 &per
1638 659 1737 690 servos
1755 661 1792 691 dc
1802 671 1851 691 me
1871 672 1968 703 egeras
1978 684 1987 697 ,
2005 663 2180 694 contulisti:

1220 698 1304 727 Italia
1313 697 1421 728 cuneta
1430 699 1596 730 exsecratur
1605 721 1614 734 ‚
1629 702 1676 742 cuj
1681 712 1714 732 us
1725 702 1806 733 idem
1820 712 1850 733 tu
1862 704 2065 744 superbissime
2077 706 2181 736 decre-

1197 763 1199 775 ,
1220 748 1248 769 ta
1260 760 1268 773 ‚
1291 740 1325 769 δε
1337 749 1437 779 preces
1451 741 1620 780 repudiasti.
1643 746 1698 774 Fac
1707 745 1796 784 hujus
1807 745 1869 775 odii
1880 749 1953 777 tanti
1966 767 1974 780 ,
1995 758 2026 779 ac
2037 757 2096 778 tam
2109 749 2180 778 uni-

1197 778 1201 818 1
1222 780 1295 811 versi
1312 784 1482 828 periculum
1495 803 1503 816 ,
1526 782 1546 813 si
1563 784 1660 815 audes.
1684 785 1874 827 Instantpost
1884 790 2046 823 hominum
2058 799 2180 820 memo-

1196 820 1200 858 Ι
1221 825 1296 853 riam
1309 824 1517 863 apparatissimi
1529 845 1538 860 ,
1552 827 1899 870 magnificentiffimique
1910 831 1972 860 ludi
1982 851 1991 865 ,
2005 832 2106 872 quales
2115 840 2180 862 non

1222 864 1316 895 modo
1327 876 1495 911 numquam
1505 867 1629 899 fuerunt
1641 890 1650 903 ,
1671 869 1720 899 sed
1738 880 1776 900 ne
1792 872 1952 912 quomodo
1972 872 2036 903 fieri
2053 873 2178 914 quidem

1221 906 1342 947 posthac
1350 907 1463 948 possint
1473 929 1481 942 ,
1502 909 1621 950 poss‘um
1635 911 1699 942 ullo
1710 911 1799 951 pasto
1816 913 1962 954 suspicari.
1985 917 2033 945 Da
2043 924 2070 945 te
2078 925 2179 955 popu-

1221 952 1251 979 lo
1260 969 1269 983 ,
1281 952 1440 981 committe
1451 951 1541 981 ludis.
1564 950 1685 983 sibilum
1697 957 1808 985 metuis
1818 959 1829 985 ἓ
1839 957 1893 985 ubi
1903 957 1970 987 sunt
1979 956 2080 988 vestrae
2092 958 2180 987 scho-

1222 992 1281 1021 lae?
1301 1002 1338 1021 ne
1349 993 1525 1023 acclametur
1539 997 1550 1023 ἓ
1571 1005 1608 1024 ne
1627 995 1658 1025 id
1677 995 1800 1036 quidem
1820 996 1862 1028 est
1877 1008 1978 1028 curare
1995 1000 2180 1039 philosophi.

1223 1043 1331 1063 manus
1341 1034 1396 1064 tibi
1406 1044 1443 1064 ne
1453 1034 1629 1070 afferantur,
1642 1040 1741 1067 times.
1763 1038 1851 1069 dolor
1861 1042 1944 1070 enim
1954 1040 1997 1070 est
2007 1042 2134 1075 malum,
2148 1049 2182 1072 ut

1223 1075 1352 1114 disputas
1364 1075 1565 1107 :existimatio
1575 1098 1583 1112 ,
1594 1078 1739 1113 dedecus,
1750 1079 1875 1112 infamia
1884 1101 1892 1115 ,
1904 1083 2059 1122 turpitudo
2070 1103 2078 1116 ‚
2091 1083 2181 1113 verba

1224 1116 1291 1146 sunt
1301 1137 1309 1150 ,
1327 1120 1554 1158 atqueineptiae.
1577 1120 1634 1150 Sed
1649 1120 1685 1150 de
1699 1122 1756 1151 hoc
1769 1131 1832 1152 non
1847 1123 1964 1154 dubito.
1986 1135 2050 1154 non
2061 1124 2184 1155 audebit

1222 1158 1360 1188 accedere
1378 1159 1414 1188 ad
1433 1161 1533 1190 ludos.
1563 1163 1744 1192 convivium
1766 1164 1924 1202 publicum
1944 1175 2008 1195 non
2027 1166 2183 1207 dignitatis

1221 1202 1311 1241 gratia
1321 1200 1413 1230 inibit
1423 1200 1448 1240 (7
1457 1200 1511 1231 nisi
1522 1202 1600 1232 forte
1611 1223 1620 1236 ,
1641 1212 1673 1233 ut
1684 1214 1754 1234 curn
1766 1207 1798 1234 Ρ.
1809 1206 1919 1236 Clodio
1931 1226 1939 1240 ,
1958 1208 2016 1237 hoc
2027 1207 2070 1237 est
2079 1227 2088 1241 ‚
2107 1217 2180 1238 cum

1221 1241 1364 1271 amoribus
1374 1243 1431 1273 suis
1441 1244 1539 1284 cenet)
1551 1244 1599 1275 sed
1608 1245 1697 1285 plane
1708 1249 1804 1276 animi
1817 1247 1859 1277 sui
1870 1248 1964 1278 causa.
1987 1248 2075 1279 ludos
2086 1248 2178 1279 nobis

1221 1284 1326 1314 idiotis
1336 1285 1496 1326 relinquet.
1520 1287 1595 1317 solet
1605 1289 1690 1317 enim
1702 1290 1734 1318 in
1744 1288 1996 1328 disputationibus
2005 1291 2065 1321 suis
2076 1311 2084 1325 ,
2106 1301 2182 1321 ocu-

1223 1326 1324 1356 lorum
1335 1347 1343 1361 ‚
1365 1327 1398 1357 &
1407 1330 1525 1357 aurium
1536 1328 1730 1360 deleEtationi
1739 1331 1912 1361 abdominis
1923 1333 2090 1373 voluptates
2100 1342 2192 1363 ante-·

1225 1368 1310 1398 ferre.
1334 1379 1405 1400 nam
1417 1389 1426 1403 ,
1444 1369 1526 1411 quod
1536 1371 1688 1402 vobisiste
1697 1373 1910 1404 tantummodo
1918 1375 2076 1415 improbus
2088 1395 2096 1409 ,
2116 1384 2186 1405 cru·

1225 1410 1300 1441 delis
1310 1411 1386 1441 olim
1397 1411 1574 1443 furunculus
1586 1433 1594 1447 ,
1616 1424 1700 1444 nunc
1711 1414 1784 1444 verb
1795 1418 1885 1446 etiam
1896 1426 1984 1456 rapax
1993 1437 2002 1450 ‚
2023 1415 2107 1458 quod
2120 1419 2185 1447 ior-

1227 1452 1325 1498 didus,
1337 1451 1421 1494 quod
1431 1464 1608 1490 contumax,
1618 1455 1703 1497 quod
1713 1457 1856 1497 superbus
1863 1456 1968 1499 ,quod
1977 1458 2069 1489 fallax
2079 1479 2088 1492 ,
2099 1457 2183 1500 quod

1224 1495 1411 1535 perfidiosus,
1422 1495 1504 1536 quod
1515 1498 1677 1538 impudens
1687 1519 1694 1533 ,
1706 1498 1788 1539 quod
1798 1499 1893 1530 audax
1903 1497 1960 1531 effe
1971 1500 2107 1531 videatur
2117 1511 2123 1530 ;
2133 1502 2183 1530 ni-

1223 1538 1268 1567 hil
1279 1537 1380 1567 scitote
1390 1537 1447 1567 effe
1462 1538 1645 1569 luxuriosius
1655 1561 1664 1575 ‚
1683 1542 1762 1570 nihil
1772 1541 1961 1573 libidinosius
1970 1563 1978 1577 ,
1996 1543 2076 1572 nihil
2083 1541 2184 1583 poste-

1224 1581 1286 1609 rius
1295 1599 1304 1614 ,
1315 1581 1393 1611 nihil
1405 1582 1545 1621 nequius.
1562 1581 1711 1611 luxuriam
1719 1591 1819 1613 autem
1830 1585 1863 1613 in
1871 1583 1928 1614 isto
1937 1584 2034 1615 nolite
2045 1585 2121 1614 hanc
2129 1594 2185 1614 co-

1224 1623 1326 1663 gitare.
1349 1621 1392 1652 est
1401 1624 1484 1652 enim
1494 1624 1643 1664 quaedam,
1655 1634 1838 1666 quamquam
1849 1623 1952 1655 omnis
1961 1624 2004 1656 est
2012 1627 2128 1659 vitiosa,
2138 1634 2184 1656 at-

1225 1674 1283 1706 que
1294 1667 1386 1705 turpis
1397 1685 1406 1699 ,
1428 1674 1529 1695 tamen
1539 1667 1673 1707 ingenuo
1683 1686 1692 1700 ,
1713 1677 1745 1697 ac
1755 1667 1851 1697 libero
1860 1667 1990 1709 dignior.
2014 1668 2093 1697 nihil
2102 1666 2182 1708 apud.

1225 1709 1306 1737 hunc
1315 1708 1431 1737 lautum
1442 1727 1450 1740 ,
1463 1708 1542 1737 nihil
1551 1711 1680 1749 elegans,
1692 1709 1770 1738 nihil
1779 1708 1961 1750 exquisitum
1973 1709 2111 1748 (laudabo
2121 1710 2184 1739 ini-

1225 1750 1356 1789 micum)
1373 1759 1413 1779 ne
1430 1759 1610 1790 magnopere
1623 1750 1747 1790 quidem
1762 1753 1927 1791 quidquam
1940 1771 1949 1784 ,
1967 1750 2186 1791 praeterlibidi-

1228 1800 1281 1820 nes
1291 1810 1301 1824 ,
1321 1791 1520 1820 su-mtuosum.
1544 1800 1682 1821 toreuma
1699 1792 1837 1827 nullum:
1860 1794 1991 1823 maximi
2006 1793 2129 1827 calices,
2149 1792 2184 1823 δε

1228 1833 1279 1866 hi,
1301 1843 1339 1862 ne
1357 1842 1553 1862 contemnere
1572 1833 1640 1863 suos
1658 1833 1810 1867 videatur,
1830 1834 2012 1866 Placentini:
2035 1833 2185 1865 exstru&a

1228 1875 1330 1904 mensa
1340 1894 1348 1908 ,
1360 1884 1424 1904 non
1435 1875 1603 1914 conchyliis
1613 1895 1622 1909 ,
1632 1884 1682 1905 aut
1688 1875 1836 1916 piscibus:
1856 1876 1906 1907 sed
1917 1877 2011 1907 multa
2020 1886 2104 1907 carne
2113 1875 2186 1906 sub-

1226 1917 1356 1947 rancida.
1379 1917 1454 1947 servi
1463 1917 1604 1947 sordidati
1624 1916 1814 1948 ministrant:
1836 1919 1981 1949 nonnulli
1990 1921 2080 1949 etiam
2090 1918 2185 1948 senes:

1229 1959 1312 1989 idem
1326 1969 1458 1999 coquus,
1479 1959 1563 1989 idem
1576 1958 1726 1990 atriensis:
1748 1959 1841 2000 pistor
1859 1960 1946 1992 domi
1962 1961 2083 1994 nullus,
2103 1959 2187 1992 nulla

1230 2002 1313 2033 caella
1325 2012 1330 2030 :
1352 1996 1367 2020 3
1373 2003 1458 2041 panis
1469 2001 1502 2031 &
1511 2003 1621 2032 vinum
1630 2002 1647 2032 a
1656 2004 1777 2042 propala
1786 2023 1795 2037 ,
1814 2007 1831 2030 9
1838 2012 1925 2044 atque
1934 2002 1969 2032 de
1978 2012 2067 2044 cupa:
2086 2004 2186 2032 Graeci.

1229 2043 1339 2084 stipati,
1351 2045 1437 2084 quini
1447 2053 1480 2073 in
1490 2043 1620 2078 lectulis,
1636 2044 1710 2085 saepe
1719 2045 1818 2084 plures
1829 2057 1838 2079 3
1848 2046 1909 2086 ipse
1919 2045 2010 2075 solus:
2033 2045 2186 2075 ¹0bibitu-

1229 2096 1279 2116 rus
1292 2096 1356 2128 quae
1367 2086 1477 2116 eodem
1487 2086 1523 2116 de
1534 2086 1610 2116 solio
1620 2086 1840 2117 ministrentur.
1864 2087 1916 2117 ubi
1925 2088 2123 2128 gallicantum
2133 2095 2186 2116 au-

1230 2128 1307 2159 divit
1316 2149 1326 2162 .
1338 2138 1429 2159 avum
1440 2128 1526 2158 suum
1537 2127 1676 2159 revixisse
1685 2138 1782 2169 putat:
1793 2130 1928 2160 mensam
1939 2130 2006 2160 tolli
2011 2129 2107 2169 jubet.
2126 2129 2184 2158 Di·
2200 2124 2244 2161 28

1230 2178 1276 2201 cet
1284 2171 1392 2211 aliquis
1400 2190 1408 2204 ‚
1420 2170 1509 2200 Unde
1521 2170 1575 2200 tibi
1585 2171 1648 2200 haec
1658 2180 1728 2202 nota
1738 2172 1806 2202 sunt
1816 2175 1828 2201 ἓ
1840 2181 1904 2201 non
1914 2171 2097 2204 mehercule,
2109 2179 2184 2200 con-
2247 2168 2250 2173 '

1229 2214 1364 2243 tumeliae
1371 2212 1456 2243 causa
1472 2212 1637 2242 describam
1647 2223 1831 2254 quemquam
1843 2234 1852 2248 ,
1871 2213 2033 2253 praesertim
2043 2213 2186 2253 ingenio-

1229 2255 1297 2285 sum
1307 2256 1469 2285 hominem
1479 2274 1489 2288 2
1499 2263 1587 2294 atquc
1596 2256 1750 2285 eruditum
1759 2276 1767 2289 ,
1781 2257 1830 2285 cui
1839 2256 1940 2296 generi
1951 2252 2009 2284 effe
2017 2264 2074 2295 ego
2082 2257 2184 2288 iratuS,

1230 2307 1269 2326 ne
1279 2295 1300 2325 si
1310 2299 1427 2337 cupiam
1439 2296 1584 2336 quidem,
1596 2294 1727 2335 pol-iiim.
1752 2296 1839 2327 ¹1Est
1848 2294 1969 2336 quidam
1981 2298 2100 2326 Graecus
2114 2315 2122 2329 ,
2131 2297 2186 2336 qui.

1230 2348 1302 2368 cum
1321 2338 1379 2368 isto
1399 2340 1494 2371 vivit,
1511 2338 1627 2371 home,
1646 2338 1714 2367 vere
1726 2338 1865 2368 utdicam
1881 2336 1932 2377 (sic
1944 2340 2027 2367 enim
2040 2338 2186 2378 cognovi)

1231 2381 1382 2409 humanus
1391 2398 1401 2412 ‚
1421 2379 1469 2408 sed
1479 2378 1593 2408 tamdiu
1606 2398 1614 2412 ‚
1633 2380 1778 2420 quamdiu
1787 2390 1858 2410 cum
1867 2380 1933 2409 aliis
1944 2379 2006 2414 est,
2024 2388 2074 2409 aut
2081 2379 2188 2421 ipsese-

1202 2440 1205 2462 l
1232 2431 1307 2451 cum.
1330 2423 1356 2451 is
1365 2419 1437 2452 cium
1445 2419 1538 2450 istum
1547 2420 1768 2453 adolescentem
1773 2432 1838 2463 jam
1847 2430 1913 2452 tum
1921 2431 1991 2453 cum
2002 2423 2054 2452 hac
2063 2420 2121 2495 ditis
2131 2423 2190 2451 ira-

2049 2471 2079 2495 ta
2104 2470 2193 2495 sonte

1263 2546 1291 2572 7.
1311 2540 1397 2571 Nisiut
1407 2547 1458 2562 cum
1470 2540 1500 2562 P.
1512 2537 1589 2562 Clodio
1599 2556 1607 2569 ,
1620 2539 1660 2562 hoc
1670 2540 1706 2563 eft‘
1715 2555 1723 2569 ‚
1735 2547 1786 2562 cum
1795 2537 1968 2570 Ληναῖον-ὦκα]
1988 2538 2054 2563 Non
2063 2535 2186 2573 displicet

1209 2583 1211 2588 ·
1227 2582 1303 2601 vetus
1314 2573 1396 2600 lectio
1408 2581 1460 2600 tain
1472 2571 1544 2600 edita
1554 2575 1635 2608 quiim
1646 2573 1746 2599 calamo
1756 2580 1865 2601 exarata
1876 2592 1884 2605 ,
1896 2582 1947 2599 eum
1959 2574 2077 2599 Patribus
2086 2575 2187 2607 conscri-

1208 2608 1282 2643 ipris.
1302 2614 1375 2636 certe
1386 2611 1413 2636 ὃς
1427 2609 1570 2636 veterrima
1579 2608 1674 2641 editio,
1684 2612 1716 2636 P.
1726 2612 1755 2635 C.

1264 2651 1292 2678 8.
1309 2652 1386 2678 ‘Panis
1394 2653 1423 2683 (ἵν
1431 2654 1518 2677 vinum
1527 2649 1542 2676 ἂ
1548 2651 1675 2685 propala]
1700 2651 1810 2676 Revoco
1828 2649 1970 2676 lthionem
1981 2648 2039 2676 niss‘.
2050 2649 2187 2676 Palatino-

1228 2696 1286 2714 runi
1299 2707 1307 2719 ‚
1327 2688 1384 2714 imo
1399 2696 1461 2714 vero
1479 2687 1628 2714 editionum
1647 2685 1790 2723 priscarum
1803 2705 1811 2719 ,
1831 2695 1910 2722 quam
1929 2685 2029 2713 stabilit
2046 2685 2188 2713 Turnebus
2233 2685 2253 2710 -ἒὶ

1226 2723 1274 2750 lib.
1289 2734 1297 2750 1
1306 2745 1311 2750 .
1322 2723 1436 2750 Advei-s.
1448 2733 1504 2759 cap.
1518 2732 1541 2749 1.

1263 2774 1292 2799 9.
1316 2769 1408 2799 unque
1417 2764 1444 2789 de
1453 2764 1539 2797 cupa]
1555 2762 1667 2799 Joseph.
1686 2762 1803 2797 scaliger
1822 2771 1904 2795 cupam
1921 2765 1991 2799 capit
2007 2773 2055 2799 pro
2074 2770 2185 2795 caupone,

1228 2801 1298 2836 quasi
1308 2801 1428 2827 dixerint
1438 2812 1446 2834 ‚-
1465 2807 1531 2832 rupo,
1541 2808 1612 2832 caupo
1624 2819 1631 2831 ‚
1645 2807 1717 2832 cupa,
1728 2807 1813 2832 raupa.
1835 2799 1954 2826 videatur
1964 2797 2142 2831 conjeeraneis
2153 2797 2188 2824 ud

1230 2838 1376 2864 Varronem
1395 2836 1428 2862 de
1447 2836 1553 2871 Lingua
1565 2835 1661 2862 Latina
1673 2855 1681 2868 ‚
1701 2835 1752 2862 live
1763 2835 1846 2863 mavis
1865 2834 1898 2862 ad
1908 2835 2015 2870 Virgilii
2026 2833 2164 2861 Cataleem
2175 2842 2189 2866 ἦ·

1233 2873 1277 2899 ubi
1289 2874 1336 2905 est,
1349 2876 1411 2906 Copa
1419 2873 1510 2907 &nfra
1519 2878 1601 2904 caput,
1611 2881 1663 2901 Oc.

1269 2923 1310 2940 10.
1331 2916 1459 2940 Bibimrm
1473 2923 1521 2948 quae
1531 2912 1603 2938 eodem
1613 2912 1640 2937 dc
1651 2912 1708 2944 solio
1717 2910 1904 2943 ministrarum]
1924 2910 1990 2936 Haec
2007 2910 2043 2937 est
2060 2910 2191 2946 scriptura

1228 2950 1377 2977 editionum
1388 2958 1509 2976 veterum
1523 2968 1531 2980 ‚
1552 2947 1646 2983 quibus
1658 2947 1848 2983 adstipulantur
1860 2946 1927 2973 Pan.
1947 2956 2032 2982 neque
2041 2946 2119 2973 :iliter
2137 2957 2188 2983 pu·

1229 2986 1338 3013 blicavit
1357 2984 1504 3012 Victorius.
1526 2986 1640 3011 Faernus
1659 2983 1764 3010 invexit
1775 3002 1783 3014 ‚
1800 2985 1890 3008 bibitur
1906 2992 1929 3007 eo
1947 2983 2017 3016 ufiqnt
2035 2983 2089 3008 dum
2100 2983 2189 3016 desidio

1230 3025 1385 3056 ministra-rur.
1406 3021 1478 3058 quod
1496 3021 1524 3047 Sc
1544 3019 1670 3046 annebo
1688 3018 1786 3054 placuit
1798 3038 1806 3049 ‚
1824 3026 1853 3044 ut
1871 3018 1962 3045 videi-e
1980 3018 2016 3045 est
2035 3018 2104 3045 libro
2122 3027 2185 3045 xxx.

1231 3068 1287 3095 cap.
1302 3068 1344 3092 15.
1364 3059 1562 3094 sequunturque
1573 3055 1659 3082 Aldus
1674 3055 1767 3090 junior
1785 3055 1813 3080 &
1824 3054 1970 3082 Lambinus
1982 3074 1990 3087 ‚
2010 3064 2052 3081 nie
2070 3064 2123 3082 non
2140 3053 2189 3081 ad-

1230 3103 1340 3122 nuente.
2186 3108 2190 3117 »

1267 3144 1308 3162 11.
1319 3137 1365 3160 Εξῖ
1373 3135 1471 3168 quidam
1481 3132 1601 3168 Gratim]
1613 3130 1800 3160 Philodemum
1813 3131 1923 3160 Horatii
1932 3129 2189 3168 deQnaripstendit

1232 3170 1262 3198 d.
1274 3180 1332 3208 cap.
1345 3180 1354 3198 1
1362 3180 1388 3206 5.
1399 3169 1552 3198 'sarachim
2128 3179 2188 3235 lys

2093 3212 2117 3230 1.
2160 3210 2187 3227 Ι·
