2250 3358
712 122 1084 189 Hisr

134 214 311 256 adversarii
335 213 523 262 arguebant
535 237 544 252 ‚
568 225 660 250 anno
684 212 856 260 superiore
870 211 974 248 fuerit
997 215 1091 249 occi-

133 269 186 303 sus
199 291 207 307 ‚
229 266 370 301 auclore
384 266 496 298 Dione
523 263 576 298 lib·
597 275 646 306 39.
661 264 696 298 δε
709 261 876 296 Strabone
899 273 934 295 in
954 273 1002 304 ¹7·
1028 274 1091 298 nec

134 313 313 351 verisimile
327 312 365 347 iit
377 336 385 348 ,
399 314 607 348 accusatores
620 308 722 358 hujus
736 309 836 344 caedis
849 308 979 344 crimen
991 311 1026 344 ὅ(
1035 322 1090 344 ac-

126 363 339 398 cusationem
364 362 398 396 in
414 373 521 396 annos
534 361 646 408 plures
658 358 832 395 distulisse.
859 358 893 392 Si
907 357 984 405 quis
1000 356 1090 405 obji-

125 421 195 446 ciet
206 433 216 449 ‚
229 411 294 446 Cn.
306 409 503 444 Domitium
517 435 526 448 ‚
557 409 658 456 hujus
671 407 752 443 anni
764 417 948 455 praetorem
961 405 1003 440 de
1015 418 1087 442 am—

124 459 202 495 'bitu
214 458 425 507 quaesivifl'e5
452 457 607 493 Coelium
621 457 663 492 de
674 456 707 491 vi
720 466 914 492 accuiatum
929 454 1026 490 fuisse
1041 467 1049 490 z
1063 455 1090 489 is

123 506 150 543 fi
171 507 368 556 probaverit
400 506 550 554 singulos
574 517 732 555 praetores
753 503 1000 540 tantummodo
1027 505 1087 539 uni

120 556 304 605 quaestioni
315 555 483 603 praefuisse
494 580 504 594 ‚
515 568 684 603 magnum
696 554 823 589 fecerit·
848 555 881 589 N
885 565 924 588 ec
937 565 994 587 me
1005 565 1086 588 mo-

122 615 182 642 vet
194 628 203 643 ,
222 604 318 653 quod
329 604 465 641 Coelius
477 605 587 652 Appio
613 606 648 640 &
661 602 817 638 Domitio
832 613 927 637 coss.
941 613 1017 636 reus
1030 614 1084 636 in-

121 653 272 690 venitur·
299 653 383 701 quid
405 666 502 689 enim
523 652 631 688 obstat
641 653 754 700 quaeio
767 674 777 688 ‚
801 663 872 699 quo
887 650 1002 685 minus
1016 650 1085 685 hoc

119 711 277 750 tempore
289 702 461 739 absolutus
480 728 489 743 ‚
511 702 531 737 a
541 712 646 749 gente
658 700 783 735 Clodia
798 698 1015 746 injudicium
1029 711 1082 734 re-

118 752 209 787 trahi
219 751 391 799 potuerit?
416 750 524 798 Qod
537 753 707 786 Latonius
720 758 813 796 putat
826 773 835 788 ,
851 749 938 783 hanc
951 749 1079 783 oratio-

119 812 201 836 nem
215 800 324 848 Appio
334 802 368 836 ὃς
381 798 536 834 Domitio
548 810 640 834 coss.
654 798 732 833 ideo
746 797 896 833 habitam
907 796 1002 845 quod
1012 797 1080 831 Cn.

118 849 306 886 Domitius,
331 848 391 895 qui
404 846 478 895 post
488 847 566 882 illos
579 847 710 882 Consul
723 846 844 885 fuit‚in
856 858 979 881 eorum
994 857 1081 880 con-

116 897 227 934 sulatu
250 907 431 944 praeturam
453 895 583 943 gessisse
607 895 765 932 videatur
778 919 788 933 ‚
811 894 960 942 tempori
975 920 984 935 ‚
1008 907 1080 943 quo

117 945 179 981 ista
193 944 320 992 scripsit
332 970 341 986 ,
354 944 546 981 attribuito.
560 947 639 980 Hoc
651 957 735 992 ergo
748 954 884 979 maneat
897 968 906 982 ²
923 943 1080 978 Coelium

113 994 190 1041 lege
200 994 336 1029 Lutatia
343 993 386 1030 de
397 993 429 1029 vi
440 1003 580 1042 propter
587 994 768 1029 seditiones
781 991 1036 1040 Neapolitanas,
1047 994 1080 1027 ὃ(

113 1042 178 1078 alia
199 1042 344 1078 crimina
367 1042 563 1078 accusatum
575 1059 585 1086 3
606 1042 650 1078 de
673 1041 898 1078 seditionibus
914 1040 1076 1088 Neapoli-

108 1092 198 1127 tanis
210 1114 219 1128 ‚
242 1093 277 1127 δε
295 1090 614 1128 Alexandrinorum
636 1090 828 1140 pulsatione
852 1089 1037 1125 Puteolana
1054 1089 1073 1125 a

113 1142 167 1177 Μ.
180 1139 298 1176 Crasso
308 1163 317 1178 ‚
330 1138 373 1176 de
385 1152 483 1181 autc,
498 1139 594 1189 quod
608 1142 624 1175 a
637 1139 762 1176 Clodia
773 1137 956 1187 sumpsisse,
970 1140 1006 1174 δε
1018 1150 1077 1173 ve-

112 1186 206 1224 neno
219 1214 229 1229 ,
250 1187 344 1237 quod
359 1187 511 1236 ejusdem
525 1188 656 1225 Clodiae
669 1187 832 1225 necandae
846 1187 941 1223 causta
954 1187 1077 1234 parasse

111 1236 290 1273 dicebatur
303 1262 313 1278 ,
332 1237 352 1274 a
363 1240 414 1274 Μ.
427 1238 599 1273 Cicerone
621 1239 690 1274 hoc
709 1248 867 1285 tempore
877 1236 943 1272 esse
955 1236 1075 1271 defen-

111 1286 199 1322 sum·
214 1289 283 1334 Q.
295 1286 456 1322 Metellus
476 1289 594 1334 Nepos
617 1299 660 1323 ex
674 1287 867 1322 Consulatu
893 1286 927 1321 in
952 1285 1071 1333 Hispa-

111 1336 206 1371 niam
219 1335 392 1380 profeetus
403 1359 413 1373 ‚
437 1347 512 1371 eam
527 1336 744 1383 provinciam
760 1336 828 1370 hoc
842 1346 998 1382 tempore
1011 1347 1073 1382 pro

108 1383 250 1419 consule
259 1383 446 1423 obtinebat,
460 1384 553 1420 unde
563 1384 591 1420 ’θ
602 1381 738 1427 [Cnffl‘oec
747 1384 952 1420 amosa-ar&
962 1384 980 1418 a
993 1383 1073 1418 Plu-

108 1433 230 1469 rai-cho
253 1433 289 1468 in
305 1434 434 1470 Caesare
446 1434 658 1470 nominatur.
683 1433 889 1481 videturque
900 1445 942 1469 ex
952 1432 1071 1480 Hisspa-

109 1481 168 1518 nia
177 1480 218 1517 ad
231 1481 439 1518 Ciceronem
450 1481 574 1518 mlfiffe
584 1496 636 1531 ep.
655 1495 681 1527 3.
696 1482 716 1517 l.
732 1495 762 1525 5.
773 1482 893 1518 Famil.
906 1481 941 1517 in
955 1494 1022 1529 qua
1032 1481 1074 1516 de

106 1530 368 1566 contumeliosis
391 1532 622 1568 concionibus
635 1532 753 1568 Clodii
766 1531 873 1566 aedilis
885 1530 1073 1579 conqueri-

110 1589 180 1617 tur.
192 1579 338 1615 Clodius
350 1579 453 1616 frater
468 1583 615 1629 Nepotis
627 1582 817 1630 appellatur
827 1580 931 1616 etiam
940 1580 977 1614 in
985 1590 1070 1614 orat·

109 1627 186 1677 post
198 1628 292 1665 redit.
308 1628 345 1664 in
357 1629 473 1666 senatu
488 1655 497 1671 ‚
506 1632 542 1667 &
552 1643 616 1679 pro
628 1629 750 1671 domo,
760 1642 834 1666 non
845 1639 987 1677 propter
996 1626 1070 1663 affi-

106 1678 252 1713 nitatem
264 1701 274 1716 ‚
285 1688 323 1713 ut
335 1678 444 1726 vulgo
456 1679 657 1728 interpretes
667 1678 728 1715 fibi
740 1677 976 1727 pei-suaserunt
988 1703 996 1718 ‚
1010 1689 1071 1713 ve-

107 1738 189 1762 rum
201 1727 280 1774 quia
292 1723 328 1761 oie
340 1719 410 1773 2264
421 1723 568 1763 ωὐτιιίάὺ
578 1755 588 1770 ,
604 1739 643 1765 ut
658 1729 724 1764 Dio
737 1728 780 1763 de
792 1727 937 1764 Metello
949 1726 1071 1761 Celere

104 1774 153 1811 ait
165 1798 175 1812 ‚
198 1787 303 1823 quem
325 1776 428 1813 etiam
442 1777 568 1813 Cicero
590 1777 633 1814 de
646 1777 865 1825 haruspicum
878 1775 1024 1824 respons.
1035 1777 1069 1811 ὃ(

105 1835 170 1871 pro
182 1823 298 1859 Coelio
308 1825 426 1861 Clodii
438 1826 579 1863 fratrem
592 1827 762 1864 nominat.
787 1827 941 1862 Fuerunt
953 1834 1069 1860 autem

106 1871 226 1908 frati-es
238 1874 406 1920 patrueles
419 1901 429 1915 ,
454 1876 511 1912 seu
524 1887 562 1911 ut
569 1875 810 1925 jurisconsulti
826 1884 966 1912 vocant,
979 1885 1068 1909 ami-

104 1919 183 1956 tini.
207 1921 346 1958 Caecilia
368 1923 463 1959 enim
476 1935 585 1960 mater
597 1923 712 1960 Clodii
726 1923 952 1960 Metellorum
965 1922 1070 1958 amita

105 1967 182 2003 fiiit.
206 1969 388 2006 Metellum
402 1973 576 2019 Nepotem
597 1974 665 2008 hoc
687 1983 846 2020 tempore
858 1972 896 2006 in
908 1971 1069 2019 Hispania

101 2015 284 2057 decessisse,
295 2029 447 2066 eumque
457 2031 475 2054 a
488 2020 660 2055 Cicerone
671 2020 818 2066 intelligi
831 2031 927 2067 ep.-9.
943 2020 966 2054 1.
980 2032 1008 2061 4.
1024 2019 1067 2054 ad

105 2066 175 2100 Att.
191 2064 255 2100 viri
267 2064 361 2100 dosii
375 2077 508 2112 putant.
519 2068 615 2113 quod
628 2067 652 2102 fi
663 2080 785 2104 verum
796 2068 878 2103 esset
889 2090 898 2105 ‚
912 2067 1066 2102 Dionem

105 2112 188 2157 L‘39.
197 2111 256 2147 ubi
269 2124 322 2148 res
333 2113 374 2148 ab
383 2113 472 2149 eoin
486 2115 666 2162 provincia
678 2114 795 2161 gestas,
807 2127 848 2150 ex
876 2115 965 2153 onit‚
979 2127 1065 2160 prae-

101 2160 338 2197 termissurum
350 2161 449 2197 fuiffe
459 2174 533 2198 non
544 2163 821 2199 arbitror-Immo
836 2127 938 2210 sipjam
950 2161 986 2197 in
998 2161 1063 2196 Hi·

103 2209 215 2256 spania
227 2210 327 2258 periit
338 2234 348 2249 ‚
359 2210 407 2246 est
418 2210 515 2259 quod
528 2211 677 2248 Pediano
688 2212 835 2260 gratiam
848 2210 971 2246 referat
984 2236 993 2250 ,
1005 2210 1065 2258 qui

101 2258 205 2295 illum
219 2270 398 2296 mortuum
419 2259 454 2295 in
480 2259 586 2296 vitam
608 2260 748 2297 reduxit
760 2286 769 2301 ‚
792 2270 894 2308 atque
904 2259 942 2295 in
954 2259 1064 2294 choro

103 2318 235 2343 novem
259 2308 492 2344 consularium
509 2332 519 2347 ‚
543 2309 604 2357 qui
632 2309 774 2345 biennio
797 2308 874 2358 post
897 2310 1066 2343 Scaurum

102 2366 203 2392 rcum
216 2356 454 2395 laudaverunt,
467 2358 664 2394 collocavit.
690 2360 738 2394 Ut
751 2369 791 2394 ut
805 2357 856 2396 fit,
872 2356 1064 2393 M-Tullius

101 2405 419 2455 quinqueepistolas
428 2406 506 2442 libri
516 2407 630 2455 quarti
638 2406 680 2443 ad
692 2410 886 2455 Att·nempe
894 2416 1064 2455 quartam,

102 2454 260 2502 quintam
271 2480 281 2496 ,
303 2455 430 2491 sextam
441 2479 450 2494 ,
473 2455 650 2504 septimam
662 2480 672 2495 ‚
696 2457 731 2492 &
742 2456 902 2492 o&avam
914 2455 966 2490 his
975 2466 1062 2490 con-

103 2503 138 2538 su
145 2502 230 2539 libus
248 2504 385 2552 scripsit.
410 2506 451 2540 In
477 2505 567 2541 sexta
578 2504 741 2542 meminit
751 2504 902 2552 epistolae
913 2503 957 2540 ad
971 2505 1063 2539 Luc-

101 2551 219 2588 ceium
230 2552 335 2588 miffae
348 2579 357 2594 ‚
381 2565 458 2600 quae
470 2553 518 2589 est
536 2565 548 2589 1
558 2566 588 2591 2..
601 2554 624 2590 1.
637 2564 664 2596 5.
679 2553 796 2589 Famil-
810 2566 879 2602 qua
890 2563 929 2588 ut
939 2564 990 2588 res
1002 2554 1020 2589 Ξι
1034 2555 1069 2596 se,

102 2600 140 2636 in
152 2601 329 2637 consulatu
342 2601 449 2649 gestas
460 2601 594 2643 scribat,
604 2615 687 2638 eum
697 2613 807 2650 rogat.
819 2602 971 2651 C.Julius
984 2601 1063 2637 Cae-

100 2649 152 2685 sai·
162 2673 173 2688 ,
194 2649 295 2696 gestis
318 2651 386 2685 hoc
397 2663 490 2687 anno
499 2652 601 2687 rebus
613 2651 690 2690 illis,
702 2664 783 2700 quas
797 2651 817 2687 l·
838 2663 868 2695 3.
879 2663 1061 2686 commen-

99 2698 273 2734 tariorum
283 2698 482 2748 perscripsit,
489 2701 715 2748 exercituque
728 2702 765 2735 in
776 2699 932 2736 Aulercis
948 2702 1062 2735 Lexo-

100 2745 231 2795 biisque
246 2772 255 2788 ‚
277 2747 415 2796 reliquis
426 2759 510 2785 item
520 2749 718 2785 civitatibus
731 2761 808 2799 quae
820 2748 980 2797 proxime
991 2748 1064 2783 bel·
1080 2761 1082 2764 ·

100 2795 176 2831 ium
203 2795 353 2832 fecerant
376 2796 413 2833 in
437 2797 591 2834 hibernis
613 2797 785 2834 collocato
795 2821 805 2836 ‚
825 2797 1000 2834 discedens
1027 2796 1062 2833 in

103 2844 237 2880 Italiam
250 2847 353 2882 Lucae
363 2846 528 2883 hiemavit
540 2871 549 2885 ‚
562 2848 702 2883 austere
712 2847 894 2882 Plutarcho
906 2847 944 2882 in
958 2848 1061 2881 Pom-

101 2891 194 2940 pejo.
207 2894 336 2935 Caessre
345 2917 357 2932 2
368 2896 404 2931 ὅ(
415 2895 560 2940 Catone·
573 2908 684 2944 eoque
695 2895 834 2944 l'ompej
842 2908 901 2931 um
916 2897 951 2931 &
964 2895 1061 2931 Cras-

104 2941 179 2977 sum
202 2942 372 2978 extractos
383 2944 554 2992 compulit
568 2970 577 2986 ,
597 2956 636 2980 ut
646 2943 852 2991 detrudendi
866 2947 905 2980 L.
917 2943 1060 2980 Domitii

103 2990 200 3026 causa
211 3013 221 3028 ,
244 2991 302 3039 qui
315 2990 426 3039 palam
438 2993 635 3029 minabatur
649 3017 658 3032 ‚
683 2993 904 3036 consuleinse
916 2991 1059 3028 effestu-

104 3049 198 3090 rum,
211 3039 306 3087 quod
318 3051 444 3087 praetoi·
457 3042 624 3089 nequiss'et
638 3066 648 3081 ,
660 3042 972 3090 adempturumque
983 3041 1014 3076 C
1016 3053 1061 3077 ae—

102 3084 168 3137 sari
177 3088 362 3139 exercitus,
373 3089 590 3126 consulatum
602 3091 749 3128 alterurn
759 3100 926 3140 peterent,
937 3092 1062 3126 Sueto-

106 3142 184 3169 nius
193 3136 343 3184 inJulio.
354 3138 405 3174 lta
415 3136 601 3182 fa&um,ut
613 3139 862 3189 Domitius,qui
875 3150 930 3177 tot
941 3151 1062 3181 annos,

502 3245 573 3267 „,

1164 150 1200 186 0
1255 149 1317 187 R
1394 150 1416 188 1
1494 152 1549 188 A.
2042 164 2112 219 335

1139 221 1234 274 quod
1247 222 1392 260 habebat
1404 248 1413 262 ‚
1425 222 1619 271 designatus
1631 224 1750 262 consul
1769 225 1880 265 fuerat
1891 254 1900 269 ,
1911 230 2028 267 consul
2043 232 2108 269 fie-

1141 283 1167 303 ri
1192 283 1264 306 non
1288 272 1440 320 potuerit
1452 296 1461 310 ‚
1485 272 1578 319 epist.
1595 277 1628 310 8.
1642 274 1674 310 li.
1689 287 1720 318 4.
1730 275 1770 310 ad
1784 279 1857 312 Art.
1882 279 1975 316 Cum
1988 292 2104 320 autem

1140 318 1321 366 Pompejus
1344 324 1379 357 ὃς
1391 320 1526 358 Crassus
1548 321 1638 358 intra
1660 323 1857 371 legitimum
1871 337 2007 376 tempus
2021 343 2101 377 pro-

1139 364 1209 422 fessi
1224 379 1293 402 non
1306 369 1412 405 essent
1428 393 1437 408 ‚
1459 368 1648 407 effecerunt
1658 384 1742 408 cuin
1754 386 1813 420 per
1823 374 1908 411 alios
1921 401 1930 414 ‚
1956 388 2031 414 tum
2042 392 2099 426 per

1138 413 1353 466 CCatonem
1365 418 1442 453 trib.
1454 419 1496 466 pl·
1509 432 1553 455 ne
1564 433 1605 455 eo
1619 433 1710 457 anno
1723 424 1865 459 comitia
1877 425 2097 465 haberentur:

1137 471 1175 496 ut
1188 473 1270 497 cum
1283 476 1334 498 res
1346 466 1386 499 ad
1400 467 1638 516 interregnum
1653 469 1787 507 redisset
1806 498 1814 512 ‚
1836 473 1991 520 legitime
2010 489 2097 513 con=

1134 509 1280 546 sulatum
1294 514 1328 548 &
1339 523 1492 560 peterent
1505 520 1539 553 ὃς
1550 518 1757 565 capesserent
1769 544 1778 559 ‚
1793 521 1861 556 Dio
1875 523 1934 559 lib.
1952 536 2005 568 39.

1244 596 1337 628 Anno
1350 592 1435 629 urbis
1447 605 1631 691 Dexcjcvm'
1643 601 1797 637 Ciceronis
1811 612 1875 636 Lu·
1888 613 1984 642 coss.

1555 656 1678 687 uerunt,

1156 700 1556 754 CN-POMPEJUS
1588 710 1829 751 MAGNUS
1855 718 1907 753 11.
1935 719 2070 756 M.L1-

1316 755 1524 791 CINIUS
1565 757 1818 798 CRASSUS
1856 767 1908 801 11.

1223 827 1472 862 ONSULATUM
1487 840 1530 864 ex
1543 828 1744 877 interregno
1760 832 1921 875 inierunt,
1934 839 2002 875 Dio
2015 840 2036 877 l.
2051 852 2090 886 39

1219 875 1434 923 reliquosque
1474 876 1688 924 magistratus
1719 880 1779 915 suo
1809 883 1971 923 arbitratu
1996 898 2091 928 creass

1128 934 1222 961 runt,
1234 937 1304 972 quo
1317 934 1474 973 tempore
1489 927 1627 962 M.Cato
1638 927 1674 962 in
1688 941 1844 975 praeturae
1858 936 2022 979 petitione
2036 953 2092 975 re-

1127 972 1259 1017 pulsam
1284 973 1366 1008 tulit
1380 997 1389 1011 ‚
1412 975 1447 1009 &
1462 976 1493 1009 P.
1508 976 1667 1011 Vatinius
1690 978 1725 1012 in
1749 978 1866 1015 locum
1878 980 1905 1027 ej
1913 995 1949 1017 us
1961 997 2090 1024 creatus

1125 1018 1173 1073 es‘t
1183 1047 1192 1062 ‚
1215 1022 1414 1057 Plutarchus
1429 1027 1463 1060 &
1473 1024 1551 1060 Dio.
1564 1025 1690 1060 Cicero
1705 1028 1820 1063 meuse
1834 1030 1938 1077 Api-ili
1953 1032 2018 1070 fuit
2030 1049 2089 1072 ru·

1125 1081 1155 1103 ri
1167 1095 1176 1110 ,
1202 1069 1319 1119 ibique
1334 1071 1462 1119 scripsit
1471 1085 1524 1119 ep.
1537 1085 1571 1116 9.
1586 1073 1644 1108 lib·
1660 1086 1689 1117 4.
1705 1075 1745 1110 ad
1760 1079 1830 1112 Att.
1843 1091 1926 1114 cum
1942 1082 2087 1121 Puteolis

1127 1129 1272 1166 magnus
1298 1120 1379 1155 esset
1402 1134 1542 1160 rumor,
1566 1122 1794 1161 Ptolemaeum
1816 1126 1881 1162 else
1910 1127 1944 1164 in
1968 1143 2089 1178 regno.

1128 1169 1217 1203 Eum
1241 1171 1281 1206 A.
1296 1169 1463 1205 Gabinius
1487 1171 1555 1206 hoc
1576 1184 1668 1206 anno
1685 1171 1780 1220 jussu
1803 1176 1957 1224 Pompeii
1977 1179 2013 1214 in
2033 1194 2087 1217 re-

1121 1227 1233 1261 gnum
1247 1216 1397 1253 restituit
1407 1244 1416 1259 ,
1430 1219 1632 1255 Plutarchus
1644 1220 1680 1255 in
1694 1222 1870 1271 Pompej0‚
1884 1226 1950 1261 Dio
1963 1227 2020 1264 lib.
2036 1242 2087 1274 30.

1106 1265 1244 1300 Strabo
1267 1266 1324 1302 lib.
1344 1279 1395 1302 12.
1409 1269 1444 1304 ὃς
1462 1280 1511 1313 17.
1526 1269 1689 1305 Meminit
1703 1270 1829 1307 Cicero
1851 1273 1887 1309 in
1915 1276 2088 1321 Pisonem,

1121 1326 1224 1361 quam
1236 1315 1432 1352 orationem
1446 1317 1499 1352 his
1510 1318 1708 1354 consulibus
1717 1319 1817 1357 dixit.
1830 1323 1971 1360 auetore
1986 1327 2087 1363 Asco-

1122 1363 1182 1398 nio
1196 1389 1204 1404 ,
1219 1366 1302 1400 cum
1318 1365 1389 1400 Piso
1402 1377 1584 1402 revocatus
1597 1366 1616 1401 ἐ
1631 1368 1836 1406 Macedonia
1847 1371 2010 1410 sententia
2023 1376 2086 1412 Ci-

1119 1412 1256 1465 ceronis
1270 1440 1277 1450 .
1291 1426 1397 1462 quam
1410 1427 1504 1450 anno
1517 1416 1691 1463 superiore
1702 1416 1744 1452 de
1755 1420 1946 1471 provinciis
1958 1425 2084 1461 consu=

1120 1460 1245 1497 laribus
1257 1462 1390 1499 dixerat
1403 1489 1411 1504 ‚
1434 1463 1477 1499 de
1499 1464 1722 1501 infestatione
1733 1479 1805 1515 ejus
1817 1469 1852 1503 in
1868 1469 1981 1506 senatu
1996 1485 2085 1510 con-

1119 1509 1256 1557 questus
1270 1537 1277 1550 ‚
1292 1523 1395 1560 atque
1406 1512 1442 1547 in
1455 1525 1537 1549 eum
1551 1513 1711 1550 invenus
1721 1516 1813 1552 esset.
1828 1518 1938 1555 Pisoni
1957 1522 2083 1558 Cicero

1118 1560 1290 1607 respondit
1302 1562 1462 1597 oratione
1478 1562 1535 1598 illa
1546 1575 1622 1611 quat
1635 1563 1743 1600 exstat
1757 1590 1765 1606 ‚
1778 1567 1812 1602 δε
1825 1568 1981 1605 continet
1994 1571 2085 1607 Piso-

1118 1608 1169 1643 nis
1184 1608 1488 1658 vituperationem.
1502 1612 1661 1660 quamvis
1676 1613 1711 1647 in
1724 1613 1840 1651 senatu
1854 1616 1894 1653 sit
1903 1618 2016 1655 habita
2026 1620 2082 1655 lo-

1115 1669 1158 1692 co
1170 1657 1357 1701 sententiae,
1371 1670 1409 1695 ut
1420 1659 1560 1696 testatur
1575 1660 1723 1709 Qintil·
1736 1662 1756 1697 l.
1778 1675 1805 1707 3.
1817 1677 1848 1700 c.
1860 1678 1894 1709 9.
1905 1666 2004 1704 Dina
2016 1668 2083 1705 fiiit

1115 1707 1240 1745 oratio,
1252 1709 1394 1744 austore
1406 1709 1568 1750 Asconio,
1581 1721 1661 1745 ante
1671 1723 1795 1757 paucos
1804 1712 1887 1753 dies,
1897 1728 2001 1764 quam
2012 1719 2081 1754 Cn.

1118 1755 1302 1804 Pompejus
1322 1756 1422 1793 ludos
1444 1757 1571 1794 faceret
1584 1784 1593 1797 ,
1616 1758 1743 1807 quibus
1765 1762 1941 1800 theatrum
1956 1765 2016 1801 ase
2028 1766 2079 1803 fa-

1117 1804 1214 1840 &tum
1236 1805 1418 1842 dedicavit.
1456 1805 1793 1855 magnificentiffima
1817 1813 1901 1848 vero
1926 1814 2079 1863 Pompeii

1116 1865 1261 1890 munera
1284 1855 1433 1891 secundo
1443 1856 1622 1892 consulatu
1637 1856 1780 1894 fuerunt
1791 1883 1801 1897 ‚
1815 1860 1862 1896 ait
1871 1861 2000 1898 Cicero
2012 1865 2030 1899 l.
2047 1877 2080 1900 ς’..

1115 1901 1157 1955 de
1172 1901 1324 1942 Officiis,
1336 1906 1370 1940 &
1381 1903 1593 1941 demonstrat
1606 1918 1657 1953 ep.
1667 1918 1693 1941 ι.
1709 1907 1765 1942 lib.
1776 1920 1805 1953 7.
1817 1910 1923 1946 Famil
1948 1911 1989 1947 ad
2003 1914 2078 1949 Ma-

1114 1963 1216 1988 rium.
1243 1954 1295 1988 De
1304 1953 1438 1989 theatro
1461 1956 1496 1990 &
1517 1953 1606 1990 ludis
1628 1955 1783 2003 Pompeii
1797 1981 1806 1995 ‚
1828 1958 2029 1996 Plutarchus
2043 1961 2081 1997 in

1112 2011 1184 2046 ejus
1198 2001 1351 2041 vita‚Di0
1365 2002 1444 2045 l-39.
1457 2002 1599 2038 Tacitus
1611 2002 1650 2038 l.i
1660 2016 1692 2050 4.
1705 2004 1833 2041 Plinius
1845 2006 1901 2043 l.8.
1915 2021 1946 2043 c.
1957 2021 1983 2051 7.
1999 2012 2080 2046 Hoc

1112 2059 1205 2082 anno
1219 2049 1344 2084 Cicero
1356 2049 1398 2084 ad
1412 2049 1588 2096 Qintum
1600 2049 1741 2087 fratrem
1753 2053 1881 2099 scripsit
1892 2056 1987 2103 epist.
2005 2062 2034 2094 8.
2043 2070 2079 2102 9.

1112 2097 1147 2131 δε
1165 2107 1217 2133 ιο.
1232 2096 1254 2131 1.
1271 2109 1290 2132 2
1312 2096 1354 2132 ad
1377 2098 1532 2133 Atticum
1547 2124 1556 2138 ‚
1576 2104 2078 2148 ep.9.10.11.&12.l.4.1n

1110 2142 1317 2195 duodecima
1340 2144 1420 2180 facit
1444 2146 1659 2181 mentionem
1673 2147 1898 2195 profeffl'tionis
1913 2153 2020 2189 Crassi
2035 2155 2073 2191 in

1111 2191 1249 2240 Syriam
1260 2218 1269 2232 ,
1289 2203 1475 2240 antequam
1489 2194 1573 2229 vero
1586 2195 1764 2242 paludatus
1776 2198 1888 2235 exiret
1900 2226 1907 2238 ,
1921 2203 2078 2240 coenavit

1110 2239 1200 2286 apud
1212 2241 1424 2277 Ciceronem
1436 2242 1471 2277 in
1485 2242 1594 2278 hortis
1608 2243 1811 2293 Crassipedis
1822 2250 1941 2295 generi
1958 2277 1966 2289 ‚
1977 2263 2028 2299 ep.
2040 2264 2077 2295 9.

1110 2287 1153 2341 ¹2¹
1164 2316 1174 2342 ·.
1186 2290 1276 2326 Fam.
1298 2289 1575 2327 proficiscentem
1588 2292 1660 2340 Atej
1667 2306 1705 2329 us
1718 2295 1843 2344 Capito
1857 2297 2017 2335 tribunus
2030 2300 2077 2348 pl.

1111 2336 1193 2373 diris
1216 2351 1300 2376 cum
1324 2340 1489 2375 omnibus
1513 2341 1661 2377 retinere
1671 2354 1816 2380 conatus
1829 2345 1877 2380 est
1887 2372 1895 2385 ,
1917 2347 1976 2383 ille
1990 2350 2075 2384 vero

1110 2385 1263 2424 dirarum
1276 2388 1551 2425 obnunciatione
1574 2390 1730 2438 neglesta
1744 2418 1752 2433 ‚
1775 2393 1811 2428 in
1825 2394 1962 2442 Syriam
1987 2409 2077 2433 con·

1109 2434 1230 2488 tendit.
1250 2447 1353 2486 atque
1364 2438 1519 2474 exercitu
1532 2438 1645 2475 deleto
1658 2451 1750 2477 trans
1764 2444 1976 2490 Euphratem
1989 2457 2076 2482 cum

1110 2485 1305 2538 ignominia
1323 2489 1357 2523 &
1378 2486 1546 2524 dedecore
1569 2490 1680 2537 periit·
1694 2491 1819 2525 Cicero
1833 2491 1854 2526 l·
1880 2504 1904 2528 i.
1928 2495 1963 2529 ὃς
1978 2506 2008 2530 2.
2031 2495 2076 2531 de

1111 2536 1261 2570 Divinat.
1278 2534 1479 2571 Plutarchus
1493 2560 1502 2574 ‚
1531 2538 1702 2585 Appianus
1715 2562 1725 2576 ,
1748 2539 1815 2574 Dio
1828 2566 1837 2580 ,
1852 2540 2005 2589 Vellejus
2018 2570 2027 2584 ,
2040 2546 2076 2580 &

1110 2582 1175 2617 alii.
1190 2583 1317 2620 Cicero
1330 2585 1434 2620 etiam
1447 2585 1516 2620 hoc
1530 2596 1686 2632 tempore
1697 2587 1825 2636 scripsit
1836 2599 1903 2625 tres
1916 2590 2017 2626 libros
2029 2591 2072 2628 de

1112 2633 1262 2668 Oratore
1275 2658 1284 2673 ‚
1305 2632 1348 2669 de
1371 2633 1498 2682 quibus
1510 2633 1556 2668 fic
1577 2634 1618 2669 ad
1631 2638 1697 2671 Att-
1709 2648 1763 2685 ep.
1781 2649 1833 2672 12.
1845 2637 1867 2673 l.
1882 2651 1911 2680 4.
1923 2638 1967 2674 de
1979 2640 2072 2675 libris

1110 2682 1268 2717 oratoriis
1290 2681 1419 2717 failum
1433 2681 1480 2717 est
1493 2682 1511 2717 a
1526 2694 1582 2718 me
1593 2683 1777 2731 diligenter
1791 2699 1798 2721 :
1823 2686 1883 2721 diu
1899 2688 2072 2724 multum-

1109 2742 1177 2777 que
1188 2730 1224 2765 in
1239 2730 1396 2766 manibus
1406 2730 1560 2770 fuerunt,
1570 2731 1733 2770 describas
1743 2734 1831 2770 licet.
1845 2735 1923 2771 vide
1933 2748 2073 2785 quoque

1108 2779 1324 2827 prooemium
1341 2779 1396 2814 lib.
1413 2792 1442 2815 2.
1456 2779 1498 2815 de
1511 2781 1608 2818 Orat.

1207 2858 1302 2892 Anno
1323 2856 1410 2893 urbia
1424 2867 1577 2953 DCXCIJ
1599 2860 1756 2895 Ciceronis
1769 2870 1853 2895 Lm.
1875 2870 1972 2896 coss.

1562 2917 1686 2949 uerunt,

1160 2969 1199 3005 L·
1226 2970 1528 3006 DOMITIUS
1562 2972 2024 3016 AHENOBARBUS‚

1236 3018 1630 3056 AP.CLAUDIUS
1657 3021 1942 3058 PULCHER.

2037 2900 2061 2908 ..-

1198 3091 1263 3125 UM
1279 3091 1415 3128 Crassus
1435 3092 1504 3128 hoc
1523 3102 1679 3140 tempore
1691 3092 1728 3127 in
1739 3092 1874 3139 Syriam
1887 3092 1952 3128 iter
1961 3091 2067 3127 habe·-

1089 3150 1091 3155 '
1115 3097 1249 3177 Cret
1260 3164 1270 3182 ‚
1285 3139 1411 3178 Cicero
1433 3140 1507 3190 ejus
1532 3139 1675 3176 absentis
1687 3141 1820 3176 causam
1832 3140 1868 3175 in
1883 3141 1997 3176 senatu
2010 3138 2071 3172 de-

1945 3185 2070 3225 studit>

1533 3190 1566 3236 <e
1592 3188 1625 3234 2)
