2339 3379
565 190 1163 237 PHILIPPICA

1246 190 1692 240 SECUNDA.

1990 194 2106 277 4583

150 275 250 307 lebam
259 295 268 310 ‚
278 276 345 307 ΡΩ.
361 282 458 315 remp.
470 272 576 304 vestris
585 271 889 314 quondammeffque
900 269 1030 302 consiliis
1041 280 1115 301 con·
1131 275 1134 298 l
1151 271 1291 313 susti-agio
1303 282 1354 304 tuo
1363 294 1371 308 ,
1384 274 1641 316 &compotorum
1652 285 1785 311 tuorum,
1796 278 1947 307 rhetorem
1959 285 1964 306 ς
1975 277 2022 306 cuj
2032 286 2110 306 con-

152 318 297 349 servatam
307 336 316 351 ,
334 315 416 347 brevi
432 325 567 355 tempore
577 313 634 345 esse
643 317 816 354 perituram.
840 323 936 354 neque
948 311 1019 342 vero
1032 322 1112 342 eram
1131 328 1132 341 l
1150 312 1268 348 cessisti,
1279 318 1294 334 2
1304 325 1335 346 ut
1345 318 1377 346 in
1388 325 1426 350 te,
1439 327 1504 357 qua:
1517 318 1625 353 vellet,
1637 318 1757 360 diceret.
1780 319 1895 349 Salsum
1906 320 2037 348 omnino
2047 319 2106 348 ho-

151 367 212 390 tam
224 357 366 390 indostus
377 377 386 391 ,
405 357 580 399 ignarusque
590 366 688 387 rerum
701 378 708 390 ‚
730 366 760 386 ut
771 355 918 396 frangerer
927 355 1032 385 animo
1041 363 1112 393 pro-
1129 363 1130 374 ¹

150 410 216 442 Pter
227 401 291 430 vira
300 399 485 440 cupiditatem
496 419 505 432 ‚
527 409 592 440 qua:
612 409 662 428 me
677 408 801 429 manens
819 396 981 427 conficeret
994 397 1112 436 angori·
1127 403 1129 422 .’

153 444 226 473 bus:
241 439 361 472 dimissa
372 461 380 474 ,
397 440 545 471 molestiis
555 441 699 470 omnibus
711 438 868 470 liberasset.
891 439 962 468 illos
972 448 1028 478 ego
1037 447 1110 477 prae-
1127 437 1128 441 ’

151 481 346 515 fflntiffimos
355 485 437 513 viros
447 503 455 517 ,
476 484 594 512 lumina
609 484 681 522 reip.
692 485 792 512 vivere
802 481 939 511 volebam
953 500 961 513 ,
983 488 1027 509 tot
1036 488 1111 509 con-

151 526 272 556 sulareis
286 545 294 558 ‚
320 534 365 555 tor
382 527 556 564 praetorios,
578 534 621 555 tot
640 522 864 554 honestissimos
884 523 1050 554 senatores,
1073 530 1109 550 ο-
1124 543 1127 564 5

148 576 256 597 mnem
275 575 412 606 praeterea
430 565 538 597 florem
558 567 725 597 nobilitatis
747 587 755 600 ,
780 576 811 595 ac
827 566 1017 605 juventutis)
1041 571 1107 592 tum
1124 567 1126 582 ³

149 610 337 649 optimorum
349 610 464 639 civium
475 610 623 639 exercitus
634 620 638 637 :
649 609 702 650 qui
713 607 733 638 si
743 610 890 639 viverent,
902 606 1040 646 quamvis
1049 606 1109 634 ini-

149 660 208 691 qua
223 649 401 682 conditione
418 652 497 690 pacis
507 651 590 690 (mihi
605 653 689 681 enim
707 650 810 680 omnis
825 658 884 687 pax
899 657 971 677 cum
990 646 1108 676 civibus

149 692 234 722 bello
251 692 336 722 civili
354 693 458 722 utilior
477 693 642 733 videbatur)
661 691 798 731 rempub.
815 689 906 718 hodie
926 697 1106 718 teneremus.

151 736 226 774 Qiae
236 734 381 764 sententia
394 733 414 764 fi
428 733 581 768 valuisset,
601 745 633 764 ac
647 744 712 764 non
725 735 747 762 ii
761 730 895 761 maxime
909 730 987 758 inihi
998 748 1006 761 ,
1027 738 1104 774 quo-

149 784 218 806 rum
230 786 284 817 ego
294 778 364 806 vitae
373 776 566 806 consulebam
577 796 585 810 ,
605 776 653 816 spe
663 774 796 805 vifioriae
807 772 873 801 elati
885 791 893 803 ,
914 769 1104 800 obstitissent:
1124 803 1126 812 γ

150 817 248 847 utalia
259 821 399 848 omittam
411 838 419 851 ‚
432 827 462 847 tu
476 818 553 847 certe
565 825 732 856 numquam
743 816 776 843 in
787 815 843 842 hoc
852 811 959 842 ordine
970 832 979 846 ,
994 812 1041 841 vel
1051 821 1107 852 po-

149 858 210 889 tius
220 869 388 900 numquam
398 862 431 890 in
441 860 493 889 hac
503 859 574 894 urbe
584 855 747 887 mansisses.
771 859 810 884 At
819 853 891 883 vero
906 856 959 883 Cn.
970 855 1108 893 Pompeii

147 901 338 930 voluntatem
355 902 371 931 a
391 911 442 930 me
457 899 639 930 abalienabat
658 899 753 928 oratio
772 907 848 926 mea.
860 898 919 927 ‚An
932 896 983 926 ille
997 905 1107 936 quem-

149 952 239 983 quam
261 943 327 982 plus
347 942 470 973 dilexit?
488 950 559 971 curn
568 940 633 970 ullo
653 948 702 970 aut
720 940 874 969 sermones
886 958 894 971 ,
917 946 966 967 aut
983 935 1107 967 consilia
1123 972 1125 976 ,

149 985 279 1014 contulit
298 984 402 1023 saepius
422 990 432 1015 ,³
460 982 542 1023 quod
560 981 684 1023 quidem
703 990 762 1011 erat
782 989 923 1021 magnum
944 999 953 1013 ,
973 979 1009 1009 de
1023 979 1106 1019 fiam-

149 1035 197 1059 ma
211 1036 237 1055 re
249 1024 464 1055 diffentienteis
475 1045 483 1058 ,
504 1026 537 1054 in
547 1023 652 1054 eadem
662 1022 880 1053 consuetudine
890 1023 1028 1052 amicitiae
1039 1031 1105 1061 per—
1122 1021 1124 1037 ⁴*

148 1076 277 1097 manere.
301 1066 357 1097 Sed
370 1066 402 1095 &
412 1076 467 1108 ego
477 1066 548 1107 quid
559 1066 611 1096 ille
623 1087 631 1100 ,
648 1066 680 1095 δε
690 1064 792 1095 contra
802 1065 853 1094 ille
865 1084 873 1098 ,
888 1063 962 1104 quid
973 1073 1027 1104 ego
1036 1064 1103 1093 sen-

148 1111 254 1141 tirem,
278 1107 310 1137 &
330 1108 489 1148 speeiarem
503 1128 511 1141 ,
531 1106 657 1138 videbat.
690 1117 744 1148 ego
764 1107 968 1136 incolumitati
987 1108 1102 1135 civium
1122 1123 1123 1142 ;

144 1148 281 1191 primurn
294 1169 302 1183 ,
322 1149 465 1189 &postea
474 1150 630 1191 dignitati:
649 1149 699 1179 ille
710 1148 845 1188 piaesenti
856 1147 990 1188 dignitati
1001 1146 1103 1186 potius
1122 1145 1124 1168 ἶ

144 1191 329 1222 consulebat.
352 1191 435 1232 quod
454 1202 554 1222 aurem
568 1191 692 1221 habebat
706 1201 769 1220 uter
793 1200 828 1219 ue
842 1189 923 1230 quod
932 1190 1102 1230 sequeretur,

141 1233 254 1263 idcirco
273 1233 460 1263 tolerabilior
475 1243 535 1263 erat
557 1232 655 1263 nostra
676 1201 824 1263 dissensio.
857 1231 938 1270 Qd
960 1229 1031 1260 vero
1053 1231 1105 1260 ille

144 1275 308 1305 consularis
319 1278 365 1304 vir
374 1295 383 1308 ‚
402 1286 434 1305 ac
446 1276 530 1315 paene
542 1275 664 1305 divinus
674 1274 710 1304 de
721 1284 770 1303 me
782 1273 903 1304 senserit
912 1293 921 1306 ,
943 1272 1039 1302 sciunt
1051 1273 1105 1313 qui
1122 1277 1124 1298 ἑ

145 1327 217 1347 eum
228 1317 390 1346 Pharsalica
404 1320 469 1358 suga
482 1318 615 1357 Paphum
626 1316 772 1356 prosecuti
783 1316 860 1345 sunt.
888 1323 1055 1358 numquam
1070 1314 1106 1343 ab

145 1368 183 1389 eo
193 1360 312 1389 mentio
321 1358 356 1388 dc
367 1369 428 1392 me,
441 1358 496 1388 nisi
507 1358 693 1392 honorificam
708 1355 761 1386 nisi
770 1357 859 1396 plena
868 1354 1042 1385 amicissimi
1054 1356 1106 1385 de-

144 1398 242 1430 fiderii
253 1420 261 1434 ,
279 1399 351 1430 cum
363 1410 413 1429 me
423 1399 521 1437 vidiffl
528 1400 594 1441 plus
603 1399 742 1430 fateretur
753 1418 761 1432 ,
784 1397 812 1428 se
820 1396 967 1436 speramffe
979 1397 1099 1426 meliora.

143 1441 183 1472 'Et
190 1443 254 1481 ejus
266 1443 322 1472 viri
334 1451 462 1471 nornine
472 1451 522 1471 me
531 1440 666 1471 inseffari
677 1440 765 1470 audes
778 1461 787 1474 ‚
802 1442 887 1479 cujus
898 1449 948 1469 me
958 1441 1102 1472 amicum,
1121 1434 1123 1479 Ξ

80 1483 124 1516 16
143 1492 171 1514 te
190 1482 336 1514 se&orem
356 1481 413 1513 esse
433 1482 560 1513 fateare?
582 1483 638 1513 Sed
651 1485 807 1512 omittatur
820 1482 934 1511 belium
955 1480 1028 1511 illud
1040 1501 1048 1514 ‚
1070 1484 1104 1510 in
1121 1494 1123 1508 ι

142 1534 245 1567 quotu
255 1526 390 1555 nimium
399 1523 475 1554 felix
486 1523 582 1555 fuisti.
607 1527 654 1554 Ne
671 1525 745 1563 jocis
759 1523 882 1564 quidem
898 1522 1095 1563 respondebo,

142 1567 255 1608 q'uibus
269 1576 318 1596 me
332 1568 365 1596 in
377 1566 475 1596 castris
490 1567 578 1596 usum
594 1565 650 1596 esse
663 1565 785 1599 dixisti,
810 1568 902 1595 Erant
913 1565 964 1594 illa
973 1564 1098 1605 quidem
1120 1565 1122 1600 J

140 1607 230 1639 castra
241 1608 328 1648 plena
340 1618 434 1638 curae:
453 1618 663 1638 verumtamen
679 1617 831 1637 HOMINES
848 1608 1028 1648 quamvisin
1040 1616 1102 1636 tur-
1119 1602 1122 1646 1

139 1650 219 1680 bidis
230 1649 316 1680 rebus
327 1648 401 1684 sint,
416 1660 515 1680 tamen
528 1671 537 1683 ‚
551 1649 570 1680 fi
582 1648 676 1680 modo
689 1650 831 1679 homines
840 1650 907 1679 sunt
917 1669 925 1681 ,
947 1648 1100 1679 interdum
1119 1647 1121 1694 ξ

138 1694 250 1722 animis
262 1692 442 1722 relaxantur.
474 1691 565 1733 Qiod
583 1702 683 1722 autem
702 1691 785 1722 idem
806 1690 981 1721 moestitiam
1001 1700 1100 1720 meam

139 1733 348 1774 reprehendit,
368 1734 450 1764 idern
460 1734 586 1773 jocum:
611 1744 721 1776 magno
732 1742 909 1774 argumento
924 1731 966 1762 est
977 1753 986 1766 ‚
1009 1742 1058 1762 me
1068 1734 1100 1762 in
1118 1765 1119 1769 Ἰ

141 1785 268 1816 utroque
278 1774 364 1805 fuisse
375 1777 575 1806 moderatum.
599 1776 785 1806 Hereditates
795 1776 874 1805 mihi
886 1774 998 1816 negasti
1012 1776 1100 1804 veni·
1116 1771 1119 1821 J

140 1827 182 1847 re.
205 1819 331 1847 Utinam
348 1818 406 1847 hoc
425 1827 511 1848 tuum
529 1828 635 1848 verum
654 1820 770 1848 crimen
789 1815 879 1847 esset:
898 1819 998 1856 plures
1009 1818 1118 1852 amici1

142 1859 219 1892 mei,
229 1858 261 1888 &
270 1857 419 1889 necess'arii
427 1860 570 1888 viverent.
592 1860 648 1890 Sed
657 1860 710 1901 qui
721 1858 797 1889 istuc
808 1860 891 1889 venit
900 1857 956 1887 tibi
966 1859 999 1886 in
1011 1868 1100 1888 men·
1116 1854 1117 1875 ¹

140 1902 223 1930 tem?
237 1910 292 1940 ego
303 1903 386 1930 enim
396 1910 442 1930 am
447 1902 526 1940 piius
537 1910 589 1930 1³-s
599 1901 755 1931 ducenties
765 1909 917 1939 acceptum
929 1899 1100 1929 hereditati-

141 1941 198 1972 bus
207 1943 305 1972 retuli.
330 1945 427 1984 Qam
441 1952 520 1972 'uam
532 1945 563 1972 in
575 1943 634 1973 hoc
643 1952 750 1984 genere
759 1941 854 1971 fateor
860 1940 1031 1970 feliciorem
1042 1939 1099 1971 esse
1116 1951 1117 1976 ᾗ

141 1992 179 2013 te.
203 1993 252 2013 me
266 1993 359 2013 nemo
371 2004 378 2016 ,
399 1953 455 2013 niz
476 1985 610 2016 amicus,
632 1985 704 2014 iecit
722 1983 864 2014 heredem
883 2002 892 2016 ,
915 1991 946 2012 ut
960 1992 1029 2012 cum
1044 1983 1099 2012 illo
1116 1990 1117 1998 ¹

138 2025 328 2058 commodo,
350 2024 461 2065 siquod
472 2035 552 2059 erat,
571 2028 667 2055 animi
685 2025 807 2065 quidam
825 2024 900 2053 dolor
918 2024 1097 2065 jungeretur:
1115 2040 1117 2060 Ι

140 2075 169 2097 te
179 2069 204 2096 is
216 2088 224 2100 ,
237 2077 328 2108 quem
339 2075 370 2096 tu
380 2066 482 2098 vidisti
493 2077 648 2108 nunquam
659 2087 667 2101 ,
680 2066 856 2097 L.Rubrius
866 2064 992 2097 Caffinas
1007 2086 1015 2099 ,
1027 2065 1100 2095 fecit
1115 2062 1117 2104 ξ

139 2109 292 2138 heredem.
316 2109 348 2138 &
359 2108 482 2149 quidem
494 2109 564 2139 vide
575 2129 584 2142 ,
598 2109 689 2150 quiim
700 2119 726 2139 te
737 2111 841 2139 amarit
852 2110 876 2138 is
886 2128 894 2142 ,
908 2109 963 2148 vqui
974 2127 982 2141 ,
998 2108 1094 2141 albus,
1115 2114 1117 2120 ⁴

138 2159 236 2180 aterve
246 2150 349 2184 fueris,
362 2153 513 2191 ignorans,
525 2150 620 2181 fratris
631 2150 729 2180 filium
739 2150 872 2191 preteriit
881 2161 893 2177 .·
907 2151 1029 2189 QFurii
1040 2150 1096 2179 ho-
1114 2144 1115 2155 ¹

138 2189 298 2222 nestissimi
311 2195 420 2234 equitis
431 2194 588 2226 Romani,
609 2193 712 2234 suique
730 2190 924 2224 amicissimi,
942 2195 1033 2232 quem
1046 2201 1098 2231 pa·
1113 2210 1115 2219 .

137 2233 199 2264 lam
212 2233 353 2264 heredem
366 2234 481 2274 semper
490 2234 652 2268 faffitarat,
677 2238 686 2253 ¹
699 2244 736 2264 ne
752 2244 866 2264 nomen
885 2234 1008 2274 quidem
1030 2243 1096 2274 per·
1113 2257 1115 2265 .

136 2274 264 2315 scripsit:
283 2284 328 2316 te,
343 2285 432 2316 quem
444 2285 614 2317 numquam
624 2275 756 2309 viderat,
771 2286 802 2306 ac
812 2285 981 2315 numquam
992 2276 1097 2306 saluta·
1113 2268 1115 2325 ἰ

137 2322 236 2351 verat,
256 2316 329 2348 fecit
340 2317 492 2356 heredem.
516 2318 618 2347 Velim
638 2319 716 2348 mihi
737 2317 835 2351 dicas,
855 2316 910 2347 nisi
930 2316 1095 2347 molestum
1113 2340 1115 2354 ‚

138 2357 181 2388 est
189 2378 198 2393 ,
210 2359 405 2390 LTurselius
415 2369 473 2400 qua
481 2357 555 2389 facie
565 2359 655 2389 suerit
666 2380 675 2392 ,
687 2370 745 2400 qua
755 2358 861 2389 statura
871 2379 879 2392 ,
892 2369 952 2399 quo
964 2360 1095 2388 munici-
1113 2357 1115 2388 l

137 2401 208 2440 pio,
228 2411 286 2442 qua
302 2400 396 2431 tribu:
421 2401 501 2430 nihil
520 2401 600 2434 scio,
623 2402 762 2442 inquies,
784 2399 838 2430 nisi
850 2411 916 2441 quae
930 2400 1034 2442 pradia
1043 2402 1095 2430 ha·
1113 2393 1115 2433 ,l

137 2442 244 2473 buerit.
270 2445 364 2484 Igitur
380 2441 500 2473 fratrem
522 2443 705 2479 exheredans
717 2464 726 2476 ,
746 2453 774 2473 te
793 2442 919 2473 faciebat
936 2442 1093 2473 heredem.
1113 2440 1114 2459 ³

139 2485 175 2523 In
197 2484 305 2514 multas
325 2494 462 2524 praeterea
481 2487 624 2525 pecunias
642 2483 896 2515 alienissimorum
915 2484 1093 2519 hominum,
1112 2495 1115 2540 Ι

137 2525 242 2566 ejefiris
251 2527 327 2556 veris
335 2526 506 2560 heredibus,
517 2534 655 2568 tanquam
666 2528 750 2556 heres
758 2524 840 2559 esset,
852 2524 966 2556 invasit.
980 2529 1095 2565 Quam·
1112 2541 1114 2566 3

136 2577 226 2608 quam
242 2568 299 2597 hoc
312 2568 446 2599 maxime
459 2568 621 2599 admiratus
635 2568 699 2599 sum
712 2589 720 2602 ,
732 2570 925 2598 mentionem
937 2571 965 2598 te
977 2569 1093 2599 heredi-
1112 2570 1114 2599 l

136 2617 231 2639 tatum
240 2609 346 2640 ausum
357 2609 415 2639 effe
424 2609 518 2641 facere
529 2631 537 2645 ,
557 2610 628 2641 cum
642 2611 703 2650 ipse
718 2610 915 2640 hereditatem
928 2611 1016 2649 patris
1031 2621 1095 2640 non
1110 2601 1114 2655 ὲ

76 2657 117 2690 17
135 2650 249 2681 adisses.
274 2653 346 2681 Haec
359 2661 388 2682 ut
397 2653 553 2693 colligeres
564 2673 573 2687 ,
588 2654 684 2682 homo
695 2650 897 2682 amentissime
907 2671 915 2685 ,
930 2651 1048 2681 totdies
1061 2654 1093 2682 in
1110 2666 1112 2668 ·

133 2693 230 2723 aliena
240 2694 312 2723 villa
320 2693 490 2725 declamasti
502 2701 512 2726 ?
527 2704 707 2735 quamquam
719 2703 750 2723 tu
761 2693 885 2734 quidem
895 2693 940 2731 (ut
951 2695 995 2723 tui
1004 2693 1094 2724 fami-

134 2734 283 2765 liariflimi
300 2735 452 2777 dizffltant)
470 2738 535 2766 vini
556 2735 715 2766 exhalandi
730 2755 738 2769 ,
768 2745 832 2765 non
855 2735 958 2775 ingenii
976 2735 1093 2764 acuendi
1109 2753 1112 2791 ι

134 2777 216 2808 causa
228 2777 409 2808 declamitas.
433 2781 472 2810 Et
491 2776 562 2808 vcro
581 2778 703 2809 adhibes
720 2779 782 2818 joci
801 2776 883 2807 causa
903 2776 1090 2818 magistrum3
1109 2794 1112 2817 Ι

1150 357 1268 400 minem
1280 359 1286 385 ¹.
1303 357 1351 387 sed
1363 368 1483 389 materia
1491 359 1588 390 facilis
1597 380 1605 394 ,
1619 363 1650 390 in
1660 370 1688 391 te
1699 382 1708 394 ,
1721 364 1732 388 3
1745 361 1819 391 &in
1831 370 1898 391 tuos
1907 360 1984 390 ditia
1995 360 2103 390 dicere·

1149 395 1226 424 Vide
1241 406 1341 427 autem
1354 419 1362 432 ‚
1383 402 1462 430 inter
1479 410 1506 431 te
1517 421 1524 434 ,
1547 402 1579 431 &
1590 412 1679 433 avum
1693 412 1780 432 tuum
1793 423 1801 436 ,
1821 402 1895 443 quid
1908 401 2030 432 intersit.
2053 401 2106 432 ille

1148 436 1255 466 sensim
1266 439 1399 474 dicebat,
1411 442 1492 481 quod
1503 453 1554 473 cau
1561 445 1594 473 ΓΞ
1604 441 1767 483 prodesset:
1789 453 1819 474 tu
1831 443 1936 474 cursim
1949 444 2023 474 dicis
2032 444 2104 474 alie-

1148 488 1197 508 na.
1221 483 1259 508 At
1269 489 1377 526 quanta
1387 493 1486 512 merces
1495 485 1602 514 rhetori
1613 486 1678 516 data
1687 486 1749 518 est?
1771 486 1882 516 Audite
1892 505 1900 519 2
1912 485 2019 518 audit&
2031 487 2100 516 P-C·

1147 520 1179 549 &
1197 521 1366 567 cognoscite
1385 526 1459 562 reip.
1476 526 1609 556 vulnera.
1642 527 1703 557 duo
1725 528 1824 558 millia
1843 529 1981 569 jugerum
2004 529 2102 567 campi

1147 563 1292 592 Leontini
1301 565 1368 592 Sex.
1379 565 1488 595 Clodio
1498 567 1607 596 rhetori
1618 568 1764 609 assignasti
1775 590 1783 604 ,
1806 570 1839 599 &
1848 569 1973 610 quidem
1985 571 2101 598 immu-

1147 605 1195 633 nia
1205 624 1213 638 ,
1235 614 1267 634 ut
1279 614 1333 646 pro
1343 614 1422 635 tanta
1431 609 1565 637 mercede
1577 610 1747 651 nihilfizpere
1755 611 1889 642 disceres.
1913 614 1998 641 Num
2009 612 2100 640 etiam

1145 645 1223 679 hoc,
1245 647 1341 676 homo
1360 647 1548 678 audacissime
1560 669 1568 683 ‚
1591 661 1629 680 ex
1641 653 1760 682 Caesaris
1778 654 2024 683 commentariis?
2045 650 2102 682 Sed

1145 687 1242 717 dicam
1254 688 1314 717 alio
1324 688 1392 718 loco
1404 689 1436 718 ὃς
1447 689 1483 719 de
1491 692 1645 721 Leontino
1656 703 1724 733 agro
1733 714 1740 726 ‚
1755 695 1786 723 δε
1796 694 1832 724 de
1842 697 2010 735 Campano:
2025 703 2102 735 quos

1144 727 1198 758 iste
1213 739 1296 770 agros
1309 739 1424 770 ereptos
1437 730 1540 772 reipub>
1555 732 1729 772 turpissimis
1743 734 1950 774 possessoribus
1960 737 2102 776 inquina-

1124 782 1126 798 :
1143 772 1198 800 vit.
1219 772 1288 812 Jam
1298 774 1382 801 enim
1395 792 1403 806 ,
1424 776 1570 814 quoniam
1586 776 1767 805 criminibus
1781 778 1843 815 ejus
1862 778 1927 807 satis
1946 777 2098 817 respondi,

1124 813 1126 820 ¹
1142 811 1179 841 de
1198 813 1264 852 ipso
1284 814 1476 845 emendatore
1487 836 1496 848 ,
1517 816 1550 845 &
1560 816 1727 846 corre&ore
1738 817 1840 848 nostro
1849 819 1983 858 quaedam
1995 819 2099 848 dicen-

1143 853 1178 884 da
1190 854 1267 884 sunt.
1290 865 1346 885 nec
1364 858 1449 886 enim
1465 859 1570 887 omnia
1587 857 1741 888 effundam
1754 879 1762 892 ,
1783 869 1833 892 ut,
1853 859 2099 899 fisaepiusdecer-

1142 896 1268 926 tandum
1279 895 1313 926 fit
1323 917 1332 930 ‚
1353 907 1385 927 ut
1395 900 1450 928 erit
1459 919 1467 933 ‚
1486 899 1601 939 semper
1612 910 1709 930 novus
1719 903 1839 931 veniam
1853 912 1857 929 :
1878 911 1968 941 quam
1978 901 2101 932 faculta-

1143 946 1203 967 tem
1216 940 1293 968 mihi
1307 940 1471 970 multitudo
1481 940 1565 971 istius
1575 943 1720 972 vitiorum
1732 962 1741 976 ,
1755 951 2002 983 peccatorumque
2013 944 2099 984 largi-

1138 988 1197 1009 tur.
1221 981 1313 1010 Visne
1322 983 1413 1022 igitur
1423 991 1450 1012 te
1460 983 1653 1023 inspiciamus
1663 983 1677 1014 'a
1687 991 1799 1024 puero?
1810 983 1848 1014 fic
1858 986 1977 1024 opinor.
1993 985 2007 1014 {i
2016 987 2100 1024 prin-

1140 1022 1222 1061 cipio
1231 1022 1396 1053 ordiamur.
1421 1025 1560 1054 Tenesne
1571 1027 1719 1056 memoria
1730 1047 1739 1060 ‚
1758 1035 1966 1066 praetextatum
1982 1035 2008 1055 te
2022 1026 2099 1055 deco·
2124 1029 2162 1061 13

1139 1062 1230 1102 xzffe?
1252 1066 1344 1094 Patris
1354 1085 1363 1099 ,
1374 1067 1493 1106 inquies
1503 1087 1512 1100 ,
1525 1066 1576 1097 isti
1587 1069 1672 1108 culpa
1682 1067 1731 1098 est.
1757 1067 1904 1098 concedo.
1928 1070 2041 1098 etenim
2056 1067 2098 1098 est

1139 1107 1256 1145 pietatis
1264 1106 1352 1146 plena
1362 1107 1504 1138 defensio.
1533 1110 1612 1139 Illud
1624 1119 1722 1139 tamen
1732 1110 1859 1140 audaciae
1870 1119 1927 1139 tuae
1939 1130 1947 1143 ,
1962 1108 2044 1150 quod
2057 1110 2101 1139 se-

1145 1146 1213 1177 disti
1225 1150 1256 1177 in
1267 1149 1506 1188 quattuordecim
1517 1151 1686 1185 ordinibus,
1694 1151 1765 1182 cum
1777 1150 1847 1182 esset
1857 1152 1920 1193 lege
1929 1151 2039 1182 Roscia
2049 1151 2102 1181 ‹le-

1141 1188 1314 1220 coEtoribus
1324 1200 1419 1221 certus
1429 1192 1512 1221 locus
1522 1193 1701 1223 constitutus
1713 1214 1721 1228 ‚
1741 1195 1878 1234 quamvis
1889 1195 1956 1234 quis
1969 1192 2098 1223 fortuna:

1141 1233 1229 1265 vitio,
1243 1241 1307 1261 non
1317 1232 1370 1262 suo
1381 1233 1554 1264 decoxisset.
1577 1234 1708 1265 Sumsisti
1720 1236 1840 1265 virilem
1853 1244 1952 1276 togam
1964 1255 1971 1268 ,
1982 1239 2099 1276 ‘squam

1142 1272 1241 1303 statim
1260 1274 1443 1304 muliebrem
1462 1275 1570 1306 stolam
1589 1276 1754 1308 reddidisti.
1776 1276 1878 1317 primo
1888 1277 2008 1317 vulgare
2021 1276 2101 1307 sco:-

1141 1324 1206 1344 tum
1219 1327 1224 1344 ;
1240 1325 1316 1346 certa
1326 1314 1432 1357 flagitii
1443 1327 1555 1348 merces
1565 1339 1573 1351 ‚
1591 1329 1646 1349 nec
1656 1329 1688 1349 ea
1697 1329 1802 1359 parva:
1819 1319 1869 1349 sed
1878 1317 1940 1349 cito
1950 1320 2041 1348 Curio
2050 1321 2101 1348 in-

1141 1359 1270 1388 tervenit
1280 1377 1288 1391 ,
1300 1360 1352 1398 qui
1365 1369 1391 1389 te
1401 1360 1416 1389 a
1428 1362 1598 1390 meretricio
1607 1360 1720 1402 quaestu
1730 1360 1856 1391 abduxit
1869 1371 1873 1389 z
1890 1360 1921 1390 δε
1932 1380 1940 1394 ,
1956 1370 2099 1400 tanquam

1141 1397 1248 1429 stolam
1259 1398 1400 1435 dedisset,
1423 1404 1453 1432 in
1472 1404 1673 1433 matrimonio
1691 1402 1807 1436 stabili,
1828 1402 1860 1432 ὃς
1877 1411 1957 1432 certo
1978 1402 2099 1432 locavit.

1143 1443 1247 1471 Nemo
1258 1441 1402 1482 umquam
1413 1453 1484 1483 puer
1495 1454 1595 1474 emtus
1607 1444 1743 1475 libidinis
1752 1444 1833 1475 causa
1843 1464 1852 1478 ,
1863 1453 1922 1474 tam
1933 1443 1993 1473 fuit
2001 1445 2033 1473 in
2044 1443 2100 1473 do-

1141 1485 1219 1512 mini
1235 1483 1376 1524 potestate
1389 1505 1397 1518 ,
1417 1495 1506 1525 quam
1519 1495 1549 1516 tu
1561 1489 1592 1516 in
1604 1488 1755 1516 Curionis.
1778 1488 1898 1527 quoties
1909 1495 1937 1515 te
1946 1494 2026 1526 pater
2035 1487 2099 1525 ejus

1140 1524 1235 1554 domo
1250 1526 1297 1555 sua
1311 1526 1418 1565 ejecit?
1438 1530 1555 1567 quoties
1565 1528 1702 1558 custodes
1712 1528 1831 1568 posuit,
1843 1534 1891 1557 'ne
1901 1528 1996 1557 limen
2007 1528 2099 1557 intra-

1140 1576 1184 1595 res
1198 1568 1205 1592 ?
1216 1577 1285 1596 cum
1296 1577 1398 1597 tamen
1409 1576 1439 1597 tu
1450 1588 1458 1601 ,
1472 1569 1562 1598 noCte
1574 1570 1651 1600 socia
1661 1591 1669 1603 ,
1682 1571 1820 1599 hortante
1831 1569 1959 1599 libidine
1969 1589 1977 1603 ‚
1989 1579 2101 1609 cogen-

1140 1616 1167 1637 te
1179 1609 1314 1639 mercede
1326 1629 1334 1642 ,
1354 1619 1406 1649 per
1420 1610 1530 1651 tegulas
1543 1612 1743 1641 demitterere.
1767 1615 1853 1651 5quae
1864 1610 1973 1651 flagitia
1983 1610 2096 1640 domus

1139 1649 1190 1679 illa
1200 1649 1314 1680 diutius
1323 1651 1398 1681 ferre
1408 1661 1473 1681 non
1483 1655 1591 1692 potuit.
1602 1654 1703 1683 Scisne
1714 1663 1763 1682 me
1774 1653 1809 1682 de
1820 1653 1906 1683 rebus
1917 1654 1994 1682 mihi
2005 1652 2102 1682 notis-

1139 1690 1220 1721 simis
1231 1692 1347 1722 dicere?
1358 1693 1509 1724 recordare
1521 1703 1639 1735 tempus
1649 1694 1737 1729 illud,
1747 1705 1817 1724 cum
1827 1703 1910 1734 pater
1919 1696 2010 1724 Curio
2020 1703 2101 1725 moe-

1138 1744 1205 1763 rens
1218 1734 1326 1770 jacebat
1336 1736 1369 1765 in
1378 1734 1476 1765 Ie&o:
1500 1735 1580 1766 filius
1599 1737 1627 1767 se
1641 1737 1676 1767 ad
1690 1737 1780 1776 pedes
1794 1746 1881 1766 meos
1893 1735 2096 1776 prosternens,

1138 1776 1302 1816 lacrymans
1313 1796 1322 1810 ,
1343 1786 1370 1807 te
1391 1778 1468 1807 mihi
1486 1778 1721 1809 commendabat
1733 1789 1738 1808 ε
1759 1778 1859 1809 orabat
1869 1798 1878 1812 ,
1898 1787 1931 1808 ut
1951 1787 1978 1808 te
1996 1786 2100 1808 contra

1137 1818 1224 1848 suum
1239 1827 1351 1858 patrem
1365 1840 1374 1852 ,
1393 1817 1414 1848 sl
1425 1818 1591 1850 sestertium
1602 1821 1732 1860 sexagies
1740 1829 1871 1860 peteret,
1891 1819 2097 1850 defenderem:

1135 1857 1150 1879 ⁶
1160 1869 1275 1890 tantum
1288 1863 1370 1890 enim
1386 1862 1413 1891 se
1429 1871 1483 1901 pro
1495 1871 1521 1892 te
1533 1860 1732 1892 intercessisse.
1755 1862 1818 1901 ipse
1827 1870 1925 1891 autem
1938 1871 2041 1892 amore
2052 1871 2099 1891 ar-

1136 1901 1209 1931 dens
1219 1901 1415 1932 confirmabat
1426 1923 1435 1936 ‚
1454 1904 1536 1943 quod
1557 1903 1736 1933 desiderium
1751 1905 1794 1932 tui
1809 1902 1927 1933 discidii
1940 1902 2017 1933 ferre
2031 1913 2098 1933 non

1135 1941 1230 1982 posset
1240 1963 1248 1976 ,
1266 1943 1294 1973 se
1308 1944 1341 1972 in
1353 1943 1491 1974 exsilium
1502 1943 1559 1974 esse
1569 1947 1695 1975 iturum.
1718 1946 1788 1986 Qo
1801 1954 1855 1985 ego
1869 1953 2004 1984 tempore
2014 1953 2093 1975 tanta

1136 1985 1213 2014 mala
1223 1983 1438 2015 florentiffimae
1451 1991 1465 2014 7
1474 1985 1597 2016 familiae
1606 1986 1720 2019 sedavi,
1733 1986 1780 2015 vel
1791 1988 1893 2026 potius
1905 1985 2019 2017 sustuli.
2041 1996 2094 2026 pa-

1136 2028 1171 2056 tri
1183 2025 1307 2066 persuasi
1318 2046 1326 2059 ,
1346 2036 1378 2056 ut
1388 2036 1426 2056 aes
1435 2028 1568 2057 alienum
1581 2026 1637 2057 filii
1646 2026 1833 2057 dissolveret:
1851 2027 2093 2057 redimeretado-

1134 2068 1293 2098 lescentem
1307 2088 1315 2101 ,
1331 2068 1449 2098 summa
1457 2069 1506 2109 spe
1518 2070 1550 2099 δε
1559 2072 1674 2103 animi,
1687 2069 1720 2099 &
1731 2071 1845 2111 ingenii
1855 2069 2015 2109 praeditum
2027 2089 2036 2103 ‚
2050 2070 2093 2099 rei

1133 2109 1289 2140 familiaris
1299 2109 1488 2141 facultatibus
1500 2121 1506 2140 z
1525 2121 1656 2152 eumque
1668 2111 1683 2141 a
1693 2121 1741 2141 tua
1753 2122 1818 2141 non
1829 2110 1924 2141 modo
1934 2110 2094 2141 familiari-

1135 2161 1190 2182 tate
1203 2172 1211 2185 ,
1224 2151 1272 2182 sed
1283 2153 1371 2182 etiam
1382 2151 1589 2193 congressione
1599 2173 1608 2186 ,
1626 2154 1788 2192 patriojure
1797 2173 1805 2187 ,
1825 2153 1858 2183 δε
1868 2152 2011 2192 potestate
2023 2162 2094 2192 pro-

1136 2193 1260 2224 hiberet.
1284 2191 1358 2224 Haec
1368 2203 1397 2223 tu
1409 2214 1417 2228 ,
1437 2194 1508 2224 cum
1522 2205 1574 2235 per
1588 2205 1637 2225 me
1651 2194 1713 2225 asta
1725 2194 1912 2225 meminisses
1925 2206 1930 2224 :
1950 2193 2005 2224 nifi
2016 2195 2091 2229 illis,

1133 2245 1208 2276 quos
1218 2235 1360 2265 videmus
1370 2256 1377 2268 ,
1387 2236 1493 2277 gladiis
1504 2235 1682 2270 confideres,
1693 2236 1862 2267 maledidiis
1873 2247 1922 2267 me
1932 2247 2093 2276 provocare

1134 2278 1219 2308 ausus
1231 2276 1324 2307 effes?
1346 2280 1402 2308 Sed
1409 2278 1472 2316 jam
1484 2277 1591 2323 stupra,
1605 2279 1637 2308 &
1648 2278 1759 2320 flagitia
1768 2282 1920 2312 omittam,
1931 2279 1999 2309 sunt
2008 2289 2092 2319 qua:—
2119 2290 2160 2322 ¹9

1133 2319 1203 2349 dam
1214 2339 1222 2352 ‚
1233 2329 1299 2360 quae
1310 2318 1412 2355 honeste
1421 2329 1485 2349 non
1494 2319 1613 2360 possum
1626 2321 1724 2350 dicere
1736 2331 1741 2350 :
1758 2329 1789 2350 tu
1800 2330 1900 2350 autem
1910 2331 1947 2350 eo
1960 2321 2092 2354 liberior,

1132 2359 1216 2402 quod
1237 2371 1270 2390 ea
1289 2363 1322 2390 in
1343 2370 1370 2390 te
1387 2360 1548 2395 admisisti,
1569 2373 1635 2403 quae
1649 2362 1983 2393 averecundoinimico
1994 2362 2094 2392 audire

1133 2413 1197 2433 non
1208 2401 1315 2443 posses.
1338 2402 1393 2434 Sed
1404 2403 1556 2444 reliquum
1568 2407 1636 2434 vitae
1650 2404 1768 2434 cursum
1783 2404 1899 2434 videte:
1922 2415 2010 2445 quem
2023 2405 2094 2444 qui-

1133 2444 1203 2475 dem
1213 2444 1558 2486 celenterpeistringam.
1582 2446 1617 2476 ad
1626 2447 1690 2476 haec
1700 2448 1782 2475 enim
1794 2467 1802 2479 ,
1815 2456 1879 2487 quae
1889 2448 1921 2475 in
1931 2447 2016 2476 civili
2027 2445 2091 2475 bel-

1134 2485 1164 2519 lo
1176 2507 1185 2520 ‚
1206 2486 1402 2528 inma'ximis
1419 2489 1495 2527 reip.
1508 2489 1638 2518 miseriis
1652 2487 1723 2518 fecit
1736 2508 1744 2521 2
1765 2488 1797 2518 δε
1809 2498 1841 2517 ea
1852 2507 1860 2520 ,
1880 2498 1944 2528 quae
1955 2486 2093 2527 quotidie

1133 2528 1224 2562 facit,
1245 2528 1365 2559 festinat
1381 2531 1512 2560 animus.
1536 2540 1601 2570 quae
1615 2538 1684 2569 peto
1697 2550 1704 2562 ‚
1726 2538 1758 2558 ut
1769 2549 1777 2562 ,
1798 2539 1980 2570 quamquam
1992 2528 2092 2559 multo

1133 2572 1252 2601 notiora
1262 2571 1351 2601 vob‘is
1362 2591 1370 2603 ,
1383 2573 1472 2611 quam
1483 2572 1560 2601 mihi
1571 2572 1638 2601 sunt
1651 2591 1659 2604 ,
1673 2580 1773 2600 tamen
1785 2590 1793 2603 ,
1811 2581 1842 2600 ut
1851 2570 1947 2600 facitis
1958 2591 1966 2604 ‚
1978 2570 2090 2600 attente

1133 2613 1266 2643 audiatis.
1290 2613 1378 2643 debet
1394 2614 1476 2642 enim
1491 2613 1598 2642 talibus
1614 2616 1645 2642 iii
1659 2613 1745 2641 rebus
1757 2614 1883 2642 excitare
1893 2615 2014 2643 animos
2025 2622 2090 2643 non

1133 2657 1268 2696 cognitio
1285 2653 1385 2685 solum
1403 2664 1502 2684 rerum
1514 2674 1522 2688 ‚
1543 2654 1589 2684 sed
1601 2657 1692 2684 etiam
1702 2654 1861 2683 recordatio.
1884 2653 1998 2685 tametsi
2012 2656 2091 2684 inci-

1131 2697 1237 2727 damus
1249 2705 1366 2736 oportet
1376 2695 1476 2725 media
1486 2716 1494 2729 ,
1508 2706 1545 2726 ne
1556 2698 1650 2725 nimis
1660 2695 1723 2725 seio
1734 2695 1768 2725 ad
1779 2705 1913 2727 extrema
1921 2698 2090 2727 veniamus.

1133 2741 1264 2768 Intimus
1275 2746 1333 2767 erat
1344 2748 1376 2767 in
1387 2738 1538 2767 tribunatu
1549 2738 1658 2767 Clodio
1671 2748 1675 2766 :
1689 2740 1741 2778 qui
1752 2738 1801 2768 sua
1810 2748 1875 2779 erga
1885 2749 1935 2768 me
1946 2737 2092 2768 beneficia

1134 2789 1364 2811 commemorat.
1380 2780 1442 2820 ejus
1453 2789 1595 2810 omnium
1606 2780 1820 2810 incendiorum
1829 2780 1890 2811 sax.
1904 2781 1989 2820 cujus
1998 2782 2089 2810 etiarn

2003 2821 2091 2852 domi

174 2915 198 2932 1.
217 2911 252 2933 Νι·
260 2917 339 2935 nomen
348 2909 439 2942 quidem
447 2908 602 2942 persii-ipſsa]
624 2907 768 2934 Lambinus
787 2907 885 2943 aliique
903 2907 976 2934 varic
997 2916 1088 2934 emen-

135 2941 210 2973 dant,
220 2943 261 2968 sed
271 2952 366 2979 praetei·
376 2945 456 2971 libros
467 2944 579 2971 nostros.

171 2987 199 3004 2.
220 2982 249 3003 Ut
256 2983 281 3004 in
290 2987 312 3004 ιι·
329 2989 377 3014 quae
393 2982 462 3006 »vellet
478 2981 587 3015 diceret]
609 2980 652 3006 Sic
661 2980 728 3007 Pall.
741 2979 855 3015 eddque
869 2979 982 3015 :nitiquae
996 2999 1003 3010 ‚
1023 2978 1088 3005 item

134 3012 295 3041 victoriana.
315 3023 342 3041 :it
353 3016 525 3043 Lambiniana
536 3026 588 3043 non
599 3026 649 3042 una
662 3026 669 3048 ;
689 3024 716 3041 ur
724 3026 768 3042 non
777 3020 802 3042 in
812 3023 833 3041 te
851 3027 899 3051 ‘1¹¹‘
907 3017 977 3041 ‘tellit
986 3017 1071 3040 diceret
1082 3027 1090 3046 ‚-

130 3050 206 3082 fi-ii'n
215 3059 281 3083 quem
291 3052 358 3076 vellet
370 3070 378 3083 ,
396 3052 481 3078 diceret
493 3072 501 3084 ‚
520 3052 688 3088 repraesentat
700 3054 728 3082 iii
741 3059 868 3079 contextu
881 3062 889 3084 3
911 3052 981 3089 quod
997 3059 1087 3078 natiiiii

135 3084 247 3121 suspicor
258 3087 272 3111 ii
283 3086 352 3112 male
361 3087 500 3114 inteller
515 3089 647 3116 Ferrario.

171 3129 198 3156 3.
218 3125 251 3146 Et
259 3124 285 3146 in
294 3129 344 3146 tuos
354 3122 418 3148 Ama
427 3123 525 3158 dicem]
543 3125 666 3151 Schnttus
677 3124 763 3152 noster
774 3134 827 3161 cap.
843 3134 898 3151 xri.
913 3122 1088 3158 abjiciendum

139 3156 224 3183 censet
235 3158 309 3188 dreia,
320 3165 364 3183 aut
374 3158 447 3183 dit-ere
457 3159 610 3186 mutandum
622 3161 744 3194 injacerc.

168 3200 195 3224 4.
215 3194 378 3225 Qamstau'm
388 3196 605 3227 muliebremstolam
615 3197 762 3232 reddidisti]
773 3197 852 3222 Nihil
866 3197 969 3224 variant
979 3195 1035 3222 mss.
1041 3206 1088 3222 no-

130 3227 188 3257 stri.
208 3228 282 3255 ldein
292 3229 390 3257 :unicus
409 3230 495 3257 noster
514 3238 605 3259 monet
615 3232 744 3259 Faenium
763 3231 872 3261 edidisse
891 3236 904 3261 c
926 3233 1009 3260 veteri
1029 3231 1086 3260 cod.

1132 2879 1159 2888 a-

1132 2908 1255 2934 Romano
1269 2927 1276 2940 ‚
1296 2910 1428 2934 nnita-brem
1445 2915 1528 2941 togam.
1557 2917 1606 2943 ego
1626 2913 1709 2933 totam
1725 2906 1797 2933 illam
1816 2915 1908 2932 vocem
1929 2906 2087 2933 eradicatam

1133 2944 1250 2971 mallem.
1273 2944 1416 2971 Lambinus
1428 2952 1516 2979 togam
1528 2944 1622 2970 Fas-‘rni
1634 2943 1732 2979 recepit
1742 2943 1767 2969 in
1779 2950 1949 2969 contextum.

1168 2989 1194 3014 5.
1216 2982 1376 3014 Qaeflagitm
1386 2980 1465 3005 domm
1481 2982 1522 3005 illa
1532 2980 1623 3005 diutius
1634 2981 1701 3013 firi-e
1718 2989 1762 3005 mm
1775 2980 1887 3013 petisia]
1909 2978 2087 3005 Gemblacen·

1132 3015 1161 3042 sis
1176 3036 1182 3047 ,
1201 3027 1245 3051 quo
1257 3019 1351 3051 flagelio
1369 3017 1447 3041 demur
1464 3018 1506 3041 illa
1523 3017 1614 3041 diutim
1626 3018 1692 3049 stare
1708 3026 1753 3041 uon
1769 3018 1855 3049 potuit.
1884 3016 1953 3050 quod
1973 3015 2087 3041 adnim-

1133 3052 1197 3078 bunt
1208 3051 1239 3078 ad
1261 3051 1373 3078 historia:
1383 3051 1500 3087 Lydium
1513 3051 1625 3088 lapidem
1645 3052 1792 3079 otiosiores.
1809 3060 1867 3078 nam
1880 3051 1943 3077 inihi
1957 3050 2031 3077 valde
2040 3050 2088 3077 ad-

1135 3087 1252 3114 lubescit.
1891 3089 1896 3098 “

1169 3125 1197 3150 6.
1218 3126 1318 3150 Tantum
1328 3127 1389 3150 enlm
1401 3125 1427 3157 se
1442 3132 1484 3157 pro
1493 3132 1514 3150 re
1531 3125 1698 3159 interced—[lissa]
1721 3125 1829 3150 Secutus
1841 3123 1896 3150 sum
1907 3131 1959 3150 tres
1972 3122 2088 3150 Ferrarii

1133 3160 1209 3187 codd.
1223 3160 1324 3195 vulgati
1333 3160 1484 3191 adiecerant
1495 3161 1579 3187 adhue
1591 3170 1680 3187 rocem
1691 3162 1791 3186 dicebiir.

1169 3205 1196 3230 7.
1216 3197 1407 3230 &malefida-vi
1417 3198 1655 3233 velpotiusficstulr]
1677 3196 1799 3225 Lilieiilis
1810 3205 1838 3225 ac
1848 3196 1936 3223 Maur.
1947 3194 2092 3228 nonsm'avt'i

1128 3233 1257 3267 scissem-‘ue
1270 3232 1330 3267 first,

2012 3274 2021 3292 l
2030 3264 2100 3292 ‚150st
