2295 3400
151 169 247 232 448
563 160 1073 209 M.Tut,1,11
1152 154 1694 202 Cicanonis

154 249 190 280 ad
213 245 427 290 perficientium
447 246 578 274 hortatus
598 242 672 273 suin.
705 242 767 272 Nu
780 247 859 270 LLA
871 248 897 269 M
918 238 1003 268 enirn
1024 236 1118 266 virtus
1164 233 1222 265 five
1237 233 1252 264 a
1269 242 1339 264 meo
1349 232 1434 263 sensu
1443 231 1509 273 post
1519 241 1650 265 mortem
1671 230 1828 264 xabfutura
1838 229 1899 266 est,
1922 229 2000 267 five,
2019 240 2052 264 ut
2071 232 2116 265 sa-

156 292 246 321 aliam
258 288 427 320 mercedem
441 286 576 316 laborum
587 305 595 318 ,
610 283 872 325 periculorumque
883 278 1034 311 desiderat,
1045 286 1122 316 prae-
1163 273 1339 318 pientissimi
1349 276 1489 304 homines
1498 284 1685 315 putaverunt,
1696 275 1731 305 ad
1739 275 1868 315 aliquam
1879 274 1970 303 animi
1981 276 2040 304 mei
2050 285 2116 316 par-
2152 276 2153 280 ’

162 340 206 362 ter
222 334 296 361 hanc
307 329 400 358 laudis
413 348 421 361 ,
444 327 475 358 δε
486 328 605 369 gloriae:
625 335 681 366 qua
690 323 814 366 quidem
824 320 953 352 deti-asta
965 340 974 354 a
990 319 1119 360 Jud‘ices,
1163 328 1225 349 tem
1244 316 1420 358 pertinebit:
1441 325 1523 346 nunc
1537 316 1662 357 quidem
1679 316 1755 347 certe
1774 318 1955 357 cogitatione
1973 316 2115 356 quadam,

164 372 237 414 quid
249 371 290 402 est
301 390 309 405 ‚
326 369 409 411 quod
425 371 458 399 in
474 370 532 399 hoc
548 376 609 398 tam
627 368 738 408 exiguo
755 367 824 395 vita:
840 361 976 393 curriculo
989 381 997 395 ,
1016 361 1120 391 &tam
1164 360 1272 401 speque
1291 357 1432 388 delector.
1466 359 1561 398 Qare
1580 359 1751 388 conservate
1768 378 1776 391 ‚
1797 358 1913 397 judices
1924 377 1931 391 ,
1955 359 2117 388 hominem

166 415 268 446 brevi,
289 413 378 442 tantis
398 421 454 440 nos
472 411 506 441 in
527 409 678 440 laboribus
696 414 887 438 exerceamus
906 406 917 433 ?
939 402 1023 433 Certe
1043 423 1052 437 ,
1084 411 1120 432 ει
1164 401 1277 442 pudore
1293 409 1331 429 eo
1349 418 1358 433 ‚
1382 403 1498 439 ²quem
1508 401 1674 430 amicorum
1682 398 1780 435 studiis
1790 399 1898 429 videtis
1915 399 2116 439 comprobari,

166 465 188 485 r:
203 465 211 484 i
224 464 245 484 H
257 464 267 484 r
279 465 298 483 L
320 456 441 483 animus
454 452 636 492 praesentiret
646 452 677 479 in
689 448 840 489 posterum
851 467 861 480 ,
881 446 913 476 &
925 465 933 480 ‚
952 443 972 474 si
983 465 991 479 ,
1012 444 1122 486 quibus
1145 470 1146 474 ,
1166 453 1229 474 tum
1241 441 1384 482 dignitate
1394 461 1403 474 ‚
1416 450 1481 470 tum
1492 442 1580 470 etiam
1593 439 1759 471 venustate:
1774 443 1898 481 ingenio
1909 450 2007 471 autem
2020 449 2117 473 tanto,

165 495 342 537 regionibus
361 496 431 524 vitae
448 495 574 534 spatium
595 490 851 530 circumscriptum
870 487 913 518 est
927 507 935 521 ‚
954 486 1067 517 eisdem
1087 496 1121 515 o·-
1144 512 1146 524 ι
1165 493 1311 526 quantum
1321 482 1352 512 id
1361 481 1696 515 convenitexistimari,
1715 481 1796 523 quod
1808 483 1996 513 summorum
2014 483 2120 512 homi-

167 534 267 568 mneis
275 538 471 578 cogitationes
481 536 652 564 terminaret
663 533 727 563 suas
743 542 748 561 :
772 541 826 561 nec
836 539 923 560 tantis
935 529 962 559 se
971 527 1122 558 laboribus
1144 531 1147 549 l
1167 536 1243 556 num
1254 526 1383 566 ingeniis
1393 525 1560 564 expetitum
1569 522 1626 553 effe
1635 521 1778 553 videatis:
1795 524 1879 554 causa
1894 523 1967 554 vero
1983 523 2119 563 ejusmo-

165 579 312 620 frangeret
323 599 330 611 ,
353 587 450 618 neque
468 586 512 606 tot
530 577 627 609 curis,
648 573 817 616 vigiliisque
833 580 1007 612 angeretur,
1027 578 1125 609 neque
1165 568 1196 601 di
1208 588 1217 602 ‚
1231 577 1297 608 quae
1308 563 1456 597 beneficio
1467 565 1539 609 legis
1550 584 1558 598 ‚
1570 564 1743 595 audierit-ate
1753 566 1911 604 municipii
1922 583 1931 598 ‚
1944 563 2121 595 testimonio

166 623 257 651 toties
271 620 307 649 de
320 621 382 650 vita
394 619 451 659 ipsa
461 618 625 648 dimicaret.
647 626 728 646 nunc
739 613 845 644 insidet
853 613 990 654 quaedam
1001 614 1032 640 in
1043 612 1125 650 opti-
1168 609 1307 641 Luculli,
1327 607 1437 637 tabulis
1445 607 1561 636 Metelli
1572 606 1795 646 comprobetur.
1849 615 1893 635 uae
1908 605 1980 637 cum
1996 606 2036 636 ita
2052 604 2119 636 sint:

171 672 225 691 mo
240 671 360 702 quoque
378 662 491 694 viam,
510 669 576 701 quae
593 657 726 691 noCteis,
749 656 780 686 &
793 656 856 685 dies
869 657 1006 684 animum
1021 653 1123 692 gloriae
1166 659 1298 694 petimus
1314 649 1331 679 a
1346 648 1433 679 vobis
1444 668 1452 681 ‚
1470 648 1586 688 judices
1599 668 1607 680 ,
1628 646 1707 688 siqua
1716 657 1780 677 non
1791 657 1843 677 rno
1866 647 1886 677 ὸ
1897 649 2046 682 humana,
2067 657 2122 677 ve-

171 703 304 734 stimulis
316 704 463 736 concitat,
482 709 568 742 atque
577 700 720 730 admonet
731 718 738 732 ‚
754 707 818 727 non
828 706 899 727 cum
910 697 979 725 vitae
990 703 1126 734 tempore
1147 705 1149 710 ·
1168 702 1239 723 rum
1256 692 1347 722 etiam
1368 690 1472 721 divina
1490 691 1521 719 in
1541 691 1631 720 tantis
1647 691 1776 730 negotiis
1792 688 2018 720 commendatio
2034 689 2123 720 debet

169 743 227 775 effe
237 744 450 775 dimittendam
461 743 788 775 commemorationem
800 739 939 768 nominis
952 735 1064 768 nostri,
1078 734 1126 764 sed
1170 733 1228 765 effe
1240 744 1245 762 ·.
1259 742 1292 763 ut
1300 743 1370 763 eum
1382 752 1390 765 ,
1401 733 1455 772 qui
1465 741 1519 761 vos
1530 751 1538 764 ,
1551 733 1604 772 qui
1614 730 1724 760 vestros
1734 732 1924 771 imperatores
1935 750 1944 764 ,
1955 732 2006 772 qui
2016 730 2122 772 populi

108 793 150 818 12
169 797 240 818 cum
259 787 347 817 omni
367 785 535 826 posteritate
554 782 777 824 adaequandam.
810 783 858 810 An
876 778 948 809 vero
968 786 1028 807 tam
1046 777 1130 816 parvi
1172 779 1320 806 Rom.res
1333 773 1424 816 gestas
1439 773 1552 813 semper
1565 773 1700 802 ornavit:
1717 782 1771 813 qui
1789 781 1876 802 etiam
1893 773 1938 802 his
1951 772 2122 803 recentibus

170 831 265 860 animi
284 828 441 858 videamur
457 824 515 856 esse
531 835 639 856 omnes
651 844 659 858 ‚
677 825 730 864 qui
747 825 780 852 in
798 821 967 861 republica,
989 828 1073 859 atque
1093 819 1126 846 in
1173 816 1298 850 nostris,
1317 815 1476 855 vestrisque
1485 813 1658 844 domesticis
1667 813 1807 853 periculis
1821 821 1949 843 aternum
1959 814 1986 844 se
1997 813 2122 850 testimo.

170 873 219 901 his
230 873 298 900 vitae
309 870 450 910 periculis
459 888 468 903 ‚
483 867 691 906 laboribusque
702 865 854 894 versamur
864 883 873 895 ,
889 870 922 891 ut
932 882 941 894 ,
954 860 1025 891 cum
1037 859 1127 898 usque
1172 859 1253 888 nium
1262 857 1385 887 laudum
1395 856 1534 886 daturum
1544 854 1602 886 effe
1611 854 1783 896 profitetur:
1805 857 1817 883 3
1831 857 1940 897 quique
1953 854 1996 886 est
2011 866 2048 886 eo
2063 865 2122 885 nu-

173 912 211 943 ad
225 920 396 942 eXtremum
411 911 548 950 spatium.
563 908 683 938 nullum
695 905 904 946 tranquillum,
914 912 1000 944 atque
1011 901 1131 939 otiosum
1175 909 1259 930 mem
1270 919 1280 932 ,
1299 901 1352 939 qui
1369 899 1484 937 semper
1498 897 1576 937 apud
1592 899 1712 927 omneis
1720 895 1813 936 [ἔιηὲἶι
1824 897 1892 927 sunt
1903 897 1992 927 habiti
2004 917 2012 931 ‚
2033 906 2060 928 at
2083 906 2122 927 ue

166 954 304 994 spirirum
318 953 495 983 duxerimus
506 971 514 984 ‚
533 949 691 980 nobiscum
703 945 791 977 fimul
807 946 952 975 moritura
969 944 1073 974 omnia
1086 951 1130 972 ar·
1175 940 1248 972 dicti
1261 951 1266 969 ·.
1283 939 1321 970 fic
1331 942 1362 970 in
1371 938 1498 970 vestram
1509 940 1654 979 accipiatis
1666 937 1758 968 fidem
1771 958 1780 972 ‚
1797 947 1829 968 ut
1839 939 2021 969 humanitate
2031 948 2066 969 ve
2094 947 2126 970 ra

174 997 342 1027 bitremur?
362 997 410 1024 An
425 1014 433 1026 ,
443 993 515 1023 cum
525 991 631 1022 statuas
641 1010 649 1023 ‚
663 989 852 1029 &imagines
862 1007 871 1020 ,
884 996 948 1016 non
955 986 1130 1015 animorum
1173 984 1284 1013 levatus
1294 983 1404 1021 potius,
1416 980 1507 1021 quam
1517 980 1672 1011 acerbitate
1682 980 1811 1011 violatus
1821 979 1878 1010 effe
1889 981 2031 1011 videatur.
2046 983 2124 1021 Qae

173 1036 327 1067 simulacra
338 1057 346 1070 ,
361 1035 408 1066 sed
420 1042 579 1074 corporum
592 1053 600 1066 ,
624 1030 755 1061 studiose
766 1030 856 1060 multi
868 1028 979 1058 summi
990 1027 1131 1056 homines
1152 1027 1155 1046 Ι
1174 1024 1211 1055 de
1227 1025 1311 1054 causa
1324 1033 1378 1063 pro
1395 1032 1462 1054 mea
1475 1021 1691 1052 consuetudine
1701 1041 1710 1055 ‚
1727 1022 1857 1052 breviter
1867 1041 1875 1055 ‚
1895 1020 2127 1063 simpliciterque

171 1079 359 1120 reliquerunt
370 1098 378 1111 ‚
395 1076 589 1107 consiliorum
605 1074 773 1114 relinquere
785 1091 794 1105 ‚
812 1081 844 1101 ac
860 1072 1006 1100 virtutum
1018 1065 1131 1097 nostr-a-
1175 1067 1240 1096 dixi
1252 1084 1261 1099 ‚
1271 1064 1386 1104 judices
1395 1084 1404 1097 ,
1418 1074 1452 1093 ea
1459 1062 1581 1094 confido
1591 1063 1710 1103 probata
1719 1060 1777 1093 esse
1787 1063 1931 1093 omnibus
1944 1075 1948 1092 :
1962 1067 2051 1104 4quae
2062 1072 2127 1093 non

173 1130 243 1151 rum
264 1118 394 1160 effigiem
415 1127 517 1147 nonne
538 1115 637 1145 multo
656 1114 747 1145 malle
764 1113 910 1143 debemus
921 1131 929 1145 ,
948 1111 1075 1141 summis
1085 1110 1133 1137 in-
1174 1106 1253 1139 fori,
1266 1105 1743 1146 nequejudicialiconsuerudine,
1757 1105 1834 1135 &de
1844 1106 2126 1147 hominisingenio,

172 1163 270 1204 geniis
281 1158 444 1200 expressam
457 1179 465 1192 ,
488 1159 520 1189 &
531 1157 656 1198 politam
677 1159 686 1185 ?
709 1158 772 1196 Ego
782 1152 852 1185 vero
863 1154 968 1183 omnia
979 1172 988 1186 ‚
1008 1160 1074 1191 quat
1083 1159 1132 1191 ge-
1177 1149 1210 1178 δε
1219 1150 1424 1178 communiter
1432 1147 1468 1176 de
1479 1145 1567 1186 ipsius
1578 1145 1677 1176 studio
1686 1147 1803 1176 locutus
1812 1146 1877 1176 sum
1888 1166 1896 1180 ‚
1907 1157 1939 1176 ea
1948 1166 1956 1180 ,
1966 1147 2080 1186 judices
2090 1167 2098 1180 ,
2110 1145 2128 1177 a

174 1203 277 1234 rebam
289 1222 297 1236 ‚
307 1203 369 1241 jam
380 1210 445 1231 tum
455 1203 487 1230 in
498 1198 629 1240 gerendo
632 1198 758 1238 spargere
767 1206 817 1225 me
826 1216 834 1229 ‚
847 1205 878 1225 ac
887 1193 1077 1224 disseminare
1089 1201 1134 1220 ar-
1178 1190 1266 1219 vobis
1276 1189 1359 1228 spero
1369 1186 1426 1218 effe
1437 1189 1468 1217 in
1478 1188 1589 1217 bonam
1598 1195 1713 1227 partem
1721 1196 1837 1228 accepta
1848 1198 1854 1217 ε
1868 1187 1905 1218 ab
1915 1198 1952 1218 eo
1961 1207 1969 1222 ‚
1981 1190 2033 1228 qui
2039 1188 2124 1229 judi-

174 1244 303 1276 bicmbar
312 1247 345 1273 in
354 1243 437 1274 orbis
447 1251 529 1272 terrae
541 1242 722 1271 memoriam
733 1238 957 1278 sempiternam.
976 1237 1048 1265 Haec
1058 1231 1131 1262 verb
1178 1233 1262 1261 cium
1273 1238 1408 1262 exercet,
1421 1229 1497 1259 certe
1512 1229 1582 1259 scio.

216 1340 241 1358 r.
261 1332 384 1365 Abfutura
392 1333 437 1362 eft,
449 1331 501 1361 εἴγε.
521 1329 554 1356 eid
562 1332 668 1363 aliquam
678 1329 806 1354 animlmci
820 1332 913 1359 partem
920 1323 1074 1357 pertinebit]
1096 1322 1139 1348 Sic
1177 1320 1225 1347 lib.
1237 1330 1280 1348 rx.
1291 1328 1383 1348 contra
1392 1320 1497 1347 Titium
1507 1328 1564 1356 erp.
1573 1327 1603 1355 9.
1621 1326 1714 1346 contra
1724 1329 1790 1355 quos
1807 1319 1858 1347 stat
1881 1320 1967 1348 noster
1985 1320 2091 1346 Scottus
2101 1318 2131 1348 d.

175 1370 295 1404 potiores
307 1368 364 1394 rnff.
373 1367 490 1399 nonsum
503 1385 511 1397 ,
525 1367 740 1399 autpertinehum.
762 1362 892 1397 restatque
902 1362 982 1386 etiam
1008 1360 1035 1385 in
1045 1357 1138 1384 iisdem
1177 1356 1248 1383 libro
1262 1367 1284 1384 t.
1295 1367 1349 1393 cap.
1359 1365 1388 1392 9.

177 1407 265 1430 animi.
286 1413 333 1430 nec
343 1402 452 1439 probem
464 1403 564 1428 Mureti
577 1421 585 1433 ,
597 1401 629 1427 ad
639 1401 754 1434 reliquam
764 1401 807 1424 mei
814 1405 908 1431 partem
919 1407 926 1422 .·
943 1396 976 1421 de
987 1405 1039 1431 quo
1050 1402 1137 1422 tamen
1215 1401 1242 1429 3.
1262 1394 1327 1427 Ifique
1336 1396 1371 1419 tf?
1379 1402 1401 1418 eo
1410 1392 1529 1427 numero]
1552 1392 1679 1427 Vulgata,
1690 1394 1775 1426 quique
1785 1395 1820 1418 eff
1833 1401 1854 1417 eo
1863 1401 1956 1418 numero
1967 1411 1976 1424 ,
1986 1391 2029 1419 sed
2039 1398 2133 1419 contra

178 1439 303 1467 videatur
312 1440 409 1466 amicus
422 1438 507 1464 noster
518 1440 624 1465 Scottus
636 1436 683 1462 lib.
698 1445 719 1461 i.
730 1434 838 1461 Nodor.
849 1442 906 1468 cap.
924 1442 947 1459 i.
1179 1438 1272 1456 omnes
1281 1429 1401 1465 scriptos,
1412 1430 1439 1455 &
1454 1428 1551 1455 vetuste
1562 1428 1636 1454 cusos
1647 1447 1656 1459 ‚
1675 1428 1730 1454 imo
1740 1429 1768 1453 &
1779 1428 1970 1454 Victor-ianam.

218 1485 246 1502 a..
265 1477 337 1508 Qem
347 1477 472 1500 amicorum
482 1474 568 1501 videri,
582 1474 723 1506 comprobari
733 1478 783 1496 ium
802 1470 915 1503 dignitate
925 1476 974 1494 rum
982 1468 1067 1499 venust
1072 1465 1136 1500 ιτα]
1214 1473 1242 1498 4.
1261 1466 1316 1498 Qx
1324 1475 1368 1491 non
1376 1466 1421 1495 fori
1429 1474 1501 1498 neque
1504 1464 1618 1498 judiciali
1627 1463 1811 1499 conficcrudine.]
1834 1464 1925 1490 Editio
1936 1464 2054 1504 princeps
2067 1481 2075 1495 ,
2085 1472 2134 1498 que

180 1511 249 1538 Haec
258 1513 293 1538 est
304 1510 385 1537 legno
395 1509 511 1546 plurium
523 1509 705 1544 niss'.qu01·um
716 1515 807 1533 omnes
818 1503 978 1535 excludunt,
990 1504 1141 1535 vocemstu-
1175 1503 1247 1535 firme
1257 1501 1272 1526 ὰ
1284 1501 1434 1535 mejudiciali
1442 1502 1502 1533 cons]
1514 1509 1599 1535 neque
1610 1499 1680 1526 secus
1692 1500 1760 1526 Pali.
1770 1500 1797 1526 δε
1809 1500 1993 1531 Gulielmiani,
2004 1499 2050 1526 nisi
2061 1498 2133 1534 quod

180 1548 237 1579 Asis,
248 1548 276 1573 St
286 1545 484 1583 amplesf'tuntur
493 1547 617 1578 venustare
629 1564 638 1576 ,
658 1553 710 1570 non
721 1544 847 1575 vestustate.
870 1549 918 1576 pro
936 1539 1034 1566 ultimo
1052 1546 1139 1565 tamen
1180 1537 1371 1571 iijudicialique.
1395 1535 1483 1562 Habui
1495 1545 1543 1571 ego
1553 1534 1694 1571 aliquando
1705 1534 1752 1562 ms.
1763 1536 1899 1573 exemplar
1911 1555 1919 1570 ,
1938 1535 1983 1563 ubi
1994 1534 2062 1562 'illud
2073 1533 2088 1561 ἃ
2098 1543 2135 1561 me

180 1591 281 1620 pugnat
290 1589 386 1620 praeter
395 1583 533 1609 Muretum
546 1581 595 1608 lib.
606 1589 665 1607 xii.
683 1581 747 1607 Var.
758 1577 822 1605 lect.
832 1585 889 1614 cap.
905 1585 947 1610 15.
967 1574 1140 1602 Villiomarus
1183 1579 1314 1600 mutatum
1325 1579 1381 1600 erat
1390 1571 1418 1599 in
1432 1573 1522 1598 aliena.
1547 1570 1604 1599 fere
1613 1580 1667 1598 non
1678 1571 1836 1609 improbem.

547 1687 641 1748 M.
717 1686 1225 1745 TULLIUS
1353 1682 1768 1742 CICERO

190 1895 861 2016 QJIRITES
973 1794 1317 1981 Ρὸξτ
1428 1888 2132 1980 REDITuM.

473 2048 836 2096 ORATIO
907 2043 1365 2094 VICESlMA
1421 2041 1848 2089 SEPTIMA.

437 2175 444 2182 «
476 2159 507 2188 U
515 2167 534 2187 o
545 2167 566 2186 D
586 2163 718 2195 precatus
727 2155 743 2185 ὲ
755 2155 831 2196 Jove
841 2155 978 2196 Optimo,
989 2154 1142 2187 Maximo,
1183 2161 1241 2194 que
1250 2151 1359 2187 vestro,
1371 2150 1508 2182 maxime
1517 2150 1612 2184 laetor,
1627 2150 1771 2192 Qirites.
1794 2151 1830 2180 Et
1842 2145 1863 2178 fi
1873 2147 1995 2178 homini
2007 2146 2084 2177 nihil
2093 2144 2139 2177 est

428 2226 434 2234 f
477 2198 637 2238 ceterisque
647 2197 704 2227 diis
714 2198 948 2231 immortalibus,
962 2197 1026 2227 sum
1038 2217 1046 2230 ‚
1066 2197 1144 2237 Qii-
1183 2196 1272 2235 magis
1283 2193 1434 2237 optandum
1450 2215 1458 2227 ,
1481 2193 1571 2235 quam
1583 2193 1720 2232 prospera
1729 2211 1737 2224 ,
1748 2190 1902 2231 aequabilis
1914 2209 1924 2222 ‚
1941 2196 2138 2228 perpetuaque

477 2241 560 2273 rite&
570 2249 607 2269 eo
619 2247 753 2278 tempore
764 2258 772 2272 ‚
782 2237 854 2267 cum
865 2249 914 2268 me
924 2258 933 2273 ‚
951 2237 1144 2278 fortunasque
1183 2235 1320 2270 fortuna,
1342 2236 1474 2266 secundo
1497 2236 1564 2265 vitae
1577 2233 1637 2263 fine
1648 2234 1708 2263 ulla
1719 2230 1883 2262 offensione
1899 2230 1985 2260 cursu
1998 2240 2003 2257 z
2023 2237 2136 2261 tamen,

481 2291 561 2311 meas
570 2290 624 2321 pro
634 2279 727 2310 vestra
735 2280 944 2310 incolumitate
953 2299 962 2314 ‚
975 2282 1052 2312 otio,
1068 2289 1143 2309 con-
1185 2276 1206 2307 si
1216 2279 1294 2307 mihi
1307 2277 1465 2316 tranquilla
1479 2295 1488 2310 ,
1509 2276 1542 2305 &
1553 2276 1666 2315 placata
1683 2275 1788 2303 omnia
1801 2270 1923 2302 fuissent
1938 2281 1943 2300 :
1968 2269 2139 2300 incredibili

479 2322 638 2362 cordiaque
648 2320 808 2354 devovi‚ut‚
820 2319 840 2349 si
851 2330 931 2350 meas
942 2323 1069 2351 rationes
1079 2330 1148 2349 um·
1184 2318 1324 2359 quadam,
1336 2318 1369 2348 &
1378 2316 1463 2356 paene
1472 2317 1586 2349 divina,
1597 2325 1655 2355 qua
1664 2324 1755 2347 nune,
1768 2312 1867 2344 vestro
1878 2310 2137 2345 beneficio‚fru0r‚

481 2373 571 2404 quam
583 2361 779 2393 vestrae‘saluti
796 2360 1045 2400 anteposuissem:
1069 2361 1147 2390 sern-
1185 2361 1296 2390 laetitiae
1315 2360 1467 2398 voluptate
1485 2355 1651 2388 caruissem.
1677 2354 1758 2397 Qid
1775 2355 1891 2384 dulcius
1909 2355 2073 2383 hominum
2089 2362 2142 2394 ge-

436 2414 447 2423 ·
485 2408 631 2445 piternam
642 2412 762 2444 poenam
772 2402 1030 2435 sustinerem,mea
1037 2402 1150 2432 volun·
1188 2401 1277 2430 neria
1292 2408 1392 2429 natura
1402 2398 1504 2429 datum
1517 2397 1567 2431 est,
1577 2398 1668 2438 quam
1681 2397 1724 2426 sui
1734 2398 1841 2437 cuique
1851 2395 1952 2424 liberi?
1977 2396 2052 2424 mihi
2067 2391 2141 2424 verb

193 2456 249 2477 tate
263 2447 437 2486 susceptam.
461 2445 504 2477 sin
513 2446 546 2476 &
556 2456 599 2479 ea,
615 2456 681 2486 quae
690 2453 756 2475 ante
766 2442 906 2485 gesseram
919 2464 928 2477 ‚
940 2442 1150 2474 conservandae
1190 2443 1222 2472 &
1233 2451 1351 2482 propter
1366 2440 1586 2481 indulgentiam
1608 2448 1709 2469 meam
1721 2458 1729 2471 ‚
1751 2438 1783 2467 &
1793 2445 1912 2477 propter
1922 2436 2073 2466 excellens
2089 2445 2143 2466 eo-

193 2490 321 2519 civitatis
331 2489 413 2519 causa
426 2487 570 2529 geffiss'em
583 2507 591 2522 ‚
612 2489 644 2517 &
663 2487 747 2516 illam
768 2486 906 2516 miseram
925 2484 1148 2526 profectionem
1188 2493 1256 2514 rum
1277 2485 1435 2524 ingenium
1448 2501 1457 2516 ‚
1478 2483 1540 2512 vita
1550 2482 1693 2512 suntmea
1711 2481 1846 2510 cariores.
1867 2487 1969 2508 tamen
1988 2487 2051 2507 non
2063 2485 2144 2507 tanta

194 2529 297 2560 vestrae
308 2531 408 2560 salutis
415 2532 506 2571 gratia
516 2528 698 2569 suscepissem
713 2539 718 2557 :
741 2536 791 2561 ut,
809 2528 892 2569 quod
903 2527 1010 2557 odium
1022 2527 1152 2557 scelerati
1169 2557 1170 2568 ἵ
1188 2526 1340 2564 voluptate
1351 2533 1432 2554 erant
1443 2523 1565 2563 suscepti
1576 2543 1584 2557 ‚
1596 2531 1704 2564 quanta
1719 2531 1802 2552 nunc
1814 2521 1882 2550 sunt
1892 2519 2029 2550 restituti.
2053 2517 2143 2548 Nihil

196 2573 350 2605 homines,
364 2572 395 2602 &
407 2571 569 2602 audacesin
580 2570 796 2611 rempublicam
806 2590 814 2604 ‚
834 2570 866 2600 δε
878 2572 910 2599 in
921 2571 1041 2599 ornnei's
1054 2569 1153 2598 bonos
1169 2571 1171 2584 ¹
1190 2569 1330 2609 cuiquam
1344 2565 1403 2596 fuit
1413 2564 1728 2606 umquamjucundius
1739 2583 1747 2597 ,
1759 2562 1849 2604 quam
1862 2562 1938 2591 mihi
1949 2570 2036 2591 meus
2043 2559 2141 2591 frater.

197 2622 378 2653 conceptum
396 2613 514 2652 jamdiu
531 2615 723 2643 continerent
739 2632 748 2645 ,
778 2611 807 2641 id
832 2615 841 2631 ¹
862 2614 894 2641 in
911 2621 954 2640 me
972 2622 1024 2640 uno
1044 2608 1148 2651 potius,
1192 2619 1255 2639 nori
1267 2607 1368 2638 tamid
1382 2608 1553 2639 sentiebam,
1569 2604 1771 2643 cirmfi-uebar,
1782 2604 1970 2645 quamtum,
1983 2601 2054 2633 cum
2063 2611 2146 2632 care-

200 2653 292 2694 quam
304 2657 335 2684 in
346 2657 464 2695 optimo
478 2664 599 2696 qnoque
611 2674 619 2688 ‚
641 2654 673 2684 δε
685 2656 715 2683 in
731 2653 867 2684 universa
884 2653 1034 2693 republica
1043 2650 1152 2681 defice·
1192 2651 1260 2681 bam
1274 2661 1278 2678 :
1303 2650 1336 2679 &
1347 2648 1537 2689 posteaquam
1547 2658 1602 2679 vos
1614 2657 1662 2678 me
1670 2647 1716 2677 illi
1727 2666 1736 2680 ‚
1755 2646 1787 2676 δε
1797 2647 1875 2676 mihi
1884 2654 1953 2675 eum
1964 2642 2146 2674 reddidistis.

197 2704 258 2726 ret:
280 2696 337 2725 hoc
351 2695 370 2725 si
383 2699 488 2726 animo
508 2699 541 2726 in
551 2706 621 2730 vos,
643 2695 811 2736 liberosque
830 2694 943 2725 vestros
959 2693 1100 2727 fuissem,
1123 2701 1155 2722 ut
1172 2689 1175 2742 J
1194 2695 1255 2723 Res
1267 2690 1423 2722 familiaris
1437 2691 1644 2732 suaquemque
1663 2687 1805 2718 deleemt:
1828 2687 1948 2728 reliquae
1958 2695 2033 2716 meae
2048 2684 2147 2715 fortu-

202 2737 373 2778 aliquandq
390 2747 462 2772 νος,
482 2747 578 2778 patres
599 2738 781 2776 conscriptos
799 2757 808 2771 ‚
837 2737 1013 2777 Italiamque
1035 2736 1157 2765 univer·
1195 2744 1240 2764 nae
1251 2743 1442 2774 recuperatae‚
1459 2732 1526 2772 plus
1538 2733 1615 2762 mihi
1624 2740 1705 2761 nunc
1715 2730 1877 2769 voluptatis
1896 2726 2041 2760 afferunt,
2054 2726 2146 2767 quam

201 2778 281 2812 sam,
305 2781 451 2808 memoria
475 2781 537 2809 mei
551 2799 559 2813 ,
579 2779 798 2812 misericordia,
816 2776 1052 2819 desideriumque
1074 2785 1157 2807 tene·
1174 2796 1176 2818 l
1194 2780 1291 2806 ²tunc
1302 2775 1523 2805 incolumitates
1532 2772 1700 2804 afferebant.
1724 2772 1888 2804 Amicitiae,
1902 2767 2145 2800 consuetudines,

202 2829 262 2850 ret:
285 2821 348 2860 ejus
370 2820 541 2852 devotionis
559 2831 606 2851 me
628 2819 685 2851 effe
703 2819 878 2850 convictum
894 2819 1012 2860 judicio
1030 2818 1157 2849 deorum
1175 2819 1177 2851 ἓ
1196 2816 1548 2850 vicinitates,clientelae‚
1561 2814 1781 2853 ludidenique,
1798 2811 1903 2842 &dies
1915 2809 2000 2843 festi,
2013 2808 2085 2849 quid
2097 2809 2150 2837 ha-

205 2862 428 2892 immortalium
455 2883 462 2895 .
487 2861 665 2893 testimonio
700 2863 815 2892 senatus
832 2882 841 2895 ,
873 2861 1017 2892 consensu
1049 2860 1156 2893 Italiae,
1199 2859 1303 2890 bercnt
1313 2859 1490 2897 voluptatis,
1510 2856 1621 2886 carendo
1631 2857 1726 2896 magis
1743 2853 1902 2885 intellexi,
1921 2851 2010 2892 quam
2023 2849 2150 2887 fruendo.

208 2902 395 2934 confessione
416 2906 614 2935 inimicorum
629 2924 639 2938 ‚
668 2902 817 2934 beneficio
834 2903 939 2935 divino
950 2922 959 2936 ‚
979 2901 1163 2933 immortali-
1174 2898 1177 2939 ἕ
1195 2903 1268 2945 Jam
1277 2899 1350 2932 vcro
1361 2901 1477 2934 honos,
1489 2899 1636 2941 dignitas,
1653 2897 1755 2930 locus,
1776 2894 1872 2929 ordo,
1889 2891 2033 2924 beneficia
2047 2890 2151 2926 vestra.

2048 2942 2157 2975 quam-

212 2982 2152 2999 Μ

244 3021 268 3038 1.
290 3015 317 3037 In
335 3022 369 3037 me
380 3022 424 3037 uno
438 3017 534 3044 parim,
553 3023 625 3048 quam
642 3018 667 3040 in
679 3017 758 3047 optimo
776 3023 864 3049 quoque
876 3034 884 3045 ,
901 3015 930 3044 (ἐν
947 3017 974 3040 in
992 3009 1105 3046 uniuersa
1124 3021 1162 3037 re·
1201 3022 1274 3039 unum
1296 3020 1324 3045 p.
1344 3023 1368 3048 q.
1388 3015 1413 3038 in
1431 3014 1540 3045 optimum
1569 3012 1689 3046 (quemque
1715 3007 1745 3038 ὠ·
1765 3009 1792 3033 in
1809 3006 1945 3039 unipersam
1963 3005 2067 3037 rempub.
2086 3004 2157 3039 defle-

201 3048 402 3083 pubdefircrer]
424 3048 560 3074 Abcxilio
580 3050 672 3076 reduxi
693 3050 834 3076 lectionem
844 3050 993 3078 editionum
1005 3049 1162 3084 primarum,
1203 3048 1295 3080 [ιη-νεῖ.)

206 3083 387 3124 confirmatam
401 3082 468 3109 l'all.
479 3086 504 3110 S.
516 3084 633 3111 metor-‘is
646 3105 654 3116 ‚
677 3085 787 3112 Erfurd.
807 3085 990 3112 Geinblaccns.
1011 3085 1162 3124 reperitque
1239 3093 1267 3109 τ..
1285 3084 1347 3110 Tunc
1357 3086 1529 3110 incolumitates
1543 3079 1699 3117 affirebam]
1721 3077 1800 3105 Haud
1812 3077 1891 3105 aliter
1902 3076 2029 3104 vetustior
2046 3083 2156 3112 quaeque

206 3119 278 3146 idem
297 3121 323 3146 in
344 3119 393 3145 sins-
406 3120 550 3146 Lambinus
564 3140 571 3151 ,
591 3120 633 3146 sed
653 3131 704 3147 non
723 3121 858 3148 adsecutus
879 3122 932 3148 fuit
951 3120 1066 3148 :inc'torix
1087 3129 1162 3146 men·
1204 3119 1288 3145 editio
1300 3139 1308 3152 ‚
1328 3119 1454 3156 iiiiiquod
1465 3129 1494 3146 ea
1502 3117 1669 3144 incolumitatis
1681 3135 1689 3148 ‚
1709 3114 1870 3150 quodetiam
1881 3113 1959 3140 restat
1978 3112 2035 3139 fere
2049 3112 2076 3138 in
2088 3110 2155 3137 Pall-

207 3163 282 3195 teitu
304 3165 364 3191 quae
384 3156 436 3182 haec
450 3175 457 3187 ‚
476 3155 573 3191 optiss‘e
592 3164 621 3182 nt
642 3156 825 3183 sceleratorum
856 3158 948 3184 odium
977 3158 1002 3183 in
1031 3156 1056 3183 se
1074 3156 1163 3192 potius
1205 3156 1309 3182 nostris.
1331 3156 1419 3181 locum
1429 3155 1495 3181 bene
1505 3155 1620 3191 explicat
1630 3151 1770 3180 Turnebus
1781 3149 1829 3178 lib.
1841 3147 2061 3177 xxrn.Advers.
2071 3153 2157 3182 cap.4.

204 3190 331 3219 deiiceret
357 3193 385 3218 ὃ(
412 3191 630 3226 consumeretur,
657 3195 739 3228 quam
757 3193 784 3220 in
803 3194 874 3222 aliis.
903 3193 1011 3230 vulgata
1030 3212 1041 3227 ,
1065 3194 1092 3220 in
1108 3200 1163 3226 me,
1207 3190 1365 3228 vulgo,tuuc
1378 3190 1539 3224 Incolumiaffi

1997 3227 2010 3248 ι
2016 3238 2024 3247 .
2041 3215 2160 3253 Carm'ffi-
