2360 3400
102 634 141 661 11

593 101 690 134 ne
768 90 1005 136 Fri-ro
1085 89 1127 137 L

168 169 319 204 eonfiteri.
331 177 397 201 non
407 166 492 201 enim
499 174 621 200 atomus
632 167 670 199 ab
682 176 786 199 atomo
797 169 881 210 pulsa
890 167 1030 200 declinat.
1053 177 1125 199 nam

165 213 223 256 qui
230 211 327 255 potest
335 212 407 253 pelli
417 212 474 243 alia
481 212 519 243 ab
529 211 585 242 alia
595 231 604 244 ‚
624 208 646 241 fi
658 212 799 251 gravitate
808 210 946 242 feruntur
953 211 989 242 ad
999 220 1127 252 perpen-

167 256 306 287 diculum
316 263 442 295 corpora
451 252 619 287 individua,
630 252 721 283 reffis
730 253 868 288 lineis,ut
879 255 1009 294 Epicuro
1020 253 1130 293 placet?

165 297 300 338 sequitur
319 297 404 327 enim
426 305 459 327 ut
470 316 479 331 ,
497 296 518 327 fi
527 295 583 328 alia
592 296 629 326 ab
640 295 697 326 alia
705 304 873 336 numquam
884 295 1048 336 depellatur
1058 314 1068 329 ,
1088 303 1127 324 ne

167 340 326 380 contingat
349 338 474 380 quidem
495 340 551 370 alia
570 338 672 368 aliam.
694 346 734 367 ex
753 347 814 378 quo
823 335 970 371 efficitur,
990 345 1024 367 ut
1029 337 1094 376 jam
1105 334 1126 366 fi

164 378 202 411 fit
210 388 331 411 atomus
345 400 354 415 ‚
367 390 457 422 eaque
469 381 600 413 declinet
611 399 620 414 ,
637 378 785 410 declinare
795 377 856 409 fine
866 379 958 410 causa.
982 381 1070 409 Hanc
1080 388 1128 410 ra-

162 423 283 453 tionem
305 424 451 463 Epicurus
470 424 595 454 induxit
614 421 655 451 ob
673 430 739 450 earn
758 430 821 451 rem
833 440 842 455 ‚
860 419 943 462 quod
951 423 1062 452 veritus
1071 419 1123 452 est.

163 472 203 494 ne
213 483 222 498 ,
235 462 254 494 fi
266 464 383 505 semper
392 474 512 497 atomus
520 466 661 508 gravitate
670 462 795 493 ferretur
803 463 942 496 naturali,
953 472 986 493 ac
996 460 1125 493 necess'a-

162 507 216 540 ria,
230 506 304 535 nihil
321 505 440 537 liberum
449 506 520 538 nebu
529 507 601 546 fft,
613 504 685 536 cum
698 506 737 535 ita
747 513 918 535 moveretur
926 506 1047 535 animus
1062 523 1071 538 2
1093 513 1125 534 Ut

162 555 339 579 atomorum
364 558 451 580 motu
459 558 624 592 cogeretur.
648 549 731 577 Hinc
741 547 936 577 Democritus
946 545 1052 578 auEior
1060 555 1125 577 ato·

163 598 289 620 morum
307 592 437 632 accipere
457 592 566 623 maluit
576 611 585 626 ,
608 587 773 620 neceffitate
784 591 890 620 omnia
900 587 963 619 fieri
973 608 982 624 ‚
1005 588 1097 630 quain
1109 587 1125 619 a

164 632 345 673 corporibus
364 634 533 665 individuis
555 632 715 664 naturaleis
726 639 828 661 motus
836 631 972 661 avellere.
997 630 1124 662 Acutius

163 675 328 706 Carneades
350 696 359 709 ‚
381 678 435 717 qui
455 676 580 708 docebat
589 695 598 708 ‚
619 671 702 714 posse
719 674 882 713 Epicureos
904 673 986 704 suam
1004 683 1057 704 cau
1063 673 1122 703 sam

162 714 224 746 fine
243 717 296 748 hac
318 720 531 749 commentitia
550 716 754 748 declinatione
772 714 940 745 defendere.
971 725 1041 745 nam
1051 714 1124 746 cum

163 757 303 794 doceret,
315 758 374 790 effe
386 759 468 800 poffe
475 759 629 801 quendam
640 757 731 787 animi
742 764 852 786 motum
860 757 1058 787 voluntarium
1071 776 1080 791 ,
1092 757 1124 787 id

160 798 220 830 fuit
231 800 354 832 defendi
364 801 579 843 melius,quam
589 799 779 830 introducere
788 798 1123 838 declinationem,cujus

158 842 457 882 praesertimcausam
471 844 601 882 reperire
611 851 676 871 non
686 839 818 880 poffunt.
841 850 904 880 quo
914 840 1038 871 defenso
1050 861 1058 874 ,
1078 840 1123 872 fa-

159 883 220 914 cile
240 883 402 923 Chryfippo
419 883 539 924 poffent
549 881 688 913 refistere.
712 881 792 911 cum
802 884 886 912 enim
900 881 1120 917 conceffisscnt,

159 933 282 955 motum
294 926 414 955 nullum
425 924 483 955 effe
494 923 554 955 fine
565 924 648 955 causa
658 942 667 957 ‚
688 932 753 953 non
764 923 981 958 concederent,
1002 926 1120 959 omnia,

157 975 223 1006 quae
243 964 349 996 fierent
359 986 368 1000 ,
389 965 453 997 fieri
470 965 564 997 causis
575 964 833 997 antecedentibus.
859 966 1025 997 voluntatis
1035 968 1119 997 enim

157 1006 269 1038 nostrae
293 1018 357 1038 non
377 1007 435 1039 effe
446 1010 543 1040 causas
552 1017 690 1039 externas
699 1027 708 1041 ‚
730 1007 764 1037 &
772 1007 1001 1039 antecedenteis.
1025 1012 1122 1040 Com-

156 1051 248 1080 muni
267 1051 359 1091 igitur
374 1051 593 1081 consuetudine
614 1050 764 1080 sermonis
786 1049 939 1080 abutimur
957 1071 967 1084 ‚
988 1050 1061 1082 cum
1080 1052 1120 1083 ita

157 1090 291 1122 dicimus
303 1111 312 1126 ,
333 1094 401 1122 velle
419 1093 535 1134 aliquid
548 1092 710 1134 quempiam
729 1098 784 1120 aut
797 1092 867 1121 nolle
883 1091 943 1133 fine
963 1094 1057 1134 causa.
1078 1095 1121 1125 ita

156 1135 242 1164 enim
265 1133 398 1165 dicimus
411 1155 420 1169 ,
440 1134 501 1165 fine
509 1136 592 1166 causa
602 1154 611 1169 ,
630 1143 663 1164 ut
673 1133 808 1164 dicamus
818 1153 827 1167 ,
847 1131 908 1164 fine
917 1144 1038 1166 externa
1055 1155 1063 1170 ,
1085 1136 1119 1167 δε

155 1175 352 1206 antecedente
361 1178 445 1208 causa
456 1197 464 1211 ,
477 1187 541 1208 non
550 1175 611 1207 fine
620 1177 727 1216 aliqua.
751 1178 795 1206 Ut
803 1174 875 1206 cum
887 1186 938 1206 v-vs
947 1177 1029 1207 imme
1042 1178 1119 1208 dici-

155 1225 238 1251 mus,
250 1220 365 1249 nonita
376 1219 532 1260 loquimur
543 1240 552 1253 ,
564 1217 715 1259 utphyfici
725 1237 734 1252 ‚
746 1218 856 1259 quibus
865 1219 957 1250 inane
966 1218 1025 1250 esse
1038 1221 1118 1250 nihil

155 1259 253 1299 placet
267 1269 273 1288 :
286 1260 333 1290 sed
349 1262 388 1291 ita
398 1281 406 1295 ,
429 1270 479 1296 ut,
490 1261 572 1293 verbi
580 1261 665 1292 causa
676 1280 685 1294 ,
698 1259 758 1290 fine
768 1269 841 1301 aqua
851 1280 859 1295 ,
872 1259 932 1291 fine
945 1263 1020 1292 vino
1032 1281 1041 1295 ‚
1053 1260 1116 1293 fine

155 1301 227 1331 oleo
236 1311 286 1331 vas
297 1300 354 1332 effe
364 1302 584 1338 dicam1152fic',
600 1301 672 1333 cum
684 1300 746 1332 fine
754 1302 839 1333 causa
847 1303 988 1333 animum
999 1306 1117 1334 moveri

154 1341 287 1373 dicimus
297 1363 306 1378 ,
326 1342 388 1375 fine
398 1346 593 1376 antecedente
603 1364 612 1380 ‚
632 1344 666 1376 &
675 1353 796 1374 externa
808 1344 892 1375 causa
901 1347 1041 1380 moveri,
1052 1356 1117 1377 non

155 1386 290 1415 omnino
312 1384 373 1416 sine
391 1388 474 1418 causa
484 1407 492 1421 ,
514 1388 655 1418 dicimus.
679 1389 727 1416 De
748 1386 807 1426 ipsa
820 1396 924 1417 atomo
938 1387 997 1417 dici
1006 1387 1113 1428 potest,

153 1424 227 1458 cum
236 1429 387 1467 perinane
394 1438 553 1459 moveatur
559 1430 701 1468 gravitate
710 1447 719 1461 ,
740 1427 774 1457 &
785 1428 919 1467 pondere
934 1448 942 1462 ,
961 1428 1021 1459 fine
1031 1431 1116 1462 causa

154 1470 297 1503 moveri,
316 1472 387 1510 quia
404 1470 489 1500 nulla
497 1471 581 1501 causa
589 1469 707 1499 accedat
716 1470 910 1499 eXtrinsecus.
933 1472 1050 1502 Rursus
1061 1482 1115 1502 au-

153 1517 216 1540 tem
229 1529 238 1544 ,
256 1519 295 1540 ne
314 1510 586 1552 omnesaphyficis
597 1510 791 1544 irrideamur,
812 1509 832 1539 fi
842 1511 979 1542 dicamus
994 1533 1002 1546 ,
1025 1514 1116 1554 quid-

151 1559 243 1591 quam
258 1550 321 1581 fieri
332 1550 392 1583 fine
403 1554 497 1588 causa,
509 1551 760 1594 distinguendum
772 1550 828 1586 est,
840 1551 874 1582 &
887 1554 925 1583 ita
934 1553 1112 1589 dicendum,

149 1591 242 1632 ipsius
259 1593 414 1626 individui
425 1596 501 1626 hanc
512 1594 570 1625 effe
584 1603 718 1625 naturam
734 1613 743 1626 ,
755 1602 788 1623 ut
798 1593 932 1633 pondere
943 1613 952 1628 ,
973 1595 1006 1625 δε
1015 1599 1115 1637 gravi-

149 1640 209 1664 tate
220 1643 379 1667 moveatur
391 1657 400 1670 ‚
415 1647 540 1678 eamque
550 1637 645 1677 ipsam
656 1634 715 1666 esse
725 1635 840 1675 caufitm
850 1655 859 1669 ,
877 1645 930 1666 cur
939 1638 979 1667 ita
988 1635 1110 1668 feratur.

148 1676 300 1707 Similiter
309 1678 344 1708 ad
356 1680 533 1709 animorum
544 1686 648 1709 motus
658 1677 848 1707 voluntarios
856 1697 866 1711 ‚
883 1687 948 1707 non
959 1677 1002 1709 est
1012 1682 1113 1720 requi-

147 1718 240 1749 renda
252 1728 375 1751 exrerna
385 1721 479 1752 causa.
496 1730 598 1751 motus
608 1722 692 1750 enim
703 1719 888 1749 voluntarius
898 1729 964 1750 earn
974 1729 1111 1752 naturam

148 1759 183 1789 in
194 1760 298 1801 seipso
307 1764 445 1793 continet
456 1783 464 1796 ‚
485 1772 518 1793 ut
528 1761 561 1793 fit
572 1764 605 1792 in
615 1760 714 1791 nostra
724 1759 869 1800 potestate
880 1779 888 1793 ‚
902 1760 1050 1801 nobisque
1060 1772 1110 1802 pa-

147 1810 225 1832 reat:
236 1812 292 1833 nec
304 1803 335 1833 id
345 1802 406 1834 fine
416 1805 508 1835 causa.
527 1805 592 1844 ejus
603 1805 688 1833 enirn
702 1804 744 1832 rei
753 1802 836 1832 causa
847 1821 855 1836 ,
868 1802 929 1843 ipfiz
938 1810 1043 1832 natura
1055 1803 1108 1834 εἶτ’.

148 1843 240 1882 Quod
258 1844 330 1875 cum
351 1854 391 1876 ita
409 1845 443 1877 fit
452 1867 461 1881 ‚
480 1846 554 1887 quid
564 1844 606 1876 est
616 1865 625 1878 ‚
646 1854 699 1875 cur
708 1853 771 1874 non
783 1845 886 1873 omnis
900 1848 1109 1884 pronuntiatio

96 1907 100 1910 ·
144 1894 196 1916 aut
205 1896 272 1917 vera
284 1907 293 1920 ,
302 1895 350 1917 aut
360 1887 431 1918 falsa
441 1887 483 1923 fit,
497 1886 553 1918 nifi
561 1885 795 1918 concesserimus
805 1885 867 1915 fato
881 1884 945 1916 fieri
955 1896 1110 1927 quaecum—

83 2067 128 2095 12

144 1937 204 1969 que
221 1927 315 1959 fiant?
332 1931 404 1971 quia
412 1930 539 1969 futura,
559 1939 628 1959 vuera
646 1930 744 1969 inquit
755 1947 764 1962 ,
784 1937 850 1957 non
864 1926 1053 1967 possuntess'e
1064 1939 1107 1963 ea,

143 1979 211 2010 quae
220 1971 329 2004 causas,
340 1972 498 2003 curfutura
508 1971 574 2006 (ωε,
588 1981 650 2002 non
662 1971 782 2001 habent.
804 1969 932 2000 habeant
941 1971 1107 2011 igiturcau-

150 2012 195 2042 sas
206 2011 322 2043 necesse
332 2012 385 2047 est,
397 2023 483 2048 urea,
492 2024 558 2056 quae
569 2023 638 2044 vera
650 2013 726 2046 sunt,
738 2014 777 2042 ita
786 2009 857 2041 cum
867 2014 1034 2046 evenerint,
1045 2012 1107 2043 fato

145 2057 312 2086 evenerint.
335 2055 523 2087 &inferitum
542 2058 716 2097 negotium,
738 2052 758 2083 fi
776 2053 900 2095 quidem
919 2054 975 2084 tibi
996 2064 1108 2085 conce-

144 2095 281 2127 dendum
306 2096 349 2127 est
361 2117 370 2131 ,
392 2101 403 2117 ¹
422 2108 472 2129 aut
485 2098 548 2129 fato
558 2099 665 2127 omnia
677 2094 759 2126 fieri:
786 2104 836 2126 aut
846 2095 1011 2136 quidquam
1022 2095 1106 2136 pofle

145 2135 211 2168 fieri
228 2136 289 2168 fine
298 2139 392 2169 causa.
417 2144 466 2170 An
476 2141 561 2170 aliter
572 2141 634 2170 haec
643 2139 813 2169 enuntiatio
827 2147 895 2168 vera
907 2137 964 2168 effe
976 2148 1040 2168 non
1049 2149 1107 2179 po-

141 2179 198 2210 test
212 2199 221 2213 ‚
245 2181 343 2221 Capiet
359 2183 564 2223 ‘Nym-amiam
585 2181 679 2223 Scipio
691 2201 699 2214 ‚
721 2178 777 2210 nisi
796 2189 833 2209 ex
851 2182 1014 2210 aeternitate
1024 2181 1107 2211 causa

141 2222 257 2252 causam
277 2223 376 2253 serens
395 2226 452 2254 hoc
471 2222 703 2254 eriteffeEtura?
721 2225 769 2252 An
781 2222 953 2252 hocfalsum
965 2221 1105 2262 potuisset
1126 2217 1128 2256 ,ἶ

142 2261 201 2293 effe
211 2283 219 2297 ,
231 2262 251 2293 fi
263 2261 333 2294 esset
343 2265 487 2297 sexcentis
499 2266 612 2296 saeculis
622 2265 690 2295 ante
702 2263 819 2294 dietum
835 2266 845 2293 ?
867 2264 900 2294 δε
915 2284 923 2298 ,
935 2263 955 2294 fi
965 2273 1030 2294 tum
1040 2274 1103 2295 non

140 2303 214 2336 cffet
234 2315 303 2336 vera
324 2308 385 2338 haec
402 2310 573 2338 enuntiatio
596 2327 606 2342 ,
637 2308 739 2347 Capiet
759 2308 962 2337 Numantiam
981 2308 1103 2346 Scipio:

140 2349 204 2378 ²ne
214 2348 267 2379 illa
276 2348 400 2389 quidem
414 2351 514 2381 eversa
522 2359 590 2380 vera
599 2349 642 2380 est
653 2351 715 2379 haec
725 2350 894 2378 enuntiatio
908 2368 917 2382 ,
929 2350 1024 2388 capiet
1035 2351 1105 2379 Nu-

143 2391 292 2420 mantiam
305 2393 415 2431 Scipio.
439 2391 538 2423 Potest
548 2393 637 2433 igitur
645 2391 813 2432 quidquam
823 2389 938 2421 fatitum
949 2389 1102 2432 effe,quod

140 2440 206 2461 non
227 2441 332 2463 verum
353 2432 444 2464 fuerit
462 2434 600 2465 futurum
620 2433 691 2464 efl'e.
709 2442 779 2463 nam
795 2442 827 2462 ut
836 2435 981 2473 praeterita
991 2443 1025 2463 ea
1035 2443 1104 2464 vera

138 2471 282 2507 dicimus,
293 2484 421 2514 quorum
435 2477 581 2516 superiore
593 2485 729 2516 tempore
740 2484 810 2505 vera
820 2474 934 2505 fuerint
943 2474 1098 2505 instantia:

137 2512 178 2545 fic
198 2513 316 2550 futura,
336 2526 466 2557 quorum
485 2519 683 2559 consequenti
700 2526 836 2558 tempore
855 2527 923 2548 vera
945 2525 1033 2547 erunt
1051 2527 1102 2547 in-

175 2670 186 2688 1
194 2681 199 2687 .
218 2663 340 2696 wissara
350 2665 490 2697 omniaficri
502 2682 508 2695 ,
518 2669 562 2689 aut
572 2664 704 2697 quidquam
714 2682 723 2695 ‚
733 2663 802 2697 &tsi
823 2663 970 2690 Lambinus
980 2663 1094 2700 amplius

135 2696 227 2724 inserit
238 2717 247 2729 ,
266 2701 343 2724 omnia
352 2708 400 2732 qne
410 2700 493 2732 causas·
502 2701 606 2725 habeant
615 2701 789 2734 curfiantfieri
800 2719 808 2731 ,
826 2707 870 2725 aut
879 2700 1008 2734 quidquam
1019 2719 1026 2732 ‚
1044 2701 1095 2730 (Cyme

134 2732 179 2759 sed
198 2743 249 2760 non
261 2733 335 2761 addit
346 2745 360 2761 e
372 2736 429 2761 mss.
449 2745 481 2761 ne
491 2745 522 2761 au
533 2744 567 2761 ex
587 2736 706 2771 ingenio.
727 2735 793 2761 nihil
804 2735 859 2769 ejus
877 2734 1000 2771 protei-:tc
1022 2737 1095 2762 estin

133 2769 204 2796 Pau.
215 2778 260 2796 aut
271 2771 471 2803 Gulielmiauis,
483 2781 568 2807 neque
578 2771 725 2808 agnoscunt
737 2772 860 2798 meliores
873 2772 935 2798 ullae
944 2770 1006 2799 edd.
1016 2771 1096 2804 Arrii,

135 2805 263 2838 visioni,
275 2806 405 2834 Turnebi.
427 2808 515 2843 itaque
527 2808 623 2835 valeat.
698 2811 703 2831 ’-

172 2850 201 2868 2.
223 2846 258 2868 Ne
267 2844 308 2869 illa
319 2844 410 2878 quidem
429 2846 511 2878 emersa
519 2854 581 2870 vera
590 2847 625 2871 eff
636 2864 644 2875 ‚
662 2844 730 2878 ὧι]
752 2843 846 2871 Edidit
864 2844 932 2871 istud
943 2844 1094 2872 Turnebus.

135 2877 199 2905 'lude
207 2877 314 2915 sumpsit
326 2880 484 2912 Lambinus,
495 2881 615 2915 quamvis
625 2880 782 2907 distimulet.
794 2881 852 2908 aliis
863 2881 987 2907 exulabat
997 2882 1097 2915 meista,-

136 2922 186 2948 pro
195 2916 284 2950 quoin
297 2915 352 2942 Pal.
364 2915 413 2943 sec.
424 2927 486 2943 vera
495 2918 547 2950 efflt
558 2936 566 2949 ,
577 2917 602 2944 in
617 2918 688 2944 Pith.
697 2926 760 2943 vera
770 2918 819 2952 ff.
843 2917 989 2944 Lambinus
999 2916 1095 2944 deiude

136 2949 217 2986 legit,
228 2953 293 2983 Cepit
301 2955 485 2987 Qimantiamz
505 2953 546 2979 sed
558 2953 590 2980 fic
602 2954 674 2980 nulla
684 2952 779 2985 editio,
792 2953 857 2980 nulli
870 2953 970 2989 icripti.

174 2994 201 3021 3.
222 2987 305 3013 Vei-um
314 2997 359 3013 non
369 2991 529 3024 eff,Jequit11r
536 2990 720 3024 urfalfitmfit]
735 2989 813 3016 Haud
825 2990 904 3016 aliter
914 2989 1013 3022 Aldus,
1024 2990 1095 3017 Tur-

137 3021 221 3049 nebus
233 3040 241 3053 ‚
262 3023 396 3050 Victor-ius
410 3043 419 3056 ,
435 3025 578 3062 firmatque
589 3027 646 3052 Pal.
661 3025 709 3052 see.
729 3036 814 3060 neque
832 3026 930 3053 abeunt
949 3027 995 3053 alii
1015 3026 1095 3053 nostri

137 3059 218 3094 quain
231 3057 301 3094 quod
311 3059 330 3085 ii
340 3068 402 3086 vera
414 3079 422 3092 ‚
440 3061 506 3088 item
519 3063 596 3096 faffd-
612 3070 639 3089 at
651 3062 794 3089 Lambinus
807 3063 941 3098 ingentem
955 3061 1095 3089 verborum

135 3095 236 3159 zoieni
248 3095 301 3122 istis
311 3095 502 3129 intermiscuit,
511 3097 689 3133 proculdubio
697 3106 783 3127 totam
792 3098 826 3126 de
836 3103 881 3127 iuo
893 3118 902 3133 ‚
921 3098 984 3126 licet
994 3105 1095 3136 partem

172 3137 274 3160 mittat·

1158 103 1378 136 rnen
1457 92 1697 140 Sino.
2003 100 2122 165 1183

1170 165 1275 199 stantia
1286 188 1296 203 ,
1319 178 1354 200 ea
1372 178 1443 201 vera
1459 170 1606 203 dicemus.
1640 183 1697 204 nec
1718 171 1738 204 fi
1761 182 1856 206 omne
1875 175 2065 207 enuntiatum
2085 184 2135 208 aut

1169 219 1277 240 verum
1290 230 1299 245 ,
1317 220 1367 242 aut
1374 210 1484 243 falsum
1495 214 1538 244 est
1551 233 1559 248 ,
1577 215 1712 256 sequitur
1721 216 1805 248 illico
1816 215 1872 246 esse
1881 217 1978 248 causas
1989 219 2135 250 immuta÷

1171 250 1259 281 bileis
1268 271 1277 286 ,
1292 253 1396 294 easque
1406 264 1542 289 aeternas,
1555 267 1620 297 quae
1630 257 1808 297 prohibeant
1816 258 1981 300 quidquam
1994 260 2075 291 secus
2084 270 2135 292 ca-

1170 291 1238 323 dere
1249 312 1258 327 ,
1270 303 1356 335 atque
1365 296 1501 327 casurum
1515 296 1560 328 fit.
1577 297 1708 330 fortuita:
1721 300 1787 331 sunt
1798 301 1902 334 caus-ae,
1912 311 1978 342 quae
1989 301 2132 338 efficiant,

1170 343 1203 364 ut
1213 335 1282 365 vere
1293 337 1432 368 dicantur
1442 358 1451 372 ‚
1467 349 1531 379 quae
1541 342 1580 371 ita
1589 340 1727 372 dicentur
1739 362 1748 376 ‚
1774 342 1868 373 Veniet
1879 345 1946 373 Cato
1954 344 1982 373 in
1988 345 2133 384 senatum,

1168 385 1233 407 non
1243 377 1365 409 inclusae
1376 382 1408 410 in
1416 390 1515 411 rerum
1527 391 1628 414 natura
1638 402 1647 416 >
1660 392 1747 424 atque
1760 385 1887 416 mundo.
1911 388 1949 417 Et
1958 395 2059 417 tamen
2070 396 2131 418 tam

1169 416 1213 447 est
1221 419 1414 451 immutabile
1425 432 1587 454 venturum
1599 444 1607 458 ‚
1629 425 1700 455 cum
1713 425 1754 456 est
1767 436 1874 458 verum
1885 438 1895 461 ·‚
1905 426 1995 468 qu‘am
2005 427 2132 460 venisse:

1169 469 1227 490 nec
1238 460 1277 489 ob
1288 470 1352 492 eam
1364 464 1481 494 causam
1494 464 1590 496 fatum
1603 486 1611 501 ‚
1624 475 1673 498 aut
1684 467 1834 499 neceffitas
1843 469 2067 501 extimescenda
2076 469 2128 502 est.

1169 503 1292 532 Etenim
1316 503 1518 537 eritconfiteri
1528 507 1642 539 necesse
1652 529 1661 543 ,
1679 507 1772 540 fihaec
1781 512 1950 542 enuntiatio
1961 530 1970 545 ,
1991 513 2087 542 Veniet
2100 513 2131 543 in

1170 543 1362 583 Tusculanum
1383 548 1544 589 Hortensius
1556 570 1564 583 ,
1589 554 1600 578 3
1617 560 1722 581 verum
1735 561 1800 583 non
1809 551 1852 583 est
1867 553 2017 593 :sequitur
2029 563 2061 585 ut
2071 553 2130 585 fal-

1166 585 1234 615 sum
1253 585 1294 616 sit.
1314 596 1444 627 quorum
1463 590 1512 621 isti
1532 601 1673 623 neutrum
1684 594 1805 625 volunt.
1828 594 1910 636 quod
1922 593 2060 627 fiennon
2070 606 2130 636 po·

1167 626 1230 657 test.
1249 637 1305 658 nec
1324 639 1380 659 nos
1399 632 1547 671 impediet
1567 634 1617 664 illa
1628 635 1737 674 ignava
1751 638 1844 671 ratio,
1864 646 1930 679 quae
1939 635 2057 668 dicitur.
2077 648 2130 678 ap-

1164 669 1289 709 pellatur
1313 672 1397 701 enim
1416 673 1540 713 quidam
1553 674 1568 705 a
1577 677 1764 717 philosophis
1777 680 1851 714 ἀργὸς
1861 682 1948 714 λὸγΘ
1957 698 1968 713 ‚
1987 681 2037 710 cui
2047 678 2068 709 fi
2076 689 2128 720 pa-

1163 720 1281 742 reamus
1292 731 1302 746 ,
1322 716 1340 739 4
1361 715 1439 743 nihil
1459 718 1591 747 omnino
1602 727 1723 759 agamus
1743 722 1776 750 in
1786 730 1858 752 vita.
1881 723 1929 753 Sic
1939 722 2023 752 enim
2032 723 2130 752 inter-

1167 762 1272 794 rogant
1284 764 1289 783 z
1299 756 1336 784 Sl
1350 763 1467 787 FAruM
1478 767 1554 788 Trnr
1567 768 1624 789 Esr
1637 779 1646 792 2
1668 770 1706 791 ex
1715 762 1774 792 hoc
1783 763 1891 794 morbo
1905 763 2124 797 convalescere;

1142 809 1145 816 ι
1165 794 1223 826 five
1244 795 1399 827 medicum
1418 798 1589 831 adhibueris
1599 820 1608 834 ,
1628 800 1687 831 five
1706 813 1770 833 non
1783 824 1791 837 ,
1813 805 2011 836 convalesces.
2031 807 2124 840 Item,

1166 847 1195 867 si
1208 846 1325 868 FAruM
1334 848 1394 869 Tra
1403 849 1414 869 1
1429 839 1472 871 est
1483 861 1491 875 ‚
1512 851 1551 872 ex
1561 844 1619 873 hoc
1626 843 1736 874 morbo
1745 854 1809 875 non
1821 847 2028 878 convalescere
2040 857 2046 876 :
2058 846 2118 878 five

1164 887 1196 910 tu
1206 880 1363 911 medicum
1373 881 1544 914 adhibueris
1555 904 1564 917 ‚
1587 883 1646 915 five
1656 895 1734 919 non,
1748 896 1811 917 non
1821 889 2022 920 convalesces.
2035 888 2068 919 &
2080 889 2124 919 al·

1164 929 1310 952 terutrum
1330 921 1426 954 fatum
1436 923 1488 955 est.
1511 926 1665 957 medicum
1676 937 1744 969 ergo
1755 929 1894 960 adhibere
1909 931 1987 960 nihil
2001 932 2118 962 attinet.

1162 962 1259 994 Reste
1277 974 1373 1005 genus
1385 967 1441 996 hoc
1451 968 1693 1009 interrogationis
1706 971 1846 1011 ignavum
1858 991 1866 1005 ,
1888 981 1974 1013 atque
1984 973 2056 1002 iners
2065 982 2125 1004 no-

1162 1007 1312 1037 minatum
1332 1006 1376 1037 est
1390 1028 1398 1041 ‚
1417 1008 1501 1049 quod
1527 1011 1630 1041 eadem
1650 1013 1766 1043 ratione
1786 1016 1890 1044 omnis
1899 1014 1916 1045 ὲ
1929 1016 1990 1045 vita
2001 1015 2123 1046 tolletur

1162 1046 1250 1078 auio.
1275 1050 1361 1080 Licet
1371 1052 1460 1080 etiam
1474 1053 1645 1087 immutare,
1658 1057 1671 1080 5
1686 1062 1717 1084 ut
1726 1053 1780 1085 fati
1791 1065 1908 1086 nornen
1918 1066 1956 1086 ne
1964 1056 2121 1097 adiungas,

1139 1097 1142 1104 ’
1162 1089 1196 1120 &
1213 1090 1340 1121 eandem
1354 1100 1456 1123 tamen
1476 1102 1575 1124 teneas
1595 1095 1775 1126 sententiam
1790 1117 1799 1130 ,
1823 1098 1881 1128 hoc
1892 1098 1986 1128 modo
2001 1109 2006 1127 :
2026 1101 2062 1129 S1
2075 1108 2119 1129 Ex

1164 1141 1398 1164 AETERNITATE
1410 1144 1517 1166 verum
1529 1137 1587 1167 hoc
1597 1135 1667 1171 fuit,
1679 1140 1725 1168 Ex
1736 1138 1791 1168 isto
1802 1140 1911 1169 morbo
1921 1140 2122 1174 convalesces;

1138 1181 1140 1188 ¹
1158 1172 1216 1204 five
1226 1175 1396 1206 adhibueris
1407 1177 1574 1212 medicum,
1588 1176 1646 1209 five
1661 1189 1735 1213 non,
1746 1181 1945 1212 convalesces.
1969 1184 2121 1223 Itemque,

1162 1224 1191 1246 sr
1203 1226 1248 1246 nx
1262 1226 1384 1247 AETERN
1393 1228 1500 1249 xrArr.
1513 1239 1521 1254 ,
1535 1221 1592 1251 hoc
1599 1220 1707 1251 falsum
1719 1220 1778 1252 fuit
1791 1241 1800 1256 ,
1811 1225 1858 1253 Ex
1869 1221 1926 1253 isto
1935 1223 2046 1254 morbo
2057 1233 2124 1255 non

1158 1259 1345 1290 convalesces
1356 1280 1365 1294 ,
1377 1259 1435 1291 five
1445 1261 1617 1293 adhibueris
1639 1263 1795 1294 medicum
1807 1283 1815 1298 ,
1835 1262 1893 1295 five
1903 1274 1966 1295 non
1977 1264 2122 1295 adhibue-

1160 1302 1211 1334 ris,
1223 1311 1286 1331 non
1296 1303 1484 1334 convalesces
1498 1315 1503 1333 :
1514 1303 1622 1335 deinde
1633 1314 1744 1337 caetera.
1757 1308 1832 1337 Haec
1844 1308 1920 1337 ratio
1931 1307 1946 1337 a
1956 1305 2122 1347 Chrysippo

1157 1344 1393 1383 reprehenditur.
1417 1345 1563 1387 Qaedam
1572 1349 1657 1377 enim
1668 1348 1736 1378 sunt
1746 1367 1754 1382 ‚
1773 1350 1894 1389 inquit,
1905 1350 1937 1379 in
1948 1349 2036 1379 rebus
2049 1348 2123 1378 fim-

1156 1384 1247 1424 plicia
1264 1404 1274 1419 ,
1294 1386 1431 1426 quaedam
1452 1389 1598 1428 copulata.
1621 1390 1759 1430 Simplex
1779 1389 1822 1421 est
1839 1411 1847 1424 ‚
1868 1391 2014 1420 Morietur
2034 1401 2061 1420 eo
2077 1390 2122 1420 die

1156 1426 1293 1457 Socrates.
1319 1430 1401 1459 Huic
1413 1449 1422 1463 ‚
1443 1428 1502 1460 five
1511 1431 1583 1470 quid
1594 1430 1713 1465 fecerit,
1733 1430 1791 1462 five
1803 1442 1866 1462 non
1877 1431 1984 1464 fecerit
1995 1452 2003 1466 ‚
2015 1431 2121 1463 finitus

1155 1467 1199 1499 est
1219 1470 1373 1500 moriendi
1389 1470 1464 1501 dies.
1487 1475 1529 1502 At
1547 1471 1567 1501 fi
1586 1474 1626 1503 ita
1645 1472 1740 1503 fatum
1752 1472 1786 1504 fit
1799 1493 1808 1507 ‚
1832 1475 1975 1513 Nascetur
1985 1473 2117 1518 OEdipm

1155 1511 1229 1540 Laio
1243 1520 1327 1541 :non
1337 1514 1448 1551 poterit
1460 1512 1520 1543 dici
1531 1533 1539 1547 ‚
1551 1512 1610 1543 five
1619 1513 1709 1545 fuerit
1721 1516 1813 1554 Lajus
1822 1525 1893 1545 cum
1907 1516 2046 1549 muliere,
2059 1518 2118 1545 live

1155 1561 1221 1581 non
1231 1551 1322 1583 fuerit
1332 1573 1342 1586 ‚
1366 1555 1505 1593 copulata
1516 1557 1601 1584 euim
1613 1566 1657 1585 res
1667 1555 1711 1585 est
1722 1575 1731 1589 ,
1750 1557 1783 1585 &
1793 1555 1962 1586 confatalis.
1987 1555 2024 1586 fic
2034 1558 2120 1587 enim

1154 1593 1282 1632 appellat
1295 1596 1381 1634 :quia
1398 1597 1438 1624 ita
1456 1594 1550 1625 fatum
1570 1595 1602 1625 sit
1613 1615 1621 1629 ‚
1644 1597 1676 1626 &
1696 1597 1931 1626 concubiturum
1943 1607 2015 1627 cum
2025 1607 2119 1628 uxore

1156 1635 1316 1673 Lajum,&
1327 1645 1365 1665 ex
1375 1645 1407 1666 ea
1418 1636 1578 1676 OEdipum
1588 1646 1862 1677 procreaturum,ut
1872 1636 1893 1668 fi
1904 1636 1976 1669 effer
1986 1638 2117 1674 diffitum,

1154 1674 1331 1706 Luctabitur
1340 1677 1472 1719 Olympiis
1480 1679 1567 1709 Milo
1576 1689 1588 1706 .·
1600 1679 1632 1709 &
1643 1678 1766 1710 referret
1776 1682 1884 1721 aliquis
1895 1691 1900 1709 :
1916 1683 1993 1722 Ergo
2003 1700 2011 1714 ,
2033 1679 2049 1701 ⁶
2058 1680 2119 1712 five

1154 1717 1291 1749 habuerit
1306 1719 1507 1751 adversarium
1520 1741 1529 1755 ,
1549 1719 1609 1752 five
1620 1731 1684 1752 non
1698 1722 1852 1756 habuerit,
1876 1721 2039 1753 luetabitur
2050 1734 2056 1753 :
2068 1733 2117 1754 er-

1155 1769 1234 1790 raret.
1253 1759 1304 1791 est
1320 1763 1405 1791 enim
1422 1764 1596 1802 copulatum
1609 1782 1618 1796 ,
1640 1762 1816 1793 Laetabitur
1828 1783 1837 1798 ,
1860 1765 1930 1804 quia
1941 1762 2001 1794 fine
2011 1764 2118 1796 adver·

1153 1801 1229 1831 sario
1243 1802 1327 1831 nulla
1341 1802 1468 1833 lufiratio
1479 1803 1530 1834 est.
1555 1807 1672 1834 Omnes
1681 1807 1771 1845 igitur
1782 1805 1867 1836 istius
1874 1808 1992 1846 generis
2003 1808 2117 1847 captio-

1127 1827 1131 2023 ὶ
1154 1852 1208 1872 nes
1225 1842 1336 1873 eodem
1353 1844 1448 1874 modo
1466 1844 1663 1876 refelluntur:
1682 1849 1766 1876 Sive
1784 1857 1824 1876 Tu
1835 1847 2006 1878 adhibueris
2015 1847 2118 1879 medi-

1151 1893 1222 1914 cum
1234 1904 1243 1918 ,
1266 1882 1325 1915 five
1338 1894 1402 1915 non
1412 1885 1583 1916 adhibueris
1595 1906 1604 1920 ‚
1621 1888 1809 1919 convalesces
1829 1899 1836 1918 ε
1853 1889 2031 1929 captiosum.
2053 1898 2116 1921 tarn

1152 1927 1235 1956 enirn
1256 1925 1300 1956 est
1318 1926 1424 1960 fatale,
1449 1928 1603 1958 medicum
1613 1929 1774 1964 adhibere,
1797 1932 1888 1971 quim
1899 1931 2113 1962 convalescere.

1152 1968 1216 1998 haec
1235 1968 1360 2002 utdixi,
1382 1969 1540 2008 confatalia
1551 1971 1602 2000 ille
1613 1971 1748 2011 appellat.
1768 1972 1935 2004 Carneades
1945 1974 2002 2004 hoc
2014 1982 2112 2005 totum

1128 2033 1130 2038 ,
1152 2020 1248 2051 genus
1267 2020 1331 2041 non
1350 2011 1512 2051 probabat,
1532 2012 1565 2043 &
1587 2017 1602 2041 7
1623 2016 1719 2043 nimis
1738 2013 1954 2046 inconsiderate
1969 2016 2113 2047 concludi

1150 2053 1227 2083 hanc
1245 2055 1395 2083 rationem
1413 2054 1541 2093 putabat.
1563 2056 1662 2096 itaque
1684 2056 1840 2096 premebat
1851 2057 1911 2087 alio
1920 2057 2037 2091 modo,
2058 2068 2114 2089 nec

1149 2094 1244 2125 ullam
1261 2094 1419 2126 adhibebat
1438 2096 1622 2127 calumniam
1642 2108 1648 2126 :
1674 2099 1759 2135 cujus
1777 2107 1836 2129 erat
1853 2099 1917 2130 haec
1935 2098 2108 2130 conclusio:

1148 2139 1182 2167 St
1195 2145 1310 2167 οΜΝῙΑ
1325 2138 1730 2170 ANTECEDEN‘rinuscaufis
1741 2138 1818 2170 fiunt
1832 2160 1841 2174 ,
1864 2143 1970 2171 omnia
1984 2142 2111 2172 naturali

1127 2183 1129 2212 ῑ
1148 2179 1341 2219 colligatione
1360 2180 1512 2214 conserte,
1533 2190 1734 2222 contexteque
1759 2181 1846 2213 fiunt.
1869 2182 1952 2223 quod
1975 2181 2109 2218 fiitaest,

1150 2231 1253 2250 omnia
1266 2219 1415 2252 neceffiras
1435 2220 1536 2252 efficit.
1559 2222 1594 2253 ld
1614 2221 1749 2253 fiverum
1768 2223 1828 2258 est,
1849 2223 1982 2254 nihilest
2000 2235 2033 2255 in
2052 2235 2110 2255 no-

1150 2262 1206 2293 stra
1224 2263 1376 2303 potestate.
1397 2262 1439 2294 est
1460 2273 1560 2294 autem
1579 2264 1734 2305 aliquidin
1753 2264 1852 2296 nostra
1872 2265 2023 2305 potestate.
2054 2270 2108 2301 Ac,

1148 2304 1168 2334 fi
1186 2307 1292 2335 omnia
1308 2305 1371 2335 fato
1395 2304 1492 2340 fiunt,
1521 2308 1627 2337 omnia
1648 2305 1740 2337 caufis
1757 2308 2001 2338 antecedentibus
2020 2306 2107 2339 fiunt.

1148 2357 1212 2377 non
1232 2350 1322 2388 igitur
1338 2347 1400 2378 sato
1424 2347 1519 2382 fiunt,
1543 2358 1741 2389 quaecumque
1761 2347 1846 2380 fiunt.
1872 2344 1886 2369 8
1908 2352 1977 2380 Hoc
1996 2349 2109 2380 arEiius

1145 2388 1373 2430 adstringiratio
1384 2400 1448 2420 non
1465 2390 1574 2430 potest.
1599 2393 1678 2421 Nam
1692 2390 1780 2431 liquis
1800 2391 1874 2421 velit
1885 2391 1965 2422 idem
1977 2391 2085 2422 referre
2096 2412 2106 2426 ,

1146 2441 1233 2472 atque
1244 2434 1283 2461 ita
1294 2432 1410 2462 dicere:
1431 2435 1449 2462 S
1465 2442 1475 2461 1
1507 2442 1525 2462 o
1538 2443 1563 2462 M
1577 2442 1599 2462 N
1610 2442 1630 2462 r:
1659 2443 1679 2462 F
1690 2443 1706 2463 u
1717 2444 1737 2462 τ
1749 2443 1766 2462 u
1777 2443 1799 2462 R
1810 2443 1828 2463 u
1840 2443 1884 2467 M,
1897 2443 1935 2463 ex
1946 2436 2108 2464 aeternitate

1147 2483 1252 2504 verum
1264 2473 1316 2507 est,
1331 2484 1361 2504 ut
1372 2478 1410 2504 ita
1420 2476 1498 2505 certe
1510 2475 1903 2515 eveniat,quemadmodum
1916 2474 2105 2510 fututurum,

1119 2517 1122 2545 l
1143 2517 1249 2547 omnia
1258 2515 1373 2546 neceni:
1384 2515 1429 2547 est
1440 2516 1636 2558 colligatione
1647 2519 1773 2547 naturali
1782 2517 1917 2547 conserte
1929 2537 1939 2550 ,
1950 2525 2106 2548 contexte-

2047 2569 2105 2600 que

1170 2670 1198 2695 4.
1218 2663 1299 2697 ‘thl
1311 2664 1400 2687 omnino
1409 2671 1509 2695 agamus
1525 2673 1551 2688 m
1571 2662 1654 2696 vitm]
1677 2661 1720 2687 Sic
1731 2662 1818 2688 Turn.
1828 2661 1900 2687 Vist.
1912 2661 1978 2689 item
1990 2660 2061 2688 Pitli.
2073 2661 2103 2687 Sc

1135 2698 1185 2725 see.
1197 2707 1256 2725 uam
1267 2699 1354 2724 Aldus
1364 2700 1426 2724 nihii*
1434 2701 1469 2724 ef!
1481 2699 1541 2732 quod
1548 2701 1637 2725 omnino
1649 2700 1783 2731 agamus-1⁴⁷1
1793 2700 1859 2723 vita.

1173 2752 1199 2777 5.
1212 2744 1295 2778 Utfati
1305 2752 1384 2768 nomen
1394 2752 1422 2768 ne
1433 2744 1574 2778 adjrmgm-.]
1587 2743 1695 2771 Habent
1707 2742 1763 2769 Pal.
1775 2742 1824 2768 sec.
1835 2751 1864 2769 ac
1874 2741 1947 2769 Pith.
1957 2742 2022 2769 item
2034 2740 2101 2769 editi

1137 2781 1152 2806 ὁ
1163 2779 1236 2806 νίξὶ,
1251 2780 1342 2815 vulgg.
1354 2789 1400 2805 non
1409 2779 1535 2813 adjungas.

1171 2823 1197 2850 6.
1219 2827 1274 2849 Sive
1283 2824 1395 2849 habuerit
1405 2823 1638 2857 adweigs'arium‚srre
1648 2831 1693 2849 non
1702 2821 1839 2856 habuerit]
1862 2821 1920 2848 Pal.
1931 2819 1981 2848 sec.
1994 2820 2100 2849 uti-obi·

1136 2868 1200 2895 que,
1211 2860 1357 2885 adhibuerit.

1171 2910 1199 2936 7.
1218 2902 1295 2928 Nimis
1303 2902 1494 2937 inconsiderati]
1517 2902 1575 2929 Pal.
1587 2902 1635 2929 stc.
1647 2904 1725 2928 minue
1735 2902 1884 2936 considerate.
1893 2910 1944 2928 non
1955 2901 2057 2938 inepte.

1173 2953 1201 2980 8.
1222 2957 1268 2980 Hoc
1279 2956 1371 2980 armus
1389 2956 1488 2987 astringi
1505 2957 1567 2980 ratio
1575 2964 1620 2980 mm
1628 2955 1727 2989 potest]
1749 2953 1863 2980 Vi&orii
1873 2952 1957 2979 editio
1968 2952 2000 2979 fic
2011 2952 2102 2985 habet,

1134 2999 1220 3026 neque
1230 2989 1301 3016 secus
1321 2989 1379 3016 1²³1.
1399 2990 1444 3016 ille
1455 2990 1504 3016 sec.
1525 2991 1598 3025 cujus
1618 2991 1764 3017 bonitatem
1785 2999 1845 3016 cum
1863 2997 1988 3025 expertus
2001 2988 2099 3015 fuerim

1136 3027 1214 3052 etiam
1234 3027 1262 3053 in
1272 3026 1331 3053 aliis
1343 3026 1428 3052 Tullii
1438 3026 1513 3052 libris
1526 3046 1534 3059 ,
1552 3026 1640 3053 delevi
1661 3027 1798 3062 vulgatum
1817 3028 1863 3053 haee
1875 3045 1883 3058 ,
1902 3034 1988 3064 neque
2005 3024 2100 3066 adhtefi

1137 3064 1178 3088 Tu
1183 3062 1309 3089 ruebiauo
1321 3081 1329 3094 ,
1340 3066 1386 3088 Hoc
1394 3065 1487 3089 armus
1497 3065 1587 3089 ratione
1596 3065 1695 3097 astringi
1702 3073 1747 3089 non
1753 3065 1829 3096 potes!
1839 3072 1847 3094 5
1869 3061 1940 3097 quod
1951 3061 1979 3087 id
1989 3062 2100 3096 reperii*-

1136 3098 1186 3124 scm
1199 3099 1226 3125 in
1238 3098 1297 3125 Pal.
1306 3105 1368 3125 tert.
1379 3108 1410 3124 ac
1419 3106 1516 3134 quarto
1527 3118 1535 3131 ‚
1556 3109 1607 3126 non
1619 3099 1732 3126 nimium
1743 3099 1817 3127 castis
1828 3097 1963 3127 codicibus
1976 3106 1985 3130 3
2005 3102 2103 3132 utpote

1137 3133 1297 3171 coiijeRuris
1307 3134 1480 3163 librariorum
1497 3134 1616 3171 saepicule
1628 3135 1744 3164 violatis.

2007 3176 2030 3195 ι.
2042 3169 2103 3200 ‚ugo

2146 980 2186 1013 ¹3

2136 1971 2179 2006 14
