2379 3400
221 127 347 178 1094
623 97 1137 148 M.TULL11

213 197 292 227 nihil
311 190 473 223 honestatis
485 198 490 216 τ
502 193 621 227 propter
632 181 710 212 mala
721 181 746 210 is
755 177 880 220 quidem
893 183 1015 216 angatur
1027 193 1035 207 ,
1056 171 1106 204 sed
1115 172 1171 203 alia

216 236 352 277 quaedam
372 231 404 261 sit
422 231 457 260 ad
476 237 545 259 eum
557 222 747 256 admovenda
756 221 870 251 curatio
882 238 890 253 ,
911 215 1169 256 &talisquidem‚

215 288 282 318 qua:
300 274 384 315 pollit
400 270 458 302 ess'e
480 277 624 299 omnium
636 286 644 300 ‚
665 266 756 295 etiam
777 262 814 292 de
839 262 945 292 ceteris
962 258 1050 289 rebus
1060 257 1171 287 discre-

215 327 350 359 pantium
369 312 630 355 philosophorum.
669 309 748 336 inter
764 305 886 334 omneis
905 303 990 332 enim
1009 301 1173 330 convenire

214 367 352 400 oportet,
370 355 596 385 commotiones
605 351 779 381 animorum
793 367 802 380 ,
811 347 827 376 a
836 343 916 375 reRa
926 345 1040 373 ratione
1050 341 1172 374 aversas,

218 400 276 432 ess'e
295 398 413 429 vitiosas
425 416 434 430 ,
456 404 489 426 ut
506 396 597 424 etiam
613 391 634 422 fi
657 401 712 421 nec
723 390 801 420 mala
812 386 867 417 sint
877 387 945 420 illa,
966 394 1032 425 quae
1044 392 1173 416 metum,

217 440 469 483 aegritudinemve
481 448 486 466 z
501 440 509 455 ¹
523 446 578 466 nec
594 435 673 465 bona
683 453 691 466 ‚
703 442 768 472 quae
778 429 987 469 cupiditatem,
999 427 1172 456 laetitiamve

217 490 363 516 moveant
381 501 390 513 ‚
421 488 522 510 tamen
540 477 573 508 sit
591 475 698 506 vitiosa
717 473 779 513 ipsa
795 472 978 502 commone.
1010 466 1175 503 constantem

218 536 295 556 emm
304 522 443 565 quendam
452 521 598 552 volumus,
620 517 767 557 sedatum,
784 523 925 555 gravem,
946 513 1071 540 humana
1080 519 1175 538 omnia

216 574 384 610 prementem
393 566 474 594 illum
484 562 532 600 effe
542 582 550 596 ‚
573 571 656 602 quem
665 566 880 599 magnanimum
894 575 902 588 ‚
925 554 1068 592 &fertem
1079 561 1177 581 virum

218 611 349 641 dicimus.
372 608 438 638 talis
460 613 560 635 autem
572 613 627 633 nec
641 610 772 632 moerens
791 619 800 633 ,
820 608 875 630 nec
893 599 1024 629 timens,
1048 604 1102 624 nec
1125 603 1177 623 cu-

219 655 306 694 piens
327 671 335 683 ‚
362 659 415 680 nec
431 647 560 690 gestiens
577 643 634 674 effe
652 644 808 684 quisquam
827 638 933 681 potest.
965 647 1071 668 eorum
1092 645 1175 665 enim

222 698 285 726 haec
304 694 380 723 sunt.
403 693 456 732 qui
474 697 602 719 eventus
612 688 781 718 humanos,
801 683 985 722 superiores,
1008 678 1098 720 quam
1111 678 1178 708 suos

221 740 340 769 animos
357 732 414 764 effe
430 733 554 763 ducunt.
578 731 677 770 Qare
695 728 838 757 omnium
857 723 1107 764 philosophorum
1119 740 1126 753 ‚
1148 728 1180 749 ut

222 779 292 810 ante
309 777 374 807 dixi
385 796 393 809 ‚
415 785 473 805 una
483 775 556 803 ratio
567 770 609 802 est
620 769 783 802 medendi,
806 777 838 797 ut
848 766 939 798 nihil,
951 763 1038 805 quale
1048 761 1080 792 sit
1092 760 1178 793 illud,

222 820 304 863 quod
322 816 640 859 pertuibetanimum,
661 811 710 842 sed
723 811 759 840 de
777 809 836 849 ipsa
857 807 891 838 sit
901 805 1122 847 perturbatione
1133 803 1181 833 di-

222 862 365 894 cendum.
388 855 631 900 itaqueprimum
642 857 674 884 in
685 853 745 893 ipsa
754 851 936 891 cupiditate,
955 846 1069 877 cumid
1079 845 1178 876 solum

223 906 341 946 agitur,
363 911 396 932 ut
405 911 438 932 ea
448 901 569 930 tollatur
583 918 591 932 ‚
604 907 667 927 non
678 895 720 926 est
730 893 927 935 quaerendum
942 910 951 923 ,
963 890 1081 920 bonum
1091 886 1181 919 illud,

223 956 319 977 necne
341 943 374 974 sit
387 964 396 978 ,
415 943 497 984 quod
508 941 670 970 libidinem
683 945 803 968 moveat
814 946 820 964 ·.
831 934 879 964 sed
891 932 990 963 libido
1000 931 1060 971 ipsa
1070 931 1180 962 tollen-

224 989 260 1019 da
279 987 381 1018 esttut
396 984 474 1017 sive,
497 982 578 1023 quod
597 979 757 1010 honestum
777 976 838 1010 est,
859 976 890 1006 id
911 974 945 1004 sit
958 975 1113 1004 stimmum
1125 972 1179 1001 bo-

225 1040 302 1062 num
315 1050 323 1063 ,
343 1027 401 1059 sive
421 1027 560 1065 voluptas
572 1044 581 1057 ,
606 1022 664 1052 five
675 1023 788 1051 horum
800 1026 958 1058 utrumque
969 1013 1182 1055 conjunEtunu

225 1071 285 1102 sive
304 1072 356 1101 illa
372 1071 426 1100 tria
443 1077 549 1108 genera
568 1066 726 1095 bonorum
739 1082 747 1096 2
773 1071 892 1094 tamen,
912 1060 1002 1089 etiam
1022 1055 1040 1086 si
1052 1057 1184 1086 >virtutis

224 1113 314 1154 ipsius
333 1111 545 1143 vehementior
562 1108 710 1147 appetitus
726 1103 760 1135 sit
771 1124 779 1138 ‚
800 1107 814 1123 ²
832 1102 936 1133 eadem
947 1098 1137 1130 sitomnibus
1147 1096 1182 1126 ad

225 1155 439 1186 deterrendum
462 1149 632 1181 adhibenda
643 1149 748 1178 oratio.
774 1149 787 1174 3
799 1147 936 1177 continet
945 1151 1047 1172 autem
1056 1148 1182 1170 ornnem

226 1198 413 1229 seditionem
431 1194 528 1224 animi
547 1212 556 1226 ‚
576 1193 708 1221 humana
726 1191 759 1218 in
777 1184 939 1226 conspeetu
960 1182 1054 1223 posita
1072 1189 1183 1212 natura:

225 1250 291 1280 quae
303 1248 363 1279 quo
373 1235 492 1267 facilius
501 1232 633 1275 expressa
642 1241 778 1263 cernatur
787 1250 794 1263 ‚
808 1227 986 1269 explicanda
995 1224 1038 1255 est
1048 1226 1184 1254 oratione

227 1282 403 1312 communis
420 1277 580 1309 conditio,
605 1276 714 1315 lexque
733 1275 811 1303 vitae.
835 1274 938 1310 ltaque
957 1277 1020 1297 non
1032 1265 1092 1295 sine
1102 1264 1185 1295 causa

225 1329 242 1351 4
265 1323 335 1353 cum
358 1320 495 1352 Orestem
513 1318 645 1349 fabulam
665 1317 785 1346 doceret
802 1311 977 1352 Euripides:
999 1310 1115 1350 primos
1135 1308 1187 1337 tris

226 1366 330 1397 versus
340 1361 487 1394 revocasse
498 1361 605 1391 dicitur
614 1362 745 1389 Socrates
759 1367 764 1385 :
1010 1375 1016 1379 .

322 1410 336 1434 5
347 1408 447 1446 Neque
463 1412 525 1433 tam
542 1399 673 1431 terribilis
692 1401 751 1428 ulla
760 1397 849 1437 fando
868 1395 956 1426 oratio
975 1393 1030 1427 eff,

323 1447 410 1476 6Nec
423 1447 502 1486 sors,
522 1455 569 1474 nec
590 1445 634 1472 ira
651 1441 779 1472 eoelz'tum
797 1437 943 1468 investio-m
961 1436 1089 1469 malum,

323 1496 338 1518 7
361 1489 447 1530 Qud
465 1498 517 1516 non
533 1494 639 1515 natura
656 1486 780 1513 humana
794 1480 925 1523 patiendo
943 1479 1049 1520 efferat.

232 1532 285 1566 Est
302 1541 403 1562 autem
415 1530 497 1559 utilis
506 1529 541 1558 ad
553 1526 791 1567 persuadendum
804 1544 812 1558 ‚
832 1519 847 1542 8
857 1533 909 1556 ea,
928 1530 994 1562 quae
1002 1518 1185 1550 acciderunt,

227 1577 300 1606 ferri
321 1571 462 1612 &poss'e‚
483 1571 680 1609 &opor-tere,
703 1567 892 1597 enumeratio
901 1572 1028 1594 eorum,
1046 1559 1187 1601 quitule-

214 1644 215 1647 ,
230 1625 314 1647 runt.
338 1613 388 1645 etsi
406 1611 591 1653 aegritudinis
611 1609 720 1639 sedatio
732 1608 765 1637 ὅτ.
776 1606 911 1636 hesterna
920 1604 1120 1644 disputatione
1133 1609 1186 1630 ex-

231 1659 338 1700 plicata
360 1655 402 1686 est
421 1675 429 1688 ‚
451 1654 484 1684 Sc
504 1655 535 1682 in
559 1651 783 1682 Consolationis
802 1648 901 1680 libro,
920 1655 1012 1687 quem
1030 1647 1064 1675 in
1083 1642 1187 1673 medio

232 1702 319 1739 (non
340 1700 425 1727 enim
444 1696 588 1735 sapientes
611 1692 751 1731 eramus)
772 1699 920 1723 moerore,
943 1688 975 1717 δε
994 1686 1099 1717 dolore
1113 1694 1184 1715 con—

235 1740 401 1781 scripsimus
422 1749 427 1766 :
448 1736 589 1777 quodque
607 1743 687 1764 vetat
706 1731 884 1772 Chrysippus
899 1751 908 1764 ‚
926 1730 965 1759 ad
979 1735 1088 1758 retentu
1107 1725 1189 1767 quasi

232 1790 353 1813 tumores
364 1780 473 1813 animi,
485 1778 636 1807 remedium
644 1774 781 1807 adhibere,
795 1775 825 1804 id
834 1782 890 1802 nos
902 1772 1030 1802 fecimus
1041 1790 1049 1804 ‚
1062 1778 1186 1799 naturae-

233 1836 290 1867 que
310 1826 374 1854 vim
392 1822 550 1853 attulimus
568 1839 576 1853 ,
606 1827 639 1848 ut
656 1816 860 1857 magnitudini
883 1813 1045 1843 medicinae
1073 1810 1187 1840 doloris

176 1883 218 1916 30
236 1865 412 1908 magnitudo
429 1861 615 1894 concederet.
638 1859 695 1890 Sed
716 1857 885 1899 aegritudini
900 1875 908 1890 ‚
929 1855 966 1885 de
989 1864 1045 1895 qua
1063 1853 1129 1882 satis
1147 1850 1188 1881 est

233 1909 416 1949 disputatum
430 1926 438 1939 ,
459 1903 609 1935 finitimus
627 1901 671 1932 est
691 1909 800 1930 metus.
825 1902 872 1929 De
893 1907 955 1938 quo
966 1893 1190 1937 paucadicenda

234 1952 312 1982 sunt.
337 1948 387 1980 Est
405 1950 489 1978 enim
509 1954 607 1975 metus
621 1965 629 1978 ,
652 1951 685 1974 ut
702 1941 868 1983 aegritudo,
891 1939 1060 1981 praesentis:
1079 1935 1116 1966 sic
1126 1936 1189 1969 ille,

230 1993 325 2023 futuri
337 1992 419 2022 mali.
443 1993 543 2030 Itaque
553 1986 695 2017 nonnulli
706 1984 893 2025 aegritudinis
903 1991 1016 2022 partem
1036 1978 1187 2021 quandam

235 2044 351 2065 metum
378 2031 436 2063 esse
456 2030 602 2062 dicebant.
622 2029 673 2059 alii
692 2036 792 2057 autem
803 2034 921 2055 metum
934 2043 942 2058 ,
958 2020 1189 2064 praemolestiam

233 2076 438 2117 appellabant,
459 2072 541 2115 quod
563 2071 606 2101 est
625 2068 705 2112 quasi
724 2069 787 2099 dux
811 2067 1022 2107 consequentis
1032 2062 1190 2094 molestiae>

235 2119 354 2160 Qibus
374 2119 462 2158 igitur
481 2113 648 2145 rationibus
667 2110 808 2142 instantia
817 2109 973 2142 feruntur,
993 2107 1107 2138 eisdem
1118 2115 1192 2136 con-

237 2168 416 2191 temnuntur
436 2158 595 2198 sequentia.
620 2164 689 2185 nam
702 2152 870 2183 videndum
883 2150 968 2181 estin
980 2149 1109 2190 utrisque
1121 2168 1130 2181 ‚
1155 2156 1194 2177 ne

236 2202 308 2244 quid
320 2201 448 2234 humile,
461 2196 654 2230 summiss'um
666 2216 674 2231 ‚
686 2195 792 2229 molle,
805 2189 1193 2225 effoeminatum,r1-a&um‚

236 2242 449 2285 abjectumque
465 2241 622 2271 faciamus.
645 2239 703 2270 Sed
723 2246 910 2279 quamquam
934 2235 971 2265 de
990 2232 1079 2274 ipsius
1096 2241 1195 2262 metus

241 2284 441 2316 inconstantia
455 2304 463 2317 ‚
484 2282 702 2314 imbecillitate,
714 2281 833 2310 levitate
844 2277 1009 2308 dicendum
1021 2275 1063 2305 est
1075 2286 1081 2304 z
1093 2284 1195 2305 tamen

239 2328 374 2358 multum
391 2324 503 2367 prodest*
520 2344 528 2358 a
562 2333 594 2353 ea
615 2343 623 2357 ,
649 2334 708 2364 qua
733 2328 919 2354 metuuntur,
940 2319 1000 2360 ipsa
1020 2325 1195 2347 contemnere.

237 2373 341 2411 Itaque
365 2389 374 2402 ‚
404 2367 462 2398 five
483 2367 548 2396 casu
568 2365 676 2396 accidit
693 2385 702 2398 ,
723 2363 781 2393 sive
799 2361 926 2392 consilio
947 2380 956 2394 ,
970 2358 1196 2400 ‹pei-commode

237 2411 353 2443 faetum
372 2409 414 2441 est
426 2430 434 2444 ‚
457 2408 539 2451 quod
559 2410 601 2438 eis
611 2407 648 2438 de
657 2407 763 2438 rebus,
783 2415 849 2445 quae
859 2405 996 2434 maxime
1008 2409 1197 2434 metuuntur,

1219 94 1761 144 C1cER0N-1s

1217 178 1254 209 dc
1271 187 1370 209 morte
1384 198 1394 212 ‚
1415 177 1449 208 &
1471 177 1508 208 de
1528 176 1652 213 dolore,
1671 181 1772 219 primo
1783 179 1815 212 δε
1826 181 1972 222 proximo
1983 180 2032 212 die
2042 179 2175 222 disputa-

1216 230 1282 251 tum
1303 220 1354 251 est.
1379 222 1453 263 Qae
1471 218 1491 249 fi
1504 219 1625 259 probata
1635 220 1703 251 sunt
1717 241 1726 254 ,
1748 232 1831 253 metu
1845 233 1951 264 magna
1961 233 1998 254 ex
2007 232 2086 263 parte
2096 223 2174 253 libe-

1216 265 1268 294 rati
1290 264 1402 294 sumus.
1426 266 1470 292 Ac
1490 261 1528 292 de
1539 261 1691 292 malorum
1703 265 1868 302 opinione,
1887 265 2040 296 haetenus.
2063 265 2174 295 Videa-
2217 280 2231 305 1

1219 316 1287 336 mus
1299 315 1380 335 nunc
1391 304 1427 334 de
1438 304 1589 333 bonorum
1604 323 1612 338 ,
1631 303 1714 334 idest
1725 324 1736 336 ,
1757 304 1794 334 de
1803 306 1902 338 laetitia
1911 327 1919 341 ‚
1941 308 1973 338 &
1982 308 2018 338 de
2027 307 2177 348 cupidita-

1217 357 1254 378 te.
1279 349 1359 377 Mihi
1369 345 1494 387 quidem
1505 346 1538 375 in
1548 354 1609 376 tota
1621 346 1738 376 ratione
1747 356 1799 380 ea,
1819 357 1885 387 quae
1894 349 2065 389 pertinetad
2077 349 2175 380 animi

1217 390 1470 430 perturbationem
1484 408 1493 420 ‚
1521 397 1580 418 una
1599 397 1644 418 res
1655 387 1774 420 videtur
1782 389 1897 420 causam
1908 394 2080 426 continere,
2105 400 2177 422 om-

1219 434 1285 462 neis
1304 441 1351 462 eas
1361 429 1419 460 effe
1430 432 1462 460 in
1472 428 1571 475 nostra
1579 429 1721 470 potestate
1731 450 1740 463 ‚
1758 432 2001 470 omneisjudicio
2015 434 2175 473 susceptas.

1218 476 1339 504 omneis
1358 472 1550 503 voluntarias.
1577 473 1636 502 Hic
1654 474 1745 512 igitur
1764 482 1845 502 error
1854 471 2093 513 esteripiendus,
2115 476 2178 505 haec

1220 514 1400 547 detrahenda
1410 515 1517 554 opinio
1530 524 1535 543 2
1561 517 1575 540 9
1586 523 1672 555 atque
1681 522 1715 543 ur
1724 514 1752 543 in
1763 513 1842 543 malis
1850 514 1986 556 apinam,
2007 516 2179 546 tolerabilia.-

1214 559 1256 600 fic
1274 560 1303 587 in
1315 557 1385 587 bonis
1396 578 1405 590 ,
1425 556 1567 597 sedatiora
1580 556 1649 596 sunt
1657 556 1796 597 efficienda
1807 567 1837 585 ea
1847 567 1905 597 quae
1915 552 2019 596 magna
2030 578 2038 591 ,
2059 559 2093 591 &
2101 559 2181 588 lara-

1221 600 1292 630 bilta
1305 601 1449 629 dicuntur.
1474 602 1571 639 Atque
1583 600 1641 628 hoc
1651 598 1775 639 quidem
1787 608 1953 628 commune
1963 599 2113 630 malorum
2124 621 2132 634 ,
2145 601 2178 631 Sc

1222 644 1396 673 bonorum:
1417 650 1469 674 ut,
1489 639 1580 680 sijam
1591 639 1717 670 difficile
1731 638 1764 670 sit
1774 641 1964 680 persuadere,
1986 641 2177 673 nihilearum

1221 696 1321 715 rerum
1342 704 1350 718 ,
1369 693 1434 724 quae
1455 681 1628 723 perturbent
1649 684 1786 713 animum
1800 702 1808 715 2
1826 692 1876 713 aut
1897 684 1930 712 in
1952 683 2060 716 bonis,
2079 691 2128 713 aut
2144 686 2179 714 in

1223 728 1310 758 malis
1331 725 1388 756 effe
1399 724 1570 755 habendum
1585 746 1593 758 ,
1614 734 1714 755 tamen
1723 725 1778 754 alia
1786 724 1821 754 ad
1829 725 1923 755 alium
1935 733 2056 755 motum
2065 727 2180 756 curatio

1220 769 1255 800 sit
1274 767 1443 800 adhibenda
1463 788 1471 800 ‚
1491 766 1605 808 aliaque
1624 769 1739 797 ratione
1759 767 1928 797 malevolus
1948 788 1956 800 ,
1979 767 2035 797 alia
2055 776 2181 800 amator.

1220 813 1276 843 alia
1294 811 1390 841 rursus
1410 811 1539 843 anxius,
1558 810 1614 839 alia
1633 809 1777 842 timidus,
1797 809 2004 850 corrigendus.
2027 818 2184 849 atqueerat

1220 854 1318 885 facile.
1342 853 1516 893 sequentem
1535 861 1600 882 eam
1619 852 1768 882 rationem
1780 871 1788 885 ‚
1808 861 1874 892 quae
1896 850 2032 880 maxime
2043 850 2184 890 probatur

1222 896 1259 927 de
1278 897 1368 925 bonis
1385 894 1418 925 &
1436 894 1544 927 malis,
1566 903 1670 934 negare
1680 903 1826 933 umquam
1839 893 1940 923 laet'itia
1949 890 2030 923 affici
2040 891 2182 932 possein-'-

1222 937 1377 979 sapientem
1391 957 1399 970 ‚
1418 935 1501 976 quod
1524 936 1602 965 nihil
1622 945 1766 976 umquam
1777 935 1989 964 haberetboni.
2013 934 2069 965 Sed
2080 935 2184 975 loqui-

1225 990 1293 1010 mur
1312 989 1393 1009 nunc
1414 988 1499 1019 more
1516 980 1687 1007 communi.
1713 979 1742 997 ¹0
1758 979 1823 1008 Sint
1835 977 1902 1007 sane
1915 975 1970 1006 ista
1988 976 2068 1006 bona
2088 996 2096 1010 ‚
2116 986 2184 1017 quae

1224 1031 1383 1062 putantur,
1398 1024 1424 1039 ¹¹
1437 1021 1579 1053 honores,
1592 1019 1707 1049 divitiae
1718 1039 1726 1052 ,
1747 1019 1913 1058 voluptates
1925 1039 1933 1052 ,
1957 1028 2067 1048 cetera:
2079 1027 2184 1049 tamen.

1224 1066 1256 1094 in
1268 1065 1310 1093 eis
1321 1061 1388 1103 ipsis
1399 1060 1556 1101 poriundis
1565 1061 1718 1098 exsultans
1732 1080 1740 1094 ‚
1760 1059 1946 1100 gestiensque
1957 1061 2057 1091 laetitia
2069 1081 2077 1093 ‚
2088 1062 2184 1099 turpis

1224 1105 1284 1136 est:
1305 1114 1355 1137 ut,
1381 1103 1400 1133 si
1426 1103 1521 1133 ridere
1544 1101 1716 1132 concessum
1737 1101 1771 1131 sit
1788 1121 1796 1135 ,
1816 1103 1999 1141 vituperetur
2015 1111 2117 1132 tamen
2136 1111 2185 1133 ca-

1223 1148 1392 1178 chinnatio.
1412 1144 1520 1175 eodem
1531 1146 1615 1174 enim
1626 1145 1703 1174 vitio
1713 1142 1755 1173 est
1767 1146 1794 1162 ¹²
1805 1141 1910 1173 effufio
1921 1145 2017 1173 animi
2027 1146 2059 1174 in
2069 1144 2184 1178 laetitia,

1224 1199 1305 1230 quo,
1330 1190 1363 1218 in
1383 1187 1506 1220 dolore,
1525 1185 1711 1216 contraffio:
1731 1184 1895 1225 eademque
1911 1185 2031 1215 levitate
2041 1185 2185 1225 cupiditas

1224 1231 1310 1262 estin
1328 1229 1495 1270 appetendo
1507 1248 1515 1261 ,
1539 1238 1597 1269 qua
1615 1228 1735 1261 laetitia,
1755 1229 1788 1257 in
1809 1225 1956 1257 fruendo:
1980 1230 2009 1254 ¹3
2021 1227 2097 1257 &ut
2105 1227 2185 1256 nimis

1226 1271 1329 1312 afflasti
1339 1270 1463 1307 molestia
1472 1291 1480 1305 ‚
1496 1270 1538 1311 fic
1545 1270 1638 1300 animi
1651 1270 1720 1299 elati
1730 1269 1831 1299 latitia
1842 1289 1851 1303 ,
1861 1270 1922 1306 jure
1924 1269 2092 1308 judicantur
2102 1268 2186 1298 leves.

1231 1318 1262 1347 &
1281 1325 1352 1346 cum
1364 1313 1502 1344 invidere
1513 1333 1522 1346 ‚
1542 1312 1727 1353 aegritudinis
1737 1310 1787 1341 sit:
1805 1312 1894 1341 malis
1904 1321 2004 1341 autem
2014 1311 2121 1341 alienis
2129 1320 2188 1340 vo-

1225 1360 1369 1399 luptatem
1380 1365 1481 1396 capere
1493 1374 1501 1389 ‚
1513 1355 1623 1385 laetitiae
1635 1365 1641 1384 ε
1652 1363 1813 1394 utrumque
1823 1354 2012 1383 immanitate
2026 1373 2035 1386 ‚
2043 1353 2075 1383 &
2086 1351 2188 1382 ferita-

1226 1411 1253 1431 te
1263 1399 1389 1441 quadam
1401 1396 1597 1438 proponenda
1607 1416 1616 1430 ‚
1636 1395 1769 1437 castigari
1783 1395 1867 1426 solet.
1890 1399 1989 1437 Atque
2000 1398 2030 1422 ¹4
2041 1403 2073 1425 ut
2085 1392 2188 1425 confi-

1226 1443 1295 1473 dere
1316 1441 1420 1474 decet,
1443 1442 1550 1470 timere
1569 1448 1634 1468 non
1653 1438 1755 1469 decet:
1778 1436 1816 1467 sic
1836 1437 1959 1479 gaudere
1971 1436 2072 1469 decet,
2093 1437 2186 1466 laetari

1227 1495 1291 1514 non
1310 1483 1411 1514 decet:
1432 1482 1579 1522 quoniam
1589 1479 1720 1510 docendi
1737 1479 1821 1509 causa
1842 1481 1857 1510 a
1887 1479 1976 1509 audio
1993 1479 2127 1509 laetitiam
2140 1477 2188 1508 di·

1225 1526 1426 1568 stinguimus,
1444 1522 1519 1552 illud
1529 1522 1592 1561 jam
1604 1521 1687 1561 supra
1697 1521 1844 1554 diximus,
1882 1522 1924 1550 eri
1941 1518 2185 1550 commestionem

1226 1569 1323 1599 animi
1343 1564 1424 1595 reste
1442 1566 1610 1603 numquam
1629 1561 1728 1603 poste,
1749 1566 1777 1590 ¹5
1789 1563 1954 1593 elationem
1968 1560 2051 1603 poffe
2069 1572 2075 1592 :
2097 1562 2184 1593 aliter

1227 1611 1310 1640 enim
1325 1609 1492 1637 Naevianus
1500 1606 1554 1635 ille
1563 1605 1669 1646 gaudet
1678 1603 1803 1638 Ηεᾶὲοῑ,

1319 1652 1412 1680 Larus
1430 1648 1495 1687 sum

1323 1690 1452 1721 Laudari
1469 1699 1512 1718 me
1533 1688 1582 1718 abs
1602 1695 1648 1721 re,
1665 1695 1767 1730 pater,
1786 1687 1901 1718 laudato
1920 1688 2003 1718 viro:

1224 1733 1254 1755 ¹⁶
1265 1735 1350 1765 aliter
1361 1732 1414 1762 ille
1424 1731 1502 1770 apud
1511 1730 1671 1764 Trabeam,

1323 1777 1408 1806 Lana
1429 1773 1549 1801 delinita
1569 1779 1684 1811 argento
1703 1778 1807 1800 nutum
1826 1769 1986 1810 observabit
2003 1779 2114 1804 meum,

1322 1815 1408 1857 Qid
1426 1814 1534 1848 velim,
1555 1813 1628 1855 quid
1636 1812 1766 1849 studeam
1781 1824 1793 1841 .·
1811 1813 1960 1842 adveniens
1976 1812 2067 1854 digito
2087 1810 2189 1854 impel-

1362 1859 1422 1887 lam
1441 1857 1558 1892 januam
1570 1866 1582 1883 .·
1900 1857 1906 1862 '

1324 1902 1402 1946 Fores
1416 1897 1564 1942 patebunt.
1588 1897 1621 1928 de
1642 1898 1794 1939 improviso
1817 1897 1921 1940 Chryfis
1937 1895 1987 1926 ubi
2002 1906 2046 1927 me
2063 1895 2191 1936 adspexe-

1365 1950 1406 1971 rit
1416 1962 1424 1976 ,

1328 1984 1447 2013 =Alacri's
1474 1981 1590 2012 obviam
1616 1982 1689 2012 mihi
1716 1982 1811 2012 veniet
1830 1999 1841 2016 2
1872 1981 2046 2023 complexum
2060 1986 2192 2022 exoptans

1367 2036 1460 2055 meum
1470 2045 1478 2059 ‚

1327 2069 1410 2098 Mihi
1421 2068 1452 2108 se
1474 2068 1570 2098 dedet.-

1235 2110 1333 2153 Qam
1347 2111 1407 2140 haec
1416 2111 1537 2150 pulchra
1549 2118 1651 2150 putet,
1670 2108 1731 2148 ipse
1740 2109 1802 2148 jam
1815 2109 1914 2143 dicet,

1332 2155 1485 2182 Fortunam
1495 2152 1585 2193 2Pfi²m
1593 2150 1704 2181 anteibo
1706 2151 1829 2190 fortunis
1837 2162 1909 2181 meu.

1237 2197 1312 2226 Haec
1330 2195 1433 2225 laetitia
1451 2200 1542 2235 quam
1555 2195 1649 2234 turpis
1665 2192 1698 2224 sit
1709 2213 1718 2227 ,
1740 2194 1805 2223 satis
1817 2193 1859 2223 est
1869 2189 2194 2235 diligenterattenden-

1237 2247 1299 2268 tem
1321 2240 1441 2277 penitus
1460 2236 1574 2266 videre.
1608 2239 1645 2266 Et
1663 2245 1696 2265 ut
1714 2244 1813 2275 turpes
1833 2236 1900 2266 sunt
1913 2255 1921 2270 ‚
1942 2232 2146 2275 qui-efferunt
2165 2232 2196 2262 se

1238 2280 1341 2310 laetitia
1356 2288 1422 2308 tum
1434 2299 1443 2313 ,
1463 2278 1533 2309 cum
1545 2277 1685 2308 fruuntur
1695 2280 1822 2307 Veneris
1830 2276 2036 2317 voluptatibus
2048 2286 2053 2303 :
2064 2273 2102 2304 sic
2110 2273 2200 2314 flagi-

1238 2320 1316 2356 tiosi,
1326 2323 1379 2362 qui
1389 2331 1435 2351 eas
1446 2320 1637 2351 inflammato
1648 2321 1753 2350 animo
1765 2320 1991 2359 concupiscunt.
2015 2319 2114 2346 Totus
2126 2314 2200 2345 verb

1240 2363 1293 2394 iste
1304 2385 1312 2398 ‚
1336 2365 1388 2404 qui
1403 2361 1496 2403 vulgo
1508 2364 1670 2402 appellatur
1680 2371 1766 2391 amor
1776 2380 1784 2394 ,
1808 2364 1884 2399 (nec
1894 2359 2045 2394 ,hercule‚
2058 2359 2197 2391 invenio,

1239 2415 1301 2448 quo
1321 2406 1451 2435 nomine
1472 2405 1534 2435 alio
1552 2402 1638 2444 poffit
1656 2403 1820 2443 appellari)
1843 2411 1931 2433 tantae
1945 2401 2075 2431 levitatis
2084 2399 2145 2433 est,
2168 2408 2203 2429 ui:

2121 2441 2206 2473 nihil:

254 2512 259 2517 ¹
274 2528 300 2546 1.
318 2522 374 2554 ‘Kec
384 2520 444 2544 bona
453 2527 501 2551 qux
511 2515 688 2549 cupiditati-im]
711 2514 837 2550 Optimus
849 2512 905 2538 Pal.
916 2519 1004 2545 quart.
1016 2512 1155 2544 cupidinem.

273 2565 303 2581 2.
323 2555 446 2587 Eademfit
455 2555 559 2578 omnihus
569 2552 602 2577 ad
610 2550 799 2584 deterrendum]
820 2548 898 2576 Fabr.
909 2548 1065 2573 dctercndiim.

274 2600 288 2627 3
297 2612 302 2617 .
321 2593 428 2617 Continet
438 2596 515 2616 autem
525 2588 756 2621 omnemfidationem
766 2585 866 2619 animi]
890 2584 931 2610 Sic
944 2584 1027 2619 reperi
1038 2583 1064 2609 in
1078 2583 1144 2609 Pali.
1156 2592 1197 2619 pr.

240 2635 304 2654 tert.
315 2633 404 2663 quart.
416 2626 501 2662 quint.
513 2625 608 2661 quippe
619 2622 670 2649 sec.
680 2632 765 2649 omnes.
778 2631 824 2649 nec
837 2622 916 2656 longe
928 2619 984 2646 abit
995 2618 1129 2646 Vmor-ius
1141 2619 1197 2645 edi-

240 2672 268 2690 to
280 2664 328 2689 hoc
337 2661 429 2689 ordine
443 2682 450 2693 ,
463 2662 604 2696 sedationem
613 2669 698 2686 omnem
710 2679 718 2692 ‚
736 2660 787 2690 ὠτ.
810 2658 890 2694 vulgo
903 2656 971 2683 abest
981 2665 1067 2681 omnem
1079 2666 1086 2680 .·
1105 2655 1149 2682 sed
1161 2655 1197 2683 est

240 2709 346 2735 quoque
357 2699 382 2725 iii
396 2698 475 2725 Fabr.

276 2743 303 2767 4.
323 2735 380 2760 Chm
389 2736 486 2767 Orqssem
497 2735 610 2767 fabulam
620 2732 707 2758 doceret
717 2730 870 2765 Euripiden]
894 2728 1003 2756 Praetul'i
1016 2728 1149 2764 vulgatam
1162 2728 1200 2754 lc-

242 2769 368 2797 &ionenr
389 2780 448 2797 naui
461 2770 566 2796 Vic‘lor.
577 2778 635 2795 cum
648 2769 761 2794 Palatio.
781 2774 870 2803 quart.
889 2764 1098 2799 Orestis.secund.
1110 2772 1201 2800 quart.

242 2809 325 2838 oreste.
335 2808 455 2833 ceterum
465 2807 559 2833 diceret.
581 2803 725 2842 agnoscunt
739 2804 852 2830 Palatin.
868 2803 985 2839 quinque
997 2821 1006 2834 ‚
1025 2801 1112 2829 Vatic.
1123 2801 1202 2828 Fabr.

245 2851 298 2869 non
310 2843 405 2868 doceret.

282 2886 296 2910 5
304 2897 309 2903 .
324 2881 402 2910 Neque
410 2885 460 2903 tam
469 2878 581 2904 terribilis
591 2877 721 2911 ullaflindo
732 2879 803 2903 oratio
813 2876 872 2911 effi]
880 2874 1011 2913 1Q'inque
1022 2873 1081 2900 Pal.
1093 2877 1155 2900 ratio
1164 2875 1203 2907 cst.

280 2913 309 2938 6.
331 2915 445 2946 Nissos-s,
456 2924 496 2939 mc
505 2918 545 2940 Ira
555 2916 652 2940 cae'itum
661 2915 780 2939 inveb'lum
791 2912 907 2946 malum]
930 2911 972 2936 Sic
982 2909 1120 2937 emendavi
1131 2910 1206 2942 adju-

1239 2510 1435 2552 vult-[sambiin
1450 2513 1537 2545 ecferat
1548 2530 1556 2542 ‚
1577 2513 1670 2546 ἄρηι-ο,
1690 2508 1776 2537 Graeci
1789 2512 1875 2536 verius
1888 2508 1946 2535 sunt
1957 2518 1989 2535 ex
2012 2507 2090 2534 initio
2100 2505 2201 2533 Orestis

1238 2546 1385 2583 Euripidis.
1406 2547 1472 2573 Vide
1485 2548 1620 2573 Muretuiii
1635 2546 1736 2573 Variar.
1749 2546 1794 2573 lib.
1807 2556 1878 2572 vui.
1891 2553 1946 2580 cap.
1961 2544 2003 2571 16.

1252 2592 1253 2595 ¹
1278 2582 1305 2609 8.
1327 2587 1377 2614 ΕΛ,
1388 2593 1437 2617 qnae
1447 2583 1611 2617 acciderunt]
1633 2583 1762 2620 Qinque
1774 2582 1840 2609 Pall.
1853 2581 1917 2608 Fab.
1927 2581 2067 2606 acciderint.

1264 2628 1304 2660 ⁴9.
1324 2623 1401 2654 Atque
1410 2627 1436 2644 ut
1445 2622 1471 2645 i‘n
1490 2620 1558 2644 malis
1567 2620 1666 2651 opinatis
1682 2619 1844 2654 fole7·abiliti.]
1865 2616 1947 2654 Qud
1967 2616 2063 2643 habent
2079 2612 2204 2641 &editio

1240 2655 1344 2684 Viistoi‘.
1357 2657 1380 2681 ὃ(
1395 2663 1509 2691 quatuor
1520 2655 1587 2681 Pali.
1604 2664 1632 2681 ac
1642 2656 1729 2682 Vatic.
1743 2656 1837 2691 vulgo,
1849 2655 2018 2680 tolerabiliora.

1281 2701 1322 2718 ιο,
1342 2693 1458 2726 Sintsank
1467 2694 1512 2724 ista
1522 2691 1607 2726 bona]
1620 2692 1704 2718 Palat.
1716 2698 1805 2727 quai-t.
1817 2690 1893 2717 Fabr.
1906 2685 2119 2721 Vatic.fi‹ntsane
2127 2687 2183 2718 ista.

1282 2737 1290 2754 1
1301 2738 1308 2754 i
1318 2749 1323 2754 .
1333 2732 1447 2760 Honores,
1458 2728 1555 2760 divitis,
1567 2729 1713 2760 voluptates,
1722 2735 1806 2752 cetera:
1815 2725 1919 2759 tamem]
1934 2725 1998 2750 Haec
2006 2721 2134 2758 scriptura
2144 2729 2206 2748 tuc-

1244 2772 1287 2805 tur
1298 2763 1323 2791 se
1333 2763 1492 2791 afflorimre
1504 2764 1572 2789 Pali.
1584 2771 1648 2790 tert.
1659 2771 1747 2799 quart.
1760 2762 1878 2793 Vaticani
1890 2770 1916 2787 in
1929 2759 2006 2789 Fabr.
2018 2759 2103 2784 Palat.
2114 2758 2203 2792 quint.

1244 2800 1345 2834 editur,
1355 2802 1385 2832 <ly
1395 2808 1471 2826 cetera
1481 2808 1569 2827 tamen.
1591 2800 1658 2827 male
1669 2811 1675 2828 ;
1698 2807 1728 2827 ut
1737 2800 1764 2825 Sc
1775 2802 1801 2826 in
1812 2798 1930 2825 editione
1941 2793 2044 2822 Victor.
2054 2795 2189 2827 voluptates
2200 2804 2208 2819 .-

1245 2844 1322 2864 cetera
1331 2846 1420 2863 tamen.

1286 2883 1328 2900 η.
1348 2872 1433 2908 Εῄἳιβο
1443 2875 1518 2899 animi
1526 2875 1552 2897 in
1562 2872 1669 2905 lanias]
1694 2870 1763 2897 Pall.
1774 2874 1862 2905 quart.
1872 2868 1987 2893 letitiam.

1287 2918 1329 2946 13.
1344 2913 1376 2935 Et
1385 2907 1412 2935 ια’
1421 2909 1490 2935 nimis
1502 2911 1586 2942 afflit‘li
1594 2908 1720 2941 molestia]
1733 2905 1789 2932 Pal.
1801 2903 1851 2930 sec,
1862 2910 1951 2939 quart.
1963 2902 2103 2929 Vaticanus
2114 2902 2209 2935 afflic'lio

248 2955 290 2975 tus
310 2950 453 2975 autoritate
464 2950 586 2976 lambini
606 2951 633 2976 &
647 2950 760 2977 l'alatin.
781 2949 808 2975 'iii
820 2948 914 2984 quibus
935 2946 1043 2983 singulis
1060 2956 1111 2973 nec.
1130 2946 1209 2973 sedin
1248 2948 1357 2979 molestia.

246 2984 301 3024 (olo
312 2984 408 3024 prium,
419 2986 445 3010 ὃ(
459 2986 653 3023 Vaticano-flurs.
678 2985 749 3021 quod
760 2994 807 3011 cui·
818 2983 912 3011 melius
923 2982 966 3009 hic
977 2982 1007 3010 sit
1020 3003 1028 3015 ,
1043 2982 1114 3010 dixit
1126 2984 1207 3010 Lam-

245 3020 333 3046 binus.
356 3029 380 3046 in
393 3027 486 3045 ceteris
499 3039 506 3051 ‚
518 3029 548 3048 ut
558 3025 583 3046 >Sc
595 3022 709 3048 Vi&01·ii
720 3021 840 3048 editione
854 3040 860 3052 ‚
873 3020 941 3047 libro
953 3019 1031 3046 Fabr.
1049 3029 1090 3046 nec
1098 3021 1150 3053 fors
1169 3028 1210 3045 nec

245 3064 364 3083 ceterum
377 3056 416 3082 ira*
429 3058 527 3095 culm-im
537 3059 654 3098 {methin
664 3061 752 3083 malum
765 3077 773 3089 ‚
785 3057 820 3084 est
833 3059 945 3093 ξυμφορ),
954 3058 1097 3088 &ramices
1118 3056 1209 3091 itaque
1249 3053 1434 3081 antecedentia
1453 3051 1531 3078 verba
1549 3050 1586 3076 ita
1604 3048 1732 3084 digerunt
1753 3059 1759 3075 ε

448 3093 532 3117 torius
546 3092 660 3119 ediderit
673 3113 681 3125 ,
691 3096 807 3119 imifft'um
820 3113 827 3125 ‚
840 3095 867 3120 ὃ(
878 3094 904 3120 in
917 3092 1034 3130 quinque
1046 3091 1161 3119 Palatia.
1174 3091 1211 3118 la·
1250 3099 1381 3125 nunquam.

246 3092 329 3124 miror
340 3102 385 3118 ciii·
398 3091 447 3117 Vis

245 3130 299 3156 teat
309 3131 442 3154 inventum.

1290 2989 1330 3015 14.
1351 2985 1381 3006 Ut
1391 2981 1501 3015 confidere
1511 2980 1597 3013 decet]
1619 2978 1697 3004 Alius
1707 2976 1805 3009 diffidere
1817 2986 1823 3000 .·
1841 2974 1906 3001 alius
1919 2984 1926 3005 3
1938 2982 1965 3000 ut
1974 2975 2109 3009 nonfidere.

1289 3027 1332 3052 15.
1352 3019 1485 3043 Elationcm
1499 3015 1582 3049 poffln]
1603 3012 1706 3040 Absunt
1717 3012 1770 3037 lioec
1781 3014 1795 3038 a
1807 3011 1891 3038 tribus
1903 3011 2032 3047 prioribus
2045 3010 2111 3036 I’all.
2123 3008 2209 3045 qui&

1293 3127 1335 3152 16.
1346 3127 1424 3152 Aliter
1433 3124 1469 3149 illc
1479 3122 1543 3154 apud
1549 3121 1691 3155 Trabeam]
1704 3121 1776 3155 Ejeci
1788 3120 1859 3156 quod
1871 3119 2027 3161 sequebatur
2036 3119 2140 3150 Chaerea,
2150 3125 2212 3143 cum

258 3174 308 3209 θ,
328 3165 394 3200 Qud
402 3173 447 3192 non
458 3169 552 3190 natura
564 3164 669 3190 humana
676 3165 788 3197 patiendo
799 3165 908 3201 cffirat.]
933 3165 975 3194 Sic
985 3165 1091 3201 legatur
1103 3183 1112 3199 ,
1127 3170 1174 3192 aut
1183 3169 1215 3191 ut
1256 3171 1342 3198 neque
1353 3158 1511 3196 agnoscatur
1521 3158 1638 3194 quinque
1655 3157 1723 3186 Pali.
1735 3167 1821 3194 neque
1831 3157 1993 3186 Fabi-mano.

2102 3190 2213 3225 LQM

1791 3051 1968 3074 conti-timonem
1987 3049 2062 3073 animi
2080 3047 2139 3072 νείῗὲ
2150 3046 2218 3081 fieri'

2217 2201 2260 2235 32
