2302 3353
494 132 566 164 nn
616 115 1029 168 Inversa-*roua
1054 119 1463 167 ‘Runa-onrcA
1510 118 1653 165 Lm·
1676 117 1710 164 Ι.

139 200 317 233 libidinum,
328 196 482 240 cupiditas:
499 198 564 237 ejus
573 205 672 228 autem
680 197 797 236 generis
807 194 867 227 fine
877 197 971 227 dubio
979 207 1042 238 pars
1052 198 1095 229 est

141 245 267 275 avaritia.
292 236 360 272 Hoc
368 241 458 281 igitur
466 238 623 269 vitandum
634 236 676 268 est
686 257 695 270 0
716 247 754 267 ne
767 258 775 270 ,
790 239 874 277 cujus
904 248 977 267 enus
986 240 1093 279 posue-

140 287 181 316 ris
192 304 202 319 ‚
215 287 224 304 ¹
236 283 300 322 ejus
310 282 411 312 secum
421 281 550 320 aliquam
562 278 633 309 ficut
642 277 789 309 diversam
800 290 832 309 ac
843 279 874 309 di
911 280 1017 309 milem
1027 289 1092 319 par-

142 334 204 356 tem
214 344 223 358 .
243 332 335 363 ponas
355 324 388 351 in
405 321 509 351 eadem
527 322 695 361 partitione.
725 318 816 360 Qod
834 319 855 349 fi
866 320 947 361 quod
956 322 989 350 in
998 330 1092 361 genus

139 366 238 408 plures
247 363 381 394 incident
389 371 482 403 partes
494 383 501 396 ‚
514 362 544 393 id
554 360 625 391 cum
636 363 668 391 in
682 362 779 400 prima
787 363 947 401 partitione
956 362 1049 391 causae
1059 371 1091 391 e·-

140 409 182 437 rit
188 404 361 445 simpliciter
370 402 547 443 expositum,
560 402 751 433 distribuetur
760 412 797 432 eo
807 411 940 443 tempore
950 413 1091 433 commo—

139 445 256 480 diffirne
269 466 277 479 ,
297 444 368 475 cum
378 445 412 478 ad
423 445 521 484 ipsum
531 453 657 474 ventum
669 445 725 473 erit
732 444 944 483 explicandum
956 446 989 474 in
998 445 1089 474 causae

138 488 272 519 dictione
290 485 356 526 post
373 488 575 526 partitionem.
598 485 780 526 Atqueillud
789 495 908 526 quoque
917 487 1046 526 pertinet
1055 485 1089 515 ad

136 531 314 570 paucitatem
325 548 334 562 ‚
353 538 391 557 ne
401 537 450 558 aut
458 529 558 568 plura,
579 527 668 568 quam
680 526 746 556 sans
755 524 797 556 est
807 547 815 561 ‚
836 525 1088 558 demonstraturos

137 580 194 604 nos
204 570 349 602 dicamus,
361 570 419 599 hoc
429 569 523 599 modo
535 580 541 599 2
564 568 737 601 Ostendam,
749 568 940 602 adversarios,
951 568 1032 609 quod
1042 579 1086 598 ar-

137 614 270 653 guimus,
282 611 315 641 &
323 609 450 650 potuisse
460 610 554 641 facere
565 631 574 644 ,
588 611 621 640 &
630 608 755 640 voluisse
767 630 775 642 ,
788 609 821 639 &
830 609 939 640 fecisse.
960 620 1031 640 nam
1041 608 1087 639 fc-

135 652 205 684 cisse
223 652 379 683 ostendere
396 653 462 682 satis
481 651 523 682 est
534 663 540 681 ;
562 655 624 682 Aut
632 672 641 685 ,
663 648 733 681 cum
744 652 777 680 in
787 652 870 681 causa
877 652 996 691 partitio
1004 651 1088 681 nulla

134 693 168 725 sit
178 714 187 729 ,
199 694 233 724 &
241 693 384 735 quiddam
394 692 519 734 simplex
528 703 625 734 agatur
633 713 642 726 ,
662 701 762 722 tamen
772 699 852 722 utam
858 702 891 722 ur
899 691 1085 722 distributio-

134 746 174 766 ne
185 747 191 765 2
211 735 241 765 id
260 735 341 776 quod
361 733 477 775 perraro
494 733 590 775 potest
606 733 745 764 accidere.
770 736 814 762 Ac
822 733 892 763 sunt
900 734 956 764 alia
964 744 1083 774 quoque

133 786 275 818 pra-,cepta
291 779 485 816 partitionum
495 796 503 809 ,
523 785 588 816 quae
605 774 640 805 ad
656 775 738 804 hunc
748 775 835 804 usum
846 777 1009 807 oratorium
1020 785 1083 805 non

132 828 284 858 tantopere
293 821 443 857 pertinent
453 828 458 846 :
476 827 541 858 quae
550 817 701 847 versanmr
708 817 741 845 in
750 815 939 856 philosophia
949 837 957 849 ,
967 826 1007 846 ex
1017 818 1085 857 qui-

135 860 190 893 bus
201 861 264 889 haec
272 860 332 899 ipsa
342 858 554 891 transtulimus,
564 868 629 899 quae
639 860 801 888 convenire
810 858 995 888 videbantur.
1008 868 1084 898 quo·

132 912 202 932 rum
221 901 300 931 nihil
316 902 350 929 in
368 901 471 930 ceteris
487 900 597 930 artibus
615 899 851 930 inveniebamus.
883 902 982 945 Atque
990 900 1036 929 his
1047 899 1083 929 de

133 944 289 983 partitione
306 943 456 981 praeceptis
467 962 476 976 ,
497 943 531 971 in
540 943 627 978 omni
638 940 772 971 dictione
782 940 954 971 meminifle
965 950 1082 981 oporte-

132 985 176 1015 bit
186 992 205 1017 ‚‘
215 991 248 1013 ut
256 983 289 1013 δε
297 984 392 1022 prima
400 993 523 1023 quaeque
532 993 596 1023 pars
606 1003 615 1016 ‚
638 992 671 1012 ut
680 981 809 1022 expofita
818 981 902 1012 estin
910 984 1081 1022 partitione,

130 1024 169 1055 fic
187 1024 293 1054 ordine
311 1022 495 1064 transigatur:
515 1025 548 1054 &
567 1024 711 1054 omnibus
722 1023 873 1064 explicatis
883 1043 892 1058 ‚
911 1033 1081 1064 peroratum

129 1064 162 1096 fit
172 1078 181 1100 5
202 1069 216 1085 ²
226 1066 285 1095 hoc
295 1065 389 1095 modo
399 1085 408 1099 ‚
429 1075 461 1096 ut
470 1066 581 1106 nequid
590 1065 735 1106 posterius
743 1075 848 1106 praeter
855 1064 1080 1096 conclusionem

131 1107 277 1139 inferatur.
310 1108 433 1137 Partitur
449 1109 525 1147 apud
545 1110 724 1137 Terentium
736 1107 905 1137 breviter&
916 1106 1079 1138 commode

123 1149 219 1182 'senex
229 1150 262 1178 in
272 1147 384 1178 Andria
393 1169 401 1183 ‚
424 1158 488 1189 quae
499 1149 675 1189 cognoscere
684 1149 825 1179 libertum
834 1149 925 1178 velit:

167 1192 210 1221 Eo
223 1188 305 1232 pasto
316 1210 325 1222 ,
350 1190 384 1222 (y-
397 1191 483 1230 gnati
501 1191 597 1219 vitam
607 1210 614 1224 ‚
639 1191 673 1223 ὠ·
688 1190 830 1231 consilium
845 1200 938 1220 meum

169 1235 191 1262 C
190 1231 310 1272 agnosces
320 1252 329 1264 ,
354 1231 389 1263 ὸ·
398 1253 406 1265 ,
429 1232 502 1272 quid
505 1232 598 1270 facere
614 1233 641 1260 in
649 1233 700 1260 hac
716 1243 743 1261 re
759 1240 786 1261 te
799 1232 896 1260 velim.

126 1275 226 1322 Itaque
235 1272 492 1314 quemadmodum
502 1276 536 1303 in
543 1275 704 1314 partitione
720 1274 891 1314 proposuit,
914 1274 955 1303 ita
972 1281 1077 1307 narrat,

125 1324 260 1355 primum
272 1323 333 1344 nati
342 1323 435 1346 vitam
448 1325 454 1343 :

166 1359 248 1385 Nam
260 1357 280 1384 is
288 1355 434 1397 postquam
447 1354 555 1395 excaejffit
572 1359 585 1383 3
594 1366 628 1384 ex
640 1354 739 1398 ephebia
748 1375 757 1389 ‚
780 1355 855 1397 Sofia
864 1377 874 1391 ,

165 1396 296 1428 Liberius
312 1397 430 1427 vivendi
437 1398 504 1437 fuit
511 1396 639 1439 potestas.

124 1438 243 1470 Deinde
254 1439 340 1468 suum
350 1438 508 1469 confilium
520 1450 525 1468 ;
547 1459 568 1473 ,,
580 1442 620 1468 Et
628 1449 700 1468 nunc
708 1437 739 1468 id
745 1446 853 1480 operam
859 1438 902 1468 do.
944 1439 1077 1470 Posthaec

124 1480 196 1522 quid
205 1478 314 1512 Sofiam
324 1480 399 1510 velit
405 1480 500 1512 facere
512 1502 520 1514 ,
533 1480 564 1511 id
574 1480 655 1522 quod
664 1480 850 1521 postremum
860 1481 959 1521 posuit
970 1492 1002 1512 in
1011 1492 1076 1522 par-

124 1524 230 1553 titione
241 1542 250 1556 ,
270 1520 456 1561 postremum
467 1522 541 1553 dicit
554 1533 560 1552 :

165 1565 251 1593 Nunc
265 1571 350 1592 tuum
364 1563 408 1594 eff
422 1565 554 1604 officium.

124 1605 390 1647 Qemadmodum
409 1607 500 1647 igitur
517 1605 567 1637 hic
577 1606 610 1637 &
619 1605 655 1637 ad
664 1607 792 1647 primam
801 1617 950 1648 quamque
960 1616 1073 1648 partem

122 1645 256 1687 primum
265 1646 378 1678 acceffit
387 1667 396 1681 ,
417 1648 450 1679 &
460 1648 604 1680 omnibus
614 1649 755 1679 absolutis
766 1669 774 1681 ‚
795 1647 889 1679 finem
899 1650 1019 1680 dicendi
1029 1649 1074 1680 fe-

122 1689 180 1722 cit,
202 1686 239 1718 fic
252 1688 340 1718 nobis
348 1689 443 1729 placet
451 1711 460 1723 ,
482 1690 515 1720 δε
524 1690 559 1719 ad
570 1688 694 1731 fingulas
702 1692 808 1730 parteis
818 1691 954 1721 accedere
965 1711 973 1725 ,
995 1692 1027 1721 &
1037 1702 1072 1720 o-

122 1729 245 1759 mnibus
253 1730 394 1761 absolutis
403 1751 412 1764 ‚
431 1741 574 1772 perorare.
599 1735 691 1762 Nunc
701 1732 737 1761 de
747 1730 976 1762 confirmatione
985 1732 1072 1763 dein-

119 1781 198 1811 ceps,
208 1773 248 1802 ita
258 1780 290 1801 ut
299 1772 373 1802 ordo
381 1773 443 1812 ipse
450 1772 825 1814 postulat,praecipiendum
836 1773 963 1804 videtur.
987 1776 1071 1804 CON-

119 1821 153 1842 1-1
159 1822 292 1843 RMATIO
309 1813 351 1844 est
361 1835 370 1847 ‚
389 1824 440 1853 per
449 1825 538 1856 quam
549 1814 783 1857 argumentando
793 1835 802 1848 ,
816 1814 921 1845 nostrae
931 1816 1023 1845 causae
1034 1815 1071 1846 fi-

118 1853 189 1884 dem
199 1874 208 1888 ,
229 1854 473 1886 &auE'toritatem
485 1877 493 1890 ‚
515 1856 549 1887 δε
568 1858 795 1887 nrmamentum
812 1856 946 1897 adjungit
962 1859 1067 1888 oratio.

119 1896 218 1934 Hujus
226 1897 314 1935 partis
324 1905 399 1927 certa
409 1898 475 1928 sunt
482 1907 626 1937 praecepta
636 1919 644 1932 ‚
666 1908 731 1938 quae
749 1900 781 1927 in
792 1896 904 1939 fingula
914 1899 1067 1929 causarum

117 1946 224 1977 genera
241 1936 419 1967 dividentur.
442 1940 658 1970 Verumtamen
668 1948 732 1968 non
741 1939 975 1969 incommodum
984 1940 1070 1970 vide-

120 1986 167 2008 tur
178 1997 186 2010 ,
197 1977 343 2018 quandam
353 1977 456 2008 silvam
467 2000 476 2012 ‚
488 1989 572 2021 atque
584 1982 739 2010 materiam
749 1980 916 2010 universam
926 1980 994 2010 ante
1003 1991 1070 2020 per-

121 2017 239 2048 mistam
248 2038 258 2052 ‚
288 2019 321 2048 &
338 2019 491 2050 confusam
509 2031 659 2060 exponere
677 2023 820 2051 omnium
837 2024 1070 2062 argumentatio-

119 2069 195 2090 num
208 2070 213 2088 :
232 2058 299 2099 post
309 2069 406 2089 autem
419 2061 529 2092 tradere
541 2083 550 2096 ,
562 2062 820 2103 quemadmodum
831 2062 1069 2104 unumquodque

117 2111 211 2140 genus
229 2101 320 2131 causae
330 2121 339 2134 ‚
363 2102 508 2133 omnibus
518 2104 589 2134 hinc
599 2103 824 2144 argumentandi
835 2104 1002 2133 rationibus
1012 2113 1069 2134 tra-

118 2141 174 2171 &is
184 2162 193 2176 ‚
213 2140 390 2173 confirmare
400 2153 537 2183 oporteat.
571 2147 684 2175 Omnes
695 2155 740 2174 res
749 2145 983 2184 argumentando
993 2155 1067 2175 con-

116 2182 282 2216 firmantur,
292 2193 342 2213 aut
350 2194 388 2214 ex
398 2194 446 2218 eo,
458 2186 537 2225 quod
546 2187 680 2226 personis
691 2206 699 2220 ‚
709 2194 758 2216 aut
768 2195 805 2215 ex
816 2196 852 2215 eo
863 2206 871 2218 ‚
883 2186 964 2226 quod
974 2196 1068 2227 nego—

115 2226 164 2255 tiis
173 2224 216 2255 est
224 2225 411 2256 attributum.
443 2230 487 2256 Ac
496 2229 629 2266 personis
641 2228 690 2257 has
701 2237 746 2257 res
756 2227 904 2256 attributas
913 2236 1063 2267 putamus,

116 2276 231 2297 nornen
241 2286 248 2300 ,
272 2276 404 2296 naturam
416 2288 424 2301 ,
435 2268 550 2298 vidium
563 2290 572 2302 ‚
582 2268 734 2299 fortunam
746 2289 753 2302 ‚
766 2268 902 2298 habitum
913 2289 921 2302 ‚
932 2267 1068 2299 affectio-

117 2318 188 2338 nem
201 2329 209 2342 ‚
222 2307 315 2338 studia
323 2328 332 2342 ,
344 2307 464 2339 consilia
475 2330 483 2342 ‚
494 2309 570 2340 faeta
581 2331 589 2344 ,
601 2311 681 2341 casus
692 2331 700 2344 ,
712 2312 872 2340 orationes.
895 2312 1003 2339 Nomen
1011 2310 1065 2344 est,

115 2350 196 2390 quod
206 2351 366 2391 unicuique
375 2354 393 2376 4
401 2352 532 2390 personae
542 2352 627 2382 datur
635 2371 645 2386 ,
667 2361 727 2393 quo
737 2352 789 2381 suo
799 2361 922 2392 quaeque
932 2353 1064 2392 proprio,

117 2394 149 2422 &
159 2400 238 2421 certo
248 2391 394 2422 vocabulo
404 2393 573 2432 appellatur.
592 2395 740 2422 Naturam
748 2393 840 2433 ipsam
850 2392 974 2423 definire
985 2392 1066 2423 diffi-

115 2433 172 2464 cile
182 2432 223 2464 est
236 2443 241 2462 ;
260 2435 366 2473 parteis
375 2442 474 2464 autem
484 2436 547 2474 ejus
557 2445 729 2465 enumerare
739 2445 785 2465 eas
795 2454 804 2468 ,
814 2444 939 2475 quarum
949 2434 1067 2475 indigc-

118 2484 186 2504 mus
194 2474 229 2504 ad
237 2475 312 2505 hanc
321 2478 551 2515 praeceptionem
562 2497 570 2510 ‚
588 2476 706 2507 facilius
717 2475 770 2507 est.
793 2477 839 2507 hae
849 2484 947 2506 autem
956 2478 1064 2516 partim

115 2515 231 2550 divino,
242 2518 349 2556 partim
360 2517 479 2547 mortali
487 2519 520 2547 in
529 2528 635 2559 genere
644 2518 803 2548 versantur.
826 2518 1003 2549 Mortalium
1013 2528 1065 2547 au-

116 2566 176 2587 tem
185 2567 249 2596 pars
259 2559 292 2587 in
302 2559 542 2598 hominurmpars
552 2561 585 2589 in
595 2559 754 2590 bestiarum
764 2569 870 2599 genere
879 2568 1062 2589 numeratur.

115 2601 209 2639 Atque
219 2600 381 2629 hominum
392 2610 484 2640 genus
494 2600 527 2629 δε
536 2602 569 2630 in
579 2601 650 2631 sexu
659 2599 856 2632 consideratur
864 2620 873 2634 ‚
900 2600 988 2630 virile
998 2620 1006 2634 ,
1026 2610 1064 2630 an

114 2640 261 2670 muliebre
271 2639 306 2671 fit
317 2651 322 2670 z
345 2641 420 2672 &in
428 2643 561 2676 natione,
572 2644 673 2683 patria,
685 2644 873 2684 cognatione,
884 2650 977 2673 aetate.
1000 2644 1063 2673 Na—

153 2805 163 2822 r
171 2815 177 2822 .
197 2797 337 2830 Ejusfitum
347 2799 463 2831 aliquam,
468 2800 528 2832 ficut
537 2799 654 2833 divershm
664 2819 673 2831 ,
682 2799 750 2834 ἂι]
761 2798 840 2825 Haud
852 2799 930 2826 aliter
939 2798 1024 2825 editus
1036 2798 1068 2824 ab

1139 199 1221 229 tione
1232 219 1240 233 ,
1252 201 1319 239 Graj
1324 210 1357 230 us
1368 221 1377 234 ‚
1387 210 1423 231 an
1434 199 1571 230 Barbarus
1582 210 1587 228 ;
1611 199 1702 229 Patria
1711 217 1719 231 ‚
1733 195 1919 228 Atheniensis
1929 216 1938 231 ,
1948 204 1985 228 an
1996 198 2088 227 Lace-

1141 239 1310 271 daemonius
1323 252 1327 271 :
1339 243 1535 284 Cognatione‚
1545 239 1653 283 quibus
1664 239 1838 278 majoribus,
1848 238 1956 279 quibus
1965 238 2091 268 confim-

1141 282 1257 318 guineis
1270 293 1274 310 2
1288 286 1382 313 AEtate
1394 304 1402 316 ,
1413 293 1486 323 puer
1495 292 1552 323 ³*an
1561 281 1728 313 adolescens
1740 293 1748 315 3
1760 289 1831 310 natu
1840 279 1989 321 grandior,
1998 290 2035 310 an
2045 280 2091 310 se·—

1141 329 1210 350 nex.
1241 325 1378 353 Praeterea
1387 323 1548 355 commoda
1557 343 1566 358 ‚
1578 321 1817 353 &incommoda
1826 320 2044 351 confiderantur
2053 321 2091 351 ab

1142 370 1242 391 natura
1251 363 1314 393 data
1322 366 1424 394 animo
1437 386 1445 398 ,
1463 375 1511 395 aut
1522 369 1535 392 ³·
1543 366 1679 404 corpori,
1699 364 1757 393 hoc
1768 362 1878 393 modo:
1901 363 2010 392 Valens
2021 382 2029 395 ,
2050 372 2087 393 an

1140 402 1311 432 imbecillus
1323 416 1328 432 ;
1349 406 1454 444 longus
1469 426 1476 438 ‚
1494 416 1530 436 an
1541 406 1638 436 brevis
1650 416 1656 435 z
1678 404 1827 436 formosus
1837 424 1845 437 ,
1865 413 1903 434 an
1921 403 2066 434 deformis
2081 413 2089 433 :

1137 442 1228 473 velox
1238 454 1274 473 an
1285 445 1380 474 tardus
1391 444 1432 479 sit,
1445 456 1546 476 acutus
1555 458 1591 477 an
1602 447 1754 478 hebetior:
1767 455 1897 480 memor,
1908 455 1945 475 an
1955 445 2088 475 oblivio·

1138 483 1186 514 sus
1199 495 1204 512 τ
1223 487 1320 514 comis
1332 506 1340 517 ,
1353 485 1502 517 officiosus
1515 509 1521 520 ,
1535 488 1648 527 pudens
1659 508 1667 521 ‚
1679 489 1792 528 patiens
1803 508 1811 520 ‚
1823 497 1860 517 an
1871 496 1980 517 contra.
2004 489 2042 517 Et
2052 496 2088 516 o-

1137 527 1246 556 mnino
1255 536 1321 568 quae
1330 529 1345 556 a
1354 537 1453 557 natura
1463 528 1527 558 data
1535 539 1636 559 animo
1647 530 1678 560 &
1688 531 1805 569 corpori
1814 526 2088 562 considerabuntur,

1135 568 1168 596 in
1178 576 1279 597 natura
1287 567 1495 598 consideranda
1504 570 1521 598 s
1519 579 1579 599 unt.
1604 580 1672 600 nam
1683 581 1746 611 quae
1758 569 1901 600 industria
1910 579 2086 610 comparan-

1132 616 1191 641 tur,
1202 608 1237 639 ad
1249 609 1384 639 habitum
1394 611 1543 648 pertinent
1555 630 1563 642 ,
1584 610 1620 640 de
1632 621 1691 651 quo
1702 611 1844 651 posterius
1855 611 2018 641 dicendum
2027 611 2081 642 est.

1131 651 1168 678 In
1178 648 1260 679 υίεῖιι
1269 649 1448 680 considerare
1457 660 1573 690 oportet
1584 671 1591 684 ,
1610 652 1684 691 apud
1696 663 1768 692 quos
1782 676 1790 687 ,
1811 653 1843 682 ὃς
1853 663 1913 693 quo
1923 663 2009 683 more
2020 673 2028 686 ‚
2050 653 2084 684 δε

1131 690 1215 730 cujus
1224 691 1361 721 arbitratu
1372 690 1405 721 sit
1415 692 1641 732 educatus‚quos
1652 693 1786 723 habuerit
1794 696 1900 723 artium
1911 694 2084 726 liberalium

1132 731 1297 773 magistros,
1309 743 1384 774 quos
1393 733 1517 763 vivendi
1527 742 1718 772 praeceptores
1730 754 1737 766 ‚
1747 735 1853 774 quibus
1863 737 1966 765 amicis
1976 745 2083 770 utatur,

1131 783 1192 813 quo
1201 776 1234 803 in
1244 784 1281 804 ne
1303 776 1367 804 otio
1376 794 1385 808 ,
1397 773 1511 815 quaestu
1522 794 1529 807 ‚
1543 772 1667 805 artificio
1679 773 1712 804 sit
1721 785 1876 814 occupatus
1890 787 1894 804 :
1915 787 1976 817 quo
1987 777 2085 808 modo

1131 824 1195 844 rem
1205 785 1385 845 famifimm
1395 815 1582 846 administret
1590 835 1600 849 ‚
1628 826 1685 856 qua
1695 817 1910 847 consuetudine
1919 819 2087 851 domestica

1131 854 1173 886 fit.
1206 857 1367 896 Inforttma
1378 859 1520 898 quaeritur
1532 877 1540 890 ‚
1553 857 1653 886 servus
1665 855 1697 886 sit
1708 877 1716 890 ,
1729 867 1767 887 an
1776 857 1853 887 liber
1865 868 1869 886 z
1889 861 2081 898 pecuniosus,

1130 907 1169 927 an
1190 901 1287 928 tenuis
1302 910 1307 927 ;
1330 901 1460 938 privatus
1472 919 1479 931 ,
1499 909 1616 929 ancum
1626 898 1768 938 potestate
1782 909 1787 927 :
1807 897 1827 927 sl
1837 909 1907 929 cum
1918 901 2058 939 potestate
2072 912 2082 932 τ

1126 940 1193 977 jure
1204 950 1241 969 an
1253 941 1296 977 ini
1301 943 1363 970 uria
1376 951 1380 969 z
1393 939 1479 973 felix,
1489 937 1595 973 esaias,
1605 950 1643 970 an
1653 940 1758 970 contra
1770 950 1775 969 :
1786 940 1897 980 qualeis
1908 941 2016 972 liberos
2028 944 2083 974 ha-

1129 979 1205 1010 beat.
1229 984 1272 1011 Ac
1282 980 1302 1010 si
1312 981 1347 1011 de
1357 992 1422 1012 non
1431 984 1504 1012 vivo
1515 991 1663 1022 quaeretur
1673 1002 1681 1014 ‚
1693 983 1783 1012 etiam
1792 982 1874 1022 quali
1885 991 1982 1012 morte
1993 983 2026 1014 fit
2036 985 2080 1014 af-

1129 1021 1225 1052 festus
1235 1042 1243 1056 ‚
1266 1025 1320 1053 erit
1337 1022 1594 1054 considerandum.
1626 1022 1767 1052 Habitum
1776 1033 1875 1053 aurem
1886 1024 2081 1063 appellamus,

1128 1065 1242 1097 animi,
1254 1074 1303 1094 aut
1312 1067 1446 1105 corporis
1456 1064 1642 1095 constantem
1654 1086 1661 1098 ‚
1684 1066 1717 1095 &
1725 1065 1890 1095 absolutam
1900 1066 1995 1106 aliqua
2006 1068 2039 1096 in
2049 1077 2083 1097 rc

1126 1105 1344 1145 perfectionem
1357 1119 1365 1140 3
1386 1116 1419 1137 ut
1427 1108 1557 1140 virtutis,
1569 1116 1618 1136 aut
1629 1109 1696 1136 artis
1707 1108 1930 1147 perceptionem
1941 1107 2080 1147 alicuju5‚

1126 1155 1176 1177 aut
1186 1151 1324 1188 quamvis
1334 1149 1497 1178 scientiam.
1522 1151 1559 1178 Et
1567 1150 1640 1178 item
1651 1150 1784 1187 corporis
1794 1148 1924 1188 aliquam
1935 1158 2081 1180 commo-

1126 1187 1248 1218 ditatem
1260 1209 1268 1222 ,
1289 1200 1353 1219 non
1372 1199 1475 1220 natura
1493 1189 1590 1220 datam
1602 1210 1609 1222 ‚
1630 1190 1677 1220 sed
1688 1189 1786 1220 studio
1797 1189 2001 1231 industriaque
2010 1201 2079 1231 par-

1126 1239 1197 1260 tam.
1220 1230 1350 1272 ,Affsc‘tm
1363 1251 1371 1264 ‚
1384 1231 1426 1262 est
1436 1233 1542 1263 animi,
1553 1233 1743 1272 antcotpoz-is
1754 1241 1792 1261 ex
1803 1240 1938 1271 tempore
1951 1251 1958 1265 ,
1978 1233 2079 1273 aliqua

1127 1272 1163 1302 de
1173 1273 1256 1303 causa
1265 1293 1273 1306 ,
1287 1275 1486 1303 commutatio
1496 1294 1505 1307 ,
1517 1283 1550 1303 ut
1559 1273 1661 1303 laetitia
1671 1294 1678 1307 ,
1689 1272 1844 1312 cupiditaS,
1857 1281 1964 1307 metus,
1977 1276 2078 1305 mole*

1126 1314 1187 1347 stin,
1201 1315 1335 1348 morbus,
1348 1315 1483 1345 debilitas
1494 1335 1501 1348 ‚
1516 1316 1548 1345 &
1558 1316 1614 1344 alia
1623 1335 1631 1348 ‚
1642 1325 1707 1356 qua:
1717 1324 1822 1356 genere
1832 1316 1865 1344 in
1875 1314 1982 1344 eodem
1993 1325 2078 1355 repe-

1125 1358 1251 1385 riuntur.
1284 1356 1421 1385 Studium
1430 1366 1528 1387 autem
1541 1377 1550 1390 ‚
1569 1356 1611 1387 est
1620 1359 1715 1387 animi
1727 1354 1834 1386 affidua
1845 1376 1853 1389 ,
1868 1356 1901 1386 δε
1911 1357 2079 1387 vehemens

1124 1397 1159 1427 ad
1170 1398 1299 1437 aliquam
1311 1408 1373 1428 rem
1384 1399 1524 1438 applicata
1533 1409 1640 1440 magna
1650 1408 1720 1428 cum
1734 1398 1889 1428 voluntate
1907 1401 2077 1438 occupatio,

1124 1448 1156 1468 ut
1165 1439 1518 1480 philosophia:‚po¹e'tices,
1530 1441 1712 1482 geometri-x,
1723 1439 1895 1469 litterarum.
1915 1440 2074 1480 Cotfilium,

1123 1479 1176 1513 est,
1187 1480 1299 1520 aliquid
1312 1481 1450 1514 faciendi,
1460 1490 1510 1511 aut
1521 1492 1584 1511 non
1594 1481 1722 1511 faciendi
1731 1481 1801 1510 vere
1812 1482 1978 1522 excogitata
1986 1484 2075 1512 ratio-

1121 1520 1209 1551 faita
1218 1531 1317 1552 autem
1330 1543 1337 1556 ,
1359 1523 1391 1553 Sc
1402 1524 1479 1562 casm
1489 1543 1497 1556 ‚
1516 1523 1549 1553 δε
1567 1524 1700 1552 orationes
1717 1522 1812 1552 tribus
1829 1533 1868 1552 ex
1886 1523 2076 1563 temporibus

1119 1562 1400 1598 considerabuntur,
1421 1565 1493 1605 quid
1504 1564 1605 1595 fecerit
1615 1585 1624 1598 ‚
1644 1573 1694 1594 aut
1703 1563 1775 1604 quid
1788 1563 1840 1604 ipsi
1848 1564 2002 1598 acciderit,
2023 1573 2076 1595 aut

1120 1605 1193 1646 quid
1204 1605 1314 1636 dixerit
1326 1618 1335 1640 3
1353 1615 1402 1636 aut
1412 1606 1484 1647 quid
1495 1606 1592 1639 faciet,
1603 1606 1675 1647 quid
1688 1604 1740 1645 ipsi
1749 1605 1877 1639 accidat,
1889 1605 1962 1647 quid
1972 1606 2049 1636 dicat
2059 1619 2070 1641 3

1119 1656 1170 1677 aut
1179 1647 1252 1687 quid
1262 1646 1392 1679 facturus
1403 1647 1436 1678 fit
1446 1669 1455 1682 ,
1476 1648 1548 1689 quid
1558 1647 1610 1688 ipsi
1619 1648 1754 1678 casurum
1765 1645 1799 1677 fit
1808 1668 1816 1681 ,
1837 1658 1894 1688 qua
1912 1646 1945 1677 sit
1964 1648 2070 1678 usurus

1119 1692 1263 1719 oratione.
1286 1693 1340 1722 Ac,
1350 1690 1484 1729 personis
1495 1690 1617 1731 quidem
1628 1690 1691 1719 haec
1699 1689 1840 1718 videntur
1850 1687 1908 1719 effe
1919 1689 2068 1719 attributa.

1120 1733 1260 1772 Negotiis
1269 1740 1368 1772 aute‘m
1379 1741 1444 1772 quae
1456 1732 1524 1762 sunt
1533 1732 1671 1761 attributa
1681 1751 1688 1762 ‚
1707 1732 1815 1770 partim
1828 1731 1896 1760 sunt
1904 1733 2068 1761 contineri·
2089 1735 2137 1768 26

1118 1774 1158 1803 tia
1167 1783 1238 1802 cum
1257 1773 1321 1813 ipso
1339 1775 1464 1813 negotio
1474 1794 1483 1806 ‚
1506 1776 1613 1814 partim
1626 1775 1658 1802 in
1671 1772 1803 1814 gestione
1814 1772 2073 1813 negotiiconfide-

1118 1824 1236 1848 rantur,
1246 1816 1354 1854 partim
1365 1815 1409 1854 adj
1414 1815 1504 1845 un&a
1513 1817 1636 1856 negotio
1648 1835 1656 1847 ‚
1666 1816 1774 1854 partim
1786 1813 1901 1855 gestum
1912 1814 2070 1856 negotium

1117 1857 1353 1897 consequuntur.
1379 1858 1552 1885 Continentia
1562 1866 1631 1886 cum
1644 1856 1707 1896 ipso
1719 1857 1841 1897 negotio
1851 1856 1919 1886 sunt
1930 1866 1962 1886 ea
1973 1877 1981 1890 ‚
2002 1867 2071 1897 qua:

1117 1898 1232 1937 semper
1240 1896 1330 1927 affixa
1339 1896 1396 1927 effe
1407 1898 1546 1928 videntur
1556 1897 1590 1928 ad
1602 1908 1664 1927 rem
1675 1917 1683 1930 ,
1696 1907 1793 1938 neque
1804 1897 1840 1927 ab
1849 1907 1882 1926 ea
1890 1896 2012 1937 poss'unt
2022 1899 2070 1928 se-

1114 1941 1217 1978 parari.
1251 1942 1298 1969 Ex
1316 1939 1362 1968 his
1380 1941 1478 1979 prima
1486 1939 1530 1971 est
1539 1939 1636 1969 brevis
1647 1939 1822 1978 complexio
1833 1941 1925 1968 totius
1939 1941 2070 1981 negotii,

1114 1991 1180 2020 quae
1192 1980 1342 2010 summam
1352 1982 1488 2010 continet
1498 1979 1581 2013 faeti,
1594 1981 1652 2010 hoc
1661 1980 1756 2009 modo
1768 1990 1773 2007 2
1805 1982 1936 2009 Parentis
1945 1979 2067 2013 occisio,

1114 2023 1214 2061 patriae
1222 2021 1366 2061 proditio.
1390 2021 1510 2051 Deinde
1518 2021 1601 2051 causa
1610 2022 1636 2057 ej
1641 2031 1673 2050 us
1684 2021 1808 2050 summa:
1818 2040 1828 2057 ,
1846 2030 1898 2060 per
1907 2031 1996 2062 quam
2008 2042 2016 2054 ‚
2029 2021 2065 2051 δεῖ

1113 2063 1323 2103 quamobrem,
1336 2062 1369 2092 δε
1378 2063 1462 2100 cujus
1472 2064 1515 2092 rei
1524 2063 1606 2092 causa
1614 2062 1728 2091 fastum
1739 2060 1782 2094 sit,
1794 2064 1944 2102 quaeritur.
1964 2065 2065 2093 Dein-

1113 2105 1149 2133 de
1160 2112 1227 2134 ante
1237 2114 1300 2133 rem
1309 2103 1419 2144 gestam
1430 2114 1495 2144 qua:
1506 2103 1583 2133 facta
1593 2104 1660 2133 sunt
1669 2124 1678 2137 ,
1707 2106 1898 2134 continenter
1918 2105 2009 2144 usque
2027 2104 2066 2135 ad

1112 2146 1211 2184 ipsum
1230 2147 1398 2185 negotium.
1429 2145 1548 2175 Deinde
1559 2165 1566 2177 ‚
1589 2147 1622 2174 in
1641 2146 1706 2184 ipso
1717 2145 1845 2186 gerendo
1856 2148 1979 2186 negotio
1990 2145 2065 2186 quid

1112 2185 1214 2216 austum
1226 2184 1267 2215 sit.
1279 2186 1409 2219 Deinde,
1419 2187 1491 2227 quid
1500 2186 1601 2227 postea
1611 2185 1725 2216 factum
1735 2185 1778 2216 fit.
1794 2189 1830 2216 In
1834 2185 1952 2227 gestione
1961 2196 2063 2217 :tutem

1112 2229 1225 2268 negotii
1236 2247 1245 2261 ,
1256 2230 1309 2268 qui
1319 2228 1402 2258 locus
1414 2228 1560 2258 secundus
1570 2237 1628 2258 erat
1637 2228 1673 2258 de
1684 2230 1720 2258 iis
1733 2248 1741 2262 ‚
1765 2238 1830 2269 quae
1841 2230 1969 2269 negotiis
1979 2231 2065 2258 attri-

1112 2269 1184 2299 buta
1193 2269 1261 2299 sunt
1271 2289 1279 2303 ‚
1292 2269 1530 2310 quaereturlocus
1542 2289 1550 2303 2
1560 2279 1688 2310 tempus,
1700 2269 1820 2303 modus,
1833 2268 1955 2303 occasio,
1968 2268 2065 2300 facul-

1112 2319 1163 2341 tas.
1184 2313 1274 2340 Locus
1283 2309 1481 2341 consideratur
1489 2313 1521 2341 in
1531 2322 1590 2352 quo
1600 2322 1644 2341 res
1654 2311 1732 2353 gesta
1742 2310 1775 2340 sit
1785 2332 1793 2344 ,
1807 2322 1844 2341 ex
1854 2313 2061 2352 opportunita-

1110 2360 1138 2382 te
1148 2372 1156 2386 ,
1187 2362 1276 2393 quam
1287 2352 1422 2383 videatur
1431 2352 1562 2384 habuiss'e
1571 2353 1604 2383 ad
1614 2356 1769 2394 negotium
1780 2352 2061 2383 administrandum.

1110 2396 1152 2424 Ea
1160 2403 1259 2424 antem
1269 2396 1454 2434 oportunitas
1465 2397 1603 2436 quaeritur
1613 2405 1649 2424 ex
1660 2394 1878 2435 magnitudine,
1890 2394 2063 2427 intervallo,

1109 2435 1337 2477 longinquitate,
1347 2437 1578 2477 propinquitate,
1591 2436 1760 2469 solitudine,
1771 2435 1946 2468 celebritate,
1960 2443 2062 2465 natura

1109 2475 1198 2516 ipsius
1209 2478 1268 2507 loci
1279 2497 1287 2510 ,
1299 2477 1331 2506 δε
1342 2478 1491 2507 vicinitate
1503 2479 1592 2507 totius
1602 2479 1742 2517 regionis.
1767 2479 1812 2506 Ex
1823 2477 1868 2505 his
1878 2478 1968 2506 etiam
1979 2479 2062 2506 attri-

1110 2518 1287 2548 butionibus
1300 2529 1305 2548 :
1317 2519 1403 2552 sacer,
1416 2529 1452 2548 an
1462 2519 1601 2558 profanus
1614 2529 1618 2547 :
1629 2519 1776 2558 publicus,
1788 2528 1824 2547 an
1834 2519 1961 2557 privatus
1973 2528 1978 2546 :
1989 2518 2063 2548 alie-

1111 2569 1167 2589 nus
1179 2579 1187 2592 ‚
1199 2570 1236 2590 an
1248 2558 1336 2599 ipsius
1347 2580 1354 2593 ,
1368 2560 1403 2589 de
1412 2570 1473 2601 quo
1483 2563 1593 2601 agitur,
1606 2560 1687 2589 Iocus
1698 2558 1731 2588 sit
1742 2579 1750 2592 ,
1761 2568 1809 2588 aut
1818 2558 1918 2589 fuerit.
1942 2560 2061 2600 Tempus

1110 2610 1211 2630 autem
1222 2601 1275 2634 est,
1288 2601 1318 2631 id
1329 2612 1388 2642 quo
1399 2612 1478 2630 nunc
1489 2603 1601 2631 utimur
1610 2621 1618 2634 ‚
1634 2600 1715 2639 (nam
1725 2601 1823 2640 ipsum
1832 2600 1955 2641 quidem
1967 2610 2060 2642 gene-

1108 2643 1208 2674 raliter
1226 2641 1352 2673 definire
1370 2642 1492 2673 difficile
1512 2641 1564 2683 est)
1583 2652 1646 2683 pars
1665 2642 1800 2684 quaedam
1810 2644 1977 2674 aeternitatis
1988 2650 2059 2672 cum

1931 2684 2019 2723 alicuj
2024 2693 2060 2713 us

1141 2807 1154 2834 3
1162 2820 1167 2825 .
1188 2802 1226 2825 Ex
1235 2800 1320 2832 esec-bix
1331 2800 1402 2831 Sffia.
1421 2798 1606 2832 Deindeficrtm]
1618 2797 1662 2824 Est
1672 2798 1686 2824 :i
1699 2797 1768 2824 Pau.
1778 2797 1881 2828 nostris,
1893 2806 1976 2833 neque
1988 2797 2059 2823 stetis

116 2831 246 2857 ViCtorio.
275 2834 375 2868 priores
394 2834 464 2860 enim
484 2841 621 2870 temporc5
643 2838 715 2861 certi:
734 2835 859 2871 publicati
879 2835 996 2861 Venetiis
1016 2835 1067 2860 clo
1105 2834 1189 2861 editio
1200 2835 1270 2860 Rob.
1283 2835 1402 2870 Stephani
1414 2835 1577 2860 amiciam
1590 2843 1671 2860 xnxv.
1688 2833 1743 2860 alia:
1754 2833 1919 2868 adjecerant:
1941 2834 2062 2867 szfi:1‚Li-

117 2876 190 2893 cccc
211 2876 263 2894 xcv
272 2877 292 2893 1.
311 2868 456 2905 praeferunt
468 2889 476 2901 ‚
496 2872 544 2904 ejus
557 2871 635 2904 secum
645 2872 720 2904 ficati
738 2873 843 2905 aliquam
861 2871 977 2904 diversam
989 2889 997 2902 ,
1016 2870 1066 2900 ὅγε.

119 2903 260 2929 Lambinus
271 2904 347 2930 habet
359 2924 367 2935 ,
387 2907 436 2938 ejus
447 2907 520 2939 sicuti
536 2906 653 2939 diversam
664 2925 672 2938 ,
682 2915 733 2937 <yc-
752 2906 887 2942 quomodo
897 2907 924 2932 δε
936 2906 992 2932 Pal.
1003 2913 1068 2933 tert.

117 2947 177 2964 nam
188 2948 228 2974 pr.
232 2939 308 2972 scruti
318 2952 324 2966 .·
341 2939 548 2976 sccundusftcum
558 2960 566 2974 ,
576 2941 614 2972 &a
634 2941 704 2969 forte
715 2940 768 2970 fuit
777 2943 855 2969 initio
866 2951 874 2974 5
886 2942 955 2977 ejufie
964 2944 1070 2976 aliquam

117 2973 235 3008 diversam
246 2993 254 3006 ,
264 2975 314 3005 &aa

153 3017 182 3035 2.
201 3013 247 3036 Hoc
256 3012 316 3036 modo
327 3030 335 3043 ,
346 3019 373 3037 nr
381 3021 410 3038 ne
418 3011 478 3045 quid
485 3032 493 3044 ,
503 3011 554 3043 (ὅτ.
565 3014 696 3046 inftratur.
715 3014 856 3048 Partitur]
868 3014 935 3039 Haec
945 3013 979 3040 est
990 3012 1071 3039 leffio

117 3044 235 3070 omnium
247 3046 314 3072 Pau.
324 3047 388 3073 item
398 3046 460 3073 edd.
470 3055 530 3074 ante
540 3048 698 3076 Lambinum
712 3069 720 3082 ,
740 3050 785 3086 qui
806 3048 961 3085 transposuit
971 3049 1071 3084 priores

119 3077 182 3105 duas
195 3088 268 3106 voces
279 3091 286 3107 :
298 3089 325 3107 ut
333 3092 360 3107 ne
369 3084 427 3116 quid
437 3102 444 3115 ‚
454 3083 504 3114 dyc.
514 3086 645 3117 lustratur.
663 3089 709 3110 Hoc
718 3087 904 3120 modoparn'mr,
914 3086 964 3118 <gr-c.
983 3083 1073 3114 lauda·

120 3122 189 3148 rem,
198 3114 217 3144 fi
228 3114 284 3143 usus
295 3116 384 3146 fuisset
393 3117 458 3147 duce
467 3118 557 3156 aliquo
567 3119 636 3148 libro
649 3121 740 3150 veteri.

1105 2873 1184 2896 herlus
1193 2871 1344 2903 vivendiflu'r
1349 2873 1457 2903 pristas.

1141 2913 1169 2938 4.
1189 2907 1290 2939 Perfima
1309 2907 1382 2931 datur
1394 2925 1402 2937 ,
1422 2906 1487 2939 dm]
1508 2905 1592 2931 Grev.
1604 2905 1631 2931 8:
1643 2904 1699 2932 Pal.
1711 2904 1760 2931 sec.
1771 2912 1822 2931 ter.
1834 2906 1958 2931 tribuitur.
1978 2913 2018 2941 pr.
2029 2904 2060 2931 δε

1108 2940 1190 2967 editio
1202 2941 1325 2967 vetustior
1339 2960 1346 2971 ‚
1358 2943 1510 2966 arra-fhniaemn

1147 2986 1159 3010 5
1167 2997 1172 3003 .
1194 2979 1287 3009 Corpori
1298 2996 1306 3008 ‚
1317 2979 1354 3001 ωε
1364 2977 1434 3007 modo,
1444 2977 1493 3006 &aa
1504 2977 1625 3011 rara'rtrsit
1637 2983 1746 3008 euentus,
1756 2976 1822 3010 dra]
1835 2975 1928 3002 Lamb.
1939 2975 2060 3012 interpo-

1110 3011 1172 3043 suit,
1184 3015 1280 3044 torpori.
1301 3014 1385 3043 corpori
1395 3014 1434 3037 hoc
1442 3013 1502 3038 moso
1513 3031 1521 3043 ,
1531 3012 1582 3042 (Ξε
1592 3013 1713 3046 tardusfit
1723 3015 1798 3037 animo
1810 3031 1818 3043 ,
1829 3019 1914 3037 acutus
1927 3031 1933 3042 ‚
1944 3012 1994 3043 (Ere.
2005 3022 2058 3037 non

1112 3048 1179 3073 mali:
1191 3067 1199 3078 ‚
1221 3047 1236 3073 fi
1248 3047 1381 3073 :ueterem
1393 3047 1498 3074 haberet
1511 3048 1586 3081 hujus
1598 3047 1740 3076 additionis
1751 3060 1759 3082 ,-
1773 3057 1832 3075 naun
1843 3046 1901 3075 mss'.
1912 3048 2004 3079 nostri,
2013 3056 2060 3075 au:

1111 3083 1257 3120 antiquitus
1267 3082 1318 3110 cusi
1328 3083 1394 3112 stant
1403 3092 1450 3120 pro
1461 3083 1577 3120 vulgata.

1560 3155 1584 3185 F
1934 3163 1958 3182 1.
1967 3154 2062 3185 Annni,
