2295 3400
140 1055 178 1087 31

197 127 293 193 386

195 222 263 243 rum
274 209 473 252 diligentiam,
485 208 566 251 quod
577 229 585 243 ‚
597 208 668 240 cum
681 212 691 229 ¹
702 208 718 240 a
728 208 892 249 majoribus
902 208 1009 240 nostris
1019 211 1049 240 P.
1062 210 1147 240 Len-

196 255 288 287 tulus,
307 257 321 272 2
332 255 383 293 qui
397 254 533 292 princeps
544 251 660 282 senatus
672 271 680 285 ,
690 253 723 281 iri
733 261 766 281 ea
775 252 840 281 loca
849 249 955 281 mifl'us
963 249 1034 282 esset
1044 270 1053 285 ‚
1072 251 1147 281 ut&

197 298 326 335 privatos
335 304 418 334 agros
428 313 437 328 ,
454 296 506 334 qui
524 295 556 323 in
576 293 734 333 publicum
751 295 936 334 Campanum
951 293 1150 326 incurrebant,

197 338 322 377 pecunia
331 336 449 375 publica
457 336 618 368 coemeret,
629 334 738 365 dicitur
747 333 927 365 renuntiass'e
939 354 947 369 ,
968 335 1052 365 nulla
1061 335 1089 366 se
1098 345 1150 376 pe·

198 376 423 408 cuniafundum
434 376 586 414 cuiusdam
597 386 697 407 emere
705 375 834 417 potuisse
847 387 852 405 ε
867 386 1008 417 eumque,
1019 379 1071 418 qui
1081 377 1150 407 nol-

198 419 394 452 letvcndere,
415 416 486 448 ideo
505 416 620 459 negasse
644 418 672 449 se
692 418 799 449 adduci
814 417 897 458 poss'e
909 438 918 452 ,
936 420 981 449 uti
998 418 1149 452 venderet,

196 461 276 501 quod
289 480 297 494 ‚
318 459 388 490 cum
406 460 518 500 plureis
538 459 651 490 fundos
673 460 793 490 haberet
806 480 816 494 ‚
839 470 879 490 ex
896 460 951 490 illo
970 460 1034 491 solo
1054 460 1152 491 fundo

197 512 366 543 numquam
389 502 499 530 nmium
509 502 642 530 nuntium
650 500 776 539 audiffir.
800 504 881 532 Itane
891 501 964 532 verb
975 503 986 529 ?
1002 504 1151 543 privatum

196 545 258 574 haec
267 544 350 573 causa
360 546 547 573 commovit:
564 544 691 583 populus
703 546 796 574 Rom.
808 553 846 574 ne
853 554 955 586 agrum
965 546 1152 584 Campanum

195 587 318 625 privatis
328 587 416 626 gratis
429 606 437 618 ‚
465 585 559 615 Rullo
573 594 694 626 rogante
706 605 714 619 ,
728 585 818 616 tradat
828 606 837 619 ‚
849 595 912 615 non
921 586 1130 616 commovebit
1144 588 1155 614 ?

198 629 290 667 Atqui
309 629 390 656 idem
409 627 537 667 populus
556 629 650 658 Rom.
669 627 706 657 de
727 628 783 657 hoc
793 626 931 667 vectigali
941 626 1037 667 potest
1045 627 1153 660 dicere,

196 668 279 708 quod
299 668 351 697 ille
371 668 406 698 de
423 669 477 698 suo
495 667 592 698 fundo
601 667 707 699 dixifl'e
716 668 834 699 dicitur.
859 667 925 699 Afia
936 670 1048 699 multos
1059 678 1154 699 annos

195 710 284 740 vobis
296 708 440 744 sinuum,
451 709 657 741 Mithridatico
667 710 827 744 bellomon
840 711 924 741 tulit:
942 711 1154 750 Hispaniarum

195 750 323 793 veffigal
335 752 522 792 temporibus
531 753 705 782 Sertorianis
716 753 836 782 nullum
847 751 922 782 fuit:
934 754 1043 782 Siciliae
1052 754 1156 782 civita-

197 793 276 823 tibus
298 793 379 823 bello
399 793 598 835 fugitivorum
613 796 660 823 M.
672 795 813 834 Aquilius
832 796 921 824 etiam
940 803 1081 824 mutuum
1092 793 1156 823 fru-

197 843 338 865 mentum
358 834 450 865 dedit.
475 844 503 865 at
521 845 558 865 ex
572 836 630 865 hoc
640 835 778 876 vectigali
790 845 955 876 numquam
970 836 1065 865 malus
1076 845 1156 864 nun—

198 877 257 906 tius
275 876 392 907 auditus
413 875 463 906 est.
497 879 598 907 Cetera
607 875 763 917 vec‘hgalia
777 881 789 904 3
804 877 1072 907 bellifacultatibus
1082 876 1158 906 affli-

197 926 325 957 guntur:
345 919 403 948 hoc
420 917 557 959 ve&igali
576 920 666 948 etiam
686 919 757 949 belli
774 918 926 948 facultates
947 917 1155 948 sustentantur.

202 960 323 990 Deinde
342 961 375 989 in
386 961 439 990 hac
447 959 637 999 affignatione
649 970 786 1001 agrorum
799 980 807 993 ‚
828 961 950 990 neillud
963 960 1086 1001 quidem
1097 959 1157 989 dici

199 1000 298 1042 potest
309 1021 318 1034 ‚
338 1001 419 1042 quod
429 1003 461 1031 in
472 1003 576 1031 ceteris
587 1022 594 1034 ‚
617 1011 700 1042 agros
715 1001 844 1032 desertos
861 1002 876 1032 ὲ
885 1002 972 1041 plebe
984 1022 992 1036 ,
1013 1011 1098 1042 atque
1110 1005 1127 1028 4
1142 1001 1156 1030 a

202 1042 317 1072 cultura
335 1044 499 1073 hominum
512 1043 677 1073 liberorum
688 1042 744 1073 effe
756 1054 820 1073 non
829 1052 976 1084 oportere.
1017 1046 1064 1073 Sic
1073 1046 1156 1072 enim

201 1084 288 1114 dico:
308 1083 328 1114 si
354 1087 521 1124 Campanus
538 1094 604 1124 agei·
619 1084 768 1115 dividatur
780 1105 789 1118 ,
809 1086 977 1118 exturbari,
999 1084 1031 1114 δε
1043 1084 1157 1124 expelli

199 1125 321 1166 plebem
334 1136 371 1155 ex
382 1128 456 1166 agris
469 1146 477 1158 ,
491 1136 553 1155 non
563 1125 703 1156 constitui
718 1147 726 1159 ,
739 1126 770 1156 &
779 1127 932 1157 collocari.
963 1129 1059 1156 Totus
1071 1127 1155 1155 enim

203 1178 270 1209 ager
291 1170 458 1206 Campanus
475 1167 585 1197 colitur
595 1188 603 1200 ,
629 1168 660 1197 &
671 1167 833 1208 poss'idetui·
843 1168 953 1207 aplebe
965 1170 1098 1207 optima,
1124 1167 1156 1196 &

199 1208 419 1239 modestissima
435 1220 440 1238 :
470 1209 550 1250 quod
575 1219 668 1250 genus
685 1211 850 1239 hominum
872 1211 973 1250 optime
995 1217 1136 1237 moratum
1148 1228 1156 1241 ‚

198 1252 386 1291 optimorum
399 1251 432 1280 &
442 1260 589 1280 aratorum
600 1271 608 1284 ,
624 1250 656 1280 &
668 1251 801 1280 militnm
814 1271 821 1284 ,
835 1251 938 1280 abhoc
947 1250 1095 1290 plebicola
1107 1252 1159 1280 tri-

197 1292 282 1322 buno
295 1290 430 1321 funditus
441 1293 568 1331 ejicitur.
593 1296 690 1332 Atque
700 1292 744 1322 illi
758 1293 872 1325 miseri,
883 1295 945 1322 nari
956 1295 986 1321 in
998 1293 1058 1321 illis
1069 1294 1154 1333 agris,
1178 1304 1180 1312 ι

199 1333 233 1363 &
243 1333 370 1366 educati,
381 1333 484 1374 glaebis
496 1333 667 1375 subigendis
678 1336 827 1364 exercitati
841 1354 849 1367 ,
861 1333 922 1374 quo
935 1335 962 1363 se
975 1333 1072 1363 subito
1083 1343 1156 1363 con-

197 1373 306 1408 ferant,
316 1384 380 1404 non
390 1375 551 1404 habebunt.
577 1376 623 1404 his
634 1375 774 1408 robustis,
785 1376 818 1405 &
832 1375 1012 1407 valentibus,
1026 1375 1058 1404 ὃς
1069 1375 1157 1405 auda-

198 1416 284 1446 cibus
302 1415 510 1446 decemvirum
530 1416 706 1446 satellitibus
726 1419 785 1458 agi-i
797 1419 940 1457 Campani
951 1415 1088 1457 poffeflio
1098 1425 1159 1446 tota

198 1457 337 1488 tradetur.
362 1458 394 1487 &
405 1478 413 1492 ,
436 1467 467 1487 ut
481 1467 534 1487 vos
546 1468 627 1488 nunc
639 1458 674 1488 de
687 1458 790 1488 vestris
802 1459 965 1498 majoribus
975 1459 1139 1498 praedicatis
1153 1469 1158 1487 :

202 1501 306 1529 Hom:
322 1508 446 1529 AGRUM
465 1499 554 1529 nobis
567 1501 694 1539 majores
705 1499 798 1530 nostri
809 1501 994 1541 reliquerunt
1006 1511 1011 1529 ι
1022 1499 1060 1530 sic
1070 1499 1158 1530 vestri

200 1540 313 1581 posteri
332 1541 369 1570 de
385 1541 473 1571 vobis
484 1541 687 1581 praedicabunt
699 1553 705 1571 z
726 1545 802 1572 Huu
811 1551 829 1571 c
850 1552 970 1572 AGRuM
988 1551 1082 1581 patres
1101 1552 1158 1572 no—

200 1581 254 1613 stri
265 1591 419 1622 acceptum
430 1582 445 1613 a
456 1583 585 1622 patribus
595 1584 664 1616 suis,
673 1583 875 1623 perdiderunt.
896 1584 1045 1624 Equidem
1057 1583 1160 1613 existi-

200 1634 256 1654 mo
269 1644 277 1657 ‚
300 1622 321 1653 fi
333 1635 397 1663 Jatn
417 1634 538 1664 campus
558 1627 681 1655 Martius
696 1625 846 1655 dividatur
858 1646 866 1659 ,
891 1625 923 1655 &
934 1627 1097 1666 unicuique
1107 1636 1160 1655 ve-

200 1665 297 1697 strum
308 1686 317 1699 ‚
338 1666 389 1696 ubi
397 1665 535 1696 consistat
550 1687 557 1699 ,
579 1666 642 1696 bini
653 1667 741 1706 pedes
752 1666 931 1707 assignentur
943 1678 948 1696 z
967 1676 1068 1697 tamen
1088 1677 1158 1707 pro-

201 1707 316 1737 miscue
327 1716 391 1737 toto
404 1728 417 1740 ,ν
427 1718 518 1748 quam
527 1708 646 1747 proprie
665 1719 750 1748 parva
761 1708 821 1740 frui
829 1718 907 1749 parte
920 1710 1058 1739 malletis.
1080 1712 1161 1749 Qa-

200 1760 243 1782 re,
255 1751 346 1779 etiam
355 1747 375 1778 fi
384 1749 418 1779 ad
428 1759 483 1779 vos
495 1749 567 1779 ess‘et
578 1749 707 1791 singulos
715 1751 829 1791 aliquid
839 1761 877 1780 ex
887 1752 945 1781 hoc
955 1761 1023 1792 agro
1034 1761 1161 1791 perven-

202 1791 302 1820 turum
316 1811 324 1823 ,
335 1792 386 1831 qui
397 1789 471 1819 vobis
481 1789 628 1826 ostenditur
638 1812 647 1824 ‚
662 1791 724 1821 aliu
735 1800 912 1833 comparatur
921 1804 932 1820 .·
953 1802 1052 1822 tamen
1064 1794 1163 1822 hone-

152 1863 158 1867 ,
204 1830 278 1862 stius
289 1842 359 1862 eum
370 1842 423 1861 vos
434 1831 582 1866 universi,
601 1833 691 1874 quam
712 1832 818 1875 singuli
837 1833 1034 1874 possideretis.-
1068 1837 1160 1864 Nunc

201 1872 286 1908 verb,
297 1872 368 1903 curn
380 1873 415 1903 ad
425 1883 479 1903 vos
494 1875 572 1903 nihil
583 1876 738 1914 pertineat,
751 1875 799 1905 sed
812 1885 926 1915 paretur
936 1877 1012 1910 aliis,
1025 1878 1163 1916 eripiatur

201 1915 307 1945 vobis:
332 1925 436 1945 nonne
454 1916 596 1945 acerrime
609 1936 617 1949 ‚
637 1925 778 1957 tanquam
793 1926 905 1947 armato
922 1917 1000 1948 hosti
1011 1938 1020 1951 ‚
1043 1917 1080 1948 sic
1090 1919 1160 1948 huic

205 1957 261 1998 legi
274 1977 283 1989 ‚
302 1966 356 1997 pro
375 1956 478 1986 vestris
500 1959 575 1998 agris
585 1956 720 1988 resistetis
733 1963 742 1987 ?
762 1958 908 1999 Adjurigit
918 1960 1070 1989 Stellatem
1080 1970 1160 1990 carn-

201 2009 276 2039 pum
286 2008 355 2040 agro
367 2001 519 2038 Campano
532 2009 537 2027 z
559 1999 592 2028 &
601 2001 632 2029 in
643 2010 679 2029 eo
690 2000 828 2030 duodena
839 2001 976 2031 describit
986 2002 1019 2030 in
1031 2000 1162 2043 singulos

202 2042 344 2070 homines
352 2041 463 2081 jugera.
488 2039 574 2080 Qiafi
585 2040 656 2071 vero
667 2042 801 2082 paullum
812 2041 927 2073 differat
937 2046 950 2070 5
958 2053 1024 2084 ager
1036 2046 1160 2084 Campa-

204 2092 272 2114 nus,
283 2092 315 2111 ac
325 2083 464 2112 Stellatis.
488 2085 525 2112 Et
536 2083 713 2117 multitudo,
726 2086 870 2125 QiriteS‚
882 2087 1032 2125 quaeritur,
1043 2095 1098 2126 qua
1111 2087 1162 2116 illa

203 2123 308 2153 ‹imnia
318 2123 648 2164 oppidacompleantur.
673 2126 754 2155 Nam
770 2125 835 2155 dixi
846 2136 947 2159 antea,
964 2126 1028 2168 lege
1036 2130 1161 2166 permit-

205 2167 247 2198 ti,
260 2174 292 2195 ut
303 2185 311 2198 ‚
322 2175 389 2205 quae
397 2165 496 2195 velint
507 2167 675 2206 municipia
687 2186 694 2200 ,
705 2176 775 2207 quas
786 2167 882 2197 velint
891 2177 1004 2197 veteres
1014 2169 1159 2203 colonias,

203 2207 324 2236 colonis
335 2208 392 2237 suis
402 2216 555 2247 occupent.
585 2210 730 2238 Calenum
741 2210 943 2248 municipium
953 2210 1159 2249 complebunt:

202 2249 365 2278 Theanum
379 2250 566 2287 oppriment:
584 2249 713 2279 Atellam
725 2270 734 2282 ‚
752 2252 860 2280 Cumas
871 2269 879 2283 ,
892 2252 1055 2290 Neapolim,
1067 2255 1158 2282 Porn-

202 2292 299 2329 pejos,
315 2291 479 2319 Nuceriam
491 2289 895 2330 suispraefidiisdevincient:
915 2292 1056 2322 Puteolos
1072 2293 1156 2326 vero,

201 2334 256 2371 qui
268 2333 392 2361 nuncin
401 2331 449 2361 sua
457 2331 600 2370 potestate
609 2333 693 2366 sunt,
705 2332 829 2371 suojure
838 2352 847 2366 ,
863 2332 1054 2373 libertateque
1064 2343 1157 2363 utun-

202 2382 232 2402 tu
238 2382 260 2404 r,
272 2382 350 2402 totos
360 2382 440 2402 novo
450 2373 662 2414 populo‚atque
670 2373 841 2404 adventitiis
850 2376 944 2414 copiis
954 2375 1151 2414 occupabunt.

169 2421 180 2432 ⁴
202 2413 217 2434 ⁶
227 2417 317 2444 Tunc
326 2414 401 2444 illud
413 2417 569 2454 Campanae
580 2416 727 2445 vexillum
738 2417 1078 2449 coloniae,vehemcnter
1086 2417 1156 2447 huie

203 2458 331 2495 imperio
349 2456 519 2485 timendum
531 2476 538 2489 ‚
559 2459 655 2496 Capua
672 2457 686 2486 Ξι
704 2457 882 2487 decemviris
901 2457 1061 2487 inferetur:
1085 2467 1156 2488 tunc

201 2507 303 2527 contra
314 2498 388 2527 hanc
399 2500 530 2527 Romam
545 2519 553 2530 ,
573 2509 773 2529 communem
793 2501 915 2539 patriam
936 2501 1079 2530 omnium
1099 2510 1156 2529 no-

204 2537 308 2573 stium,
320 2540 370 2569 illa
379 2540 466 2570 altera
477 2542 576 2570 Roma
585 2550 740 2581 qua-retur.
771 2544 808 2571 In
818 2541 848 2571 id
857 2541 1005 2582 oppidum
1015 2542 1156 2572 homines

245 2650 264 2666 1.
285 2644 570 2682 cAmfijqr·ib1c5⁷1‹7,'Ir⁴sa.]
592 2646 634 2672 Sic
645 2646 711 2673 Pali.
728 2647 820 2674 melius
833 2655 938 2684 recepto
951 2666 959 2679 ,
977 2648 1062 2680 vestris
1075 2666 1082 2679 ,
1103 2656 1160 2674 mea

203 2676 311 2713 quidem
322 2687 455 2713 opinione.

225 2748 230 2752 ¹
241 2721 267 2738 2..
288 2715 450 2747 Qiprinceps
460 2718 587 2751 senatun]
608 2719 643 2744 Et
654 2719 702 2745 lioc
712 2728 819 2754 quoque
831 2720 844 2745 a
857 2719 925 2750 Pall.
944 2719 1008 2745 item
1020 2718 1080 2744 edd.
1093 2726 1158 2746 vett.

207 2747 251 2774 nisi
263 2748 332 2810 quod
344 2758 379 2789 eci:
388 2754 494 2790 senaar.
523 2763 666 2788 pronomen
687 2755 838 2791 negletitum
859 2755 912 2783 suit
930 2756 945 2782 ὰ
964 2755 1159 2782 corre-&oribus

205 2783 268 2810 saecu
284 2794 289 2810 i
301 2794 441 2820 propiori&

245 2827 270 2880 ἶ.
284 2822 504 2862 Bellis'aeieiijatibm
513 2827 563 2857 affl.
574 2827 614 2850 hoe
622 2829 684 2853 φεῦ.
699 2829 769 2852 eiiam
779 2828 964 2860 bcIIIfircrdtatcs
969 2827 1159 2861 stifft-mansur]

206 2855 243 2881 Pa
257 2863 342 2896 atinus
354 2857 398 2896 iile
410 2858 457 2883 lec.
469 2861 518 2884 bci'li
527 2861 718 2895 difficultatibm5
738 2863 765 2889 &
777 2873 839 2889 mox
853 2883 860 2894 ,
876 2863 1161 2896 difficultatessiqftcnmn-

207 2899 266 2923 tur-‚-
280 2894 454 2933 curproic-csto
464 2896 549 2930 potius
559 2898 706 2925 accesserim
719 2919 727 2931 ‚
738 2901 818 2935 quam
830 2899 888 2926 aliis
900 2898 990 2926 multis
1002 2898 1161 2927 membranis

212 2934 282 2953 nota:
293 2937 378 2954 minus·
390 2930 500 2956 telettae.

243 2970 272 3002 4.
293 2966 432 2991 <situum-a
440 2968 555 2992 hominum
565 2970 687 2995 liberorum
696 2970 762 3005 effla]
786 2971 918 2998 Puteanus
930 2970 1036 3005 conjicit
1048 2980 1056 3001 3
1071 2973 1164 2997 liberor.

208 3007 283 3031 cuius
303 3009 398 3026 nomen
413 3020 420 3032 ,
441 3010 486 3027 cui·
497 3003 554 3042 lieic
565 3003 688 3032 subticeat
699 3006 842 3034 Lambinus
856 3028 863 3040 ‚
884 3007 979 3034 nescio.
1000 3016 1084 3043 neque
1095 3008 1165 3034 enini

208 3033 317 3061 absurda
327 3035 361 3062 est
372 3037 532 3064 emendatio.

246 3079 273 3103 5.
292 3075 369 3113 5213*ch
385 3075 522 3105 Campanus
534 3093 541 3105 ,
561 3084 588 3100 ac
606 3078 716 3103 Stellatis.
737 3082 770 3104 Et
788 3080 935 3112 multitudo]
954 3079 1098 3106 Lambinus
1109 3079 1166 3105 licic

209 3113 316 3148 repqnit
327 3126 338 3147 ,Ι
346 3117 360 3132 a
371 3111 460 3134 Stellati
472 3111 574 3143 ,scillcet
583 3114 648 3137 mult.
657 3116 836 3147 prripimfitiffit
846 3114 861 3140 ῐι
871 3112 972 3142 ,ςἰείῖατί.
991 3116 1037 3140 Sed
1044 3117 1110 3141 mule.
1122 3115 1164 3141 sed

210 3141 372 3172 Gulielmius
383 3153 427 3173 ma
432 3145 507 3180 vult,
517 3156 547 3173 ac
554 3148 664 3175 stcuau's.
676 3150 795 3182 fidmnlt.
810 3151 881 3185 quod
891 3151 918 3177 &
930 3150 1085 3180 nominandi
1094 3151 1164 3184 casu,

604 123 1109 190 M.Tut.1.11
1174 127 1723 176 Ciennou1s

1189 210 1297 244 nefarii
1307 221 1403 252 remp.
1413 211 1544 243 nostram
1554 211 1710 243 transferre
1719 215 1866 242 conantur
1879 227 1888 245 4
1910 219 1972 253 quo
1982 208 2015 242 in
2028 210 2146 253 oppido

1192 254 1321 289 maiores
1336 253 1426 285 vestri
1443 254 1559 286 nullam
1575 256 1706 284 omnino
1721 262 1815 293 remp-
1825 251 1882 283 effe
1891 253 2069 284 voluerunt:
2090 254 2145 294 qui

1192 304 1248 326 tres
1260 295 1360 326 solum
1371 296 1469 326 urbeis
1479 298 1512 326 in
1521 298 1604 326 terris
1613 295 1756 325 omnibus
1767 315 1776 328 ,
1788 295 2002 337 Karthaginem
2011 314 2020 328 ,
2035 297 2146 325 Corin-

1191 338 1279 368 thum
1289 358 1297 371 ‚
1315 341 1446 378 Capuam
1461 337 1634 371 statuerunt,
1641 335 1722 377 poffe
1732 337 1843 379 imperii
1847 337 2045 377 gravitatem,
2056 346 2090 367 ac
2099 346 2153 366 no-

1193 389 1253 408 men
1265 379 1405 419 ficstinere.
1438 380 1546 410 Deleta
1564 380 1712 419 Karthago
1730 378 1773 409 est
1781 398 1790 413 ‚
1810 378 1891 419 quod
1900 377 1971 408 cum
1981 379 2148 409 hominum

1193 424 1299 461 copiis,
1310 430 1376 452 tum
1387 421 1446 462 ipsa
1456 431 1568 454 natura,
1578 431 1610 450 ac
1622 421 1704 453 loco,
1716 419 1865 451 succinsta
1871 419 2027 460 portubus,
2037 427 2148 451 armata

1196 465 1290 492 muris
1299 483 1308 497 ‚
1320 472 1474 493 excurrere
1483 472 1522 493 ex
1532 461 1630 492 Africa
1642 482 1649 495 ‚
1660 466 1675 489 7
1685 463 1849 491 imminere
1857 464 1896 492 ita
1904 459 2149 491 fructuosissimis

1195 507 1226 534 in
1232 505 1299 534 sulis
1309 505 1414 544 populi
1427 506 1522 535 Rom.
1533 503 1695 534 videbatur.
1720 503 1858 533 Corinthi
1867 501 2029 542 vestigium
2038 504 2092 532 vix
2103 512 2151 532 re-

1196 545 1303 576 licium
1314 545 1365 576 est.
1388 555 1448 575 erat
1457 548 1542 575 enim
1554 543 1644 585 posita
1653 546 1687 574 in
1698 544 1854 586 angustiis,
1872 553 1962 585 atque
1972 545 2004 574 in
2014 543 2152 574 faucibus

1198 590 1319 618 Graeciae
1329 608 1338 622 ‚
1350 586 1387 617 fic
1399 607 1408 621 ,
1418 596 1450 617 ut
1460 596 1534 617 terra
1543 586 1667 617 claustra
1676 587 1811 616 locorum
1822 595 1934 616 teneret
1946 606 1959 619 2-
1974 585 2006 616 &
2016 585 2078 616 duo
2087 595 2156 615 ma-

1198 631 1239 659 ria
1258 629 1394 659 maxime
1414 629 1597 670 navigationi
1616 628 1730 658 diversa
1744 628 1829 668 paene
1846 628 2062 669 conjungeret,
2079 626 2155 658 cum

1197 673 1332 710 pertenui
1343 671 1516 701 discrimine
1526 671 1732 710 separarentur.
1758 672 1840 703 Haec,
1857 679 1923 710 quae
1933 669 2039 709 procul
2047 676 2129 700 erant
2137 668 2156 700 ὲ

1199 713 1306 753 conspe
1312 712 1359 742 &u
1370 714 1491 752 imperii
1501 732 1510 746 ‚
1523 722 1587 742 non
1596 712 1694 742 solum
1704 711 1878 741 afflixerunt
1889 732 1897 744 ,
1911 711 1959 741 sed
1969 713 2058 746 etiam
2071 730 2080 745 ,
2101 720 2157 740 ne-

1200 754 1321 795 quando
1332 764 1457 784 recreata
1465 754 1620 794 exsurgere
1632 774 1640 787 ,
1655 763 1740 794 atque
1753 755 1861 794 erigere
1874 753 1901 783 se
1910 751 2038 793 poffent,
2050 752 2155 783 fundi-

1200 806 1257 829 tus,
1270 805 1302 825 ut
1311 796 1386 829 dixi,
1400 795 1589 826 sustulerunt.
1612 798 1660 825 De
1671 798 1769 835 Capua
1777 794 1912 824 multum
1922 793 2010 828 est,&
2019 794 2071 824 diu
2081 803 2159 824 con-

1201 838 1329 867 sultum:
1349 847 1452 868 exrant
1463 838 1585 871 litterae,
1602 839 1733 877 Qiirites
1744 857 1751 870 ,
1774 837 1900 876 publicae.
1915 847 1921 865 ;
1943 836 2011 866 sunt
2026 836 2157 867 senatus-

1199 879 1334 909 consulta
1344 880 1507 919 complura.
1523 882 1692 909 statuerunt
1702 879 1845 908 homines
1856 879 2010 918 sapientes,
2022 875 2042 907 fi
2051 886 2157 919 agrum

1200 922 1359 960 Campanis
1368 920 1554 954 ademissent,
1568 919 1751 961 magistratus
1764 940 1772 954 ‚
1784 921 1918 950 senatum
1931 940 1939 953 ,
1951 919 2108 959 publicum
2118 927 2160 949 ex

1200 962 1251 991 illa
1265 962 1336 991 urbe
1347 961 1506 992 consilium
1518 961 1711 994 sustuliss'ent,
1725 963 1890 1001 imaginem
1900 963 1971 1001 reip.
1982 961 2099 991 nullam
2110 970 2159 990 re-

1201 1002 1371 1044 liquissent:
1387 1005 1465 1033 nihil
1474 1003 1549 1038 fore,
1563 1003 1645 1044 quod
1657 1006 1786 1043 Capuam
1799 1005 1966 1033 timeremus.
1989 1004 2090 1043 Itaque
2099 1003 2161 1032 hoc

1202 1045 1396 1084 perscriptum
1413 1046 1446 1074 in
1465 1048 1674 1075 monumentis
1686 1045 1837 1075 veteribus
1848 1046 1999 1085 reperietis
2010 1064 2019 1078 ,
2044 1041 2160 1074 utefl'et

1202 1086 1272 1116 urbs
1283 1106 1291 1119 ‚
1304 1096 1369 1126 quae
1377 1097 1421 1116 res
1432 1097 1478 1116 eas
1489 1107 1496 1120 ,
1511 1087 1619 1127 quibus
1628 1097 1693 1128 ager
1703 1090 1869 1126 Campanus
1878 1087 2036 1119 coleretur,
2051 1086 2159 1125 suppe-

1201 1127 1293 1157 ditare
1311 1126 1423 1167 poffet:
1447 1137 1479 1158 ut
1490 1127 1560 1158 efl'et
1575 1129 1658 1158 locus
1671 1128 1894 1168 comportandis
1904 1148 1911 1160 ‚
1929 1127 2156 1167 condendisque

1200 1168 1365 1198 fruffibus:
1389 1177 1423 1198 ut
1431 1178 1554 1199 aratores
1564 1189 1572 1203 ,
1585 1170 1667 1200 cultu
1677 1179 1812 1210 agrorum
1824 1168 1926 1199 defess'i
1937 1189 1945 1201 ,
1962 1169 2043 1198 urbis
2054 1168 2158 1198 domi-

1201 1211 1279 1240 ciliis
1291 1219 1458 1240 uterentur:
1479 1211 1591 1240 idcirco
1609 1211 1662 1240 illa
1677 1210 1803 1240 aedificia
1820 1221 1882 1240 non
1894 1209 1950 1240 effe
1961 1210 2064 1240 deleta.
2099 1211 2157 1239 Vi-
2181 1204 2228 1249 33·>

1201 1253 1278 1285 dete,
1293 1247 1307 1270 ²3
1316 1261 1459 1292 quantum
1473 1252 1666 1282 intervallum
1678 1250 1710 1281 sit
1725 1251 1917 1291 interjectum
1927 1253 2006 1281 inter
2017 1252 2158 1291 majorum

1200 1292 1350 1329 nostrorum
1361 1294 1471 1335 consilia
1482 1313 1489 1327 ,
1510 1294 1543 1323 ὃς
1559 1296 1636 1323 inter
1648 1293 1774 1323 istorum
1786 1294 1949 1322 hominum
1960 1293 2157 1323 dementiam.

1201 1337 1251 1366 Illi
1262 1338 1396 1375 Capuam
1411 1355 1419 1369 ‚
1435 1336 1655 1375 receptaculum
1671 1344 1820 1365 aratorum
1834 1355 1842 1368 ‚
1867 1335 2016 1364 nundinas
2032 1334 2162 1365 rustico-

1203 1386 1280 1410 rum,
1300 1377 1424 1410 caeliam,
1439 1386 1525 1417 atque
1533 1378 1674 1406 horreum
1687 1379 1831 1416 Campani
1841 1379 1900 1416 agri
1911 1375 1968 1406 ess'e
1979 1377 2160 1407 voluerunt:

1205 1421 1248 1452 hi,
1260 1417 1387 1458 expulsis
1397 1418 1571 1451 aratoribus,
1581 1417 1679 1448 effusis
1689 1429 1720 1448 ac
1729 1416 1872 1458 dissipatis
1881 1417 2030 1448 fructibus
2039 1416 2163 1452 vestris,
2204 1416 2211 1421 “

1202 1461 1329 1491 eandem
1351 1463 1480 1500 Capuam
1501 1460 1601 1490 sedem
1623 1470 1711 1490 novae
1727 1462 1798 1500 reip.
1815 1459 2002 1490 constituunt
2011 1480 2019 1493 ‚
2041 1461 2160 1490 molem

1203 1512 1307 1533 contra
1321 1511 1452 1531 veterem
1464 1512 1560 1542 remp.
1580 1511 1762 1542 comparant.
1785 1500 1875 1540 Quod
1886 1500 1907 1530 sl
1917 1503 2047 1541 majores
2066 1500 2163 1532 nostri

1204 1541 1411 1574 exstimass'ent
1421 1564 1429 1576 2
1444 1554 1627 1585 quemquam
1639 1546 1671 1573 in
1682 1553 1742 1573 tam
1752 1542 1859 1572 illustri
1876 1544 2008 1583 imperio
2018 1565 2028 1578 ‚
2054 1544 2086 1573 ὃς
2096 1552 2164 1573 tam.

1203 1587 1340 1626 praeclara
1348 1586 1452 1625 populi
1463 1588 1558 1616 Rom.
1569 1585 1726 1625 disciplina
1734 1605 1742 1618 ‚
1755 1587 1799 1614 M.
1812 1587 1907 1618 Bruti,
1924 1588 2011 1615 autP.
2024 1585 2112 1616 Rulli
2121 1583 2161 1614 fi-

1206 1629 1314 1658 milem
1332 1626 1470 1658 futurum
1489 1628 1558 1666 (hos
1577 1629 1662 1657 enim
1680 1637 1736 1657 nos
1747 1627 1823 1657 duos
1833 1626 1929 1656 adhuc
1936 1627 2088 1660 vidimus,
2106 1627 2162 1667 qui

1204 1671 1280 1700 hanc
1291 1679 1385 1709 remp.
1398 1672 1528 1709 Capuam
1539 1678 1635 1699 totam
1646 1668 1803 1699 transferre
1812 1669 1936 1708 vellent)
1952 1667 2090 1708 profeEto
2101 1678 2160 1698 no-

1208 1722 1281 1741 men
1301 1712 1383 1741 illius
1400 1712 1480 1741 urbis
1498 1721 1562 1741 non
1581 1709 1775 1751 reliquissent.
1799 1713 1913 1740 Verum
1928 1710 2165 1743 arbitrabantur,-

1208 1755 1366 1787 Corintho,
1379 1753 1412 1783 δε
1422 1754 1607 1794 Karthagini,
1618 1756 1709 1782 etiam
1719 1751 1739 1781 si
1750 1752 1896 1786 senatum,
1911 1752 1944 1782 δε
1955 1751 2160 1793 magistratum

1205 1794 1387 1826 sustuliss'ent
1397 1816 1406 1829 ‚
1417 1805 1578 1836 agrumque
1590 1794 1706 1824 civibus
1715 1792 1907 1828 ademissent,
1919 1803 2019 1823 tamen
2030 1804 2095 1824 non
2106 1792 2162 1823 de·

1205 1836 1271 1867 fore
1281 1858 1288 1871 ‚
1308 1839 1361 1878 qui
1370 1837 1421 1866 illa
1433 1836 1637 1870 restituerent,
1662 1845 1748 1876 atque
1763 1856 1771 1868 ,
1795 1839 1847 1876 qui
1865 1835 1932 1866 ante
1952 1838 2056 1866 omnia
2072 1844 2160 1866 com-

1208 1888 1358 1909 mutarent
1368 1899 1377 1912 ,
1392 1878 1482 1919 quam
1493 1888 1548 1908 nos
1558 1878 1658 1908 audire
1669 1876 1822 1918 poss'emus
1835 1888 1840 1906 :
1857 1879 1907 1907 hic
1915 1876 1988 1907 vero
1999 1897 2008 1911 ‚
2020 1879 2054 1907 in
2063 1877 2168 1907 oculis‘

1207 1924 1234 1950 S.
1247 1923 1276 1951 P.
1287 1923 1323 1959 Q.
1335 1923 1376 1950 R.
1398 1921 1476 1950 nihil
1484 1919 1565 1959 poss'e
1575 1918 1708 1949 exsistere
1718 1939 1728 1952 ,
1747 1919 1828 1960 quod
1839 1929 1903 1949 non
1921 1919 1989 1950 ante
2008 1918 2166 1960 exstingui,-

1207 1971 1292 2003 atque
1302 1963 1432 2002 opprimi
1442 1961 1547 2002 poffet,
1560 1964 1649 2002 quarn
1659 1962 1747 2001 plane
1757 1969 1886 1990 exortum
1894 1981 1903 1995 ,
1923 1971 1956 1991 ac
1965 1970 2070 1991 natum
2078 1959 2160 1991 effet-

1204 2014 1302 2044 neque
1312 2002 1385 2033 vero
1395 2014 1427 2034 ea
1437 2014 1482 2033 res
1490 2003 1600 2033 fefellit
1609 2005 1762 2036 homines,
1771 2005 1874 2033 divina
1887 2012 1986 2034 mente
1996 2023 2005 2037 ,
2018 2003 2050 2033 &
2060 2000 2160 2033 confi-

1203 2046 1247 2075 lio
1258 2045 1408 2085 praeditos.
1420 2056 1491 2075 narn
1500 2044 1567 2085 post
1576 2046 1778 2085 QFulvium,
1791 2045 1984 2084 Q-j'abium,
1992 2048 2078 2075 Coss.
2089 2045 2160 2085 qui-

1204 2087 1259 2117 bus
1269 2087 1442 2117 consulibus
1454 2090 1549 2127 Capua
1557 2091 1572 2114 9
1581 2086 1698 2117 devissia
1708 2107 1716 2120 ‚
1731 2095 1816 2127 atque
1825 2096 1907 2126 capta
1916 2086 1967 2120 est,
1984 2087 2062 2116 nihil
2073 2087 2115 2117 est
2124 2088 2163 2117 in

1205 2139 1238 2158 ea
1252 2129 1322 2158 urbe
1331 2138 1433 2159 contra
1443 2130 1518 2158 hanc
1527 2138 1622 2168 remp.
1633 2138 1697 2158 non
1708 2128 1777 2158 dico
1787 2127 1902 2158 radium
1912 2148 1921 2162 ,
1939 2128 1987 2158 sed
1999 2129 2079 2158 nihil
2089 2138 2160 2159 om-

1206 2172 1282 2200 nino
1296 2172 1506 2211 excogitatum.
1537 2172 1634 2200 Multa
1651 2169 1752 2210 postea
1769 2170 1847 2200 bella
1863 2169 2018 2211 gestacum
2028 2169 2158 2210 regibus,

1206 2212 1346 2251 Philippo
1357 2233 1365 2244 ,
1382 2213 1532 2241 Antiocho
1544 2231 1552 2246 ,
1564 2212 1646 2241 Persa
1656 2231 1664 2244 ,
1685 2212 1936 2250 Pseudophilippo
1946 2231 1954 2245 ,
1974 2211 2160 2246 Aristonico,

1205 2253 1381 2282 Mithridate
1393 2272 1401 2286 ‚
1414 2254 1446 2282 &
1456 2255 1559 2282 ceteris
1571 2263 1576 2281 :
1597 2253 1691 2282 multa
1700 2261 1838 2290 praeterea
1850 2252 1927 2282 bella
1935 2254 2033 2294 gravia
2045 2255 2075 2272 ¹0
2084 2255 2159 2283 Kar-

1203 2292 1448 2335 thaginiensium,
1465 2294 1670 2327 Corinthium,
1683 2295 1928 2322 Numantinum:
1951 2294 2054 2324 multae
2064 2296 2095 2324 in
2105 2296 2162 2325 hac

1204 2345 1263 2374 rep.
1288 2335 1447 2365 seditiones
1467 2333 1638 2364 domesticae
1648 2354 1656 2368 ,
1675 2344 1746 2374 quas
1765 2336 1978 2374 praetermitt0:
1998 2336 2075 2367 bella
2088 2346 2161 2367 cuin

1203 2377 1303 2409 sociis,
1316 2376 1532 2417 Fregellanum,
1545 2375 1720 2406 Marsicum:
1737 2376 1846 2416 quibus
1857 2377 2002 2407 omnibus
2013 2377 2162 2409 domesti-

1203 2419 1245 2447 cis
1254 2437 1263 2451 ,
1284 2418 1475 2458 externisque
1493 2417 1580 2447 bellis
1599 2420 1695 2457 Capua
1714 2427 1777 2447 non
1792 2416 1887 2447 modo
1898 2428 1961 2448 non
1973 2418 2089 2453 obfuit,
2110 2419 2161 2451 sed

1203 2459 1457 2500 opportunffimam
1477 2460 1506 2489 se
1525 2458 1615 2488 nobis
1634 2459 1759 2498 praebuit
1779 2459 1811 2488 &
1828 2459 1863 2488 ad
1882 2459 1996 2490 bellum
2011 2460 2162 2491 instruen-

1204 2506 1277 2530 dum
1289 2521 1297 2534 ,
1317 2502 1349 2530 &
1364 2500 1398 2530 ad
1409 2502 1556 2530 exercitus
1567 2501 1717 2531 ornandos
1729 2521 1737 2534 ,
1758 2501 1791 2530 &
1803 2500 1889 2530 tectis
1900 2521 1908 2535 ,
1928 2512 1961 2532 ac
1972 2502 2090 2532 sedibus
2101 2504 2161 2533 suis

1205 2543 1401 2583 recipiendos.
1426 2544 1578 2573 Homines
1589 2553 1654 2572 non
1665 2544 1780 2572 inerant
1789 2544 1823 2572 in
1833 2543 1904 2573 urbe
1917 2563 1926 2577 ‚
1945 2545 1998 2584 qui
2008 2545 2088 2574 maris
2097 2555 2162 2574 con-

2023 2585 2159 2621 ct'onibus,

1205 2649 1341 2679 siz-pinciis,
1351 2651 1478 2681 Cape-nmis
1489 2668 1496 2680 ‚
1507 2649 1620 2680 Stellatis,
1632 2649 1730 2675 vetuste
1739 2649 1825 2675 dicatu
1831 2649 1926 2685 1·‚quod
1939 2649 2020 2685 vulgo
2030 2650 2056 2677 'm
2066 2659 2094 2675 a!
2104 2649 2163 2677 fere

1206 2684 1378 2711 terminamus
1392 2704 1399 2716 ,
1410 2692 1439 2710 ut
1450 2684 1563 2711 ostendit
1575 2685 1642 2710 libro
1656 2694 1695 2710 iv,
1707 2684 1862 2711 Priscianus.

1241 2720 1268 2745 6.
1292 2725 1355 2746 'Tum
1364 2722 1423 2746 illud
1430 2724 1554 2754 Campanae
1562 2723 1674 2746 vexillum
1684 2721 1795 2755 colunne]
1820 2721 1934 2748 Minime
1946 2721 2110 2748 excludenda
2120 2721 2162 2747 vi-

1205 2754 1315 2782 debatui·
1325 2756 1379 2782 liaec
1389 2766 1439 2783 vox
1452 2758 1466 2782 a
1478 2756 1634 2782 Lauredano
1644 2764 1713 2783 nuta.
1734 2758 1821 2792 inepte
1833 2758 1902 2783 enim
1921 2757 1980 2783 aliae
1999 2756 2078 2784 editt.
2095 2757 2162 2784 item

1206 2791 1299 2827 scripta
1311 2812 1319 2824 ,
1336 2795 1431 2819 c.·<1':'.¹'um
1446 2795 1568 2824 Campana
1585 2796 1680 2819 colonie.
1701 2792 1772 2829 quod
1784 2801 1870 2820 tamen
1880 2793 1974 2830 probat
1985 2793 2094 2819 Fulvius
2105 2794 2164 2820 Ur-

1208 2828 1285 2855 siniiS.

1242 2872 1269 2897 7.
1288 2867 1411 2890 Imminere
1419 2865 1660 2899 iraftuflnoſsffimm]
1681 2865 1807 2896 conjecit
1817 2865 1883 2891 Ant.
1895 2864 2057 2899 Augustinus
2071 2883 2078 2895 ,
2097 2867 2162 2892 imm.

1205 2902 1289 2931 Italia,
1301 2901 1408 2934 &frum
1419 2900 1489 2936 quod
1499 2899 1601 2926 admisit
1611 2901 1698 2926 statim
1708 2900 1863 2927 Lambinus.
1882 2900 1990 2936 putabat
2000 2900 2162 2927 Gulielmius

1207 2935 1400 2962 resti-ibendum
1412 2937 1499 2973 potius
1510 2937 1708 2969 Imm.fi!1.‘ftu(l.

1245 2972 1271 2998 8.
1291 2974 1413 3005 Qantum
1430 2974 1582 2998 inter-vallum
1592 2973 1625 3004 fit
1642 2973 1789 3006 inrerjeHum
1805 2974 1869 2998 inter
1887 2974 1999 3006 majorum
2012 2973 2081 3005 nostr.
2093 2972 2163 3006 cumfi-

1207 3008 1288 3041 lium.]
1301 3008 1447 3035 Suffecisset
1459 3027 1467 3041 ,
1486 3009 1638 3043 quantumfit
1645 3011 1708 3033 inter
1717 3010 1831 3041 majorum
1843 3027 1850 3039 ‚
1860 3009 1912 3039 <ly-c.
1931 3007 2040 3042 abje&is
2056 3008 2164 3036 vocibus

1207 3044 1264 3070 aliis
1275 3043 1329 3070 illis
1339 3044 1447 3070 duabus.

1243 3088 1272 3115 9.
1290 3082 1390 3105 Dcvitfla
1399 3087 1469 3114 atque
1479 3087 1550 3113 capra
1558 3079 1618 3114 effi]
1638 3079 1729 3114 Negat
1740 3078 1922 3115 hocJosepbus
1934 3079 2050 3115 Scaliger
2061 3098 2071 3111 ,
2089 3087 2164 3107 com-

1209 3116 1345 3142 menturiis
1356 3115 1388 3142 ad
1401 3115 1540 3142 Eusebium
1552 3126 1558 3142 ι
1570 3115 1616 3150 qni
1626 3115 1786 3141 consulatur.

1249 3160 1291 3179 10.
1301 3151 1554 3186 Karthaginiensium]
1566 3150 1748 3183 Lauredanus,
1758 3150 2163 3186 KarthaginIenfi111.ingeniose.

2035 3195 2060 3214 1.
2079 3189 2163 3219 Capua
