2337 3400
96 386 132 410 11

103 1499 142 1533 ¹3

109 2307 154 2339 14

155 114 248 162 886
560 104 1076 153 M.Tu1..1„11

153 205 233 227 mus,
248 192 411 229 imaginem
424 187 562 219 Tironis,
571 193 663 223 quem
672 192 787 224 aegrum
798 184 933 212 Romam
945 177 1055 210 remisi:
1066 178 1111 212 Sc,

154 244 174 274 si
196 243 266 283 quid
288 225 375 269 habet
389 237 479 268 collis
501 220 674 268 ἐπιδήμιον
686 250 695 264 ,
714 230 750 261 ad
765 240 814 261 me
838 234 846 249 ¹
861 238 932 259 cum
947 228 1113 259 Tisameno

155 284 375 316 transferamus.
400 287 460 308 tota
469 277 580 307 domus
590 274 814 315 superiorvacat
826 292 834 306 ‚
851 271 957 302 utsci's.
976 270 1116 311 hocputo

155 326 239 356 vaide
250 323 284 353 ad
294 332 356 352 rein
369 321 528 361 pertinere.

393 362 588 392 CICERO
610 359 826 390 ATTICO,
847 359 874 387 S.

269 409 341 436 ALE
352 405 388 434 de
398 405 479 439 Seio.
493 402 542 433 sed
556 412 628 431 OMN
638 412 647 431 i
656 411 676 430 A
687 403 820 431 humana
831 397 997 429 tolerabilia
1007 396 1119 427 ducen-

156 407 313 485 Mda.
334 445 387 487 ipsi
409 441 493 476 enim
512 444 584 485 quid
597 444 721 473 sumus?
739 441 889 483 autquam
900 440 954 471 diu
964 441 1026 470 haec
1036 449 1120 469 cura-

154 493 213 522 turi
224 491 348 521 sumus?
372 499 404 519 ea
414 488 531 518 videam
538 497 583 519 us,
596 496 661 526 quae
672 485 707 515 ad
719 494 774 515 nos
786 492 881 525 magis
891 485 1052 523 pertinent,
1065 491 1121 528 nec

156 543 258 564 tamen
284 533 383 561 multo
399 543 408 565 ·‚
429 530 503 571 quid
526 538 648 569 agamus
668 527 704 557 dc
727 530 846 557 Senatu.
870 529 908 556 Et
924 545 933 559 ,
954 534 986 555 ut
999 534 1037 554 ne
1047 522 1120 565 quid

155 576 382 616 pra-terminum
394 594 402 606 ‚
420 570 618 603 Caesouiusad
631 580 679 600 me
692 570 802 599 litteras
813 566 912 601 misit,
934 565 1121 610 Postumiam

156 618 282 656 Sulpicii
302 616 432 646 domum
455 614 491 644 ad
516 614 543 643 se
562 611 687 642 venisse.
713 614 761 641 De
785 611 923 650 Pompeji
933 610 1037 650 Magni
1050 609 1121 641 iilia,

158 660 211 690 tibi
224 656 353 697 rescripsi
365 677 372 690 ,
387 657 465 687 nihil
482 665 530 685 me
545 656 601 685 hoc
611 663 747 694 tempore
760 655 898 693 cogitare.
917 652 1038 695 alteram
1049 660 1122 680 vero

159 701 244 730 illam
258 721 264 733 ‚
276 709 365 741 quam
379 709 411 729 tu
424 699 536 730 scribis,
548 707 621 737 puto
633 695 723 726 nosti.
743 695 822 725 nihil
831 696 917 725 enim
928 693 991 724 vidi
1000 692 1124 723 toedius.

159 744 209 773 scd
222 743 336 772 adsum.
358 751 458 771 coram
472 742 569 781 igitur.

252 788 266 804 ²
287 780 597 825 obsignataepistola‚
621 781 720 820 accepi
732 789 806 810 ruas.
830 779 935 809 Atticae
945 777 1124 808 hilaritatem
1143 802 1145 807 .

158 833 386 863 libenteraudio
399 842 404 860 t
415 830 686 862 commotiunculis
702 822 899 868 συμπάνχω.

389 875 584 904 CICERO
617 871 836 904 ATTICO,
861 872 888 901 S.

254 919 277 947 E
294 916 383 950 dote,
407 925 489 946 tanto
510 917 603 955 magis
621 922 771 954 perpurga.
793 912 877 942 Balbi
896 913 975 954 regia
984 911 1122 943 conditio
1142 931 1144 939 .

253 959 296 989 est
318 958 484 999 delegandi.
508 966 633 997 quoquo
659 958 754 985 modo
764 953 891 985 confice.
913 963 996 995 turpe
1007 955 1121 983 estrem

158 1001 337 1041 impeditam
361 1002 461 1037 jacere.
493 998 594 1029 Insula
620 1000 747 1038 Arpinas
767 997 875 1027 habere
894 995 990 1037 potest
1007 1006 1123 1036 germa-

159 1061 232 1081 nam
252 1041 420 1077 λ’πτθὲωστν
438 1055 443 1077 ;
469 1052 480 1075 3
500 1048 548 1078 sed
568 1057 674 1077 vereor
684 1057 722 1076 ne
735 1049 886 1077 minorem
901 1035 1002 1082 πμᾶύ
1015 1046 1122 1076 habere

158 1100 305 1130 videatur.
346 1103 364 1125 4
382 1089 616 1137 tn7g9'mtpc&
636 1094 689 1126 est.
713 1097 804 1138 igitur
821 1097 942 1126 animus
962 1097 993 1125 in
1017 1096 1121 1125 hortis:

160 1152 235 1183 quos
248 1151 349 1172 tamen
362 1140 531 1180 inspiciam,
544 1138 615 1169 cum
626 1148 747 1168 venero.
772 1141 820 1168 De
828 1139 971 1177 Epicuro,
984 1146 1016 1167 ut
1026 1137 1122 1169 voles,

159 1190 210 1221 etsi
228 1182 491 1228 ,ιιεθαιρμςῖζομοᾳ
505 1190 536 1217 in
554 1186 707 1228 posterum
729 1172 824 1227 {genus
842 1188 899 1216 hoc
917 1186 1121 1226 pei-sonarum.

160 1232 339 1263 incredibile
358 1230 419 1264 est,
441 1230 533 1272 quam
554 1230 744 1270 ea5quidam
756 1230 916 1270 requirant.
938 1228 973 1258 ad
983 1228 1122 1268 ¹antiquos

159 1285 265 1323 igitur:
287 1276 476 1318 οίνεμὲσᾙπν
496 1267 568 1316 :taso-
587 1279 667 1309 nihil
681 1279 774 1309 habeo
788 1299 796 1310 ,
818 1278 853 1308 ad
866 1287 893 1307 te
905 1277 989 1318 quod
999 1278 1122 1317 perscri-

159 1325 249 1354 bam:
269 1322 318 1353 sed
337 1333 439 1353 tamen
450 1321 565 1352 institui
576 1321 714 1363 quotidie
723 1323 862 1353 mittere,
885 1329 917 1349 ut
928 1321 1047 1349 eliciam
1059 1328 1121 1349 tuas

159 1367 272 1396 litteras
291 1377 299 1399 3
318 1375 382 1395 non
404 1374 467 1405 quo
485 1365 599 1405 aliquid
619 1373 657 1393 ex
677 1364 723 1393 his
741 1361 913 1402 exspectem
928 1373 937 1395 ·,
954 1361 1002 1391 sed
1020 1362 1120 1391 nescio

160 1419 221 1450 quo
243 1407 337 1437 modo
360 1417 460 1437 tamen
479 1405 630 1446 exspeEko.
653 1415 744 1446 quare
765 1404 824 1435 sive
847 1404 935 1434 habes
946 1403 1039 1445 quid,
1060 1402 1119 1435 sive

161 1451 239 1481 nihil
250 1449 351 1483 habes,
363 1449 455 1480 scribe
468 1457 569 1478 tamen
579 1449 703 1488 aliquid,
715 1457 802 1488 teque
811 1456 889 1477 cura.
1054 1451 1056 1453 ’

390 1492 582 1522 CICERO
613 1491 830 1522 ATTICO,
863 1491 892 1519 S.

169 1533 422 1610 Cosintovpr
440 1542 490 1562 me
512 1535 628 1565 Attica;
642 1530 698 1561 etfi
719 1530 861 1561 assentior
880 1533 1008 1561 Cratero.
1041 1531 1123 1561 Bruti

255 1577 358 1606 litter-x:
369 1595 378 1608 ,
390 1575 505 1614 scripta:
517 1575 549 1604 ὃς
559 1574 741 1614 prudenter,
755 1573 788 1602 &
798 1573 893 1603 amice
907 1591 915 1606 ,
926 1574 1036 1603 multas
1046 1574 1123 1602 mihi

164 1626 267 1647 tamen
285 1618 420 1648 lacrimas
441 1617 614 1646 attulerunt.
639 1617 689 1645 Me
701 1615 888 1654 haecsolitudo
901 1614 1005 1644 minsis
1017 1614 1123 1645 stimu-

165 1659 205 1689 lat
223 1679 231 1692 ,
255 1660 346 1699 quam
364 1657 417 1688 ista
433 1656 584 1687 celebritas.
609 1666 637 1686 te
656 1666 751 1687 unum
771 1655 926 1691 desidero5
947 1656 997 1686 sed
1015 1657 1122 1687 litteris

163 1710 228 1730 non
248 1699 405 1731 difficilius
424 1709 512 1733 utor,
537 1699 627 1740 quam
648 1698 668 1728 si
686 1699 773 1729 domi
791 1697 900 1729 essem:
924 1699 1011 1729 ardor
1022 1708 1123 1729 tamen

161 1741 177 1762 ⁶
187 1743 238 1772 ille
251 1743 332 1772 idem
343 1751 427 1782 urget
436 1742 468 1772 &
479 1751 598 1775 manet,
622 1751 686 1771 non
696 1742 866 1770 mehercule
877 1740 1051 1780 indulgente
1062 1750 1122 1774 me,

164 1789 179 1813 7
198 1784 247 1814 sed
269 1794 370 1814 tamen
391 1794 454 1814 non
474 1792 668 1823 repugnante.
693 1783 783 1823 Qod
802 1782 902 1812 scribis
921 1782 957 1813 de
981 1784 1120 1823 Apuleio,

164 1827 243 1856 nihil
266 1836 339 1866 puto
349 1835 424 1866 opus
438 1823 552 1855 effetua
561 1827 760 1855 contentione
772 1844 781 1858 ,
800 1834 855 1853 nec
864 1824 997 1855 Balbo&
1009 1827 1121 1864 Oppi03

164 1868 274 1908 quibus
285 1868 409 1909 quidem
421 1867 472 1896 ille
482 1875 628 1906 receperat
644 1886 651 1899 ‚
665 1867 902 1906 mihiqueetiam
915 1866 1034 1905 jufferat
1044 1876 1124 1896 nun-
1144 1858 1145 1868 ¹

166 1911 231 1940 tiari
251 1930 260 1944 ,
281 1911 309 1941 se
331 1908 495 1940 molestum
514 1910 646 1939 omnino
666 1918 729 1938 non
751 1908 898 1938 futurum.
924 1909 972 1939 sed
994 1918 1125 1942 cura‚ut
1147 1928 1148 1932 =

165 1953 291 1983 excuser
315 1952 416 1983 morbi
437 1951 521 1982 causa
534 1953 566 1981 in
577 1950 640 1981 dies
651 1949 793 1991 singulos.
816 1951 922 1980 Laenas
935 1952 993 1982 hoc
1004 1961 1123 1992 recepe-

165 2004 219 2025 rat.
239 1995 352 2034 prende
369 1997 402 2024 C.
421 1996 602 2034 Septimium
613 2012 621 2026 ,
645 1995 670 2023 L
696 1993 861 2023 Statilium.
881 1992 1012 2034 denique
1032 2004 1126 2024 nemo

163 2037 285 2078 negabit
301 2039 330 2067 se
348 2038 532 2075 juiaturum,
554 2045 646 2076 quem
665 2037 787 2075 rogaris.
810 2035 893 2075 quod
917 2034 1125 2070 sieritdurius,

166 2081 300 2113 veniam,
314 2079 346 2109 &
356 2079 588 2120 ipseper-petuam
597 2076 724 2107 morbum
734 2077 848 2115 jurabo.
868 2077 940 2108 cum
949 2080 1032 2108 enim
1048 2075 1125 2108 milii

165 2121 329 2151 carendum
350 2119 382 2150 sit
392 2122 543 2150 conviviis
554 2139 562 2153 ,
580 2121 662 2149 malo
673 2120 703 2149 id
718 2119 781 2161 lege
796 2118 891 2149 videri
901 2119 1011 2155 facere,
1031 2121 1124 2162 quam

165 2162 281 2193 dolore.
306 2164 467 2198 Cocceium
480 2162 572 2191 velim
583 2161 722 2202 appelles.
740 2160 820 2201 quod
832 2163 916 2191 enim
926 2162 1051 2196 dixerat,
1063 2173 1127 2193 nor:

167 2203 246 2235 facit.
271 2214 326 2244 ego
337 2214 436 2234 autem
448 2205 520 2234 volo
529 2203 650 2244 aliquod
665 2213 765 2234 emere
779 2197 793 2222 3
804 2201 969 2240 latiburum,
983 2204 1016 2235 δε
1025 2204 1126 2245 perfu-

164 2248 253 2288 gium
261 2246 375 2276 doloris
386 2247 458 2275 mei.

399 2295 589 2324 CICERO
620 2294 835 2326 ATTICO,
866 2296 895 2324 8.

169 2341 287 2419 DE
301 2352 351 2373 me
358 2343 529 2374 excusando
538 2343 615 2384 apud
626 2344 790 2383 Apulejum
802 2344 939 2375 dederam
951 2345 986 2376 ad
995 2355 1023 2377 te
1033 2346 1128 2386 pridie

262 2385 380 2416 litteras.
405 2386 483 2415 nihil
494 2384 551 2416 effe
565 2387 678 2426 negotii
689 2386 826 2416 arbiror.
840 2396 1066 2429 quemcumque
1074 2398 1125 2429 ap—

167 2427 287 2466 pellaris
296 2447 305 2461 ,
318 2437 412 2458 nemo
422 2427 554 2468 negabit.
573 2427 619 2457 sed
629 2428 811 2466 Septimium
823 2429 903 2462 vide,
916 2428 948 2459 &
959 2432 1124 2463 Laenatem,

168 2468 202 2498 &
211 2470 375 2499 Statilium.
397 2468 490 2499 tribus
500 2471 584 2499 enim
596 2479 671 2509 opus
682 2468 733 2499 est.
759 2470 805 2499 sed
818 2471 894 2500 inihi
905 2472 1009 2501 Laenas
1021 2481 1120 2502 totum

166 2520 323 2550 receperat.
347 2511 438 2553 Qod
458 2511 561 2542 scribis
583 2512 598 2542 a
614 2512 710 2552 Junio
730 2520 758 2541 te
769 2513 949 2551 appellatum
963 2524 968 2542 :
990 2516 1123 2544 omnino

168 2551 349 2584 Cornificius
364 2553 501 2594 locuples
518 2553 578 2584 est:
600 2554 649 2584 sed
671 2562 771 2583 tamen
782 2554 852 2585 scire
862 2555 956 2586 velim
969 2576 978 2589 ‚
1002 2556 1124 2597 quando

1592 0 1605 9 x

1156 100 1704 151 C1-cznoriis

1151 179 1231 227 dicar
1253 179 1444 228 spopondiss‘e
1454 201 1463 215 ,
1484 181 1517 212 δε
1525 192 1579 222 pro
1588 193 1668 224 pati-e
1678 204 1687 219 ,
1698 194 1735 216 an
1745 194 1784 216 ne
1794 194 1848 225 pro
1859 185 1924 218 filio
1935 195 1942 216 τ
1961 195 2060 228 neque
2071 188 2114 218 eb

1152 231 1256 252 minus
1268 241 1277 255 ,
1296 231 1328 252 ut
1352 222 1473 269 scribis,
1492 232 1694 264 procuratores
1706 227 1861 259 Cornificii
1877 249 1886 263 ,
1907 229 1940 260 ὃς
1952 229 2117 270 Apuiejum

1151 263 1359 305 praediatorem
1385 263 1512 295 videbis.
1535 268 1626 308 Qod
1647 279 1699 299 me
1718 270 1755 300 ab
1776 271 1835 302 hoc
1854 281 1985 302 moerore
1995 272 2118 302 recreari

1152 308 1199 336 vis
1211 318 1220 341 3
1241 304 1326 340 facis,
1335 314 1368 336 ut
1377 310 1483 337 omnia
1497 318 1503 336 :
1522 307 1570 338 sed
1582 329 1590 342 ‚
1603 319 1653 340 me
1664 312 1741 342 mihi
1756 321 1820 343 non
1830 312 1957 344 defuiss'e
1972 334 1981 348 ,
1996 322 2028 344 tu
2037 311 2121 344 testis

1155 358 1196 378 es.
1220 349 1299 378 nihil
1309 350 1394 378 enim
1408 348 1446 378 de
1457 358 1589 380 moerore
1599 353 1771 383 minuendo
1784 355 1924 395 scriptum
1935 356 1971 386 ab
1985 355 2050 386 ullo
2062 353 2117 388 est-

1156 389 1239 431 quod
1259 400 1315 431 ego
1337 400 1402 421 non
1413 390 1500 421 domi
1512 400 1568 422 tuae
1579 392 1715 434 legerim.
1739 396 1788 426 sed
1799 407 1925 427 omnem
1935 397 2125 427 consolatio-

1158 443 1229 462 nem
1238 434 1333 463 vincit
1342 432 1440 463 dolor.
1466 435 1540 474 quin
1553 435 1644 465 etiam
1657 434 1713 466 feci
1724 456 1732 467 ,
1757 438 1838 478 quod
1849 439 1986 479 profecit&
1995 448 2061 470 ante
2073 449 2125 469 me

1159 485 1234 504 nemo
1247 494 1254 508 ,
1278 475 1380 515 utipse
1402 484 1452 505 me
1472 485 1524 515 per
1534 475 1645 507 litteras
1653 478 1833 509 consolarer.
1855 491 1946 521 quem
1962 481 2074 511 librum
2087 479 2124 511 ad

1159 525 1187 547 te
1206 519 1326 547 mittam
1339 538 1347 549 ,
1371 515 1390 546 si
1409 517 1616 558 descripserint
1635 519 1759 550 librarii.
1791 519 1910 552 affirmo
1932 523 1988 553 tibi
2007 523 2125 554 nuliam

1142 579 1143 592 ,
1158 559 1402 589 consolationem
1415 557 1472 589 effe
1481 560 1583 590 talem.
1609 570 1688 592 toros
1699 561 1764 592 dics
1774 562 1886 597 scribo,
1912 574 1975 594 non
1985 575 2046 605 quo
2057 575 2128 604 pro-

1162 600 1260 632 ficiam
1283 601 1377 642 quid,
1397 601 1445 632 sed
1466 602 1606 642 tantisper
1624 604 1796 643 impedior,
1816 614 1881 635 non
1891 606 2030 646 equid-:m
2044 607 2124 640 satis,

1160 643 1226 682 (vis
1236 646 1319 673 enim
1332 652 1414 685 urget
1424 645 1433 683 )
1445 644 1492 674 sed
1504 644 1619 675 relaxor
1629 654 1741 680 tamem
1752 650 1767 672 9
1779 648 1943 687 omniaque
1956 649 2047 682 nitor,
2060 658 2125 679 non

1161 686 1194 715 ad
1206 687 1343 716 animum
1357 706 1365 719 ,
1379 685 1427 716 scd
1437 686 1471 716 ad
1481 686 1600 717 vultum
1611 688 1709 727 ipsum
1721 708 1729 721 ‚
1741 686 1760 717 fi
1770 698 1891 729 queam,
1909 687 2121 723 reficiendum„

1142 742 1145 765 1
1162 728 1254 768 idque
1271 727 1401 760 faciens,
1425 727 1581 758 interdum
1600 731 1678 759 mihi
1698 739 1817 770 peccare
1827 730 1952 764 videor,
1973 731 2127 762 interdum

1161 780 1333 810 peccaturus
1343 768 1399 799 ess'e
1413 789 1420 801 ‚
1435 769 1490 800 nisi
1510 769 1625 801 faciam.
1643 771 1767 811 sbl'itudo
1782 772 1897 812 aliquid
1912 773 2033 809 adiuvat
2045 793 2053 806 ,
2076 773 2126 803 sed

1143 809 1145 822 ¹
1165 813 1263 842 multo
1279 812 1344 852 plus
1355 810 1525 852 proficeret,
1538 811 1558 843 fi
1570 822 1713 844 tutamen
1726 813 1877 844 interesses
1890 825 1895 843 1
1906 825 1971 855 qua:
1982 815 2058 843 mihi
2069 824 2129 845 una

1163 855 1245 884 causa
1256 853 1297 884 est
1313 855 1382 885 hinc
1394 854 1576 884 discedendi.
1597 865 1667 886 nam
1683 876 1691 888 ‚
1711 866 1766 895 pro
1778 857 1866 886 malis
1880 877 1887 889 ‚
1908 855 1987 886 reste
2000 856 2126 887 habebat

1142 902 1144 913 '
1163 906 1347 937 quamquam
1369 896 1468 936 ipsum
1486 896 1588 927 doleo.
1609 907 1672 927 non
1691 900 1776 928 enirn
1792 899 1896 937 jamin
1909 898 2047 928 meidem
2069 896 2128 928 esse

1163 940 1284 979 poteris.
1308 939 1462 979 perierunt
1472 939 1522 969 illa
1533 959 1541 973 ,
1554 949 1618 980 quae
1630 939 1758 970 amabas.
1782 942 1831 970 De
1841 942 1923 970 Bruti
1936 940 1970 970 ad
1986 949 2035 970 me
2048 940 2130 970 litte-

1163 982 1203 1011 ris
1215 978 1309 1021 scripsi
1322 979 1356 1010 ad
1366 990 1394 1010 te
1404 990 1490 1010 antea
1503 981 1680 1021 :prudenter
1691 982 1803 1022 script-sc
1819 982 1885 1012 :sed
1899 982 1995 1014 nihil,
2005 991 2066 1022 quo
2078 991 2130 1012 me

1162 1023 1344 1062 adjuvarent.
1367 1023 1448 1062 quod
1468 1022 1503 1052 ad
1514 1032 1542 1052 te
1556 1022 1666 1062 scripfit
1678 1043 1686 1056 ‚
1706 1024 1736 1053 id
1745 1024 1855 1054 vellem
1868 1044 1876 1057 ,
1896 1033 1929 1054 ut
1940 1024 1999 1063 ipse
2010 1023 2130 1054 adesset:

1142 1083 1143 1086 =
1162 1065 1239 1094 certe
1252 1064 1376 1105 aliquid,
1389 1066 1537 1104 quoniam
1547 1074 1666 1094 metam
1676 1065 1761 1095 valde
1774 1075 1862 1099 amat,
1874 1066 2033 1103 adiuvaret.
2045 1065 2128 1106 quod

1164 1105 1183 1135 si
1195 1106 1267 1146 quid
1280 1106 1350 1136 scies
1362 1125 1369 1138 ,
1390 1106 1496 1135 scribas
1506 1106 1541 1135 ad
1557 1115 1606 1135 me
1617 1107 1711 1136 velim
1723 1127 1731 1140 ,
1744 1108 1879 1137 maxime
1893 1117 1991 1138 autem
2004 1128 2011 1140 ‚
2037 1108 2128 1138 Pansa

1141 1170 1143 1175 .
1163 1147 1292 1188 quando.
1317 1149 1364 1177 De
1377 1149 1485 1180 Attica,
1499 1147 1590 1177 doleo
1605 1158 1609 1176 :
1622 1147 1710 1178 credo
1722 1157 1822 1178 tamen
1833 1152 1963 1180 Cratero.
1974 1152 2007 1168 ¹0
2017 1150 2127 1180 Piliam

1163 1190 1231 1231 angi
1241 1198 1307 1220 veta
1321 1200 1326 1218 ;
1339 1189 1405 1219 satis
1416 1189 1523 1219 solitus
1534 1199 1564 1220 es
1574 1198 1701 1220 moerere
1715 1199 1770 1230 pro
1779 1189 1915 1219 omnibus.

1403 1250 1594 1279 CICERO
1617 1251 1839 1282 ATTICO,
1863 1252 1891 1280 S.

1167 1300 1324 1378 APUD
1335 1300 1659 1342 Apuleium‚quoniam
1674 1303 1707 1331 in
1721 1310 1898 1342 perpetuum
1910 1311 1974 1332 non
1984 1302 2128 1343 placet‚in

1255 1343 1318 1373 dies
1329 1353 1361 1373 ut
1371 1344 1494 1374 excuser
1504 1363 1513 1377 ,
1535 1343 1663 1374 videbis.
1683 1345 1715 1373 in
1727 1345 1780 1374 hac
1790 1343 1954 1374 solitudine
1962 1355 2046 1375 careo
2055 1355 2128 1375 om-

1165 1386 1251 1415 nium
1264 1386 1422 1426 colloquio
1434 1397 1442 1420 3
1462 1395 1593 1426 cumque
1603 1395 1692 1416 mane
1703 1395 1752 1415 me
1763 1388 1795 1415 in
1807 1384 1909 1416 silvam
1921 1385 2040 1417 abstrusi
2050 1387 2128 1417 den-

1164 1427 1224 1457 sam
1240 1426 1272 1456 &
1282 1428 1425 1468 asperam,
1442 1437 1507 1458 non
1517 1437 1593 1458 exeo
1603 1428 1674 1458 inde
1684 1437 1753 1458 ante
1763 1428 1933 1468 vesperum.
1959 1429 2125 1460 secundum

1163 1478 1191 1500 te
1203 1488 1210 1503 ‚
1224 1470 1304 1499 nihil
1314 1469 1355 1500 est
1365 1471 1444 1500 mihi
1453 1472 1579 1500 amicius
1589 1469 1760 1500 solitudine.
1782 1472 1814 1500 in
1824 1480 1856 1500 ea
1867 1471 1944 1500 mihi
1954 1473 2058 1501 omnis
2067 1471 2127 1502 ser-

1165 1521 1218 1541 mo
1237 1510 1280 1541 est
1298 1521 1368 1541 cum
1378 1511 1490 1541 litteris.
1510 1521 1580 1542 eum
1592 1521 1692 1542 tamen
1709 1512 1878 1552 interpellat
1893 1511 1981 1542 fletus
1993 1523 1999 1542 :
2021 1514 2071 1544 cui
2081 1522 2129 1543 re—

1164 1563 1280 1594 pugno,
1293 1553 1390 1594 quoad
1401 1552 1517 1593 possum
1525 1574 1532 1582 .
1553 1553 1601 1583 sed
1612 1555 1710 1584 adhuc
1721 1563 1802 1594 pares
1812 1564 1876 1584 non
1885 1554 1999 1584 sumus.
2023 1557 2127 1589 Brth

1166 1604 1200 1668 gt
1209 1595 1322 1668 ίὶιὲἀξε,
1333 1595 1504 1626 rescribam.
1527 1605 1574 1626 eas
1585 1595 1696 1626 litteras
1705 1605 1766 1625 cras
1777 1595 1910 1626 habebis.
1927 1595 1999 1626 cum
2011 1599 2065 1628 erit
2075 1598 2127 1627 cui

1188 1647 1231 1672 es,
1263 1647 1277 1668 a
1301 1647 1337 1667 is.

1396 1695 1593 1725 «CICERO
1614 1693 1876 1728 ATT1C0,'S.

1262 1744 1287 1773 E
1296 1762 1308 1775 ,
1332 1743 1391 1772 tuis
1400 1745 1530 1784 negotiis
1540 1742 1664 1777 reliffis,
1677 1744 1751 1774 nolo
1761 1743 1859 1773 adme
1869 1743 1972 1773 venire
1983 1753 2057 1784 :ego
2087 1753 2123 1774 o·-

1264 1784 1322 1814 tius
1333 1783 1506 1818 accedam3si
1515 1784 1628 1814 diutius
1638 1785 1812 1824 impediere.
1827 1783 1878 1814 etsi
1889 1794 1927 1814 ne
1935 1784 2048 1814 disceffi
2092 1789 2126 1816 m

1164 1825 1289 1867 quidem
1301 1825 1317 1855 ὲ
1326 1825 1488 1865 conspeElni
1499 1825 1623 1860 tu0,nifi
1633 1837 1682 1857 me
1692 1826 1781 1867 plane
1791 1826 1869 1856 nihil
1879 1826 1940 1856 ulla
1948 1836 1994 1856 res
2006 1826 2129 1867 adjuva-

1165 1876 1209 1898 ret
1224 1879 1232 1901 3
1252 1867 1334 1908 quod
1347 1866 1367 1897 fi
1379 1865 1581 1910 ess‘etaliquod
1591 1869 1729 1899 levamen
1741 1888 1749 1903 ,
1768 1868 1800 1898 id
1814 1866 1884 1898 esset
1893 1869 1927 1898 in
1942 1877 1970 1898 te
1982 1878 2061 1898 uno:
2081 1869 2126 1904 &,

1167 1909 1238 1939 cum
1264 1913 1399 1950 primum
1412 1910 1448 1940 ab
1458 1910 1561 1952 aliquo
1569 1913 1679 1951 poterit
1687 1909 1746 1941 esse
1756 1931 1764 1945 ‚
1784 1910 1800 1941 a
1809 1919 1837 1940 te
1848 1912 1912 1941 erit.
1932 1920 2015 1940 nunc
2025 1919 2128 1942 tamen

1164 1952 1264 1993 ipsum
1275 1950 1335 1982 fine
1346 1960 1374 1982 tc
1383 1950 1441 1982 effe
1451 1962 1516 1983 non
1526 1951 1654 1994 pofl'um.
1662 1953 1710 1984 sed
1723 1963 1778 1983 nec
1788 1962 1845 1983 tuae
1854 1952 1942 1983 domi
1952 1956 1977 1972 ¹¹
1981 1953 2131 1993 probaba-

1146 2018 1148 2028 ,
1166 2003 1224 2028 tur,
1236 2004 1291 2025 nec
1301 2004 1376 2024 meae
1389 2004 1526 2035 poteram
1541 2005 1612 2026 :nec
1622 1994 1640 2025 si
1649 1997 1772 2036 propius
1782 1993 1874 2026 effern
1886 1995 2011 2035 uspiam,
2026 2003 2128 2026 tecum

1168 2046 1270 2067 tamen
1281 2034 1383 2067 essem.
1407 2036 1489 2067 idem
1500 2040 1583 2068 enim
1596 2047 1625 2068 te
1634 2038 1805 2078 impediret,
1815 2047 1877 2079 quo
1890 2039 1993 2067 minus
2004 2046 2129 2068 mecum

1167 2077 1240 2110 effes
1252 2099 1260 2113 ‚
1278 2079 1361 2119 quod
1383 2089 1465 2109 nunc
1482 2082 1572 2111 etiam
1593 2080 1731 2120 impedit.
1761 2081 1840 2110 mihi
1851 2079 1947 2110 adhuc
1959 2079 2038 2109 nihil
2046 2080 2130 2120 prius

1169 2120 1226 2151 fuit
1249 2123 1301 2151 hac
1312 2120 1484 2161 fhlitudine:
1504 2131 1595 2162 quam
1614 2132 1719 2152 vereor
1731 2132 1768 2152 ne
1785 2122 1941 2162 Philippus
1953 2121 2045 2151 tollat.
2065 2121 2130 2150 heri

1170 2165 1254 2193 enim
1277 2163 1392 2202 vesperi
1424 2173 1555 2195 venerat.
1579 2166 1632 2194 Me
1641 2164 1763 2205 scriptio
1775 2163 1808 2195 &
1821 2164 1925 2194 litterae
1934 2172 1999 2193 non
2009 2163 2128 2194 leniunt

1169 2205 1218 2236 sed
1229 2205 1401 2236 obturbant.

1408 2264 1594 2293 CICERO
1616 2264 1833 2296 ATTICO,
1854 2264 1882 2293 S.

1174 2305 1464 2383 MARciANUs
1483 2309 1518 2340 ad
1530 2319 1580 2339 me
1589 2309 1718 2350 scripsit,
1740 2319 1790 2339 me
1800 2307 1973 2338 excusatum
1985 2304 2042 2337 ess‘e
2050 2305 2130 2347 apud

1285 2351 1448 2390 Apuleium
1458 2351 1474 2381 ὲ
1489 2349 1638 2382 Laterensi
1650 2371 1658 2385 ‚
1673 2351 1805 2384 Nasone,
1817 2352 1949 2383 Laenate,
1961 2352 2131 2390 Torquato,

1169 2390 1323 2424 Strabone.
1348 2393 1386 2422 iis
1406 2393 1499 2423 velim
1518 2403 1589 2423 meo
1599 2394 1727 2423 nomine
1738 2391 1902 2423 reddendas
1914 2392 2022 2421 litteras
2033 2401 2130 2426 cures,

1166 2441 1282 2473 gratum
1302 2435 1381 2464 mihi
1398 2444 1449 2464 eos
1468 2433 1579 2464 feciss‘e.
1602 2434 1693 2476 Qod
1704 2445 1760 2475 pro
1777 2432 1943 2464 Cornificio
1957 2443 2006 2463 me
2020 2433 2132 2464 abhinc

1167 2474 1298 2513 amplius
1321 2477 1407 2506 annis
1428 2486 1507 2506 xxv.
1527 2475 1717 2517 spopondisse
1734 2476 1809 2507 dicit
1823 2475 1960 2509 Flavius3
1982 2473 2033 2506 etsi
2057 2484 2126 2505 reus

1171 2516 1305 2555 locuples
1314 2516 1356 2547 est
1367 2537 1376 2551 ,
1400 2517 1432 2548 &
1444 2518 1594 2558 Apulejus
1602 2519 1904 2559 pradiatorliberali55
1921 2527 2024 2548 tamen
2032 2517 2130 2547 velim

1168 2556 1219 2587 des
1230 2567 1351 2599 operam
1363 2579 1372 2594 ,
1395 2569 1427 2591 ut
1442 2559 1604 2602 investiges
1612 2570 1650 2590 ex
1659 2561 1898 2601 consponsorum
1909 2560 2017 2591 tabulis
2026 2578 2036 2592 ‚
2048 2556 2080 2605 fit
2092 2567 2131 2588 ne

2065 2608 2105 2630 ita
2118 2609 2126 2629 :

207 2703 230 2721 ι.
251 2699 308 2722 Cum
318 2698 460 2731 Tisameno]
483 2696 590 2734 Scripsit
602 2717 610 2729 ,
629 2707 680 2724 cum
692 2699 808 2732 Tisameno
821 2717 829 2730 ‚
847 2698 938 2725 Bofitis
950 2706 979 2726 ut
990 2705 1125 2726 exaratum
1169 2702 1226 2729 mss.
1246 2701 1361 2728 restituit
1373 2702 1473 2729 Bonus.

168 2730 207 2756 iux
217 2733 271 2758 cuit
282 2733 306 2759 iu
319 2736 465 2760 Decurtato
477 2753 484 2765 ,
496 2733 615 2760 Tornaes.
630 2734 746 2761 (trust-ll.
768 2734 874 2762 sortasse
886 2735 1026 2771 legendum
1042 2736 1129 2772 inquit

171 2767 304 2794 Manutius
319 2789 326 2801 ‚
345 2771 555 2796 cuium-amimae
566 2790 574 2802 ,
587 2771 671 2797 Attici
683 2770 767 2798 servo.
789 2772 871 2806 vulgo
883 2781 940 2798 cuni
951 2773 1100 2803 ‘Il-stamento.

210 2812 236 2828 ε..
256 2807 377 2837 obfirmata
387 2808 441 2840 jam
450 2807 567 2840 epistola]
592 2807 625 2833 Et
636 2807 679 2833 liic
690 2807 754 2835 utin
768 2807 824 2835 mss.
836 2809 921 2836 i'alat.
931 2808 1063 2845 sequentis
1073 2809 1130 2845 epi-

171 2837 242 2865 stola·
254 2850 260 2874 i
273 2844 409 2877 i‘iucip‘iiun
422 2842 627 2877 statuitJuuius.

209 2883 232 2909 3.
254 2878 297 2900 Seii
313 2887 395 2902 <vercor
411 2887 440 2903 πε
458 2881 566 2904 minorem
575 2881 647 2910 τιμὴν
658 2881 742 2906 hahere
750 2881 891 2916 videntum]
915 2881 1020 2907 Horum
1036 2880 1129 2907 verbo-

171 2918 232 2937 rum
245 2911 376 2939 restitutio
386 2915 526 2940 Germanis
537 2923 642 2951 accepta
652 2915 760 2943 ferenda
771 2917 805 2944 est
818 2927 822 2943 ε
844 2917 870 2943 in
884 2917 997 2953 vulgatis
1009 2916 1113 2944 desunt.

205 2954 234 2979 4.
256 2947 431 2981 harumna&
450 2952 509 2983 eff.)
533 2952 562 2977 Iu
575 2952 780 2979 Tornael‘iauo&
794 2952 947 2979 Crusciiino
966 2960 1023 2980 erat
1036 2973 1043 2985 ,
1064 2956 1131 2980 ἐκτό-

138 3021 141 3024 .
163 2987 271 3014 -πημρι,
291 2984 317 3010 in
331 2985 474 3011 Occisi-tito
486 3006 493 3017 ,
505 2990 658 3021 ἐκτθὸπιμζῇ,.
680 2988 749 3015 uude
760 2989 850 3016 Bofius
869 2989 1039 3022 emendavit,
1059 2993 1131 3018 inrefi—

163 3025 277 3051 ·ποιμρι.
300 3021 443 3047 Lambinus
464 3032 495 3048 ex
508 3024 605 3050 codicis
623 3025 776 3051 sornaesizini
790 3024 905 3052 lit-&ione
915 3026 1023 3058 conjicit
1035 3045 1042 3057 ‚
1063 3030 1132 3054 lxi-u-

170 3060 280 3087 πισ-μὸς,
301 3056 483 3092 νοΙὲξ-ρισμὺς.
503 3060 642 3087 Turnebus
656 3081 662 3092 ‚
685 3064 831 3096 aiyssvmssjn
853 3064 1130 3098 Manutiunioptime,

168 3094 310 3124 ἑκτὸπιμΘι
324 3112 332 3123 ,
347 3093 434 3128 legere
445 3102 477 3119 cx
490 3095 547 3120 mss‘.
560 3096 749 3132 l'alzit.Jiiiuus
760 3098 859 3125 asserit.
882 3099 955 3135 vulg.
975 3102 1130 3135 ἑγγέυιμΘι.

207 3137 234 3162 5.
255 3128 358 3162 Qidam
369 3132 502 3163 requiram.
516 3132 518 3161 Ι
542 3131 630 3166 Vulgo
642 3134 731 3166 quidem
742 3137 876 3169 requirant.

204 3163 234 3192 6.
254 3166 294 3191 Ille
310 3165 369 3193 idem
385 3167 476 3201 rogen]
498 3167 596 3195 Vocem
613 3169 673 3196 idem
684 3188 692 3203 ,
712 3173 794 3206 quma
809 3171 922 3208 vulgatis
941 3171 1010 3202 abest
1027 3181 1061 3201 ex
1082 3172 1132 3202 suis

1204 2747 1232 2772 7.
1252 2738 1297 2763 Sed
1304 2746 1382 2764 tamen
1392 2749 1437 2765 non
1447 2739 1614 2774 repugnante]
1638 2739 1666 2766 N
1670 2739 1802 2775 egativain
1821 2737 1978 2775 particulam
1990 2746 2047 2773 quoe
2057 2737 2130 2774 prius

1168 2775 1259 2801 decr-it
1270 2774 1385 2801 restituit
1396 2775 1542 2802 Victorius.
1712 2776 1713 2779 ’

1205 2812 1232 2837 8.
1254 2812 1393 2837 Laribulum
1402 2812 1431 2842 ,sy
1444 2810 1602 2845 perfiagi‘nm]
1623 2811 1713 2838 Bofius
1724 2820 1758 2838 ex
1768 2810 1818 2837 suis
1829 2808 1886 2836 mss'.
1897 2809 2016 2846 copulam
2028 2810 2058 2841 ᾤ’
2066 2829 2074 2842 ,
2087 2810 2131 2837 iu-

1170 2847 1275 2882 tei-jecit
1288 2867 1295 2878 ‚
1307 2857 1384 2884 quain
1398 2847 1532 2874 Victorius
1543 2846 1677 2873 omiserat.

1203 2893 1235 2919 9ι
1252 2887 1381 2918 Omniaque
1398 2884 1485 2917 uirum]
1507 2883 1584 2909 Utin
1596 2881 1729 2909 codicibus
1742 2880 1835 2908 Malas.
1848 2882 1876 2907 St
1892 2881 2075 2914 Memmianis,
2096 2883 2132 2909 fic

1169 2921 1195 2947 in
1209 2920 1324 2946 Boliauis
1337 2939 1344 2951 ‚
1356 2922 1476 2954 omniaque
1483 2921 1546 2944 nitor
1556 2938 1564 2951 ,
1582 2919 1634 2945 fine
1644 2917 1824 2954 ptoepositioue
1837 2937 1844 2949 ,
1863 2919 1896 2943 ad
1907 2937 1914 2949 ,
1927 2927 1984 2954 qiiae
1995 2919 2094 2954 legitur
2103 2918 2133 2946 in

1171 2956 1252 2992 Vulg.
1263 2955 1392 2982 editione.
1707 2976 1709 2978 .
2077 2978 2080 2981 ,

1210 3001 1249 3018 io.
1262 2994 1350 3018 Piliam
1359 2993 1414 3024 angi
1423 2991 1507 3024 vetas]
1521 2991 1560 3016 Ex
1572 2989 1624 3016 fide
1637 2989 1732 3016 veteris
1744 2990 1882 3017 Detur-tati
1893 2990 1926 3016 sic
1934 2990 2020 3016 edidit
2031 2990 2134 3023 Bofius3

1169 3031 1257 3054 ‘Piliam
1267 3031 1323 3061 angi
1334 3034 1404 3053 vem:
1418 3027 1570 3060 satissizlitui·
1579 3036 1602 3052 cs
1613 3036 1704 3052 moerere
1710 3034 1752 3059 pro
1761 3029 1865 3052 omnibns
1875 3039 1883 3059 ‚·
1896 3026 1965 3062 quod
1977 3027 2057 3053 eriam
2069 3033 2132 3053 :inte

1171 3065 1294 3091 videraut
1304 3062 1440 3091 Corradus
1452 3064 1479 3088 &
1490 3062 1635 3090 Lambinus
1645 3075 1654 3096 ;
1675 3063 1747 3099 vulg.
1757 3065 1847 3089 Piliam
1857 3066 1911 3097 angi
1923 3065 2040 3089 vetabat.
2058 3063 2078 3089 is
2089 3063 2133 3098 so-

1171 3103 1230 3127 lim:
1239 3103 1275 3126 ei‘?
1285 3119 1292 3130 ‚
1302 3100 1353 3130 &aa

1212 3146 1220 3163 i
1231 3147 1250 3162 i.
1271 3135 1449 3169 ‘P›-0habam›·.]
1462 3135 1555 3171 Sci-ipsi
1560 3143 1569 3160 t
1580 3135 1681 3167 Rosius,
1691 3138 1850 3171 pmhahatur,
1859 3134 2005 3172 cujusmodi
2016 3133 2052 3162 est
2062 3132 2134 3170 quod

1174 3181 1238 3201 mox
1248 3171 1367 3208 sequitur
1377 3190 1386 3204 ,
1393 3179 1516 3206 soterum:
1528 3172 1615 3209 Vulgi>
1622 3174 1750 3207 probatur.
2068 3205 2134 3233 Mhi

2034 3215 2058 3234 ι.
2098 3215 2106 3231 e

2149 1262 2191 1293 15

2149 1705 2191 1739 16

2151 2285 2192 2321 17
