2297 3389
753 119 972 166 Lissa

136 195 172 231 &
190 197 337 232 crudeleis
352 195 502 239 tyrannos)
521 195 571 228 sed
587 195 738 240 quoddam
758 208 877 229 novum·
896 197 1064 229 monstrum
1077 212 1085 233 3

139 243 150 261 ¹
162 252 200 272 ex
211 251 309 272 vetere
320 241 370 272 illa
379 241 574 272 immanitate,
589 249 654 280 quae
665 241 698 269 in
707 239 815 270 iisdem
825 240 898 270 locis
908 241 1015 270 versata
1027 240 1082 270 effe

133 282 252 313 dicitur.
275 292 338 312 non
355 283 438 311 enim
454 280 634 320 Charybdim
645 290 705 310 tam
716 279 855 311 infestam
869 300 877 314 ,
895 291 992 321 neque
1002 283 1085 320 Scyl-

129 323 192 354 lam
204 326 311 356 nautis,
322 321 410 363 quarn
423 321 513 351 istum
524 324 557 351 in
568 322 675 352 eodem
688 321 765 352 freto
777 321 863 352 fuiffe
877 322 1010 352 arbitror.
1026 323 1084 352 hoc

127 367 218 395 etiam
230 364 284 395 iste
294 362 430 393 infestior
439 383 447 396 ,
460 363 542 404 quod
555 362 654 393 multo
667 364 694 393 se
703 363 837 403 pluribus
848 383 856 396 ‚
874 363 906 392 &
917 363 1081 402 majoribus

127 405 242 435 canibus·
258 406 450 435 succinxerat.
475 404 583 444 Cyclops
591 405 680 438 alter,
693 405 791 434 multo
802 407 1013 443 importunior.
1033 404 1082 433 hic

127 449 212 476 enim
225 455 316 476 totam
329 445 454 475 insulam
467 446 636 476 obtinebat:
648 447 700 476 ille
711 449 834 476 AEtnam
846 446 938 476 solam
951 466 959 478 ‚
973 445 1005 475 &
1015 455 1080 475 earn

128 488 236 518 Sicilia:
252 496 365 526 partem
375 485 500 517 tenuiss'e
511 487 628 517 dicitur.
651 490 692 517 At
700 498 765 528 quae
773 488 929 518 causatum
942 486 1080 525 subjicie-

127 527 212 559 batur
221 528 256 558 ab
266 528 329 567 ipso
340 548 348 561 ,
357 527 472 567 judices
483 549 491 561 ,
506 529 594 567 hujus
606 538 665 559 tam
681 528 801 559 nefariae
812 528 1013 559 crudelitatis?
1033 538 1080 558 ea-

126 568 209 602 dem,
221 579 286 610 quae
297 571 418 599 nuncin
429 569 602 600 defensione
612 571 909 600 commemorabitur.
961 571 1080 599 uicum-

125 620 184 652 que
193 609 366 641 accesserant
375 610 410 640 ad
421 611 552 641 Siciliam
563 612 663 651 paullo
673 613 822 652 pleniores
832 631 840 645 ,
850 621 901 641 eos
910 611 1082 641 Sertorianos

127 652 233 681 milites
250 650 306 681 esse
317 671 325 685 ,
345 661 431 692 atque
448 652 587 683 aDianio
603 652 703 695 fugere
718 653 846 683 dicebat.
868 652 919 682 Illi
929 652 963 682 ad
974 652 1078 691 depre-

124 692 255 724 candum
272 695 439 733 periculum
459 693 647 733 proferebant
658 714 666 728 ,
686 695 737 724 alii
756 704 915 734 purpuram
936 695 1061 733 Tyriam
1072 704 1080 727 3

125 743 173 765 tus
183 734 232 764 alii
244 755 253 767 ,
265 743 352 775 atque
362 735 469 764 odores
481 756 489 769 ,
509 735 681 776 vestemque
694 736 820 766 linteam
834 747 841 770 3
865 744 998 776 gemmas
1008 734 1077 767 alii,

124 775 356 816 &margaritam
375 778 446 806 vina
463 777 607 807 nonnulli
619 779 719 807 Graeca
731 797 738 810 ,
763 777 953 817 venalcisque
974 775 1079 806 Asiati-

123 827 192 848 cos:
212 826 245 846 ut
255 818 469 858 intelligeretur
478 828 515 847 ex
525 818 674 848 mercibus
685 838 693 852 ,
707 818 815 858 quibus
825 828 864 848 ex
875 818 947 847 locis
958 819 1077 859 naviga-

125 867 199 889 rent.
216 861 290 888 Non
299 859 497 898 providerant,
508 869 553 889 eas
563 860 636 898 ipsas
647 858 699 889 sibi
710 860 805 899 caufiu
815 858 862 897 ff
870 859 998 900 periculi,
1009 860 1078 899 qui-

124 900 181 931 bus
190 900 371 938 adjumentis
389 900 418 930 se
434 900 469 930 ad
485 901 608 930 salutem
619 903 662 930 uti
673 901 892 931 arbitrabantur.
916 899 973 930 Iste
991 902 1076 930 enim

125 943 188 971 haec
197 951 247 971 eos
256 951 292 970 ex
302 943 459 981 piratarum
471 942 606 971 socictate
615 942 737 982 adeptos
747 940 804 972 effe
815 942 930 972 dicebat
941 942 1033 981 :ipsos
1044 943 1076 971 in

123 983 282 1013 lautumias
292 982 398 1012 abduci
410 983 587 1022 imperabat:
600 986 701 1013 naveis
712 992 919 1023 e01·um‚atque
930 992 1020 1012 onera
1029 982 1076 1012 di-

61 1033 107 1067 57
123 1022 423 1065 ligenterass‘ervanda
431 1025 558 1054 curabat.
583 1027 640 1054 His
655 1024 800 1055 institutis
814 1024 887 1055 cum
904 1025 1074 1064 completus

119 1067 183 1107 jam
195 1074 392 1095 mercatorum
403 1075 498 1095 carcer
507 1064 578 1095 esset
587 1086 595 1099 ,
608 1076 673 1096 tum
686 1067 736 1096 illa
746 1065 867 1099 fiebant,
878 1076 943 1107 quae
955 1068 990 1095 L.
1003 1069 1075 1096 Sue-

123 1109 201 1138 tium
212 1126 220 1140 ,
235 1108 368 1146 equitem
379 1109 555 1137 Romanum
567 1127 575 1141 ‚
586 1106 779 1138 leestiffimum
791 1110 903 1141 virum,
916 1107 1013 1137 dicere
1022 1117 1073 1137 au-

122 1147 206 1180 distis
217 1167 226 1182 ‚
235 1158 299 1188 quae
308 1156 420 1178 ceteros
429 1149 564 1178 audietis.
588 1151 722 1179 Cervices
734 1151 765 1179 in
774 1159 886 1180 carcere
899 1148 1074 1189 frangeban-

121 1197 170 1221 tur
179 1188 508 1231 indigniffimecivium
520 1192 731 1221 Romanorum
741 1211 749 1224 ,
767 1192 867 1230 utjam
878 1191 928 1220 illa
938 1201 1000 1220 vox
1011 1211 1018 1223 ,
1040 1190 1072 1220 ὃς

121 1232 295 1271 imploratio
306 1251 315 1264 ‚
335 1234 430 1261 Clvrs
450 1234 618 1262 ROMANus
638 1243 706 1262 sUM
717 1253 725 1266 ,
744 1243 809 1273 quae
822 1233 896 1272 saepe
906 1232 1028 1265 multis,
1042 1233 1074 1261 in

120 1273 242 1303 ultimis
259 1274 344 1302 terris
354 1293 361 1305 ,
382 1283 471 1312 opem
490 1275 568 1303 inter
582 1273 718 1304 barbaros
728 1294 736 1307 ‚
757 1275 789 1304 &c
800 1274 922 1304 salutem
935 1274 1003 1303 tulit
1013 1293 1021 1306 ,
1042 1283 1074 1302 ea

123 1323 256 1345 mortem
268 1314 328 1343 illis
337 1315 517 1344 acerbiorem
531 1335 538 1347 ,
558 1315 591 1345 8<
609 1316 789 1355 supplicium
811 1316 955 1345 maturius
973 1313 1070 1344 ferret.

122 1356 206 1395 Qud
215 1355 257 1385 est
267 1375 275 1389 ,
295 1358 419 1385 Verres?
438 1355 510 1396 quid
528 1357 562 1386 ad
581 1357 643 1386 haec
656 1359 767 1397 cogitas
782 1356 976 1396 respondere?
996 1365 1071 1385 num

121 1398 245 1427 mentiri
265 1401 334 1427 me?
353 1406 427 1426 num
444 1396 552 1438 ringere
570 1397 705 1438 aliquid?
725 1408 801 1428 num
820 1407 924 1439 augere
934 1398 1049 1427 crimen
1063 1399 1073 1425 ?

121 1449 200 1469 num
211 1437 282 1479 quid
292 1439 400 1468 horum
410 1437 507 1468 dicere
519 1437 581 1468 istis
597 1438 803 1469 defensoribus
813 1441 871 1469 tuis
887 1438 1000 1469 audes?
1016 1441 1072 1468 Ce-

121 1479 163 1511 do
183 1481 259 1509 mihi
271 1499 280 1513 2
297 1480 395 1519 quaesb
406 1499 414 1513 ,
436 1489 474 1509 ex
492 1479 579 1520 ipsius
599 1479 662 1510 sinu
682 1481 791 1511 litteras
803 1480 1049 1521 Syracusanorum
1062 1500 1070 1512 ,

121 1531 194 1563 quas
204 1520 257 1551 iste
267 1520 302 1550 ad
316 1521 472 1551 arbitrium
484 1522 571 1551 suum
581 1521 731 1553 conseeras
740 1521 799 1552 effe
809 1523 972 1553 arbitratur.
995 1520 1070 1551 cedo

120 1564 268 1594 rationem
278 1564 398 1592 carceris
407 1582 416 1596 ,
427 1573 494 1603 quae
504 1562 727 1605 diligentissime
741 1562 908 1597 conficitur,
919 1573 980 1604 quo
990 1563 1071 1604 quis-

120 1614 180 1646 que
187 1604 235 1634 die
244 1603 327 1634 datus
334 1606 370 1634 in
381 1604 546 1635 custodiam
559 1625 567 1639 ,
586 1615 647 1646 quo
657 1615 793 1636 mortuus
802 1626 810 1639 ,
824 1616 884 1647 quo
898 1614 1017 1635 necatus
1028 1603 1069 1634 sit.

119 1649 285 1677 Liri-Erue:
299 1648 613 1677 SYRAcnsANORUM.
636 1647 754 1677 Videtis
762 1650 853 1677 civeis
864 1650 957 1677 Rom.
971 1656 1071 1688 grega-

119 1689 176 1719 tim
194 1686 347 1727 conjectos
367 1689 400 1717 in
421 1688 579 1718 lautumias
591 1699 597 1717 ε
618 1688 725 1719 videtis
740 1687 947 1730 indignissimo
960 1690 991 1718 in
1001 1689 1070 1718 loco

118 1738 318 1760 coacervatam
337 1729 565 1760 multitudinem
584 1729 749 1761 vestrorum
776 1733 900 1760 civium.
941 1731 1070 1769 Qaerite

119 1781 202 1802 nunc
219 1769 358 1812 vestigia,
377 1770 486 1811 quibus
496 1774 594 1801 exitus
605 1772 729 1802 illorum
740 1782 778 1803 ex
789 1772 844 1802 illo
860 1773 928 1802 loco
946 1781 1068 1811 compa-

117 1821 210 1844 reant.
233 1812 316 1842 nulla
334 1812 408 1842 sunt.
431 1814 582 1843 Omnesne
592 1816 705 1844 mortui
718 1818 729 1843 ἓ
748 1816 778 1844 Si
796 1816 835 1844 ita
851 1812 946 1854 posset
961 1812 1066 1843 defen-

117 1854 187 1885 dere
199 1874 208 1886 ,
220 1861 320 1883 tamen
331 1852 402 1883 fides
413 1855 482 1884 huic
491 1854 657 1885 defensioni
671 1866 734 1886 non
745 1855 911 1886 haberetur.
934 1854 989 1885 Sed
1001 1855 1069 1884 scri-

115 1904 205 1936 ptum
214 1894 307 1924 exstat
318 1897 350 1924 111
360 1895 467 1925 iisdem
477 1896 582 1926 litteris
591 1917 599 1930 ,
612 1897 695 1937 quod
706 1896 760 1927 iste
770 1898 866 1927 homo
877 1896 1023 1929 barbarus,
1035 1906 1068 1926 ac

116 1934 277 1967 dissolutus
286 1946 383 1977 neque
394 1937 543 1967 attendere
555 1947 698 1978 umquam
710 1959 718 1972 ‚
734 1948 831 1979 neque
839 1939 1004 1978 intelligere
1014 1947 1068 1977 po-

117 1982 193 2014 tuit,
214 1980 229 1997 ²
242 1978 542 2011 E'AlKn'eHXAN
554 2003 563 2017 ,
582 1983 698 2021 inquit,
719 1982 777 2011 hoc
789 1981 831 2011 est
842 2002 850 2014 ‚
873 1990 904 2011 ut
914 1981 1006 2012 Siculi
1023 1981 1069 2010 lo—

48 2030 97 2072 58
118 2030 251 2063 quuntur
261 2042 269 2055 ,
277 2022 412 2063 fitpplicio
426 2021 521 2063 affec‘bi
530 2043 539 2057 ‚
551 2033 584 2051 ac
591 2023 682 2051 necari
688 2023 767 2062 fiint.
790 2025 820 2053 Si
831 2025 896 2063 quis
907 2031 970 2055 rex,
981 2021 1069 2063 siqua

117 2064 220 2094 civitas
237 2072 403 2093 exterarum
421 2065 558 2104 gentium
569 2084 577 2097 ‚
599 2063 619 2093 si
632 2074 689 2104 qua
697 2066 780 2094 natio
790 2063 904 2094 feciss'et
912 2064 1024 2104 aliquid
1034 2066 1067 2094 in

114 2107 216 2136 civem
227 2107 402 2134 Romanum
413 2105 571 2143 ejusmodi,
583 2116 685 2135 nonne
696 2105 817 2145 publice
827 2105 1045 2136 vindicaremus
1058 2109 1069 2135 ?

116 2156 182 2178 non
192 2144 255 2175 bello
261 2147 480 2187 persequeremur
488 2150 500 2176 3
509 2146 662 2187 possemus
671 2148 746 2177 hanc
760 2147 901 2188 injuriam
913 2168 920 2182 ,
934 2149 1066 2188 ignomi—

115 2190 258 2228 niamque
272 2189 409 2218 nominis
420 2190 573 2222 Romani,
594 2189 722 2219 inultam
733 2209 741 2223 ,
763 2191 1003 2230 impunitamque
1022 2190 1068 2219 di-

115 2231 255 2260 mittere?
271 2232 353 2270 Qot
364 2229 441 2260 bella
459 2231 584 2269 majores
601 2229 718 2260 nostros
729 2251 736 2264 ,
758 2231 791 2260 &
820 2240 906 2261 uanta
918 2230 1068 2270 suscepisse

115 2267 319 2304 arbitramini,
339 2269 420 2311 qubd
430 2273 510 2301 cives
520 2274 655 2302 Romani
667 2272 775 2308 injuria
785 2241 902 2306 3110611,
923 2271 1004 2313 quod
1016 2282 1068 2302 na-

113 2312 249 2343 vicularii
268 2314 391 2346 retenti,
412 2312 493 2354 quod
504 2322 681 2343 mercatores
692 2313 809 2353 spoliati
818 2314 985 2344 dicerentur
997 2317 1007 2343 ἲ
1028 2316 1068 2343 At

115 2364 171 2396 ego
186 2362 316 2384 retentos
334 2364 398 2384 non
412 2364 535 2395 queror:
553 2355 693 2395 spoliatos
702 2354 859 2385 ferendum
870 2364 958 2394 puto:
981 2357 1066 2385 navi-

112 2395 171 2426 'bus
183 2415 192 2428 ‚
211 2397 384 2435 mancipiis,
407 2397 558 2426 mercibus
569 2396 714 2430 ademtis,
734 2398 767 2426 in
782 2398 902 2427 vincula
911 2397 1065 2436 conjestos

114 2434 173 2467 esse
184 2445 368 2471 mercatores,
383 2437 416 2468 &²
426 2439 459 2467 in
467 2438 599 2468 vinculis
608 2440 700 2468 civeis
709 2440 867 2469 Romanos
878 2448 995 2468 necatos
1004 2437 1062 2468 effe

106 2488 214 2519 arguo.
237 2480 267 2508 Si
278 2479 338 2509 haec
348 2479 553 2519 apud‘Scythas
562 2480 705 2513 dicerem,
717 2490 780 2509 non
794 2479 843 2510 hic
853 2482 973 2510 intanta
983 2480 1064 2509 mul-

115 2519 244 2550 titudine
252 2522 366 2550 civium
378 2523 589 2551 Romanorum
600 2541 609 2554 ,
630 2531 694 2551 non
703 2521 777 2561 apud
789 2522 935 2551 senatores
946 2520 1064 2550 10611111-

114 2571 185 2591 mos
199 2562 340 2594 civitatis,
359 2571 422 2592 non
434 2564 465 2592 in
474 2562 541 2592 soro
552 2563 655 2602 populi
667 2565 801 2593 Romani
813 2584 821 2597 ,
834 2563 869 2593 de
881 2572 924 2593 tot
934 2583 942 2596 ‚
959 2563 1061 2592 &tam

113 2602 224 2632 acerbis
236 2603 386 2642 suppliciis
395 2605 510 2634 civium
522 2606 743 2634 Romanorum:
754 2613 853 2634 tamen
864 2605 970 2633 animos
978 2605 1065 2632 etiam

113 2642 295 2672 harbarorum
305 2645 446 2673 hominum
452 2654 647 2687 permoverem.
671 2648 766 2676 Tanta
775 2647 857 2675 enim
869 2646 956 2684 hujus
968 2647 1064 2684 impe-

112 2686 151 2716 rii
161 2685 422 2724 amplitudo,tanta
432 2689 567 2717 nominis
578 2689 711 2717 Romani
721 2687 848 2728 dignitas
858 2686 899 2716 est
909 2686 984 2727 apud
995 2696 1064 2716 om—

114 2727 180 2756 neis
190 2728 325 2756 nationes
333 2747 342 2760 ,
354 2737 385 2757 ut
395 2727 447 2758 ista
457 2730 489 2758 in
500 2728 616 2758 nostros
627 2729 766 2758 homines
777 2728 933 2758 crudelitas
943 2748 951 2761 ‚
964 2730 1064 2757 nerni-

111 2766 290 2797 inconcessa
298 2769 440 2798 videatur.
471 2772 556 2800 Num
567 2779 622 2809 ego
631 2770 685 2800 tibi
696 2770 787 2800 ullam
799 2770 922 2800 salutem
932 2789 942 2805 ,
962 2770 1060 2799 ullum

112 2807 281 2848 perfugium
291 2819 394 2849 putem
405 2830 413 2844 ,
423 2810 495 2840 cum
505 2820 533 2841 te
544 2812 730 2851 implicatum
742 2811 893 2841 severitate
901 2811 1037 2850 judicum
1049 2831 1057 2844 ,

111 2851 347 2881 circumretitum
364 2850 531 2893 frequentia
545 2853 651 2893 populi
660 2855 795 2884 Romani
804 2851 861 2883 effe
873 2852 990 2884 videam
1003 2855 1014 2882 ?
1032 2854 1062 2884 Si

153 2982 176 2999 ι.
196 2977 237 3000 Ex
246 2982 322 2999 vetere
330 2977 370 3001 illa
378 2978 550 3012 immunitate]
563 2976 647 3003 Libro
658 2987 725 3004 viii,
737 2987 792 3013 cap.
804 2977 900 3003 ultimo
911 2977 1063 3013 Qintilia-

113 3017 162 3036 nus
174 3009 219 3035 ms.
231 3010 399 3037 Bibliotheca:
410 3012 532 3038 Palatina:
551 3013 618 3048 legit
632 3014 688 3039 heic
700 3033 707 3045 ‚
726 3024 755 3039 ex
763 3021 828 3039 utero
838 3016 872 3038 illo
880 3015 1062 3039 immanitatem.

113 3043 185 3078 quud
196 3052 325 3072 mutatum
336 3046 390 3073 ibat
401 3047 426 3074 in
438 3055 502 3074 utero
511 3050 666 3075 immanitatis
679 3069 686 3081 ,
703 3051 803 3076 amicus
816 3051 979 3083 meusJauus
991 3049 1063 3075 (jeb-

115 3079 210 3118 hardus
221 3079 266 3120 lib.
282 3090 304 3108 1.
315 3082 530 3118 Crepundiorum
541 3092 596 3119 cap.
609 3084 635 3112 8.
646 3086 691 3122 qui
704 3086 840 3115 videatur:
853 3084 936 3114 'insula
947 3084 1006 3113 stm'e
1016 3085 1062 3113 illa

116 3115 247 3145 nutricula
255 3119 410 3147 immanium
420 3128 525 3156 regum,
535 3120 590 3149 &c-

1024 133 1093 165 in
1140 115 1524 165 C.VERREM.

1997 136 2094 186 325

1132 197 1322 227 mehercules
1331 197 1371 236 (id
1384 198 1463 239 quod
1475 196 1538 228 fieri
1548 207 1611 230 non
1621 196 1702 240 posse
1712 198 1860 242 intelligo)
1867 209 1904 231 ex
1916 200 1961 231 his
1971 200 2085 243 laqueis

1129 247 1155 267 te
1166 240 1299 272 exueris,
1309 249 1340 269 ac
1351 248 1377 268 te
1387 240 1481 280 aliqua
1492 242 1533 274 vi,
1545 247 1576 271 ac
1589 243 1701 272 ratione
1712 241 1882 281 explicatis:
1903 244 1936 272 in
1948 243 2013 273 illas
2030 244 2085 274 tibi

1131 280 1257 318 majores
1267 280 1362 320 plagas
1374 281 1571 311 incidendum
1582 282 1624 312 est
1632 303 1640 316 ,
1656 284 1689 313 in
1699 283 1807 323 quibus
1819 292 1846 313 te
1856 283 1891 314 ab
1900 284 2010 314 eodem
2023 294 2085 318 me,

1129 320 1277 359 superiore
1288 331 1326 351 ex
1343 322 1410 351 loco
1421 321 1550 357 confici,
1571 325 1603 354 &
1612 322 1731 355 concidi
1743 323 1858 355 neceffe
1870 324 1921 355 est.
1943 327 2001 358 ,Cui
2013 324 2032 355 si
2044 335 2089 356 et·-

1128 361 1188 390 iam
1200 361 1228 390 id
1240 381 1248 394 ,
1268 362 1349 402 quod
1368 363 1502 393 defendit
1514 384 1522 397 ‚
1545 366 1639 396 velim
1652 365 1833 396 concedere:
1855 375 1954 397 tamen
1966 367 2017 397 illa
2028 367 2097 407 ipsa

1127 400 1261 431 defensio
1273 413 1336 432 non
1347 406 1448 434 minus
1460 404 1516 435 esse
1526 408 1552 435 ei
1581 407 1712 446 erniciofic
1721 428 1729 440 ,
1746 407 1834 447 quarn
1848 418 1913 439 mea
1923 419 1990 439 vera
2000 419 2088 439 accu-

1127 442 1200 471 satio
1219 442 1332 473 debeat.
1363 446 1443 486 Qid
1454 449 1537 476 enim
1572 448 1705 478 efendit?
1725 459 1762 478 ex
1775 449 2087 491 Hispaniafugienteis

1127 483 1155 512 se
1165 483 1322 522 excepisse,
1334 485 1366 514 &
1378 487 1520 525 supplicio
1532 487 1657 519 affecisse
1670 489 1751 520 dicit.
1776 493 1851 530 Qis
1862 492 1916 521 tibi
1927 491 1958 521 id
1968 493 2083 531 permi-

1128 522 1183 553 sit?
1201 534 1261 565 quo
1280 525 1310 554 id
1326 526 1389 564 jure
1401 527 1496 557 fecisti
1510 533 1521 557 ?
1536 532 1601 570 quis
1612 530 1696 560 idem
1708 531 1777 561 fecit
1789 536 1804 560 ?
1819 531 1870 572 qui
1882 532 1936 562 tibi
1947 533 1977 563 id
1989 532 2087 563 facere

1125 566 1232 595 licuit?
1255 568 1364 595 Forum
1377 568 1502 606 plenum
1513 589 1522 602 ,
1543 571 1576 600 ὃς
1588 570 1715 601 basilicas
1726 572 1851 603 istorum
1864 575 2027 604 hominum
2038 577 2087 604 vi-

1125 606 1232 636 demus
1242 627 1250 640 ,
1273 608 1305 637 &
1315 610 1419 637 animo
1430 619 1516 649 aequo
1526 611 1672 641 videmus.
1704 614 1800 642 Civilu
1809 617 1891 644 enim
1903 615 2063 655 dissensionis
2073 636 2083 649 .

1128 648 1160 677 &
1171 646 1229 677 five
1238 652 1375 678 amentiae
1385 669 1393 682 ‚
1407 649 1465 679 five
1476 649 1527 681 fati
1538 671 1546 684 ,
1558 653 1608 682 seu
1617 654 1789 685 calamitatis
1799 675 1807 688 ,
1831 666 1891 686 non
1900 656 1942 687 est
1952 656 2005 687 istc
2015 667 2086 687 mo-

1126 688 1216 719 lestus
1235 692 1333 719 exitus
1343 710 1352 723 ,
1374 692 1405 720 in
1418 701 1478 731 quo
1493 693 1624 733 reliquos
1637 695 1737 724 mrem
1749 698 1840 726 civeis
1852 698 2034 730 incolumeis
2044 699 2084 729 li·-

1126 741 1170 761 cet
1179 731 1361 761 conservare.
1385 735 1491 762 Verres
1502 734 1552 763 ille
1563 754 1570 766 ‚
1584 745 1668 764 vetus
1683 737 1954 774 proditor-consulis
1965 760 1974 773 ,
1989 740 2084 770 trans-

1124 772 1198 801 lator
1208 772 1361 813 quaesturae
1372 793 1380 806 ,
1401 774 1518 804 aversor
1526 779 1661 814 pecuniae
1673 778 1798 816 publicae
1810 800 1817 812 ‚
1839 789 1954 810 tantum
1967 780 2017 811 fibi
2028 791 2081 811 au—

1125 812 1271 843 &oritatis
1279 816 1311 843 in
1324 815 1424 854 repub.
1438 815 1562 855 suscepit
1574 836 1581 849 ,
1600 826 1652 849 ut,
1666 819 1775 858 quibus
1786 821 1961 851 'nominibus
1971 833 2022 861 per
2033 823 2078 853 sen

1123 864 1228 884 natum
1240 875 1247 887 ‚
1260 865 1311 894 per
1321 857 1468 894 populum
1480 860 1657 888 Romanum
1666 879 1674 892 ,
1684 869 1734 898 per
1745 864 1862 891 omneis
1874 863 2056 903 magistratus
2067 883 2078 899 ,

1124 897 1155 925 in
1165 895 1233 926 foro
1243 916 1251 930 ,
1268 898 1301 926 in
1312 893 1455 937 suffragiis
1466 918 1473 930 ‚
1488 900 1519 927 in
1532 899 1584 929 hac
1594 900 1680 933 urbe,
1696 903 1727 930 in
1738 903 1838 940 repub.
1850 895 1953 933 versziri
1965 905 2080 936 liceret.

1122 939 1158 966 iis
1171 938 1316 968 omnibus
1328 948 1459 969 mortem
1478 941 1609 970 acerbam
1624 962 1631 973 ‚
1655 942 1866 983 crudelemque
1881 955 2058 984 proponeret
2069 967 2079 978 .

1123 978 1142 1008 si
1162 978 1281 1009 fortuna
1300 989 1350 1009 eos
1364 980 1399 1010 ad
1409 981 1540 1021 aliquam
1552 992 1663 1021 partem
1675 984 1783 1014 Siciliae
1802 984 1958 1016 detulisset.
1986 987 2030 1017 Ad
2043 990 2077 1017 C.

1096 1026 1098 1041 ²
1122 1022 1302 1060 Pompeium
1313 1041 1321 1053 ,
1334 1021 1530 1052 clarissimum
1542 1027 1639 1053 virum
1650 1045 1658 1058 ,
1672 1025 1927 1059 &fortissimum
1944 1030 2080 1067 permul-

1120 1064 1142 1091 ti
1154 1082 1161 1094 ‚
1174 1063 1258 1101 orcisb
1269 1065 1412 1105 Perperna,
1425 1074 1461 1093 ex
1472 1064 1526 1094 illo
1535 1068 1704 1096 Sertoriano
1715 1077 1843 1097 numero
1856 1069 1990 1098 militum
2001 1080 2059 1099 con

1119 1103 1268 1144 fugerunt.
1291 1115 1381 1145 quem
1392 1114 1457 1134 non
1468 1106 1520 1134 ille
1532 1107 1652 1136 summo
1661 1118 1731 1138 cum
1742 1107 1839 1139 studio
1850 1110 1976 1144 salvum,
1989 1113 2075 1141 inco--

1119 1145 1294 1185 lumemque
1304 1146 1448 1176 servavit?
1466 1149 1514 1177 cui
1524 1150 1583 1177 civi
1595 1149 1716 1188 supplici
1727 1160 1791 1180 non
1802 1151 1852 1181 illa
1863 1151 1982 1182 dextera
1993 1155 2075 1183 invi*

1120 1185 1165 1216 &a
1176 1187 1208 1217 &
1219 1185 1310 1216 fidem
1321 1190 1455 1227 porrexit
1464 1209 1472 1221 ‚
1491 1189 1523 1218 δε
1534 1190 1614 1229 spem
1627 1191 1723 1220 salutis
1734 1191 1883 1222 ostendit?
1895 1195 1972 1223 itane
1983 1194 2054 1223 verb
2065 1197 2077 1223 ?

1119 1228 1228 1268 quibus
1241 1227 1298 1258 fuit
1307 1238 1408 1268 portus
1418 1230 1575 1269 apudqeum
1586 1252 1593 1265 ,
1617 1241 1719 1262 contra
1732 1243 1821 1273 quem
1833 1244 1913 1264 arma
1923 1235 2054 1266 tulerunt
2066 1247 2074 1265 ;

1118 1271 1154 1299 iis
1165 1269 1240 1313 apud
1253 1279 1296 1303 te,
1317 1272 1402 1309 cujus
1423 1272 1567 1302 3nullum
1586 1275 1617 1302 in
1628 1274 1728 1313 repub.
1744 1285 1874 1315 unquam
1887 1286 2077 1307 monumen»

1119 1319 1183 1340 tum
1194 1313 1251 1340 ruit
1260 1331 1268 1344 ,
1289 1322 1371 1341 mors
1384 1313 1416 1342 &
1426 1316 1568 1343 cruciatus
1579 1323 1638 1344 erat
1648 1315 1846 1346 constitutus?
1865 1318 1942 1347 Vide
1952 1338 1960 1351 ,
1981 1318 2071 1359 quam

2120 1111 2154 1146 ἢ

1117 1352 1312 1383 commodam
1323 1353 1529 1384 defensionem
1540 1359 1724 1396 excogitaris.
1749 1359 1832 1387 Malo
1843 1378 1850 1391 ,
1863 1360 1943 1389 malo
1955 1362 2079 1392 mehen,
2094 1372 2140 1403 59

1117 1394 1182 1423 cule
1194 1414 1202 1427 ,
1221 1394 1252 1424 id
1263 1414 1271 1427 ,
1283 1395 1364 1435 quod
1376 1404 1407 1425 tu
1418 1395 1554 1426 defendis
1567 1418 1575 1430 ,
1590 1399 1634 1427 his
1647 1398 1811 1434 iudicibus,
1823 1401 1997 1441 populoque
2007 1404 2073 1432 Ro—

1118 1444 1209 1465 mano
1220 1455 1228 1469 ,
1249 1438 1341 1476 quam
1352 1437 1399 1471 id,
1414 1438 1495 1477 quod
1506 1448 1560 1479 ego
1571 1437 1729 1474 insimulo,
1753 1442 1878 1480 probari.
1904 1445 1984 1472 malo
1998 1463 2006 1475 ,
2022 1446 2069 1473 in-

1115 1487 1204 1517 quam
1216 1497 1224 1510 ‚
1238 1485 1264 1506 te
1275 1477 1322 1507 isti
1332 1488 1432 1519 generi
1442 1480 1604 1510 hominum
1617 1501 1624 1513 ‚
1637 1481 1726 1521 quam
1739 1483 1964 1517 mercatoribus,
1981 1484 2012 1513 δε
2022 1495 2075 1515 113-

1115 1518 1266 1548 viculariis
1276 1521 1439 1549 inimicum
1450 1540 1458 1553 ‚
1479 1530 1565 1562 atque
1575 1522 1717 1552 infestum
1727 1526 1832 1563 putari.
1863 1534 1967 1554 meum
1987 1528 2073 1556 enim

1115 1561 1230 1589 crimen
1241 1562 1371 1591 avaritiae
1380 1570 1407 1591 te
1419 1564 1522 1593 uimiae
1534 1566 1681 1604 coarguit:
1699 1574 1748 1594 tua
1757 1564 1890 1595 defensio
1902 1566 2009 1596 furoris
2019 1578 2073 1597 cu-

1111 1601 1229 1640 jusdam
1242 1622 1250 1634 ,
1264 1602 1500 1633 &immanitatis
1510 1624 1518 1637 ,
1532 1605 1564 1634 80
1576 1605 1716 1635 inauditae
1727 1607 1907 1637 crudelitatis
1918 1628 1926 1641 ,
1945 1609 1977 1638 &
1987 1609 2073 1648 paene

1114 1653 1188 1672 novae
1197 1644 1407 1685 proscriptionu.
1431 1645 1486 1675 Sed
1500 1655 1561 1675 non
1574 1647 1641 1676 licet
1652 1657 1701 1676 me
1711 1647 1768 1677 isto
1779 1657 1860 1678 tanto
1871 1649 1971 1684 bono,
1991 1651 2073 1688 judi-

1114 1694 1173 1717 ces,
1187 1687 1231 1714 uti
1244 1697 1253 1718 3
1270 1695 1333 1715 non
1344 1687 1421 1716 licet.
1443 1686 1641 1717 adsuntenim
1652 1690 1766 1718 Puteoli
1778 1692 1847 1719 toti:
1868 1690 2073 1731 frequentissi—

1117 1727 1160 1755 mi
1170 1736 1317 1757 venerunt
1328 1727 1362 1757 ad
1374 1729 1432 1757 hoc
1452 1728 1598 1765 judicium
1618 1739 1793 1761 mercatores
1805 1751 1814 1765 ,
1836 1732 1976 1762 homines
1986 1734 2072 1763 locu—

1114 1768 1223 1807 pleteS,
1236 1776 1321 1809 atque
1336 1768 1470 1803 honesti,
1484 1773 1535 1810 qui
1545 1773 1653 1810 partim
1666 1772 1761 1801 socios
1773 1774 1850 1806 suos,
1863 1776 1969 1813 partim
1980 1775 2072 1804 liber—

1115 1819 1160 1839 tos
1171 1809 1207 1838 ab
1217 1809 1273 1839 isto
1285 1810 1423 1850 spoliatos
1434 1832 1442 1844 ‚
1460 1814 1492 1841 in
1502 1813 1600 1842 vincla
1610 1812 1764 1848 0011106103
1776 1824 1780 1842 z
1796 1817 1903 1853 partim
1914 1817 1947 1845 in
1961 1817 2074 1847 vinclis

1114 1859 1243 1884 necatos,
1254 1854 1361 1890 partim
1372 1853 1463 1882 securi
1474 1853 1621 1892 percussbs
1631 1853 1689 1884 effe
1699 1855 1810 1885 dicent.
1825 1854 1883 1885 Hic
1899 1857 1967 1887 vide
1977 1860 2070 1898 quam

1115 1902 1164 1922 me
1174 1890 1208 1921 sis
1219 1893 1323 1923 usurus
1333 1904 1429 1935 aequo.
1449 1894 1529 1924 cum*
1539 1905 1594 1935 ego
1604 1898 1784 1926 RGranium
1795 1896 1899 1927 testem
1915 1900 2072 1938 produxe-

1114 1944 1147 1963 ro
1159 1953 1167 1967 ,
1187 1936 1239 1974 qui
1250 1934 1317 1964 suos
1330 1935 1452 1965 libertos
1471 1936 1486 1965 a
1497 1945 1523 1965 te
1534 1937 1626 1966 securi
1636 1936 1785 1976 percussos
1798 1937 1853 1968 ess'e
1864 1939 1942 1969 dicat
1952 1959 1960 1973 ,
1980 1942 2032 1980 qui
2052 1940 2069 1970 a

1113 1984 1141 2004 te
1151 1985 1257 2005 navem
1270 1976 1350 2005 suam
1363 1996 1371 2009 ,
1394 1977 1573 2017 merceisque
1592 1987 1717 2017 repetat:
1737 1978 1884 2013 refellito,
1905 1979 1924 2009 fi
1939 1983 2065 2020 poteris:

1114 2025 1206 2045 meum
1218 2015 1309 2052 restem
1317 2018 1436 2057 deseram
1447 2038 1456 2052 ,
1468 2018 1523 2048 tibi
1534 2017 1640 2049 favebo
1652 2030 1656 2048 :
1677 2029 1705 2050 te
1715 2040 1722 2053 ,
1735 2022 1859 2061 inquam
1871 2041 1879 2055 ,
1899 2022 2065 2059 adjuvabo:

1113 2057 1263 2088 ostendito
1275 2078 1283 2091 ‚
1306 2059 1376 2089 illos
1394 2070 1464 2090 cum
1475 2063 1603 2091 Sertorio
1621 2060 1727 2094 fuisse,
1750 2061 1765 2092 a
1776 2065 1890 2093 Dianio
1904 2062 2069 2104 fugienteis

1113 2100 1147 2130 ad
1158 2101 1290 2130 Siciliam
1303 2100 1361 2130 ess'e
1370 2102 1492 2132 delatos.
1519 2103 1607 2132 Nihil
1618 2102 1670 2136 est,
1682 2103 1763 2144 quod
1777 2113 1803 2133 te
1815 2105 1920 2134 malim
1932 2106 2068 2144 probare.

1113 2142 1236 2180 nullum
1248 2144 1331 2172 enim
1345 2142 1462 2173 facinus
1473 2164 1480 2177 ,
1501 2144 1582 2184 quod
1596 2146 1708 2182 majore
1719 2146 1864 2185 supplicio
1875 2145 2002 2186 dignum
2014 2145 2067 2180 sit,

1113 2186 1231 2223 reperiri
1244 2204 1252 2217 ,
1273 2194 1369 2224 neque
1379 2184 1502 2224 proferri
1512 2185 1616 2224 potest.
1646 2186 1801 2217 Reducam
1814 2189 1922 2217 iterum
1933 2190 2067 2227 equitem

1113 2227 1288 2255 Romanum
1301 2246 1310 2259 ,
1324 2227 1357 2255 L.
1370 2227 1518 2259 Flavium,
1530 2225 1549 2256 11
1560 2228 1641 2257 voles
1654 2230 1814 2268 :quoniam
1825 2231 1922 2268 priore
1932 2229 2065 2264 actione,

1113 2276 1146 2296 ut
1155 2269 1271 2307 patroni
1282 2266 1487 2300 tuidiffltant,
1509 2278 1588 2299 nova
1597 2270 1722 2310 quadam
1735 2270 1889 2310 sapientia:
1909 2279 1940 2301 ut
1957 2280 2068 2301 omnes

1112 2309 1286 2349 intelligunt
1296 2329 1305 2341 ,
1326 2309 1490 2348 confidentia
1500 2317 1551 2338 tua
1561 2330 1569 2344 ,
1591 2320 1675 2350 atque
1687 2310 1857 2342 auetoritate
1868 2322 2009 2342 meorum
2021 2321 2068 2342 te·-

1112 2349 1215 2383 stium‚
1227 2349 1331 2380 testem
1343 2351 1461 2381 nullum
1474 2352 1666 2392 interrogasti.
1689 2355 1886 2395 interrogetur
1896 2354 2013 2384 Flavius
2022 2374 2031 2388 ,
2044 2353 2066 2383 fi

1110 2392 1196 2421 voles
1204 2411 1212 2424 ‚
1228 2394 1353 2432 quinam
1364 2391 1452 2422 fuerit
1463 2395 1497 2422 L.
1511 2395 1683 2423 Herennius
1692 2414 1701 2428 ,
1713 2396 1739 2423 is
1749 2415 1758 2427 ,
1769 2405 1860 2435 quem
1873 2396 1922 2424 ille
1933 2404 2066 2436 argenta—

1110 2435 1183 2463 riam
1202 2435 1287 2473 Lepti
1304 2432 1404 2464 fecisse
1422 2434 1509 2464 dicit:
1527 2436 1578 2475 qui
1597 2435 1668 2465 cum
1689 2438 1817 2475 amplius
1832 2446 1954 2466 centurn
1971 2439 2067 2470 civeis

1111 2477 1268 2505 Romanos
1286 2475 1406 2504 haberet
1417 2486 1456 2505 ex
1471 2485 1624 2506 convent-„i
1634 2478 1881 2517 Syracusanorum
1893 2497 1901 2511 ,
1920 2480 1972 2518 qui
1991 2487 2065 2508 eum

1110 2527 1174 2546 non
1185 2516 1284 2546 solum
1295 2517 1524 2557 cognoscerent,
1537 2517 1585 2546 sed
1596 2519 1684 2547 etiam
1697 2519 1890 2557 lacrymantes
1901 2539 1909 2552 ‚
1924 2529 1956 2549 ac
1966 2529 1993 2549 te
2003 2521 2063 2550 iin-

1108 2559 1256 2598 plorantes
1274 2556 1484 2587 defenderent:
1503 2567 1603 2587 tamen
1616 2560 1631 2588 a
1643 2568 1670 2588 te
1681 2579 1690 2591 ,
1712 2559 1945 2598 inspectantibus
1961 2562 2067 2590 omni-

1111 2601 1163 2630 bus
1176 2599 1361 2638 Syracusanis
1373 2619 1381 2631 ,
1403 2599 1491 2628 securi
1501 2598 1649 2638 percussus
1663 2599 1713 2630 cst.
1736 2602 1819 2631 hunc
1828 2612 1946 2642 quoque
1956 2601 2063 2632 testem

1111 2651 1215 2671 meum
1227 2640 1341 2672 refelli,
1362 2640 1394 2669 &
1403 2640 1492 2669 illum
1505 2643 1693 2670 Herennium
1704 2644 1906 2672 Sertorianum
1917 2642 2002 2673 fuisse
2013 2644 2064 2674 abs

1109 2693 1136 2712 te
1148 2680 1343 2711 demonstrari
1358 2702 1366 2714 ,
1386 2681 1417 2710 &
1427 2681 1544 2721 probari
1555 2682 1638 2711 volo.
1671 2683 1752 2724 Qid
1762 2683 1797 2713 de
1809 2684 1859 2714 illa
1869 2685 2062 2715 multitudine
2084 2690 2141 2724 60·

1108 2725 1242 2755 dicemus
1252 2732 1357 2752 eorum
1371 2742 1378 2755 ‚
1390 2732 1440 2762 qui
1452 2743 1459 2756 ,
1472 2721 1610 2763 capitibus
1620 2724 1752 2753 involutas
1761 2745 1769 2757 ,
1788 2727 1820 2755 in
1831 2735 2001 2765 puaffirum,
2014 2737 2062 2757 ca-

1108 2768 1319 2806 ptivorumque
1331 2773 1458 2793 numero
1466 2764 1706 2803 producebantur
1716 2785 1724 2798 ,
1738 2775 1769 2795 ut
1778 2766 1868 2796 securi
1879 2767 2037 2798 ferirentur
2051 2772 2063 2797 ?

1110 2818 1173 2849 qua:
1187 2806 1238 2836 ista
1254 2815 1332 2834 nova
1343 2805 1518 2845 diligentia?
1539 2816 1631 2846 quam
1642 2807 1682 2836 ob
1691 2807 1805 2838 causam
1817 2809 1869 2839 abs
1877 2817 1905 2838 te
1913 2812 2037 2851 cogitata
2049 2813 2062 2839 ἒ

1110 2860 1146 2880 an
1156 2859 1182 2879 tc
1192 2850 1230 2878 L.
1242 2847 1335 2877 Flavii
1346 2866 1354 2880 ,
1374 2856 1600 2888 ceterorumque
1616 2847 1651 2878 de
1661 2850 1697 2880 L·
1711 2850 1869 2880 Herennio
1888 2850 2072 2885 vociferatu>

1972 2902 2061 2922 com-

1149 2981 1178 3000 ”.
1214 2964 1453 3002 Ε’ὣκαῖθησαν.1
1477 2972 1619 2999 Lambinus
1638 2974 1741 3001 invenit
1760 2975 1786 3000 iu
1805 2974 1907 3000 diiobus
1927 2974 1983 3001 inss'.
2003 2974 2063 3003 ἐῶ-

1104 3013 1281 3044 κωώθηπιν.
1303 3015 1437 3051 quomodo
1455 3016 1564 3043 omnino
1584 3017 1725 3053 legendum
1739 3018 1877 3045 contendit
1890 3020 2058 3046 Hotomanus

1104 3058 1150 3083 lib.
1166 3067 1198 3082 11.
1211 3056 1350 3082 observat.
1362 3062 1519 3090 cap.14.in.

1141 3102 1165 3128 3,
1185 3093 1289 3126 anllum
1299 3095 1324 3117 1η
1334 3093 1413 3123 repub.
1425 3100 1546 3124 nimquam
1556 3092 1808 3128 monumentnmfuit]
1828 3092 1972 3123 Lambinus
1986 3102 2058 3120 recc—

1102 3128 1142 3165 pit
1154 3138 1180 3157 111
1191 3134 1347 3157 contextum
1359 3126 1538 3163 coiijesturam
1551 3127 1618 3190 suar?
1632 3136 1776 3157 momentum.

1571 3166 1587 3192 5
1628 3172 1640 3199 3

1959 3173 1981 3191 ,1.
1994 3166 2065 3190 Μετι-
