2337 3400
157 166 251 214 682
565 153 1081 203 M.TU1.L11

502 268 594 328 1st
672 268 1072 328 TULLII

1164 150 1703 197 CicERoN1s

1167 262 1775 324 CioERoNts

162 381 500 465 EPIST
521 380 689 459 OL
707 380 875 458 AR
895 375 1085 457 ΠΜ
1149 394 1258 447 AD
1318 369 2123 462 FAMILIAREIS

652 495 1030 554 LIBER

1141 491 1659 554 SEXTWJ&

1107 600 1224 646 AD

414 709 492 769 A.
546 696 1295 784 ToRQuATuM‚
1362 695 1492 756 ET
1557 694 1896 756 Amos

283 849 526 884 MCICERO
547 849 627 878 sn
651 845 1004 885 A.ToRQrA-ro.

443 914 471 942 T
483 921 495 940 s
507 920 518 940 1
541 919 573 939 ea
591 908 773 949 perturbatio
795 906 838 937 est
857 907 1000 936 omnium
1014 913 1115 935 rerum
1126 923 1135 937 ‚

445 963 476 982 ut
495 953 551 982 suae
574 959 724 992 quemque
742 949 872 979 fortunae
887 947 1023 977 maxime
1036 948 1136 987 poeni-

447 1003 518 1024 teat:
539 1002 691 1032 nemoque
711 989 764 1024 sit,
786 994 795 1009 ¹
816 991 891 1032 quin
906 990 1005 1019 ubivis
1018 1008 1027 1022 ,
1044 989 1135 1030 quam

326 1070 329 1073 Δ
353 1072 405 1101 ·”’Ἆ
447 1078 534 1107 bium
557 1085 622 1105 nou
643 1074 685 1105 est
696 1095 704 1108 ,
724 1077 798 1115 quin
810 1075 1012 1114 hoctempore
1023 1092 1031 1106 ‚
1053 1072 1136 1101 bono

359 1124 365 1131 '
447 1120 515 1148 viro
531 1120 640 1147 Romae
660 1115 717 1146 esse
736 1116 943 1147 miserrimum
966 1113 1007 1144 sit.
1033 1116 1112 1144 Nam
1126 1132 1134 1145 ι

448 1158 509 1193 etsi,
521 1168 713 1200 quocumque
725 1160 758 1188 in
767 1159 835 1188 loco
844 1158 979 1198 quisquis
988 1154 1042 1188 est,
1054 1155 1135 1184 idem

168 1202 220 1243 ⁷est
230 1205 256 1232 ei
267 1203 376 1235 sensus,
390 1202 423 1232 δε
435 1202 539 1232 eadem
550 1201 691 1231 acerbitas
700 1210 739 1230 ex
750 1202 872 1230 interitu
883 1207 981 1228 rerum
994 1198 1026 1226 δε
1036 1196 1137 1237 publi-

177 1254 277 1275 carum
289 1264 296 1277 ,
316 1244 348 1273 &
372 1244 490 1274 suarum
504 1254 509 1272 :
530 1252 650 1273 TAMEN
670 1252 775 1273 ocum
797 1250 934 1271 Ausa-NT
957 1246 1135 1268 nomam:

178 1287 274 1327 quiea
287 1306 295 1319 ‚
315 1295 381 1326 quae
391 1288 479 1316 ceteri
489 1285 615 1316 audiunt
623 1305 632 1318 ‚
644 1286 754 1315 intueri
764 1292 912 1325 coguntur
925 1292 931 1310 τ
942 1291 997 1311 nec
1006 1288 1136 1310 avertere

177 1328 194 1358 a
206 1328 332 1358 miseriis
340 1330 556 1368 cogitationem
567 1325 675 1356 sinunt.
688 1329 784 1368 Qare
794 1324 845 1355 etsi
857 1324 1021 1354 multarum
1031 1331 1136 1352 rerum

179 1368 325 1400 desiderio
337 1378 364 1399 te
375 1372 443 1410 angi
454 1368 567 1400 necefi'e
578 1368 620 1399 est
632 1380 636 1397 ;
646 1378 748 1399 tamen
760 1367 815 1396 illo
824 1367 941 1399 dolore,
951 1375 1024 1405 quo,
1037 1365 1134 1394 maxi-

180 1411 231 1441 me
245 1420 272 1441 te
282 1410 493 1442 conficiaudio
507 1431 515 1445 ,
539 1411 620 1452 quod
631 1413 741 1441 Romae
752 1418 814 1439 non
824 1407 860 1438 fis
873 1428 880 1442 ‚
900 1410 1041 1437 animum
1051 1414 1137 1435 tuum

181 1453 283 1483 libera.
309 1452 368 1483 Etsi
379 1456 464 1483 enim
478 1463 548 1483 cum
561 1463 667 1492 magna
677 1450 817 1481 molestia
826 1459 894 1480 tuos
908 1470 918 1483 ,
945 1457 1054 1489 tuaque
1064 1445 1139 1477 defi-

185 1494 268 1524 deras
290 1505 294 1523 z
314 1505 415 1525 tamen
438 1495 488 1525 illa
505 1495 628 1536 quidem
645 1513 653 1528 ‚
674 1503 740 1534 quae
759 1494 904 1533 requiris,
925 1491 1012 1522 suum
1030 1489 1138 1520 statum

182 1544 304 1567 tenent:
325 1547 382 1567 nec
393 1536 504 1567 melius
515 1557 522 1571 ‚
539 1535 557 1566 fi
569 1545 599 1566 tu
609 1535 718 1566 adesses
731 1555 738 1568 ‚
760 1542 913 1564 tenerent:
932 1543 988 1563 nec
998 1531 1140 1563 suntullo

182 1579 217 1608 in
238 1581 360 1618 proprio
380 1579 525 1618 periculo.
550 1581 616 1608 Nec
632 1578 724 1608 debes
735 1585 765 1607 tu
777 1596 787 1610 ‚
808 1575 880 1606 cum
892 1575 928 1605 de
939 1576 998 1605 tuis
1007 1574 1119 1614 cogitas
1131 1592 1139 1606 ³

182 1629 233 1650 aut
245 1623 424 1660 praecipuam
434 1620 563 1661 aliquam
577 1619 731 1649 fortunam
741 1617 890 1658 postulare
900 1636 908 1652 ,
937 1625 987 1646 aut
997 1625 1141 1646 commu-

182 1671 256 1692 nem
267 1662 407 1692 recusare.
432 1664 479 1692 De
493 1671 521 1692 te
534 1671 632 1692 autem
644 1662 707 1701 ipso
721 1681 728 1693 ,
741 1663 892 1704 Torquate
904 1679 912 1692 ‚
930 1657 972 1688 est
984 1667 1071 1688 tuum
1083 1677 1092 1691 ,
1103 1656 1142 1687 fic

183 1705 291 1744 agitare
299 1706 404 1734 animo
415 1724 423 1737 ‚
443 1713 475 1734 ut
484 1714 548 1734 non
557 1703 694 1733 adhibeas
705 1704 736 1732 in
750 1703 910 1732 confilium
921 1701 1141 1740 cogitationum

182 1754 300 1776 tuarum
312 1746 550 1785 desperationem
561 1765 570 1779 ,
581 1754 631 1775 aut
640 1747 793 1775 timorem.
818 1746 885 1774 Nec
894 1745 978 1773 enim
988 1743 1015 1772 is
1025 1761 1033 1775 ,
1046 1743 1099 1783 qui
1110 1743 1141 1771 in

184 1796 213 1817 te
223 1787 318 1817 adhuc
331 1786 472 1825 injustior
481 1807 490 1821 ,
501 1788 592 1828 quam
602 1796 651 1817 tua
659 1787 786 1827 dignitas
797 1784 961 1826 postulabat
970 1804 978 1818 ‚
989 1783 1067 1817 fuit,
1080 1793 1143 1813 non

183 1838 292 1870 magna
308 1828 387 1870 signa
407 1828 491 1858 dedit
506 1831 603 1859 animi
619 1839 686 1869 erga
701 1837 730 1858 te
749 1829 886 1868 mitigati.
911 1829 977 1856 Nec
996 1834 1098 1856 tamen
1118 1826 1143 1854 is

182 1871 247 1910 ipse
258 1890 266 1903 ‚
278 1870 293 1900 a
315 1880 376 1911 quo
387 1870 462 1900 salus
472 1872 582 1910 petitur
592 1890 600 1903 ‚
622 1871 708 1900 habet
718 1870 894 1909 explicatam
903 1877 952 1898 aut
961 1868 1145 1907 exploratam

184 1914 336 1942 rationem
359 1912 459 1942 salutis
481 1912 549 1942 suae.
573 1922 591 1941 c
604 1922 625 1942 u
639 1922 664 1941 M
677 1921 730 1950 Qu
743 1921 762 1940 E
781 1921 800 1941 o
812 1921 839 1940 M
851 1920 872 1939 N
885 1921 896 1940 1
908 1920 931 1940 u
944 1919 971 1939 M
993 1909 1142 1938 bellorum

186 1956 286 1984 exitus
305 1956 413 1984 incerti
433 1952 490 1984 fint
512 1965 517 1984 2
536 1954 572 1984 ab
581 1954 670 1984 altera
691 1952 883 1983 vic}01·iatibi
897 1951 1065 1991 periculum
1076 1951 1145 1980 nul-

188 1996 255 2025 lum
264 1994 322 2025 effe
332 1996 490 2036 perspicio,
501 1996 583 2037 quod
594 1995 718 2037 quidem
731 1993 903 2035 sejunstum
913 1991 945 2023 sit
954 1993 990 2023 ab
1000 2002 1051 2023 om
1058 1993 1144 2022 nium

188 2039 331 2067 interitu:
349 2038 386 2067 ab
406 2038 494 2067 altera
504 2038 640 2078 teipsum
655 2046 824 2077 numquam
838 2033 971 2066 timuisse
980 2034 1061 2065 certo
1072 2035 1142 2064 scio.

190 2079 356 2120 Reliquum
368 2078 409 2109 est
420 2099 428 2112 ‚
440 2089 472 2110 ut
481 2089 509 2110 te
519 2079 550 2109 id
561 2079 669 2119 ipsum,
679 2078 761 2120 quod
772 2088 827 2119 ego
840 2075 920 2118 quasi
930 2077 1148 2107 consolationis

190 2121 259 2151 loco
270 2131 362 2161 pono,
377 2120 511 2151 maxime
523 2123 674 2152 excruciet
686 2141 694 2153 ‚
714 2130 881 2151 commune
894 2119 1064 2159 periculum
1074 2120 1146 2157 reip.

191 2164 235 2202 cuj
242 2173 274 2192 us
284 2165 358 2193 tanti
369 2164 595 2203 mali,quamvis
604 2162 687 2192 <roffi
700 2164 738 2192 vi.
749 2164 757 2191 i
768 2162 862 2192 multa
871 2161 1086 2194 dicant‚tamen
1095 2170 1148 2190 ve-

191 2214 275 2238 reor,
290 2215 328 2234 ne
338 2206 505 2235 consolatio
519 2205 602 2235 nulla
612 2203 698 2244 poffit
708 2213 775 2233 vera
786 2205 907 2244 reperiri
918 2223 927 2237 ,2
938 2202 1148 2243 praeterillam‚

190 2255 257 2285 qna:
279 2255 358 2276 tanta
378 2245 419 2276 est
430 2267 438 2280 ,
463 2256 612 2287 quantum
635 2248 668 2276 in
686 2246 829 2286 cujusque
840 2247 945 2275 animo
955 2245 1072 2274 roboris
1082 2243 1124 2273 est
1139 2263 1147 2277 ‚

191 2296 278 2328 atque
289 2297 461 2317 nervorum.
488 2299 499 2318 s
514 2299 524 2318 1
544 2299 564 2318 E
575 2298 594 2317 N
608 2299 618 2317 1
631 2298 658 2318 M
678 2299 695 2317 Β
707 2297 724 2316 E
735 2297 756 2316 rr
767 2297 787 2316 E,
806 2288 911 2317 sentire
924 2307 933 2319 ‚
956 2285 1095 2326 recteque
1105 2284 1150 2316 fa-

191 2339 256 2360 cere
268 2348 277 2363 ,
298 2330 365 2359 satis
375 2329 417 2358 est
425 2330 460 2359 ad
471 2329 548 2359 bene
562 2331 705 2369 beateque
712 2329 881 2358 vivendum
895 2339 901 2357 1
929 2332 943 2347 2
953 2338 1016 2357 non
1025 2338 1130 2357 vercor
1142 2347 1150 2361 ‚

194 2381 231 2401 ne
241 2381 322 2404 eum,
333 2371 423 2411 quise
438 2373 626 2411 optimorum
638 2369 833 2400 consiliorum
844 2370 1026 2399 conscientia
1036 2368 1150 2398 susten-

195 2422 254 2443 tare
271 2411 377 2449 posili,
400 2414 542 2443 miserum
562 2410 620 2442 effe
640 2410 721 2441 nefas
744 2409 777 2441 sit
791 2411 898 2441 dicere.
923 2413 988 2439 Nec
1001 2412 1083 2439 enim
1097 2419 1151 2439 nos

194 2455 320 2485 arbitror
341 2453 474 2484 vthoriae
484 2456 615 2494 praemiis
625 2452 731 2483 dufftus
744 2473 753 2486 ‚
776 2454 901 2492 patriam
913 2452 989 2481 olim
1000 2471 1008 2483 ,
1033 2451 1066 2480 δε
1076 2451 1152 2480 hbe-

196 2506 244 2526 ros
256 2516 264 2529 ³
283 2496 315 2526 ὃ(
333 2495 468 2526 fortunas
490 2494 657 2536 reliquiss'e:
676 2494 723 2525 sed
742 2493 896 2535 quoddam
916 2493 1005 2523 nobis
1015 2490 1152 2522 officium

194 2538 308 2577 justum
321 2558 328 2571 ‚
350 2538 382 2567 &
402 2540 488 2577 pium
500 2558 508 2571 ‚
530 2540 562 2567 δε
577 2541 589 2564 3
601 2537 736 2567 debitum
758 2538 830 2575 reip.
840 2534 1007 2575 nostraeque
1016 2534 1154 2574 dignitati

197 2580 375 2610 videbamur
393 2581 492 2621 sequi:
513 2589 568 2610 nec
585 2578 657 2609 cum
678 2579 709 2608 id
730 2577 910 2612 faciebamus
926 2598 934 2609 ‚
955 2586 1015 2607 tam
1038 2585 1155 2606 eramus

199 2631 335 2652 amentes
354 2642 363 2655 ‚
382 2631 416 2651 ut
435 2622 585 2662 explorata
604 2621 694 2651 nobis
715 2618 787 2650 ess‘ct
809 2619 945 2650 viSoeria.
970 2621 1067 2659 Qare
1086 2617 1106 2647 sl
1125 2618 1154 2648 id

200 2672 300 2693 evenit
314 2683 321 2696 ,
341 2663 422 2703 quod
444 2663 682 2709 ingredientibus
700 2662 788 2692 nobis
798 2663 831 2691 in
843 2661 958 2692 causam
970 2658 1154 2700 propositum

200 2704 259 2735 fuit
278 2705 499 2746 acciderepofle
512 2716 517 2734 z
538 2715 603 2736 non
613 2705 806 2735 debemusita
815 2703 918 2734 cadere
927 2705 1038 2733 animis
1048 2722 1056 2736 ,
1078 2702 1156 2743 quasi

210 2840 339 2904 [er'm
349 2841 427 2866 ulmis
438 2860 446 2872 ‚
456 2850 527 2874 quam
538 2843 571 2866 ibi
583 2843 622 2866 nbi
632 2843 667 2867 εΠ
677 2860 685 2871 ,
696 2842 736 2874 effi
747 2840 839 2874 malin]
861 2840 1026 2866 Coucirinior
1037 2838 1108 2865 foret
1119 2839 1162 2864 hic

298 2877 422 2902 *arationis
443 2877 599 2912 complexus
620 2877 637 2902 ii
656 2875 825 2910 obtemperes
845 2875 899 2901 Pal.
930 2883 1019 2911 quart.
1044 2874 1110 2901 illud
1130 2877 1163 2900 ibi

207 2910 314 2946 longum
339 2912 526 2946 iehzgintibus.
546 2912 636 2948 paullo
653 2913 707 2948 post
720 2911 804 2938 refert
816 2911 871 2937 Pal.
882 2919 946 2938 tert.
957 2913 1039 2938 (ji-ut.
1058 2913 1115 2945 quin
1124 2913 1163 2936 hoc

207 2956 302 2979 itm-scre·
313 2949 365 2972 hono
375 2951 445 2973 Rom
455 2950 494 2982 effic
507 2950 695 2981 mise'frimumfit
706 2959 713 2974 :
731 2947 836 2974 cxcussb
848 2947 895 2973 illo
905 2951 970 2974 viro.

246 2993 272 3009 2.
293 2986 344 3008 Non
354 2992 438 3007 ἀι-γεω·
450 3003 456 3013 ‚
476 2994 503 3009 m·
514 2994 562 3010 eum
575 3004 582 3014 ,
601 2986 671 3018 ‹11⁴le
680 2987 758 3017 optim.
770 2986 908 3017 confiliorum
918 2980 995 3017 confi]
1016 2981 1093 3009 Solus
1106 2982 1163 3009 Pal.

207 3019 403 3053 Gv1i132.'.gii.¹):·¹rt
416 3019 444 3044 τὸ
454 3029 498 3044 non
508 3032 515 3049 ‚·
527 3021 621 3056 reliqui
634 3027 791 3055 quatuor-‚ut
804 3020 830 3045 ἃ
845 3021 1091 3050 Gi·uteri.1nus‚trcs
1106 3020 1164 3045 Gu-

208 3055 334 3081 neumam
350 3073 357 3083 ,
378 3054 460 3089 prima
473 3055 554 3081 editio
565 3066 594 3082 ae
604 3056 716 3082 Victorii
728 3063 780 3092 prm
791 3055 814 3081 se
825 3055 933 3083 ferunt:
957 3064 998 3081 nos
1012 3057 1096 3090 majori
1115 3064 1166 3081 tor:-

202 3092 241 3123 1221
249 3092 399 3124 ‘associomur
406 3093 555 3122 sraebsrirrms.

244 3136 254 3161 ζ,
265 3148 267 3151 .
289 3129 439 3158 [λῠίιιιηιιῃιε
450 3135 508 3157 κιρ.
528 3129 650 3159 ηοᾳίῑνπιμιε
660 3127 771 3159 dignitati
779 3127 995 3161 videbamnrfiqui
1006 3138 1011 3152 :
1032 3136 1072 3152 nec
1081 3136 1131 3153 cum
1143 3127 1169 3152 id

200 3164 268 3195 fata]
292 3164 330 3189 1,;r
341 3162 426 3187 edidit
439 3162 572 3188 x'ietoms
584 3171 695 3196 eumque
709 3162 833 3197 sequutus
847 3163 971 3189 Lambini.
994 3173 1078 3199 neque
1089 3164 1167 3189 aliter

203 3199 229 3225 ir.
242 3199 380 3225 wemno.
401 3197 461 3225 Mis.
475 3198 515 3224 uic
525 3199 641 3233 corrupti
654 3198 722 3224 lunt.
743 3208 856 3234 quorum
868 3199 937 3226 Pau.
950 3208 992 3235 pr.
1004 3207 1067 3227 tert.
1079 3199 1167 3234 quint.

447 1036 508 1068 ibi,
528 1033 651 1066 ubiest‚
670 1031 730 1063 effe
749 1033 851 1063 malit:
875 1041 975 1062 tamen
992 1030 1150 1060 mihidu:

1181 821 1294 864 aliquid
1314 823 1465 855 evenerit,
1482 821 1564 864 quod
1587 821 1650 852 fieri
1671 821 1753 862 posse
1771 831 1938 864 numquam
1956 819 2130 863 putarImus.

1180 869 1196 891 4
1207 866 1307 895 Simus
1317 866 1407 906 igitur
1415 874 1448 894 ea
1459 873 1559 894 mente
1571 885 1579 898 ,
1600 863 1658 905 qua
1668 867 1742 895 ratio
1755 865 1787 895 δε
1797 875 1895 895 virtus
1904 865 2062 905 praescribit
2073 885 2082 898 ‚
2103 873 2136 895 ut

1181 907 1259 936 nihil
1271 908 1301 936 in
1312 916 1373 936 vita
1383 906 1471 936 nobis
1483 906 1680 946 praestandum
1691 926 1700 940 ‚
1710 917 1812 946 praeter
1821 907 1939 947 culpam
1951 927 1959 940 ‚
1971 916 2111 946 putemus
2125 916 2131 935 ε

1181 958 1270 989 eaque
1287 947 1358 978 cum
1369 958 1519 978 careamus
1531 968 1539 981 ‚
1562 951 1667 978 omnia
1676 950 1807 978 humana
1816 949 1926 988 placate
1941 949 1974 978 δε
1985 948 2136 979 moderate

1179 990 1272 1020 feram
1279 1000 1321 1020 us.
1345 993 1442 1030 Atque
1453 992 1516 1020 haec
1526 988 1562 1019 eo
1573 992 1702 1030 pertinet
1712 992 1806 1020 oratio
1819 1010 1827 1024 ,
1848 999 1881 1020 ut
1895 1011 1903 1024 ‚
1914 990 2036 1030 perditis
2047 990 2136 1020 rebus

1180 1032 1325 1062 omnibus
1341 1052 1349 1065 ‚
1376 1040 1478 1062 tamen
1498 1032 1559 1071 ipsa
1576 1034 1671 1062 virtus
1691 1032 1717 1062 se
1728 1031 1885 1062 sustentare
1894 1030 1976 1072 poss'e
1986 1032 2136 1062 videatur.-

1179 1073 1236 1104 Sed
1249 1093 1257 1106 ‚
1279 1072 1299 1102 si
1310 1072 1352 1102 est
1363 1073 1531 1116 spes-aliqua
1541 1074 1626 1103 rebus
1637 1074 1857 1104 communibus
1871 1084 1920 1107 ‚ea
1930 1082 1960 1103 tu
1973 1093 1981 1106 ‚
1997 1076 2138 1114 quicum·
2181 1070 2185 1074 ’

1179 1124 1235 1155 que
1254 1113 1343 1144 status
1361 1114 1403 1144 est
1421 1116 1537 1143 iuturus
1547 1134 1555 1148 ‚
1576 1125 1672 1145 carere
1682 1125 1745 1145 non
1755 1115 1854 1145 debes.
1878 1118 1975 1155 Atque
1986 1117 2047 1145 haec
2059 1115 2139 1145 mihi

1182 1155 1321 1185 scribenti
1341 1156 1479 1185 veniebat
1497 1157 1529 1184 in
1550 1165 1685 1186 mentem
1706 1176 1714 1190 ‚
1734 1166 1783 1186 me
1801 1167 1872 1186 eum
1893 1156 1950 1187 ess'e
1969 1177 1978 1190 ‚
2001 1158 2086 1197 cujus
2104 1165 2136 1186 tu

1181 1197 1418 1237 desperationem
1437 1197 1569 1227 accusare
1580 1197 1684 1227 solitus
1693 1196 1764 1227 esses
1778 1208 1784 1226 t
1804 1207 1954 1238 quemque
1965 1198 2138 1228 audierimus

1182 1248 1230 1269 tua
1258 1238 1451 1269 cunctantem
1470 1238 1503 1268 &
1524 1237 1716 1269 diffidentem
1739 1241 1878 1269 excitare.
1926 1242 1995 1280 Qo
2013 1240 2140 1280 quidem

1182 1290 1318 1321 tempore
1337 1291 1401 1310 non
1420 1290 1475 1322 ego
1495 1281 1610 1311 causam
1621 1280 1752 1311 nostram
1765 1302 1774 1314 ‚
1797 1281 1844 1311 sed
1853 1280 2013 1312 confilium
2026 1285 2142 1321 impro-'

1182 1323 1299 1353 babam.
1323 1322 1395 1353 Serb
1412 1326 1497 1353 enim
1516 1332 1572 1353 nos
1591 1325 1629 1353 iis
1637 1325 1728 1354 armis
1739 1322 1882 1353 adversari
1891 1323 2048 1357 videbam,
2073 1329 2141 1363 quae

1182 1366 1281 1396 multo
1299 1364 1367 1395 ante
1386 1363 1563 1396 confirmata
1580 1374 1632 1405 per
1650 1365 1851 1404 nosmetipsos
1868 1374 1965 1395 erant:
1985 1364 2143 1395 dolebam-

1181 1416 1239 1448 que
1251 1427 1258 1439 ,
1278 1407 1348 1446 pilis
1368 1406 1400 1437 &
1417 1406 1541 1448 gladiis,
1562 1416 1625 1436 non
1636 1405 1768 1436 consiliis
1781 1426 1789 1440 ‚
1810 1416 1906 1447 neque
1915 1405 2145 1437 a11&oritatibus

1182 1448 1293 1481 nostris
1301 1448 1337 1479 de
1345 1449 1411 1488 jure
1420 1448 1543 1488 publico
1553 1448 1718 1489 disceptari.
1742 1450 1850 1489 Neque
1859 1458 1914 1490 ego
1924 1458 1956 1478 ea
1967 1468 1977 1481 ,
1988 1458 2053 1489 quae
2066 1447 2143 1478 saffica

1184 1491 1252 1521 sunt
1265 1510 1272 1524 ,
1293 1490 1358 1520 fore
1367 1490 1439 1520 cum
1450 1490 1587 1520 dicebam
1598 1509 1606 1524 ‚
1622 1489 1796 1520 divinabam
1806 1489 1905 1521 futura
1916 1500 1921 1519 :
1934 1489 1982 1520 sed
1995 1510 2003 1523 ‚
2015 1489 2096 1530 quod
2110 1489 2144 1519 &

1185 1531 1249 1562 fieri
1267 1530 1350 1572 poffe
1361 1552 1370 1566 ‚
1389 1532 1422 1562 &
1437 1532 1602 1562 exitiosum
1613 1531 1678 1562 fore
1690 1552 1698 1565 ,
1717 1529 1909 1565 sieveniffet‚
1930 1531 2088 1562 videbam:
2110 1530 2143 1561 id

1186 1584 1223 1604 ne
1232 1574 1394 1608 accideret,
1414 1574 1559 1605 timebam
1573 1574 1751 1613 :praesertim
1763 1573 1835 1604 cum
1848 1594 1857 1607 ,
1881 1572 1902 1603 s1
1912 1574 1990 1603 mihi
1999 1573 2145 1603 alterum-

1186 1625 1286 1647 utrum
1297 1617 1333 1646 de
1341 1625 1450 1646 eventu
1460 1625 1545 1657 atque
1556 1619 1640 1646 exitu
1652 1626 1752 1646 rerum
1762 1615 2004 1656 promittendum
2015 1613 2098 1648 esset,
2110 1613 2143 1645 id

1186 1658 1333 1692 futurum,
1345 1658 1426 1699 quod
1438 1660 1558 1693 evenit,
1570 1658 1754 1699 exploratius
1764 1656 1877 1698 postem
1888 1659 2076 1697 promittere.
2100 1657 2144 1686 Iis

1186 1704 1272 1730 enim
1296 1700 1384 1731 rebus
1400 1699 1628 1741 praestabamus,
1651 1710 1716 1741 quae
1735 1709 1797 1730 non
1812 1700 1963 1740 prodeunt
1981 1701 2014 1728 in
2025 1700 2119 1729 aciem
2135 1707 2142 1727 ε

1188 1743 1242 1773 usu
1253 1750 1353 1772 autem
1365 1742 1569 1776 armorum,&
1579 1743 1716 1772 militum
1727 1742 1834 1772 robore
1847 1740 2004 1771 inferiores
2015 1749 2146 1770 eramus·-

1186 1785 1243 1815 Sed
1258 1794 1288 1814 tu
1302 1785 1391 1814 illum
1404 1787 1543 1815 animum
1557 1794 1638 1814 nunc
1656 1783 1765 1815 adhibe
1777 1804 1786 1817 ‚
1805 1783 1904 1824 quaeso
1914 1803 1923 1816 ‚
1940 1793 2006 1824 quo
2016 1790 2144 1812 metum

1187 1824 1244 1856 effe
1254 1835 1391 1866 oportere
1401 1826 1548 1857 censebas.
1572 1828 1646 1856 Haec
1654 1824 1691 1855 eb
1700 1823 1895 1865 scri-pstqubd
1906 1826 1982 1854 mihi
1995 1824 2146 1865 Philargy-

1188 1878 1236 1898 rus
1257 1877 1325 1898 tuus
1346 1870 1451 1898 omnia
1470 1868 1507 1898 de
1525 1877 1553 1898 te
1576 1870 1762 1909 requirenti,
1788 1864 1957 1897 fideliffimo
1968 1867 2073 1896 animo
2092 1870 2146 1904 (ut

1190 1911 1268 1940 mihi
1285 1909 1410 1951 quidem
1428 1910 1510 1940 visus
1527 1909 1589 1949 est)
1610 1911 1759 1943 narravit,
1779 1917 1807 1940 te
1817 1908 1970 1939 interdum
1981 1908 2148 1938 sollicitum

1191 1952 1284 1982 solere
1302 1950 1361 1982 effe
1380 1951 1610 1982 vehementius:
1630 1952 1712 1992 quod
1722 1950 1815 1981 facere
1825 1960 1889 1985 non
1898 1949 2008 1984 debes,
2027 1949 2151 1980 necdu-

1192 1994 1283 2024 bitare
1295 2014 1304 2027 ‚
1323 1996 1397 2034 quin
1415 2003 1464 2024 aut
1481 1995 1579 2035 aliqua
1592 2003 1650 2034 rep.
1664 1992 1699 2023 [ιε
1714 1993 1842 2027 futurus,
1854 1995 1906 2033 qui
1916 1990 1974 2022 effe
1982 1991 2072 2022 debes
2083 2001 2088 2020 :
2099 1999 2151 2020 aut

1191 2036 1306 2076 perdita
1328 2055 1336 2068 ‚
1359 2046 1422 2066 non
1442 2035 1599 2066 affiictiore
1616 2035 1793 2066 conditione
1812 2055 1820 2069 ,
1838 2037 1930 2075 quam
1949 2035 2047 2064 ceteri.
2080 2035 2149 2063 Hoc

1192 2077 1265 2108 vero
1284 2086 1402 2117 tempus
1414 2099 1421 2112 ,
1442 2088 1502 2119 quo
1513 2079 1679 2109 exanimati
1692 2087 1819 2111 omnes,
1840 2073 2148 2117 &suspenfisumuffi

1194 2120 1250 2150 hoc
1259 2120 1460 2150 moderatiore
1472 2122 1575 2151 animo
1585 2119 1661 2149 ferre
1672 2119 1772 2153 debes,
1783 2117 1866 2160 quod
1877 2119 1910 2148 &
1927 2120 1961 2148 in
1972 2117 2044 2147 urbe
2054 2126 2087 2146 ea
2095 2125 2126 2145 es
2136 2133 2146 2148 ‚

1193 2162 1245 2192 ubi
1264 2171 1329 2192 nata
1341 2162 1374 2192 &
1383 2163 1439 2192 alta
1451 2161 1494 2192 est
1502 2164 1578 2192 ratio
1588 2181 1597 2195 ‚
1618 2171 1651 2192 ac
1661 2161 1829 2191 moderatio
1839 2162 1908 2191 vitae
1920 2169 1926 2189 z
1945 2160 1978 2190 &
1989 2159 2078 2189 habes
2087 2160 2153 2187 Ser.¹

1192 2205 1359 2243 Sulpicium
1371 2222 1380 2238 ‚
1398 2213 1490 2244 quem
1511 2204 1626 2243 semper
1645 2203 1733 2233 unice
1744 2202 1878 2232 dilexisti
1894 2212 1899 2230 ε
1913 2202 2002 2242 quite
2011 2197 2150 2239 profeffi>

1196 2246 1228 2275 Sc
1247 2240 1455 2280 benifflntia
1467 2265 1476 2279 ‚
1498 2246 1531 2276 &
1553 2246 1695 2285 sapientia
1704 2245 1882 2274 consolatur.
1893 2243 1978 2282 cujus
1988 2240 2008 2271 fi
2022 2238 2151 2271 essemus

1195 2288 1229 2318 &
1250 2286 1459 2318 austeritatem
1483 2287 1516 2318 δε
1534 2285 1695 2317 confilium
1709 2286 1917 2325 scentiztogati
1927 2282 2029 2324 potius
2042 2291 2152 2323 poten-

1194 2331 1267 2359 tiam
1279 2349 1287 2362 ,
1306 2329 1397 2369 quiim
1417 2329 1521 2359 armati
1540 2327 1701 2359 victoriam
1720 2325 1910 2356 subiffemus.
1933 2325 1989 2355 Sed
2009 2324 2154 2354 haeclon-

1193 2372 1276 2410 giora
1284 2369 1401 2400 fortass'e
1411 2370 1534 2399 fuerunt
1544 2388 1552 2402 ‚
1564 2369 1654 2409 quiam
1667 2366 1782 2397 necefl‘e
1790 2367 1849 2397 fuit
1864 2378 1869 2396 :
1884 2368 1935 2396 illa
1945 2387 1953 2400 ,
1964 2377 2029 2408 quae
2041 2366 2155 2406 majora.

1195 2412 1263 2441 sunt
1273 2431 1282 2444 ,
1300 2411 1422 2441 brevius
1431 2420 1592 2450 exponam.
1628 2412 1691 2450 Ego
1706 2409 1812 2442 habeo,
1823 2411 1870 2439 cui
1880 2409 1946 2449 plus
1958 2429 1965 2443 ‚
1985 2409 2075 2450 quam
2086 2407 2161 2441 tibi,

1196 2452 1319 2482 debeam
1332 2472 1340 2486 ,
1362 2453 1530 2482 neminem.
1550 2451 1659 2492 quibus
1683 2460 1798 2481 tantum
1818 2451 1983 2484 debebam,
2006 2458 2156 2491 quantum.

1197 2503 1230 2523 tu
1254 2494 1399 2534 intelligis
1409 2513 1419 2527 ,
1437 2503 1487 2523 cos
1516 2496 1595 2523 mihi
1614 2493 1702 2532 hujus
1712 2493 1877 2523 bellicasus
1885 2494 2003 2532 eripuit.
2028 2494 2087 2533 Qi
2099 2489 2155 2521 sim

1198 2544 1298 2565 autem
1318 2537 1374 2565 hoc
1385 2545 1519 2575 tempore
1531 2556 1539 2568 ‚
1563 2536 1708 2576 intelligo.
1720 2534 1768 2564 sed
1780 2537 1850 2575 quia
1871 2544 1890 2563 N
1904 2544 1924 2563 r:
1935 2544 1961 2563 M
1973 2544 1992 2564 o
2010 2543 2030 2563 r:
2040 2544 2052 2563 s
2063 2544 2083 2563 τ
2095 2542 2160 2563 tam

1199 2576 1329 2607 afflietus
1340 2597 1347 2611 ‚
1361 2581 1373 2604 5
1383 2579 1446 2618 qui,
1459 2576 1479 2606 fi
1488 2577 1566 2606 nihil
1581 2576 1661 2606 aliud
1675 2575 1794 2610 studeat,
1808 2574 1863 2606 nisi
1876 2576 1907 2606 id
1917 2575 2000 2617 quod
2010 2577 2081 2616 agit,
2091 2583 2158 2604 non

1205 2617 1290 2660 possit
1300 2629 1406 2649 navare
1416 2618 1528 2660 aliquid
1540 2639 1548 2653 ,
1570 2619 1602 2649 &
1614 2617 1728 2649 efficere
1741 2629 1746 2647 :
1767 2628 1860 2648 omne
1871 2627 1975 2648 meum
1985 2615 2158 2649 confilium,

1204 2671 1324 2701 operam
1335 2682 1343 2696 ‚
1354 2660 1500 2695 studium,
1513 2670 1591 2691 certe
1605 2661 1698 2691 velim
1712 2659 1867 2691 existimes
1876 2659 1944 2693 tibi,
1956 2658 2071 2699 tuisque
2083 2656 2161 2688 libe-

1207 2714 1246 2734 ris
1257 2702 1314 2734 effe
1324 2704 1472 2735 debitum.
2155 2698 2159 2703 ’

2016 2744 2062 2771 Μ.
2074 2743 2112 2772 T.
2124 2743 2159 2772 C.

1205 2840 1287 2866 Grut.
1308 2840 1439 2865 cide'batur
1447 2839 1552 2871 ‚sedqui
1560 2847 1610 2864 nuc.
1630 2839 1715 2872 prima
1725 2836 1820 2866 editio.
1831 2836 1887 2862 1³2¹.
1898 2836 1947 2862 sec.
1959 2836 2042 2862 Peck.
2053 2835 2098 2870 fid
2105 2839 2166 2870 quia

1204 2885 1254 2901 nec.
1275 2882 1364 2912 quart.
1378 2875 1421 2908 ssd
1430 2874 1487 2908 quid
1494 2881 1547 2899 nec.
1568 2872 1649 2907 vulg&
1668 2882 1674 2902 ·,
1693 2873 1835 2898 videbatur:
1855 2875 1897 2907 qui
1905 2881 1977 2906 mque
1986 2872 2036 2897 crim
2045 2873 2071 2897 id
2080 2873 2135 2905 fac.

1241 2919 1269 2944 4.
1287 2913 1447 2944 Simus-igitur
1457 2918 1484 2935 ca
1492 2915 1566 2934 mente
1577 2927 1585 2940 ‚
1603 2908 1652 2942 quei
1662 2911 1722 2933 satio
1739 2908 1860 2937 &virma-
1873 2908 2027 2942 pne-scribit]
2045 2907 2088 2934 Sic
2105 2908 2166 2935 Pal.

1207 2946 1254 2973 sec.
1269 2947 1445 2974 Gruterianus
1465 2953 1570 2981 quoque
1590 2943 1620 2969 ad
1641 2952 1713 2969 oram
1734 2946 1827 2969 virtue.
1849 2944 1944 2970 tertius
1963 2952 2028 2970 vero
2048 2943 2104 2971 Pal.
2115 2943 2166 2979 qni

1207 2993 1259 3010 non
1270 2992 1353 3018 qnam.
1374 2981 1456 3017 vulgo
1471 3001 1478 3013 ‚
1488 2989 1559 3015 quam
1570 2981 1630 3004 ratio
1639 2979 1668 3010 ἐφ’
1680 2981 1770 3004 veritas
1776 2980 1855 3013 Αρναψὶκ
1876 2979 1940 3016 quid
1950 2987 2012 3016 agat
2020 2979 2063 3006 hic
2071 2983 2167 3006 verim·

1208 3029 1259 3046 non
1271 3018 1412 3054 excogito:
1436 3016 1472 3043 est
1483 3025 1516 3042 cx
1528 3014 1685 3051 compendio
1696 3023 1755 3042 nata
1765 3023 1827 3042 vox,

1246 3063 1272 3088 5.
1292 3056 1356 3086 Qin
1368 3073 1375 3084 ,
1384 3053 1545 3086 finil21'la.st.
1557 3053 1600 3084 rrtfr
1611 3070 1617 3082 ,
1636 3059 1661 3076 ιιι
1671 3051 1730 3085 quod
1739 3053 1787 3082 agit
1801 3053 1876 3085 ,pfft
1886 3052 2008 3086 navare]
2029 3052 2073 3077 Sic
2082 3050 2168 3078 edidit

1208 3100 1241 3117 ex
1254 3089 1327 3116 Med.
1339 3089 1485 3119 Victorius,
1497 3086 1673 3123 spernuntque
1683 3097 1774 3113 omues
1785 3087 1855 3113 l’all.
1865 3097 1920 3119 non,
1931 3096 1991 3114 ante
1999 3090 2071 3122 poffit.
2083 3096 2168 3123 neque

1208 3126 1277 3152 secus
1290 3125 1324 3151 est
1335 3125 1360 3150 in
1373 3124 1458 3150 vatic.
1480 3125 1537 3149 1²21.
1550 3131 1635 3149 minen
1650 3122 1688 3148 sec
1718 3132 1764 3158 pro
1775 3127 1823 3156 agit
1832 3131 1888 3156 eget.
1908 3125 2017 3150 'rer-tius
2029 3143 2036 3155 ,
2056 3125 2170 3150 Gruter.

1211 3160 1343 3187 stewech.
1354 3163 1413 3192 ergit.
1437 3160 1534 3185 Mirum
1546 3168 1634 3187 minen
1647 3158 1785 3187 ostendunt
1797 3159 1963 3196 scripturam,
1973 3161 2034 3195 quod
2042 3160 2171 3193 agit‚poffit

1210 3206 1299 3224 noware
1311 3196 1402 3231 aliqud
1411 3207 1434 3227 0:
1450 3199 1523 3230 after
1531 3205 1550 3222 ·:.

2091 3232 2175 3256 LK:
