2337 3400
186 163 283 224 632

452 147 1176 205 hiTXcicanouisqu.

1200 148 1901 202 SALLusT.RaspoNs1m

186 242 307 273 edocuit
325 261 333 275 ‚
359 240 475 281 Jupiter
490 238 626 278 optimus
653 236 808 266 maximus
825 237 859 264 in
884 232 1054 264 concilium
1072 229 1147 261 deo·
1190 238 1246 260 nos
1258 229 1442 270 appellabas,
1460 240 1567 263 eorum
1581 243 1663 266 nunc
1679 236 1821 275 potentiae
1832 235 1938 267 faves?
1957 234 2010 277 qui
2020 234 2074 267 tibi
2084 234 2152 269 ante

189 294 257 314 rum
283 280 400 313 admisit
421 300 430 314 ,
458 280 544 311 Italia
570 278 705 309 exsulem
734 277 869 306 humeris
891 276 951 306 suis
978 274 1146 314 reportavit.

192 328 253 354 Oro
264 334 291 354 te
302 344 310 358 ‚
327 322 461 354 Romule
479 322 606 362 Arpinas
618 339 626 354 ,
645 321 697 361 qui
714 320 829 359 egregia
841 326 891 348 tua
901 318 1012 347 virtute
1028 317 1151 346 omneis

191 366 296 396 Paulos
313 385 320 398 ,
344 366 498 404 Scipiones
517 383 525 397 ,
547 361 655 393 Fabios
672 360 809 401 superasti
824 379 832 393 ‚
851 368 944 400 quem
965 357 1086 389 tandem
1105 357 1152 387 lo-

192 417 264 438 cum
281 409 314 437 in
332 407 386 436 hac
403 407 523 436 civitate
539 404 659 434 obtines
679 404 689 430 ?
713 412 779 442 qua:
801 401 857 431 tibi
885 409 979 441 partes
996 401 1070 440 reip.
1089 398 1153 439 pla-

189 458 259 479 cent
277 452 288 477 ἓ
308 457 399 489 quein
418 449 551 478 amicum
569 465 577 480 ,
595 455 687 485 quem
705 445 868 474 inimicum
887 442 997 472 habes?
1015 443 1064 471 cui
1082 439 1154 471 insi-

191 490 255 520 dias
266 491 297 520 in
311 491 429 521 civitate
446 487 540 519 fecisti
554 507 562 521 ,
579 487 738 516 ancillaris?
762 495 824 526 quo
839 485 908 525 jure
919 503 928 519 ,
948 493 1018 514 cum
1033 483 1069 513 de
1079 480 1155 513 exfi-

194 532 238 562 110
259 541 311 563 tuo
330 531 521 573 Dyrrhachio
541 528 677 563 rediisti,
695 537 768 559 eum
788 527 943 569 sequeris?
961 535 1038 568 quos
1057 533 1157 566 tyran-

487 643 585 704 us
683 643 1086 704 TULLII

1190 280 1350 312 optimates
1359 272 1555 321 videbantur,
1573 275 1694 308 eosdem
1711 288 1792 308 nunc
1806 277 1993 312 dementeis,
2015 288 2047 308 ac
2056 277 2154 309 furio-

1193 314 1240 361 sos
1258 323 1346 344 vocas
1358 318 1369 344 ἒ
1389 316 1505 363 Vatinii
1515 316 1633 361 causam
1644 320 1705 359 agis
1716 319 1774 350 ?de
1784 322 1887 351 Sextio
1899 319 1977 350 male
1989 318 2156 351 existimas?

1194 355 1337 386 Bibulum
1361 355 1605 406 petulantislimis
1623 360 1722 390 verbis
1742 361 1848 392 laedis?
1870 361 1970 392 laudas
1988 362 2131 393 Caesarem
2143 364 2157 393 .’

1193 407 1286 444 quem
1300 407 1436 428 maxime
1447 397 1536 428 odisti
1547 418 1556 432 ‚
1568 401 1596 429 ei
1606 402 1740 432 maxime
1752 402 1923 445 obsequeris
1938 407 1950 433 ,²
1969 403 2051 434 aliud
2062 402 2155 437 stans.

1195 439 1276 469 aliud
1298 439 1419 473 sedens,
1436 439 1474 470 de
1492 449 1550 480 rep.
1571 441 1683 481 sentis?
1705 444 1751 473 his
1765 445 1920 476 maledicis
1933 465 1941 480 ,
1962 445 2033 476 illos
2045 444 2155 479 odisti.

1197 479 1348 554 {ffiffme
1358 480 1525 523 transfuga,
1543 491 1641 523 neque
1651 485 1684 516 in
1694 485 1767 520 hac,
1787 496 1886 530 neque
1899 487 1952 521 illa
1969 496 2048 530 parte
2061 486 2157 520 fidem

1185 637 1822 702 thERoutffi

200 826 718 919 FALso
857 730 2162 991 INUsIZCRIBITuR,

296 1032 725 1100 CRISPUM
789 1022 1418 1091 SALLUSTIUM
1486 1027 2070 1094 RESPONSIO.

478 1168 506 1196 A
522 1174 650 1195 nauum
667 1171 773 1205 magna
794 1160 933 1202 voluptas
944 1158 1003 1193 est,
1026 1161 1059 1190 C.
1071 1158 1167 1190 Sallu—

478 1208 514 1238 sti
525 1227 533 1241 ‚
545 1207 690 1248 aequalem
701 1226 710 1239 ,
731 1215 763 1235 ac
773 1214 874 1245 parem
885 1203 985 1233 verbis
994 1203 1087 1232 vitam
1097 1211 1166 1241 age-

307 1244 360 1283 (Ἄ,
382 1256 388 1260 ’
421 1260 435 1283 3
476 1260 507 1280 re
520 1260 525 1278 z
543 1258 643 1289 neque
659 1247 824 1288 quidquam
845 1255 906 1275 tam
924 1244 1098 1274 obscaenum
1119 1241 1166 1271 di-

382 1299 385 1310 ·
407 1293 443 1332 J‘U'
476 1302 562 1325 cere,
584 1291 631 1321 cui
643 1299 707 1319 non
715 1289 751 1319 ab
763 1289 854 1318 initio
864 1287 999 1327 pueritiae
1018 1285 1106 1315 omni
1115 1293 1166 1325 ge-

381 1335 389 1350 ”
432 1352 434 1354 -
477 1343 548 1365 nere
564 1331 706 1363 facinoris
730 1340 798 1361 aetas
827 1338 876 1359 tua
901 1326 1077 1367 respondeat
1098 1336 1104 1355 :
1133 1334 1166 1355 ut

431 1392 447 1416 'a
479 1375 583 1406 omnis
601 1375 697 1404 oratio
715 1371 852 1402 moribus
877 1370 1036 1400 consonet.
1068 1377 1165 1409 neque

480 1419 564 1448 enim
575 1418 627 1457 qui
637 1418 677 1446 ita
688 1416 764 1445 vivit
776 1435 784 1448 ,
799 1422 831 1443 ut
840 1421 883 1446 tu,
896 1413 999 1446 aliter,
1011 1420 1044 1441 ac
1054 1418 1085 1440 tu
1097 1430 1105 1443 ,
1120 1411 1167 1439 lo-

205 1463 258 1502 qui
270 1460 383 1502 potest:
403 1470 500 1502 neque
510 1461 564 1501 qui
577 1468 638 1489 tam
656 1458 746 1487 illoto
757 1456 895 1487 sermone
905 1455 1015 1487 utitur,
1034 1454 1098 1483 vita
1106 1452 1167 1482 ho-

206 1503 319 1534 nestior
331 1503 384 1534 est.
407 1502 476 1544 Qo
488 1512 537 1531 me
547 1509 674 1533 vertam,
686 1502 716 1530 P.
727 1501 760 1529 C.
773 1499 783 1525 ?
802 1497 882 1527 unde
891 1497 1014 1526 initium
1027 1495 1144 1525 sumam
1157 1495 1168 1523 ?

209 1547 308 1585 majus
321 1547 405 1575 enim
417 1545 494 1574 mihi
503 1542 624 1573 dicendi
637 1550 716 1572 onus
725 1540 896 1580 imponitur
907 1558 916 1572 ,
932 1547 994 1578 quo
1011 1538 1114 1567 notior
1122 1533 1166 1565 est

204 1597 330 1628 uterque
340 1585 495 1616 nostrum:
517 1583 599 1625 quod
609 1592 658 1614 aut
676 1581 696 1612 fi
708 1582 745 1612 de
762 1591 830 1611 mea
849 1581 929 1613 vita,
950 1587 1037 1620 atque
1052 1577 1167 1608 astibus

207 1630 280 1659 huic
290 1629 489 1659 conviciatori
507 1625 688 1666 respondero
699 1643 708 1658 ,
727 1622 875 1653 invidiam
893 1621 989 1663 gloria
1004 1619 1170 1660 consequa-

208 1680 275 1702 tur:
297 1679 358 1704 aut,
369 1668 388 1699 fi
399 1670 488 1709 hujus
497 1667 573 1698 saera
582 1686 591 1701 ,
605 1675 706 1696 mores
718 1685 727 1699 ‚
737 1674 863 1695 omnem
877 1672 992 1693 aetatem
1003 1661 1166 1694 nudavere,

208 1714 243 1744 in
255 1712 337 1743 idem
346 1713 457 1741 vitium
469 1709 600 1740 incidam
610 1709 804 1749 procacitatis,
814 1705 896 1747 quod
909 1706 979 1735 huic
989 1703 1113 1743 objicio.
1133 1702 1168 1732 Id

209 1764 277 1788 vos,
288 1753 308 1783 sl
318 1753 396 1784 forte
407 1750 613 1784 offendimini,
622 1748 732 1790 justius
743 1750 812 1788 huic
823 1767 831 1782 ‚
842 1747 935 1788 quam
947 1747 1035 1780 mihi,
1045 1744 1169 1775 succen-

211 1796 273 1828 sere
283 1796 409 1829 debetis,
421 1796 473 1835 qui
483 1795 605 1823 initium
617 1791 796 1822 introdumt.
819 1793 883 1831 Ego
894 1788 972 1819 dabo
981 1797 1103 1828 operam
1117 1807 1125 1819 ,
1137 1795 1171 1816 ut

211 1839 246 1869 δε
260 1848 315 1878 pro
334 1847 383 1867 me
401 1837 535 1866 minimo
550 1844 620 1865 cum
632 1833 752 1864 fastidio
766 1831 961 1872 respondeam
972 1850 980 1864 ,
1000 1830 1034 1859 &
1046 1831 1078 1859 in
1090 1829 1171 1858 hunc

211 1879 345 1911 minime
355 1886 501 1908 mentitus
510 1875 568 1907 esse
578 1876 688 1906 videar.
699 1877 768 1906 Scio
779 1884 840 1907 me,
852 1876 883 1904 P.
896 1875 928 1903 C.
940 1875 972 1902 in
982 1870 1169 1910 responden-

209 1923 251 1953 do
263 1932 325 1952 non
335 1921 441 1951 habere
456 1928 594 1961 magnam
606 1916 860 1957 exspe&ationem
872 1930 881 1948 ς
892 1912 974 1955 quod
982 1913 1105 1943 nullum
1115 1921 1171 1941 vos

210 1964 307 1995 sciatis
317 1972 433 1993 novum
444 1964 561 1992 crimen
580 1962 613 1990 in
622 1958 795 1990 Sallustium
809 1957 962 1988 audituros
974 1966 980 1985 z
998 1954 1047 1985 sed
1065 1955 1170 1984 omnia

210 2006 310 2036 'vetera
319 2006 536 2046 recognituros,
547 2004 631 2044 queis
642 2001 675 2032 &
686 2010 760 2031 mcae
772 2020 781 2034 ,
797 1999 830 2029 &
841 1997 944 2029 vestrae
951 1997 1026 2038 jam,
1039 1996 1072 2027 &2
1081 1994 1170 2036 ipsius

210 2057 293 2078 aures
308 2047 424 2077 callent.
449 2055 556 2076 verum
574 2054 611 2074 eo
634 2045 729 2084 magis
750 2040 845 2073 odiffe
862 2040 978 2070 debetis
996 2040 1168 2072 hominem,

212 2092 265 2131 qui
276 2099 314 2119 ne
325 2089 457 2130 inexpiens
465 2087 589 2129 quidem
601 2095 721 2126 peccare
729 2104 738 2118 ,
756 2084 899 2114 minimis
910 2081 1000 2112 rebus
1013 2081 1112 2122 posuit
1121 2089 1171 2110 ru-

213 2135 388 2162 dimentum
400 2141 406 2159 2
420 2129 471 2160 sed
481 2139 522 2160 ita
531 2126 674 2170 ingressus
684 2125 737 2161 est,
749 2135 782 2156 ut
790 2135 888 2166 neque
898 2124 935 2155 ab
942 2124 1002 2154 alio
1010 2124 1092 2154 vinci
1102 2121 1170 2163 pos-

213 2172 247 2204 sit
258 2193 265 2206 ‚
287 2172 452 2214 nequeipse
466 2172 494 2202 se
507 2173 639 2201 omnino
655 2169 768 2210 reliqua
783 2177 867 2198 aetate
885 2167 1043 2207 praeterire.
1066 2167 1170 2205 Itaque

217 2215 297 2245 nihil
307 2214 387 2244 aliud
399 2213 504 2247 studet,
517 2218 526 2234 ¹
539 2211 594 2242 nisi
603 2232 611 2246 ,
624 2220 656 2241 ut
666 2211 832 2241 lutulentus
843 2209 903 2242 sus,
914 2218 985 2239 cum
995 2209 1104 2249 quovis
1114 2216 1170 2237 vo-

215 2258 316 2287 lutari.
336 2256 366 2285 lo
371 2256 426 2297 nge
436 2265 508 2286 vero
516 2254 628 2285 fallitur
635 2255 792 2293 opinione.
817 2254 892 2281 Non
902 2253 985 2281 enim
996 2249 1173 2290 procacitate

216 2300 327 2339 linguae
347 2300 414 2328 vitae
434 2297 534 2327 sordes
546 2296 705 2326 eluuntur:
726 2293 776 2324 sed
795 2292 838 2324 est
853 2291 1170 2333 quaedam'calumnia‚

217 2350 308 2382 quam
327 2338 530 2378 tinusquiffiue
548 2335 687 2367 nostrum
707 2334 830 2365 testante
849 2335 954 2364 animo
968 2334 1023 2364 suo
1038 2332 1115 2365 fert,
1135 2331 1172 2361 de

219 2392 276 2415 eo,
297 2379 467 2422 quisalsum
479 2380 597 2410 crimen
616 2378 706 2408 bonis
716 2375 858 2416 objeEhr.
879 2374 959 2416 quod
976 2373 997 2403 si
1010 2375 1071 2403 vita
1087 2372 1173 2402 istius

218 2425 403 2455 memoriam
414 2422 535 2451 vicerit:
555 2420 635 2449 illam
643 2438 651 2452 ‚
661 2421 694 2450 Ρ.
706 2420 739 2448 C.
751 2426 816 2447 non
826 2425 864 2446 ex
873 2417 1009 2445 oratione
1020 2434 1029 2448 ‚
1049 2413 1098 2444 sed
1115 2414 1175 2443 suis

217 2475 255 2496 cx
268 2464 404 2495 moribus
418 2461 544 2503 spectare
554 2461 678 2491 debetis.
697 2461 766 2502 Jam
776 2457 853 2489 dabo
863 2466 998 2497 operam,
1009 2465 1097 2497 quam
1109 2463 1174 2484 ma—

219 2509 307 2538 xime
318 2516 435 2546 potero,
447 2514 479 2534 ut
488 2504 577 2534 breve
586 2502 615 2533 id
625 2501 743 2532 faciam.
768 2502 875 2541 Neque
886 2500 947 2529 haec
956 2498 1106 2528 altercatio
1116 2506 1174 2526 no-

221 2550 278 2580 stra
297 2549 385 2579 vobis
403 2547 520 2577 inutilis
539 2546 614 2578 erit,
643 2552 739 2584 patres
755 2542 927 2582 conscripti.
958 2543 1175 2578 PLERUMQE

220 2594 304 2621 enim
323 2589 487 2629 respublica
502 2588 623 2627 privatis
639 2585 744 2616 crescit
754 2585 939 2614 inimicitiis:
955 2581 1007 2612 ubi
1019 2590 1113 2611 nemo
1131 2581 1175 2610 ci-

221 2635 266 2663 vis
277 2654 285 2665 ,
297 2635 391 2673 qualis
403 2629 436 2660 sit
447 2632 492 2659 vir
502 2650 510 2663 ,
527 2627 732 2668 potestlatere.
755 2627 891 2657 Primum
903 2626 1010 2666 igitur,
1028 2624 1174 2664 quoniam

221 2673 503 2712 omniummajores
516 2674 549 2701 C.
559 2668 714 2701 Sallustius
730 2668 766 2698 ad
776 2677 872 2698 unum
883 2665 1060 2705 exemplum
1078 2664 1111 2694 &
1129 2674 1176 2694 re-

219 2718 318 2758 gulam
329 2716 450 2755 quaerit,
460 2712 556 2743 velim
567 2713 645 2742 mihi
655 2709 846 2750 respondeat,
868 2706 1020 2748 numquid
1030 2707 1061 2736 hi
1073 2725 1082 2740 ,
1101 2715 1177 2747 quos

184 2648 205 2673 ς)

221 2810 270 2829 ant
282 2800 436 2839 opinionis
447 2816 456 2830 ‚
465 2796 625 2837 autgloriae
635 2814 644 2828 ‚
654 2793 745 2835 quam
757 2802 808 2823 eos
817 2802 863 2823 res
872 2790 958 2834 gestae
968 2791 1025 2821 suae
1035 2809 1043 2823 ,
1065 2789 1099 2820 δε
1115 2791 1176 2820 vita

224 2837 474 2870 innocentissime
493 2838 555 2868 adira
571 2835 809 2867 commendavit.
830 2833 913 2875 quod
932 2832 952 2862 fi
971 2834 1029 2862 hoc
1044 2831 1103 2862 fuit
1113 2831 1175 2861 illis

223 2884 350 2913 'initium
361 2882 498 2910 nominis
508 2880 540 2909 δε
550 2879 721 2921 dignitatis:
737 2887 789 2907 cur
798 2886 861 2906 non
871 2874 954 2916 aeque
966 2873 1003 2904 de
1013 2873 1102 2903 nobis
1112 2875 1177 2903 exi·

222 2923 361 2955 stimi-tur
372 2943 379 2957 ‚
392 2923 475 2959 cujus
486 2921 517 2950 &
528 2931 571 2950 res
580 2920 666 2961 gestae
676 2918 817 2951 illustres,
828 2918 860 2948 δε
870 2920 932 2948 vita
941 2915 1133 2956 integerrime
1147 2925 1178 2945 a-

223 2963 364 3005 Cra?quafi
374 2974 446 2994 vero
457 2973 487 2992 tu
499 2961 533 2992 sis
542 2962 648 2992 abillis
657 2957 1053 2999 viris‚Sallusti‚ortus.quod
1064 2955 1084 2986 sl
1093 2955 1177 2990 effes,

223 3006 392 3039 nonnullos
405 3005 468 3045 jam
487 3014 544 3036 tuae
562 3003 758 3044 turpitudinis
773 3003 896 3044 pigeret.
919 3003 983 3041 Ego
994 3000 1071 3030 meis
1080 3000 1178 3040 majo-

1205 1155 1287 1204 ribus
1298 1156 1406 1203 virtute
1416 1164 1483 1187 mea
1495 1156 1625 1197 palus-i,
1635 1164 1679 1191 ut,
1689 1156 1710 1187 fi
1719 1158 1801 1198 prius
1811 1160 1877 1190 noti
1886 1170 1950 1191 non
1960 1159 2080 1196 fuerint,
2090 1160 2105 1193 a
2114 1170 2167 1193 me

1205 1201 1349 1237 accipiant
1362 1199 1486 1228 initium
1498 1200 1654 1229 memoriae
1665 1199 1732 1230 suae.
1741 1208 1772 1230 tu
1783 1203 1841 1230 tuis
1850 1203 1911 1231 vita
1921 1222 1928 1235 ,
1939 1212 2029 1242 quarn
2043 1206 2168 1244 turpiter

1207 1239 1292 1288 egisti
1303 1259 1311 1274 ,
1323 1238 1591 1288 magnassoffudisti
1601 1241 1735 1272 tenebras
1747 1252 1752 1270 :
1773 1251 1816 1276 ut,
1827 1244 1918 1273 etiam
1930 1243 1951 1273 fi
1960 1243 2074 1275 fuerint
2082 1255 2167 1287 egre-

1207 1291 1358 1324 gitcives,
1377 1290 1454 1312 certe
1466 1283 1648 1313 venerintin
1667 1283 1869 1314 oblivionem.
1893 1287 1992 1327 Qare
2007 1287 2074 1317 noli
2085 1287 2165 1318 mihi

1206 1326 1346 1365 antiquos
1366 1325 1450 1354 viros
1465 1323 1623 1364 objeaare.
1648 1326 1744 1356 Satius
1757 1324 1800 1355 est
1816 1328 1901 1357 enim
1914 1336 1966 1357 me
1983 1328 2061 1358 meis
2077 1328 2167 1359 rebus

1204 1365 1293 1407 gestis
1301 1365 1407 1396 florere
1418 1385 1427 1399 ‚
1443 1375 1534 1406 quam
1545 1367 1695 1406 majorum
1706 1368 1853 1408 opinione
1863 1370 1921 1398 niti
1933 1379 1940 1398 ;
1958 1368 1992 1399 &
2004 1371 2044 1400 ita
2051 1371 2167 1404 vivere,

1208 1416 1241 1438 ut
1258 1418 1313 1449 ego
1336 1406 1391 1438 slm
1409 1406 1536 1448 posteris
1553 1410 1629 1439 meis
1643 1409 1812 1439 nobilitatis
1828 1410 1953 1440 initium
1964 1430 1973 1445 ‚
1995 1411 2029 1441 &
2047 1413 2169 1443 virtutis

1207 1449 1396 1497 exemplum.
1420 1451 1527 1490 Neque
1544 1460 1595 1481 me
1614 1460 1685 1481 curn
1705 1452 1741 1481 iis
1757 1450 1886 1482 conferri
1897 1451 1999 1487 decet,
2019 1456 2050 1484 P.
2062 1456 2095 1484 C.
2114 1454 2168 1495 qui

1207 1501 1269 1541 Jam
1281 1490 1475 1539 decesserunt,
1488 1495 1636 1534 omnique
1646 1492 1720 1523 odio
1728 1502 1838 1527 carent,
1851 1493 1885 1523 δε
1896 1494 2009 1525 invidia
2019 1505 2024 1524 :
2034 1495 2084 1526 sed
2094 1505 2169 1526 cum

1209 1543 1263 1582 eis,
1275 1543 1327 1574 qui
1338 1543 1458 1564 mecum
1470 1543 1528 1564 una
1543 1537 1576 1564 in
1587 1544 1649 1575 rep.
1663 1536 1769 1565 versati
1780 1535 1855 1565 sunt.
1878 1539 1893 1555 ²
1902 1536 1959 1567 Sed
1968 1535 1989 1566 fi
1998 1536 2107 1567 fuerim
2117 1545 2169 1568 aut

1208 1585 1243 1605 in
1255 1575 1425 1606 honoribus
1442 1576 1579 1615 petendis
1597 1577 1690 1606 nimis
1707 1576 1893 1611 ambitosus‚
1913 1577 1991 1616 (non
2005 1579 2081 1609 hanc
2096 1578 2167 1609 dico

1209 1618 1384 1657 popularem
1403 1617 1623 1652 ambitionem,
1643 1618 1728 1658 cujus
1746 1628 1797 1648 me
1818 1620 1988 1659 principem
2005 1618 2168 1655 confiteor.

1211 1659 1260 1689 sed
1269 1660 1355 1690 illam
1368 1659 1568 1699 perniciosam
1578 1668 1682 1690 contra
1700 1660 1778 1701 leges
1789 1679 1798 1693 ,
1817 1661 1903 1699 cujus
1920 1662 2036 1700 primos
2046 1661 2169 1693 ordines

1210 1700 1365 1749 Sallustius
1377 1700 1478 1741 duxit)
1494 1704 1584 1732 autin
1594 1701 1732 1742 gerendis
1742 1700 1977 1742 magistratibus,
1994 1711 2044 1733 aut
2053 1705 2085 1733 in
2097 1704 2170 1734 vin·

1211 1742 1346 1773 dicandis
1357 1741 1514 1774 maleficiis
1523 1752 1586 1774 tam
1595 1744 1713 1773 severus
1723 1762 1732 1777 ‚
1750 1745 1841 1773 autin
1851 1743 1961 1774 tuenda
1969 1740 2031 1784 rep.
2050 1753 2110 1775 tam
2119 1746 2170 1776 vi-

1210 1785 1305 1825 gilans
1316 1805 1325 1818 ,
1345 1794 1437 1826 quam
1464 1793 1495 1815 tu
1510 1785 1735 1827 proscriptionem
1751 1794 1839 1815 vocas
1857 1795 1864 1813 ε
1889 1784 1980 1815 credo
2002 1786 2086 1827 quod
2100 1796 2167 1817 non

1211 1835 1320 1856 omnes
1337 1828 1381 1857 tui
1397 1825 1510 1857 fimiles
1526 1828 1697 1858 incolumes
1716 1828 1749 1856 in
1765 1826 1819 1856 hac
1843 1825 1917 1856 urbe
1943 1825 2087 1858 vixissent
2108 1838 2113 1858 :
2138 1836 2170 1860 at

1210 1877 1324 1909 quanto
1335 1868 1463 1898 meliore
1480 1869 1550 1899 loco
1559 1869 1632 1909 resp.
1652 1867 1737 1898 staret
1749 1888 1758 1901 ,
1770 1866 1831 1898 situ
1841 1877 1891 1908 par
1900 1887 1909 1902 ,
1920 1878 1953 1899 ac
1962 1867 2068 1900 similis
2077 1869 2171 1900 scele-

1213 1910 1327 1941 storum
1337 1911 1454 1941 civium
1464 1929 1473 1944 ,
1491 1920 1551 1941 una
1560 1910 1704 1941 cumillis
1717 1909 1929 1940 adnumeratus
1938 1909 2011 1941 effes
2022 1913 2033 1941 ?
2054 1913 2102 1942 An
2112 1922 2170 1953 ego

1214 1960 1288 1983 tunc
1297 1950 1371 1983 falso
1381 1950 1491 1992 scripsi,
1503 1952 1606 1983 Cedant
1614 1962 1696 1982 arma
1705 1959 1771 1993 toga
1781 1971 1790 1986 ,
1800 1953 1851 1993 qui
1860 1959 1974 1994 togatus
1984 1962 2125 1987 armatos,
2135 1954 2172 1985 &

1210 2004 1282 2035 pace
1292 1993 1408 2024 bellum
1419 1993 1546 2034 oppressi
1558 1997 1570 2023 ἓ
1592 1997 1642 2025 An
1650 1994 1728 2024 illud
1741 1995 1887 2024 mentitus
1897 1994 1973 2029 sum,
1983 1997 2171 2025 Fortunatam

1211 2044 1311 2066 natam
1325 2047 1369 2066 me
1379 2036 1485 2076 consule
1500 2039 1620 2066 Romam
1633 2057 1642 2071 ,
1661 2038 1713 2078 qui
1724 2044 1841 2067 tantum
1851 2035 2030 2067 intestinum
2040 2037 2169 2071 bellum,

1213 2089 1246 2109 ac
1262 2078 1466 2119 domesticum
1480 2079 1562 2109 urbis
1578 2079 1757 2110 incendium
1774 2077 1929 2108 exstinxi?
1950 2081 1999 2109 Ne
2022 2089 2059 2109 ue
2078 2088 2106 2110 te
2124 2080 2168 2110 tui
2188 2093 2203 2126 3

1212 2123 1302 2163 piget,
1314 2122 1411 2152 homo
1420 2119 1580 2155 levissime,
1589 2131 1661 2152 cum
1670 2131 1702 2151 ea
1711 2121 1811 2160 culpas
1821 2140 1829 2155 ‚
1842 2130 1908 2161 qua:
1920 2121 1953 2151 in
1962 2121 1993 2150 hi
2023 2122 2094 2151 oriis
2100 2121 2169 2162 glo-

1213 2165 1264 2193 riae
1274 2164 1353 2194 mihi
1363 2162 1448 2194 ducis
1460 2166 1470 2192 ?
1491 2166 1541 2195 An
1551 2165 1665 2204 turpius
1675 2161 1717 2193 est
1726 2182 1735 2196 ‚
1753 2165 1786 2193 P.
1796 2164 1829 2192 C.
1844 2162 2022 2193 scribentem
2032 2163 2169 2197 mentiri,

1213 2205 1305 2247 quam
1315 2206 1406 2236 illurn
1417 2205 1516 2245 palam
1525 2207 1583 2235 hoc
1594 2205 1700 2235 ordine
1716 2204 1867 2235 dicentem
1878 2207 1889 2233 ?
1911 2206 1992 2234 Nam
2002 2203 2084 2244 quod
2100 2213 2171 2235 aeta-

1214 2256 1276 2278 tem
1294 2246 1487 2288 increpuisti:
1507 2256 1625 2278 tantum
1642 2257 1692 2277 me
1709 2245 1805 2276 abeffe
1822 2254 1896 2286 puto
1912 2245 1949 2275 ab
1965 2245 2170 2285 impudicitia,

1214 2298 1361 2330 quantum
1370 2298 1402 2320 tu
1411 2289 1480 2320 abes
1491 2289 1507 2320 ὲ
1523 2289 1680 2329 pudicitia.
1704 2287 1760 2318 Sed
1768 2287 1841 2328 quid
1850 2296 1905 2328 ego
1914 2286 1950 2316 de
1961 2296 1989 2317 te
1997 2287 2082 2327 plura
2097 2298 2173 2329 que-

1212 2334 1281 2361 rar!
1304 2330 1386 2373 Qid
1403 2333 1487 2361 enim
1498 2332 1623 2360 mentiri
1639 2339 1725 2369 turpe
1737 2327 1921 2368 duces,·qui
1938 2329 2018 2359 mihi
2030 2330 2117 2360 ausus
2134 2328 2172 2361 fis

1214 2372 1421 2412 eloquentiam
1433 2391 1441 2405 ‚
1467 2379 1500 2401 ut
1509 2373 1617 2401 vitium
1629 2389 1638 2404 ,
1657 2371 1811 2410 objicere?
1828 2369 1912 2409 cujus
1926 2370 2042 2416 semper
2056 2381 2174 2402 nocens

1214 2412 1321 2454 eguisti
1337 2414 1513 2453 patrocinio.
1536 2415 1585 2442 An
1604 2412 1703 2441 ullum
1719 2409 1875 2442 existimas
1889 2410 1971 2452 posse
1989 2414 2053 2443 lieri
2069 2415 2173 2444 civem

1215 2456 1367 2495 egregium
1379 2473 1387 2499 3
1405 2456 1531 2495 quinon
1541 2455 1587 2484 his
1595 2454 1707 2484 artibus
1717 2473 1726 2487 ‚
1747 2453 1781 2483 &
1789 2453 1956 2493 disciplinis
1964 2452 1998 2484 fit
2013 2454 2146 2485 eruditus
2157 2458 2171 2485 ἓ

1215 2506 1253 2526 an
1273 2496 1333 2526 ulla
1349 2496 1406 2526 alia
1423 2505 1507 2536 putas
1528 2494 1585 2525 esse
1604 2495 1792 2529 rudimenta,
1812 2495 1846 2525 &
1866 2495 2172 2532 incunabulavirtutis,

1216 2537 1326 2579 quibus
1342 2539 1439 2568 animi
1452 2538 1487 2568 ad
1519 2537 1600 2568 loriae
1612 2537 1804 2578 cupiditatem
1812 2537 1954 2567 aluntur?
1970 2538 2027 2569 Sed
2037 2539 2171 2569 minime

1217 2581 1331 2610 mirum
1343 2579 1395 2614 est,
1408 2582 1474 2611 Rc.
1498 2581 1612 2609 rhomo
1621 2580 1675 2621 qui
1684 2578 1800 2610 desidiae
1812 2598 1820 2613 ,
1831 2589 1863 2609 ac
1872 2579 1999 2610 luxuriae
2008 2580 2115 2620 plenus
2124 2579 2170 2615 fit,

1216 2622 1290 2655 haec,
1302 2630 1333 2652 ut
1343 2631 1432 2656 nova,
1441 2631 1528 2664 atque
1537 2619 1671 2652 inusitata
1681 2640 1690 2655 ,
1701 2622 1835 2651 miratur.
1858 2623 1939 2651 Nam
1949 2621 2030 2663 quod
2040 2621 2093 2652 ista
2102 2624 2174 2653 inu-

1218 2662 1297 2694 fitata
1307 2663 1385 2693 rabie
1393 2664 1601 2704 petulanterin
1610 2672 1738 2693 uxorem
1750 2683 1758 2697 ‚
1778 2662 1853 2693 &in
1864 2661 1958 2693 filiam
1969 2673 2068 2694 meam
2086 2664 2175 2695 inva-

220 2758 345 2798 i‘rovulit
374 2757 528 2796 Scipiones
561 2753 594 2784 &
605 2753 746 2783 Metellos
755 2771 764 2784 ‚
776 2752 825 2782 vel
837 2750 942 2781 Fabios
953 2768 962 2783 ‚
979 2757 1046 2778 ante
1063 2747 1176 2779 fuerint
1197 2734 1199 2764 ss
1218 2704 1289 2739 ΜΗ,
1299 2715 1366 2747 quae
1376 2705 1493 2736 saeuius
1502 2705 1530 2735 se
1540 2705 1682 2735 mulieres
1693 2704 1708 2735 ὲ
1716 2706 1790 2735 Viris
1799 2703 2023 2739 abstinuerunt,
2038 2704 2128 2746 qum}
2140 2714 2174 2736 tu

237 2776 239 2780 ’
279 2779 286 2787 k
355 2777 362 2790 2
539 2775 547 2788 ³

1218 2749 1264 2777 vir
1281 2747 1298 2778 a
1315 2749 1404 2778 viris:
1426 2747 1493 2777 satis
1509 2745 1598 2776 ἀοᾶὲ
1611 2767 1620 2780 ,
1638 2756 1672 2777 ac
1688 2746 1782 2789 perite
1799 2745 1907 2776 fecisti·
1929 2748 2005 2776 Non
2022 2748 2106 2776 enim
2119 2756 2172 2777 me

1220 2787 1338 2830 sperasti
1352 2797 1488 2819 mutuam
1499 2788 1555 2818 tibi
1571 2788 1694 2829 gratiam
1705 2788 1887 2821 relaturum,
1905 2796 1938 2817 ut
1957 2786 2086 2818 viciflim
2103 2796 2174 2820 tuos

1217 2830 1442 2871 compellarem.
1469 2832 1558 2859 Unus
1568 2832 1652 2859 enim
1662 2830 1729 2859 satis
1738 2839 1770 2859 es
1786 2829 1914 2859 materiae
1926 2829 2054 2858 habens:
2075 2840 2173 2871 neque

1219 2873 1384 2921 quidquam
1394 2872 1479 2902 domi
1490 2880 1547 2901 tua:
1556 2872 1670 2911 turpius
1678 2869 1720 2900 est
1731 2889 1739 2904 ,
1750 2870 1841 2911 quam
1853 2878 1895 2899 tu.
1916 2870 2051 2901 Multum
2063 2881 2135 2901 vero
2145 2881 2175 2903 te

1219 2917 1327 2955 opinio
1336 2914 1413 2947 fallit
1427 2933 1437 2947 ,
1453 2914 1505 2953 qui
1517 2913 1593 2942 mihi
1609 2922 1707 2952 parare
1724 2910 1831 2951 putasti
1841 2911 1989 2942 invidiam
2009 2922 2047 2942 ex
2065 2922 2176 2945 meare

1220 2956 1362 2988 familiari
1374 2975 1383 2990 ,
1393 2965 1459 2997 quae
1471 2956 1549 2984 mihi
1560 2954 1659 2983 multo
1670 2954 1773 2983 minor
1781 2952 1840 2987 est,
1850 2953 1941 2992 quarn
1952 2953 2060 2984 habere
2069 2952 2181 2996 dignus

1220 2997 1285 3029 sim.
1307 3007 1393 3039 atque
1411 2998 1526 3028 utinam
1536 3005 1576 3027 ne
1593 3003 1672 3026 tanta
1688 2994 1814 3036 quidem
1831 2993 1921 3031 effer,
1940 2992 2049 3038 quanta
2066 2996 2123 3027 est:
2143 3005 2178 3028 ut

2080 3039 2183 3080 potius

312 3128 340 3161 [fi
348 3133 373 3151 nr
384 3124 563 3157 iistnlemmsus
573 3133 624 3150 cnm
633 3125 713 3158 quoi-is
723 3127 832 3150 volutari
837 3125 859 3158 .]
879 3123 980 3150 Vocula
983 3123 1028 3156 sus
1039 3131 1092 3148 non
1102 3129 1177 3147 com-
1198 3129 1200 3155 ᾗ
1221 3119 1303 3154 quo-ait
1311 3118 1423 3143 velitari.
1443 3115 1489 3152 qui
1499 3114 1662 3142 consulatur.

223 3137 232 3155 ι
243 3129 386 3200 ’Nparct
396 3162 423 3200 iu
433 3160 571 3186 Gembiac.
583 3161 612 3187 F.
626 3161 665 3186 Μ.
675 3161 709 3186 V.
722 3159 832 3187 Palsec.
841 3159 912 3186 unde
924 3159 1024 3186 facium
1036 3165 1065 3184 ut
1076 3156 1179 3194 Lipsius
1198 3162 1199 3178 ἒ

215 3200 284 3228 ihm
296 3209 349 3227 ιιι.
365 3199 534 3232 vartoncap.
551 3204 593 3231 15-
614 3195 808 3225 emendandum
827 3195 937 3225 duxerit
949 3214 958 3230 ,
975 3196 1109 3224 luculentus
1125 3201 1179 3221 cum
1195 3215 1197 3233 Ι,

1255 3163 1282 3181 2.
1303 3154 1478 3190 sedfifiren'm,
1488 3159 1531 3182 ant
1538 3155 1565 3182 in
1574 3153 1710 3188 homn‘bm,
1723 3150 1793 3187 dm]
1813 3151 1975 3182 Gulielmius
1985 3149 2093 3186 conjicit
2103 3168 2112 3184 ,
2130 3149 2184 3193 ⁸⁷25.

1211 3192 1314 3227 fuerim.

2093 3223 2178 3249 1.13aee
