2297 3389
690 122 816 168 Lm.
854 121 944 166 IV.
994 135 1062 166 IN
1107 119 1161 163 C.
1199 117 1493 168 VERREM.

140 207 182 239 ita
189 204 381 247 perscriptum
392 199 539 237 eranciirn
549 199 698 232 rationem
706 209 745 230 ex
755 199 818 241 lege
827 199 971 232 redderet,
985 199 1018 229 &
1027 196 1093 240 quae'

141 256 288 288 acceperat
296 267 304 281 ‚
316 247 433 277 deberet
442 244 552 275 tradere
564 254 570 273 :
585 241 687 283 petiffe
698 262 706 275 ‚
718 250 751 271 ut
761 241 825 274 sibi,
839 240 921 281 quod
933 243 976 270 ha·
989 251 1032 270 res
1041 241 1092 271 ab-

142 288 253 322 essent,
267 288 479 330 ignosceretur:
495 287 593 326 itaque
607 286 727 314 omneis
737 283 875 312 liberatos
887 281 1050 315 disceffiffe‚
1061 282 1094 311 ὃ(

143 330 200 362 effe
210 332 337 371 ignorum
345 326 469 358 omnibus
477 338 488 354 .·
499 337 570 367 quas
580 336 634 367 ego
647 326 757 355 litteras
767 323 958 365 obsignandas
969 323 1091 362 publico

143 371 243 414 signo,
265 368 513 410 deportandasque
523 369 633 398 curavi.
666 369 714 396 De
725 365 896 395 laudatione
909 374 1009 395 autem
1020 366 1094 393 ratio

144 413 183 444 sic
196 412 307 442 reddita
315 410 366 441 est.
387 408 524 450 primurn
534 409 606 439 cum
616 409 730 439 &Verre
745 408 850 437 litterae
865 407 1018 446 aliquanto
1028 414 1095 435 ante

143 454 305 486 adventurn
317 462 420 482 meum
431 451 467 481 de
475 451 645 481 laudatione
653 447 817 482 venissent,
837 448 915 478 nihil
927 446 973 477 eff
969 458 983 476 e
994 447 1094 476 decre—

144 505 225 526 tum:
240 493 348 524 deinde
359 513 368 527 ,
379 492 450 523 cirin
460 493 583 533 quidam
592 502 630 522 ex
639 492 722 521 illius
730 492 834 520 amicis
843 496 1092 520 commonerent,

142 544 278 576 oportere
287 534 406 565 decerni
416 546 426 569 3
438 544 576 565 maximo
584 532 641 564 effe
651 533 782 563 clamore
792 552 800 565 ‚
815 532 847 561 &
858 533 998 561 convicio
1008 538 1095 569 repu-

141 577 253 608 diatos:
271 575 464 617 posteaquam
476 586 560 606 meus
570 575 715 606 adventus
725 575 984 613 appropinquarit,
999 573 1097 610 impe-

139 617 211 650 rasse
229 628 300 648 eum
311 639 320 651 ,
339 621 390 659 qui
401 619 550 648 summam
566 616 740 658 potestatem
753 615 888 647 haberet,
913 622 946 643 ut
956 613 1097 644 decerne-

141 668 223 691 rent:
243 659 395 690 decretum
416 662 454 690 ita
473 658 531 689 ess'e
542 679 551 693 ‚
571 668 603 689 ut
614 659 712 688 multo
723 657 788 696 plus
798 656 850 686 illa
864 655 992 684 laudatio
1002 654 1074 683 mali
1087 673 1095 687 ‚

142 700 317 743 quamboni
327 699 413 740 poffit
421 700 533 731 afferre.
556 701 592 731 Id
603 698 673 729 ideo
684 719 692 732 ,
708 697 822 738 judices
833 717 841 731 ‚
864 697 981 726 utmihi
992 695 1099 725 abillis

45 735 53 742 ⁹
79 747 130 791 64
145 742 383 774 demonstratum
394 742 452 776 est,
465 741 502 772 fic
511 752 566 772 vos
575 752 614 771 ex
625 751 674 770 me
682 739 862 780 cognoscite.
883 740 953 767 Mos
965 736 1005 767 est
1013 740 1097 776 Syra-

145 783 219 816 cusis
228 804 236 818 ‚
258 793 307 818 ut,
329 783 349 813 fi
362 795 419 825 qua
431 785 468 814 de
478 794 508 813 re
517 783 552 813 ad
563 784 694 814 senatum
708 780 848 810 referatur
857 799 866 813 ‚
885 779 960 809 dicat
981 779 1098 809 senten-

109 827 112 831 '
145 829 219 858 tiam
230 847 238 859 ‚
257 828 308 867 qui
329 827 411 856 velit.
434 827 618 856 nominatim
631 832 724 853 nemo
738 831 864 863 rogatur.
888 821 921 851 80
932 830 1032 851 tamen
1041 839 1049 853 ,
1069 828 1101 848 ut

143 869 269 910 quisque
279 868 383 901 honore,
399 867 433 900 &-
441 874 520 895 Μαῖα
532 865 680 898 antecedit,
693 867 733 894 ita
741 866 857 903 primus
868 863 942 892 solet
953 863 1002 892 sua
1011 862 1099 901 spon-

144 919 175 941 te
184 909 298 940 dicere:
321 908 410 949 idque
428 908 443 938 a
459 910 562 938 ceteris
581 909 609 936 ei
622 906 804 937 conceditur.
828 903 977 945 liquando
987 911 1100 933 taceant

145 952 266 982 omneis
275 970 283 984 ‚
297 949 472 989 tuncfhrtit'o
484 958 632 989 coguntur
642 948 750 978 dicere.
783 945 861 977 Cum
874 947 922 976 hic
933 955 1001 975 mos
1010 943 1080 974 esset
1090 964 1098 976 ³

143 992 269 1024 refertur
278 991 313 1021 ad
324 992 457 1021 senatum
469 990 505 1020 de
514 991 684 1020 laudatione
695 991 806 1019 Verris.
832 989 864 1017 in
875 998 936 1028 quo
945 989 1077 1027 primum
1088 1005 1096 1017 ⁷

142 1032 298 1074 utaliquid
308 1031 379 1062 ess'et
396 1042 506 1065 mmae,
531 1032 620 1061 multi
640 1030 843 1071 interpellant:
862 1029 897 1059 de
916 1033 984 1059 Sex.
1003 1028 1098 1058 Pedu-

143 1085 206 1106 caeo
216 1095 225 1109 ‚
234 1074 332 1115 quide
342 1074 393 1103 illa
401 1075 520 1104 civitate
529 1093 536 1107 ,
547 1082 666 1113 totaque
675 1074 831 1112 provincia
840 1070 956 1110 optime
973 1072 1098 1099 meritus

146 1115 235 1150 esset,
256 1116 315 1146 sese
326 1117 413 1147 antea
424 1135 432 1148 ‚
452 1114 525 1145 cum
539 1113 685 1145 audissent
698 1115 726 1143 ei
739 1115 897 1155 negotium
913 1110 1077 1141 lacessitum
1088 1130 1097 1144 ‚

146 1167 276 1198 cumque
285 1167 357 1187 eum
366 1156 485 1196 publice
495 1166 548 1196 pro
561 1157 700 1196 plurimis
710 1156 771 1194 ejus
782 1175 789 1187 ‚
810 1155 843 1184 ὃς
853 1155 997 1183 maximis
1008 1155 1099 1181 meri—

145 1201 183 1231 tis
202 1198 317 1229 laudare
337 1206 494 1238 cuperent,
511 1197 571 1227 aC.
583 1201 674 1227 Verre
691 1196 859 1236 prohibitos
871 1193 947 1224 effe:
968 1195 1101 1235 iniquum

147 1240 196 1279 effi
206 1261 214 1275 ‚
227 1239 340 1270 t'ametsi
350 1240 509 1270 Peducaeus
519 1249 627 1269 eorum
635 1239 805 1268 laudatione
816 1237 874 1275 jam
886 1246 948 1266 non
960 1245 1098 1268 uteretur,

145 1291 249 1313 tamen
259 1291 322 1311 non
333 1281 363 1311 id
373 1282 454 1321 prius
464 1281 620 1311 decernere
631 1300 640 1314 ‚
655 1279 737 1320 quod
747 1274 905 1319 aliquando
914 1275 1040 1307 1101111111ἱ
1046 1285 1077 1307 ut
1088 1297 1096 1309 ,

145 1324 236 1365 quarn
247 1323 328 1364 quod
338 1332 405 1353 tum
416 1331 594 1364 cogerentur.
615 1322 812 1352 Conclamant
821 1329 939 1353 omnes,
952 1319 983 1348 δε
994 1328 1100 1358 appro-

147 1366 220 1396 bant
240 1367 279 1394 ita
295 1363 358 1394 fieri
375 1373 522 1403 oportere.
546 1362 685 1393 Refertur
701 1362 738 1392 de
748 1361 899 1392 Feducaeo.
923 1369 956 1390 ut
976 1361 1100 1401 quisque

147 1415 229 1438 aetate
238 1426 246 1439 ,
258 1406 291 1435 &
301 1407 416 1435 honore
425 1404 634 1438 antecedebat,
645 1406 685 1434 ita
694 1404 870 1434 sententiam
881 1402 960 1432 dixit
969 1412 1008 1431 ex
1019 1401 1102 1431 ordi-

147 1458 200 1479 ne.
222 1447 256 1477 Id
266 1446 339 1477 adeo
350 1456 387 1476 ex
395 1446 459 1486 ipso
468 1449 533 1477 S.C.
543 1446 725 1488 cognoscite;
737 1448 746 1464 ¹
758 1454 828 1475 nam
838 1445 1021 1484 principium
1035 1443 1100 1473 seti-

148 1491 248 1520 tentiae
256 1488 395 1529 perscribi
404 1487 490 1517 solet.
513 1490 628 1518 Recita.
652 1490 748 1527 Qion
763 1495 876 1516 VERBA
890 1495 1003 1517 FACTA
1017 1494 1100 1514 stiur

148 1540 192 1561 DE.
204 1540 270 1560 si-:x-
287 1539 455 1559 PEDUCAEO.
482 1531 577 1563 Dicit,
589 1530 742 1570 quipriini
753 1528 903 1558 suaserint.
922 1527 1099 1557 decernitur.

148 1571 274 1604 refertur
289 1571 398 1601 deinde
414 1571 450 1601 de
461 1573 562 1601 Verre.
586 1572 652 1604 dic,
671 1570 771 1611 quaeso
782 1589 790 1603 ‚
813 1569 989 1610 quomodo?
1007 1571 1103 1608 Qiflon

149 1624 262 1644 VERBA
274 1622 386 1643 FACTA
399 1622 483 1643 sum*
497 1623 539 1642 nn
553 1622 581 1642 c.
593 1622 714 1643 VERRE.
743 1611 824 1653 Qid
843 1610 943 1651 postea
960 1611 1102 1650 scriptum

151 1655 212 1686 est?
231 1657 308 1685 CUM
321 1664 494 1684 SURGERET
509 1659 621 1688 NEMO,
642 1663 757 1693 NEQE
772 1662 993 1683 SENTENTIAM
1008 1661 1104 1681 nicz-

151 1706 225 1727 Ra‘r.
249 1695 329 1736 Qid
341 1696 399 1726 hoc
409 1695 470 1727 est?
488 1699 567 1726 SORS
581 1706 746 1726 mictum.
770 1695 995 1736 Qamobrem?
1011 1703 1105 1723 nemo

150 1747 209 1768 erat
218 1739 406 1768 voluntarius
423 1737 556 1768 laudator
565 1747 698 1777 praeturae
708 1746 763 1767 tuae
773 1757 781 1770 ‚
807 1735 945 1767 defensor
956 1736 1107 1776 periculo-

148 1790 218 1810 rum
232 1789 353 1810 tuorum
363 1799 372 1813 ‚
392 1779 554 1818 praesertim
566 1779 638 1810 cum
650 1781 726 1809 inire
738 1779 752 1808 {i
762 1787 885 1818 praetore
903 1780 1026 1818 gratiam
1037 1776 1108 1816 pos-

150 1822 211 1852 set?
226 1831 332 1851 nemo.
354 1820 406 1861 ipsi
417 1821 462 1850 illi
474 1822 516 1850 tui
531 1821 670 1854 conviva,
693 1820 841 1861 confit'tarii
853 1840 861 1852 ‚
882 1820 982 1859 consiti
994 1839 1003 1852 ,
1017 1818 1105 1858 scitii,

150 1862 279 1893 verbum
290 1861 382 1892 facere
391 1871 456 1892 non
465 1862 619 1892 audebant.
641 1864 675 1892 in
686 1872 742 1902 qua
752 1863 832 1891 curia
842 1861 932 1891 statua
942 1870 990 1891 tua
1004 1860 1103 1892 stabat,

153 1904 187 1934 &
197 1904 276 1933 nuda
286 1905 318 1932 in
329 1913 361 1933 ea
374 1902 447 1936 filii,
463 1913 556 1933 nemo
566 1904 625 1933 fuit
634 1922 642 1937 ,
660 1913 752 1944 quem
764 1913 801 1933 ne
812 1903 910 1932 nudus
926 1901 1051 1942 quidem
1069 1899 1106 1930 fi-

151 1945 212 1974 lius
229 1947 263 1974 in
279 1944 358 1974 nuda
375 1947 530 1984 provincia
540 1953 757 1974 commoveret.
781 1947 878 1984 Atque
889 1945 978 1973 etiam
989 1943 1045 1972 hoc
1055 1952 1106 1971 nie

152 1986 280 2019 docent,
296 1985 446 2025 eJ'usmodi
460 1986 713 2016 senatusconsulto
722 1986 781 2016 sese
794 1983 893 2015 fecisse
904 1984 1104 2016 laudationem,

151 2036 186 2058 ut
198 2036 305 2057 omnes
315 2028 478 2067 intelligere
489 2025 605 2066 poffent
616 2047 624 2059 ‚
639 2036 703 2056 non
713 2026 915 2056 laudationem
926 2045 934 2059 ,
947 2025 995 2056 sed
1006 2027 1107 2065 potius

154 2079 362 2099 IRRISJONEM
380 2068 436 2098 esse
455 2069 538 2098 illam
550 2088 558 2101 ‚
579 2078 644 2108 quae
655 2067 929 2098 commonefaceret
943 2066 1026 2096 istius
1045 2076 1108 2096 tui·—

150 2120 240 2150 pem,
263 2110 523 2150 calamitosamque
541 2119 708 2149 praeturam.
747 2111 870 2139 Etenim
888 2110 1031 2148 scripmm
1051 2106 1109 2137 efl'e

151 2154 211 2186 ita,
229 2154 325 2192 Qoo
336 2151 389 2181 iste
404 2161 521 2181 VIRGIS
537 2153 695 2180 neminem
710 2149 859 2180 cecidiss'et
873 2160 877 2178 :
896 2150 910 2179 a
944 2160 982 2179 uo
994 2159 1110 2189 cogno-

151 2194 233 2224 scitis
243 2213 251 2227 ,
263 2191 465 2222 nobilissimos
476 2194 618 2222 homines
628 2212 636 2226 ‚
648 2201 734 2232 atque
744 2160 1004 2221 innocentissimos
1016 2192 1108 2221 securi

111 2258 121 2267 .
153 2233 213 2265 effe
229 2232 396 2280 percussos:
423 2237 518 2274 Qon
536 2243 753 2263 VIGILANTER
773 2234 962 2273 provinciam
979 2232 1111 2262 admini-

154 2275 280 2307 strasset:
293 2276 378 2313 cujus
388 2277 507 2305 omneis
518 2275 632 2316 vigilias
642 2277 675 2304 in
686 2274 790 2314 stupris
804 2273 917 2304 constat
925 2294 933 2308 ‚
945 2273 1110 2304 adulteriis-

153 2328 211 2358 que
225 2315 283 2348 effe
296 2317 477 2347 consumtas.
499 2318 558 2346 hoc
568 2325 667 2346 autem
678 2317 820 2355 scriptum
833 2318 934 2349 etiam,
949 2315 1029 2355 quod
1041 2325 1110 2354 pro-

153 2360 229 2390 ferre
241 2369 306 2389 non
324 2359 443 2389 auderet
460 2368 526 2388 reus
536 2378 545 2392 ,
568 2358 716 2388 accusator
728 2360 846 2387 recitare
866 2367 930 2387 non
944 2356 1106 2388 desineret,

153 2403 249 2440 Qon
263 2410 442 2430 PRAEDONEs
455 2399 558 2439 procul
567 2400 603 2429 ab
617 2399 713 2429 insula
723 2399 824 2429 Sicilia
832 2397 1029 2438 prohibuisset
1037 2401 1112 2427 Ver-

153 2451 200 2472 res
210 2452 215 2470 :
227 2452 302 2483 quos
312 2444 402 2472 etiam
415 2444 491 2471 intra
502 2441 710 2480 Syracusanam
722 2441 850 2471 insulam
863 2439 1021 2480 recepisset.
1037 2442 1111 2480 Qae

153 2483 344 2524 posteaquam
355 2493 393 2513 ex
405 2483 465 2512 illis
475 2485 606 2522 cognovi
617 2502 625 2516 ,
636 2480 747 2513 disceffi
756 2492 825 2511 cum
837 2484 921 2511 fratre
933 2483 949 2511 ὲ
959 2483 1048 2514 curia,
1065 2491 1110 2514 ut,

88 2525 134 2565 65
154 2525 242 2555 nobis
252 2525 421 2555 absentibus
435 2523 456 2553 fi
467 2524 539 2564 quid
550 2524 674 2556 vellent,
686 2520 888 2553 decernerent.
911 2527 925 2542 ²
936 2525 1111 2552 Decernunt

154 2565 252 2597 statim
272 2577 277 2596 :
298 2569 432 2606 primurn
445 2585 453 2599 ,
479 2576 524 2595 nr
549 2575 578 2594 L.
598 2574 727 2594 FRATRI
751 2574 940 2594 nosen-ium
963 2574 1112 2594 PUBLICE

155 2617 277 2638 Putas-r
289 2629 299 2641 ,
310 2606 391 2648 quod
405 2609 430 2636 is
441 2606 566 2637 eandem
577 2608 763 2636 voluntatem
775 2616 839 2647 erga
848 2606 1040 2645 Syracusanos
1050 2606 1113 2635 sus-

151 2648 288 2689 cepisset,
308 2659 397 2690 quam
416 2658 471 2689 ego
485 2649 598 2687 semper
612 2646 786 2678 habuissem.
825 2647 855 2676 id
866 2657 929 2676 1100
940 2645 1034 2677 modo
1045 2655 1110 2676 turn

154 2691 329 2730 scripserunt
338 2711 346 2724 ,
359 2689 465 2720 verum
476 2692 565 2719 etiarn
579 2701 607 2718 in
621 2699 666 2718 ere
681 2689 800 2727 inustam
813 2688 901 2718 nobis
916 2688 1110 2718 tradiderunt.

154 2732 248 2763 Valde
259 2732 356 2763 hercle
365 2740 394 2762 te
407 2731 577 2771 Syracusani
587 2733 632 2761 tui
643 2751 651 2765 ,
672 2740 748 2771 quos
759 2729 862 2760 crebro
871 2739 1111 2760 commemorare

192 2855 202 2872 1
210 2866 216 2872 .
234 2850 305 2881 ‘Ram
311 2849 443 2879 principum
447 2846 567 2878 fintentiae
581 2842 798 2877 perso-fhiftltnz]

153 2888 226 2908 mus.
245 2890 321 2908 antea
332 2881 470 2916 legebatur
481 2883 639 2913 ‚principium
648 2879 803 2914 5itenifizlet.
820 2879 877 2905 Pal.
889 2887 976 2905 tamen
988 2878 1117 2912 sec.prin—

157 2919 366 2951 cipiumftntcmiae
371 2918 490 2950 perscribit
503 2918 571 2952 Qltnt.

193 2962 221 2978 2.
239 2956 370 2978 Decet-nunt
381 2955 465 2985 statim
473 2918 580 2985 ‘firmum
590 2958 615 2976 m
626 2954 656 2976 L.
663 2952 739 2984 fratri
749 2952 870 2984 hospitium
879 2951 978 2982 publice,
989 2951 1056 2983 &ch
1079 2952 1120 2976 Ita

155 2997 248 3014 omnes
259 2988 308 3014 cusi
318 2995 377 3014 aute
389 2987 556 3018 Lambiuum,
567 2988 612 3022 qui
625 2997 657 3012 ex
669 2988 812 3020 Cujaciano
822 2986 943 3022 protulit:
956 2989 1099 3020 Drastmim
1111 3005 1118 3018 ‚

160 3031 186 3049 ut
197 3025 328 3056 cumfratre
337 3026 368 3048 L.
379 3025 572 3056 hospitlumpubl.
594 3021 665 3048 aliud
677 3022 739 3057 quid
752 3023 828 3048 latet.

198 3066 223 3092 3.
243 3060 339 3090 gleior
349 3060 506 3092 illimftterat
516 3058 715 3092 Caeciz'iur.]Nou
728 3058 758 3084 fit
771 3057 908 3084 uerisimile
921 3056 1022 3083 fac'tum
1033 3058 1048 3083 εὶ
1060 3059 1120 3083 (Στ-

160 3093 334 3130 cilio,alioqui
346 3095 413 3120 clar-⁴:
425 3094 473 3119 hoc
483 3094 506 3120 ei
518 3093 651 3128 objecisset
663 3095 759 3120 Cicero
770 3093 854 3129 supra.
866 3095 1030 3128 itaque,ciim
1044 3093 1121 3118 restet

156 3129 187 3158 §a
198 3129 254 3159 Pal.
265 3127 314 3158 sec.
324 3130 441 3165 Cesellim,
452 3130 483 3159 in
491 3131 601 3159 Gruter.
613 3130 714 3164 Ceselim
724 3149 733 3165 2
745 3129 846 3160 ‘inclino
856 3129 946 3166 legere
957 3137 1017 3158 cum
1028 3129 1121 3165 cujac.

820 2843 946 2870 Tui-nebo
957 2842 1023 2869 'istud
1034 2842 1115 2869 debe-

2009 136 2102 187 309

1140 198 1216 229 soles
1226 197 1373 240 diligunt:
1390 201 1524 240 quicum
1535 198 1700 230 accusatore
1721 204 1772 230 tuo
1786 198 1852 230 satis
1862 197 1974 238 justam
1982 201 2100 230 causam

1141 241 1363 281 conjungenda:
1373 240 1592 271 necessitudinis
1602 250 1717 281 putant,
1732 241 1815 282 quod
1826 252 1852 272 te
1863 242 2044 271 accusaturus
2055 241 2100 275 sit,

1143 282 1174 311 ὅ(
1185 282 1268 321 quod
1285 282 1319 312 ad
1338 282 1555 323 inquirendum
1571 285 1604 312 in
1615 292 1642 312 te
1653 286 1777 314 venerit.
1799 282 1902 323 postea
1910 283 2078 313 decernitur
2088 302 2098 316 ‚

1141 333 1172 352 ac
1184 333 1246 352 non
1256 324 1336 353 varie
1347 344 1355 356 ‚
1369 324 1416 354 sed
1428 325 1519 363 prope
1531 324 1703 363 conjunctis
1714 325 1869 355 sententiis
1879 344 1888 358 ‚
1902 335 1946 355 UT
1964 333 2099 354 LAUDA-

1142 374 1199 393 τ10
1211 384 1224 397 ,
1238 374 1303 404 quae
1313 367 1345 394 C.
1358 367 1443 394 Verri
1454 365 1567 396 decreta
1576 364 1665 399 efl'et,
1686 367 1848 396 tolleretur.
1880 369 1920 396 At
1935 365 2007 396 vero
2025 365 2098 396 cum

1138 406 1201 443 jam
1215 415 1279 434 non
1288 405 1388 435 solum
1399 406 1530 436 disceffio
1542 407 1619 437 faeta
1630 406 1698 437 esset
1709 427 1717 441 ‚
1730 408 1778 438 sed
1790 410 1878 438 etiam
1888 408 2098 448 pei‘scriPtum,

1141 454 1227 485 atque
1237 448 1269 475 in
1282 446 1392 476 tabulas
1402 449 1527 477 relatum
1540 469 1547 481 ‚
1565 456 1659 485 prator
1671 450 1834 490 appellatur.
1866 453 1905 480 At
1917 452 1984 490 quis
1999 449 2100 489 appel-

1142 488 1200 516 lat?
1211 486 1393 527 magistratus
1403 489 1528 528 aliquis?
1540 500 1642 519 nemo.
1658 491 1792 521 senator?
1802 501 1840 520 ne
1851 491 1882 521 id
1892 491 2025 532 quidem.
2044 494 2100 530 Sy-

1142 529 1351 558 racusanorum
1361 530 1468 569 aliquis
1478 536 1486 560 ἓ
1498 531 1640 560 minime.
1658 534 1724 572 quis
1733 534 1824 572 igitur
1831 542 1989 572 praetorem
1998 533 2100 573 appel-

1142 570 1202 599 lat?
1225 571 1277 610 qui
1299 569 1448 609 3quaestor
1463 570 1546 600 istius
1560 571 1669 606 fuerat,
1689 571 1834 603 Caecilius.
1858 577 1887 603 O
1906 584 1971 604 rem
1988 575 2102 604 ridicu·

1144 612 1221 641 lam!
1243 610 1262 640 ὀ
1272 610 1419 640 desertum
1439 612 1597 641 hominem
1613 616 1617 641 i
1639 613 1657 642 ὁ
1667 614 1852 654 desperatum
1863 635 1872 648 ,
1891 615 2070 645 acreliCtum
2082 614 2099 646 a

1144 652 1313 692 magistratu
1323 653 1424 681 Siculo
1437 654 1441 680 Ε
1464 663 1500 681 ne
1511 656 1537 682 S.
1551 656 1582 682 C.
1594 655 1685 684 Siculi
1700 657 1838 686 homines
1849 656 1943 686 facere
1958 656 2098 697 possent,

1145 704 1182 723 ne
1193 695 1335 732 suumjus
1347 694 1405 723 suis
1425 694 1560 724 moribus
1573 714 1580 726 ,
1601 694 1659 724 suis
1677 697 1790 737 legibus
1809 698 1945 728 obtinere
1961 697 2099 739 pollent,

1145 745 1210 765 non
1219 737 1332 765 amicus
1342 734 1427 764 istius
1436 755 1445 768 ‚
1462 745 1527 764 non
1542 736 1645 775 hospes
1656 756 1665 769 ,
1686 748 1749 767 non
1759 738 1888 779 denique
1896 741 2004 780 aliquis
2013 742 2102 770 Sicu-

1144 777 1190 806 lus
1201 796 1209 810 ‚
1230 776 1278 806 sed
1300 775 1594 816 quaestoi·p1·aetorem
1605 779 1738 817 appellat.
1769 782 1844 820 Qis
1861 782 1919 810 hoc
1939 781 2032 812 vidit?
2050 790 2102 811 aut

1144 821 1211 859 quis
1220 817 1353 847 audivit?
1372 821 1481 848 Praetor
1490 828 1590 858 aequus
1601 838 1609 852 ‚
1630 820 1662 849 δε
1675 820 1786 859 sapiens
1797 823 1910 851 dimitti
1922 822 2004 860 jubet
2013 823 2100 852 sena—

1146 870 1222 890 tum.
1244 861 1396 889 concurrit
1413 860 1448 889 ad
1460 870 1509 888 me
1521 862 1652 890 maxima
1663 862 1840 892 multitudo.
1862 866 1997 902 primum
2016 863 2101 894 sena-

1148 911 1226 931 tores
1236 902 1360 931 clamare
1372 921 1380 934 ,
1393 899 1576 941 eripifibijm
1588 922 1595 935 ‚
1615 903 1685 943 eripi
1696 901 1872 932 libertatem:
1891 906 2019 944 populiis
2029 909 2045 931 4
2056 906 2100 935 sc-

1146 953 1251 973 mrum
1260 942 1376 972 laudare
1385 962 1394 976 ,
1404 946 1508 982 gratias
1518 953 1598 981 agere
1610 954 1615 972 z
1630 954 1711 973 cives
1721 947 1854 974 Romani
1866 946 1882 974 {t
1892 956 1941 975 me
1951 947 2098 986 nusquam

1145 984 1302 1015 discedere.
1325 994 1386 1024 quo
1397 984 1520 1025 quidem
1529 982 1577 1014 die
1590 1006 1598 1017 ‚
1611 986 1688 1014 nihil
1698 988 1803 1027 aegrius
1814 985 1927 1016 fastum
1940 987 1980 1017 est
1991 1008 1999 1019 ,
2020 988 2101 1017 mul*

1145 1035 1177 1056 to
1188 1027 1286 1056 labore
1298 1035 1368 1055 meo
1379 1046 1387 1059 ‚
1408 1035 1498 1066 quam
1509 1035 1541 1056 ut
1551 1036 1657 1056 manus
1666 1027 1701 1057 ab
1712 1029 1765 1057 illo
1777 1028 1953 1068 appellatore
1972 1028 2101 1058 abstine-

1147 1077 1257 1097 rentur.
1285 1070 1361 1096 Cum
1373 1067 1408 1097 ad
1418 1076 1574 1106 praetorem
1587 1070 1672 1103 injus
1682 1068 1841 1099 adissemus
1852 1089 1861 1102 ‚
1874 1072 2023 1109 excogitat
2033 1070 2101 1100 sans}

1145 1109 1319 1150 diligenter,
1342 1109 1469 1138 &caute
1480 1129 1489 1142 ‚
1500 1109 1572 1149 quid
1582 1110 1726 1141 decernat.
1750 1121 1820 1140 mm
1839 1114 1909 1141 ante
1925 1112 2016 1151 quim
2036 1122 2103 1141 ver-

1145 1151 1217 1180 bum
1226 1149 1352 1180 facerem
1362 1170 1371 1184 ,
1393 1149 1428 1179 de
1439 1150 1508 1180 sella
1518 1152 1642 1180 surrexit
1654 1172 1661 1185 ,
1673 1160 1760 1191 atque
1769 1153 1851 1182 abiit.
1875 1154 1976 1193 Itaque
1989 1162 2052 1183 turn
2064 1153 2101 1183 de

1144 1191 1213 1222 foro
1223 1212 1230 1225 ,
1242 1191 1383 1231 cum-jam
1394 1191 1639 1232 advesperasceret
1649 1213 1656 1226 ,
1668 1193 1811 1223 disceffim
1817 1204 1859 1224 us.
1882 1194 2025 1225 Postridie
2035 1205 2099 1224 ma-
2119 1191 2168 1223 66

1146 1235 1185 1264 ne
1206 1235 1242 1263 ab
1259 1243 1296 1263 eo
1312 1233 1450 1274 postulo,
1474 1242 1505 1263 ut
1516 1235 1699 1273 Syracusanis
1710 1236 1811 1266 liceret
1829 1239 1856 1266 S.
1869 1239 1903 1266 C.
1914 1237 1995 1277 quod
2007 1237 2102 1276 pridie

1145 1274 1296 1309 fecissent,
1318 1277 1396 1305 mihi
1412 1275 1542 1305 reddere.
1566 1277 1622 1306 Ille
1632 1277 1790 1306 enimvero
1802 1287 1900 1318 negat:
1925 1279 1956 1307 &
1968 1280 2026 1311 ait,
2049 1289 2103 1307 115·-

1148 1327 1288 1347 Drc-NUM
1312 1326 1460 1347 FAcmth
1482 1315 1538 1347 ess'e
1550 1338 1558 1350 ‚
1579 1317 1660 1358 quod
1674 1328 1728 1359 ego
1740 1321 1771 1348 in
1788 1319 1889 1349 senatu
1901 1321 2005 1349 Graeco
2015 1320 2106 1349 verba

1146 1357 1282 1388 fecifl'em
1294 1369 1300 1387 ;
1315 1358 1397 1399 quod
1407 1359 1528 1398 quidem
1541 1360 1617 1399 apud
1631 1362 1749 1389 Graecos
1759 1360 1860 1390 Graece
1871 1360 1987 1390 locutus
1999 1359 2106 1395 effem,

1147 1400 1177 1430 id
1188 1399 1257 1429 ferri
1268 1401 1355 1430 nullo
1366 1400 1461 1430 modo
1472 1397 1564 1440 pofl'e.
1591 1401 1745 1441 Respondi
1756 1403 1877 1431 homini
1890 1423 1898 1435 ‚
1917 1412 1950 1432 ut
1958 1405 2041 1442 potui
2053 1423 2060 1435 ‚
2072 1413 2105 1432 ut

1148 1443 1251 1475 volui,
1272 1451 1305 1471 ut
1322 1441 1422 1471 debui.
1455 1450 1518 1471 tum
1534 1443 1628 1472 multa
1639 1462 1646 1476 ,
1670 1452 1734 1473 tum
1745 1445 1835 1474 etiam
1847 1445 1903 1473 hoc
1914 1454 1963 1473 me
1973 1446 2105 1474 memini

1149 1484 1245 1514 dicere
1256 1503 1264 1516 ,
1278 1482 1364 1513 facile
1374 1481 1432 1512 effe
1442 1484 1630 1523 perspicuum
1644 1504 1652 1518 ,
1665 1495 1809 1525 quantum
1822 1487 1899 1515 inter
1909 1487 1987 1515 hunc
1999 1505 2013 1519 ,—
2026 1486 2057 1515 ἷξε
2068 1486 2106 1514 il-

1149 1526 1214 1555 lum
1227 1525 1429 1555 Numidicum
1439 1544 1447 1558 ‚
1463 1535 1570 1555 verum
1582 1546 1589 1559 ,
1611 1526 1643 1555 δε
1654 1537 1831 1568 germanum
1843 1528 2002 1556 Metellum
2015 1529 2107 1557 inter—

1151 1566 1230 1597 esset.
1257 1567 1347 1596 illum
1362 1564 1490 1596 noluisse
1504 1567 1553 1596 sua
1571 1567 1731 1596 laudatione
1746 1569 1851 1607 juvare
1869 1571 1904 1598 L.
1919 1569 2081 1599 Lucullum
2094 1588 2106 1602 z

1151 1609 1259 1639 sororis
1270 1610 1369 1639 virum
1381 1628 1390 1641 ,
1405 1609 1530 1648 quicum
1540 1610 1656 1648 optimi:
1668 1608 1870 1640 convenisset:
1891 1611 1972 1640 hunc
1984 1612 2106 1640 homini

1150 1649 1330 1681 alienissimo
1341 1670 1349 1684 ‚
1373 1649 1389 1680 a
1398 1649 1566 1679 civitatibus
1576 1651 1761 1681 laudationes
1770 1662 1821 1691 per
1839 1654 1904 1681 vim
1915 1672 1923 1685 ‚
1945 1653 1977 1682 δε
1990 1661 2108 1682 metum

1150 1702 1329 1732 comparare.
1352 1691 1442 1733 Qod
1455 1692 1505 1721 ubi
1516 1693 1666 1726 intellexi,
1677 1692 1810 1723 multum
1821 1693 1897 1733 apud
1907 1694 1994 1723 illum
2006 1703 2110 1723 recen-

1152 1737 1206 1765 teis
1218 1735 1342 1763 nuntios
1352 1753 1360 1766 ‚
1372 1732 1506 1763 multum
1516 1734 1627 1763 tabulas
1638 1744 1700 1764 non
1712 1735 1985 1768 commendatitias,
1997 1734 2044 1765 sed
2057 1737 2111 1765 tri-

1153 1776 1278 1806 butarias
1287 1774 1422 1805 valuiss'e:
1437 1774 1593 1805 admonitu
1606 1776 1738 1815 ipsorum
1749 1777 1997 1816 Syracusanorum
2008 1779 2108 1816 inipe-

1153 1827 1218 1848 tum
1230 1819 1261 1847 in
1273 1827 1319 1847 eas
1329 1817 1440 1846 tabulas
1450 1815 1527 1846 facio
1537 1838 1546 1850 ‚
1565 1820 1597 1846 in
1608 1818 1717 1857 quibus
1728 1817 1839 1858 singula
1849 1819 2006 1857 perscripta
2015 1827 2107 1848 erant.

1141 1863 1227 1890 'Ecce
1237 1867 1337 1888 autem
1348 1868 1428 1887 nova
1437 1859 1521 1887 turba
1530 1878 1538 1891 ,
1549 1867 1636 1898 atque
1648 1860 1719 1888 rixa.
1746 1869 1784 1888 ne
1794 1868 1893 1889 tamen
1903 1859 1994 1889 istum
2005 1863 2112 1889 011101-

1153 1911 1193 1930 no
1203 1899 1346 1940 Syracusis
1358 1898 1417 1929 fine
1428 1901 1544 1933 amicis,
1556 1898 1614 1929 sine
1624 1900 1802 1939 hospitibus,
1813 1900 1901 1940 plane
1911 1901 2028 1930 nudum
2039 1900 2108 1935 esse,

1152 1952 1185 1972 ac
1203 1942 1350 1971 desertum
1369 1943 1497 1980 putetis:
1518 1942 1645 1970 retinere
1665 1944 1755 1980 coepit
1764 1942 1874 1972 tabulas
1885 1942 2111 1972 Theomnastus

1153 1983 1275 2023 quidam
1286 2002 1294 2015 ‚
1306 1983 1402 2012 homo
1411 1982 1535 2011 ridicule
1546 1983 1666 2012 insanus
1678 2003 1686 2015 ‚
1705 1993 1795 2023 quem
1808 1983 1975 2022 Syracusani
1989 1985 2110 2012 Theora-

1155 2024 1232 2053 {nim
1244 2033 1352 2054 vocant
1362 2034 1367 2052 ;
1379 2025 1431 2063 qui
1442 2023 1505 2052 illic
1513 2024 1661 2062 ejusmodi
1672 2024 1715 2054 est
1725 2045 1733 2056 ‚
1747 2035 1776 2054 ut
1786 2035 1855 2054 eum
1865 2024 2088 2065 pueristcffeatttr
2101 2036 2110 2052 z

1155 2075 1187 2096 ut
1196 2075 1304 2095 omnes
1313 2085 1321 2098 ‚
1334 2064 1406 2094 cum
1416 2065 1501 2104 loqui
1511 2067 1633 2104 coeperit
1643 2085 1650 2098 ‚
1663 2065 1814 2096 irrideant.
1839 2068 1938 2100 Huius
1950 2077 2050 2096 tamen
2060 2069 2110 2096 111-

1155 2109 1233 2138 fania
1243 2127 1251 2140 ,
1273 2117 1338 2147 quae
1355 2106 1478 2136 ridicula
1489 2105 1531 2136 est
1541 2108 1606 2136 aliis
1620 2127 1628 2139 ‚
1649 2109 1726 2136 mihi
1738 2117 1803 2137 tum
1815 2102 1941 2137 molesta
1956 2109 2023 2138 sarie
2038 2108 2110 2137 fuit,

1155 2159 1225 2178 nam
1236 2146 1309 2178 cum
1318 2148 1436 2187 spumas
1444 2156 1539 2188 ageret
1548 2150 1580 2177 in
1591 2158 1642 2177 ore
1653 2168 1660 2181 ‚
1671 2148 1806 2178 arderent
1814 2150 1894 2179 oculi
1906 2169 1914 2182 2
1925 2160 1999 2179 voce
2011 2153 2110 2179 maxi-

1157 2201 1207 2220 ma
1218 2192 1283 2220 vim
1294 2200 1342 2219 me
1353 2188 1406 2219 fibi
1416 2187 1517 2218 afferre
1532 2190 1687 2220 clamaret:
1705 2191 1837 2229 copulati
1857 2192 1889 2220 in
1907 2193 1954 2229 jus
1972 2194 2112 2231 pervcni-

1158 2243 1237 2261 mus.
1262 2230 1320 2261 Hic
1338 2241 1392 2272 ego
1410 2229 1556 2270 postulare
1566 2234 1643 2270 coepi
1656 2252 1664 2265 ‚
1686 2241 1717 2262 ut
1729 2234 1805 2261 mihi
1818 2233 1927 2263 tabulas
1938 2231 2111 2273 obsignare,

1157 2283 1188 2303 ac
1208 2273 1361 2312 deportare
1380 2272 1490 2302 liceret.
1524 2273 1602 2302 §Ille
1617 2273 1728 2303 contri.
1752 2273 1858 2303 instare
1869 2284 1944 2314 ego,
1965 2277 2113 2304 omniun-t

1157 2317 1233 2344 mihi
1251 2314 1416 2344 tabularum
1429 2334 1441 2346 γ
1459 2314 1663 2344 &litterarum
1686 2313 1748 2344 fieri
1768 2315 1941 2355 potestatem
1960 2325 2109 2356 oportere.

1158 2356 1268 2387 Contra
1278 2376 1286 2389 ,
1296 2357 1347 2385 ille
1356 2355 1486 2385 furiosus
1497 2366 1596 2397 urgere
1607 2376 1615 2390 ‚
1635 2357 1714 2386 nihil
1725 2357 1760 2387 ad
1774 2357 1800 2386 se
1811 2357 1923 2387 nostras
1933 2358 2010 2398 leges
2020 2367 2113 2397 perti-

1156 2409 1236 2429 nere.
1269 2397 1559 2438 Praetorintelligens
1571 2418 1579 2431 ,
1601 2408 1738 2428 NEGARE
1753 2409 1818 2428 srm
1833 2409 1987 2428 PLACERE
2000 2419 2008 2432 ,
2028 2399 2112 2439 quod

1157 2443 1185 2470 S.
1203 2443 1235 2469 C.
1255 2448 1352 2469 ratum
1371 2437 1428 2469 ess'e
1446 2449 1509 2469 non
1527 2439 1665 2472 deberet,
1687 2440 1716 2470 id
1736 2451 1785 2470 me
1796 2443 1929 2471 Romam
1948 2441 2110 2479 deportare.

1157 2480 1238 2523 Qid
1252 2481 1344 2511 multa
1354 2478 1428 2510 ?nis1
1440 2481 1651 2512 vehementius
1665 2484 1784 2511 homini
1794 2484 1925 2511 minatus
1936 2480 2026 2511 ess'em
2038 2493 2043 2510 ε
2054 2482 2114 2512 0111

1157 2523 1260 2564 legum
1271 2522 1653 2562 sanStionem‚poenamque
1664 2521 1828 2553 recitassem
1839 2534 1844 2552 ·.
1854 2523 2021 2553 tabularum
2032 2525 2116 2554 011111,

1157 2564 1283 2604 potestas
1301 2563 1377 2593 sac‘ta
1388 2573 1451 2592 non
1463 2561 1542 2593 efl'et.
1576 2564 1630 2593 llic
1647 2573 1746 2594 autern
1768 2564 1906 2594 insanus:
1925 2566 1977 2606 qui
1987 2565 2111 2605 proisto

1157 2615 1259 2636 contra
1269 2616 1317 2635 me
1327 2603 1585 2634 vehementiffime
1598 2604 1794 2638 declamasset,
1808 2606 1967 2646 postquam
1977 2617 2041 2636 non
2053 2609 2116 2636 ini-

1157 2649 1300 2687 petravit:
1320 2646 1428 2678 credo,
1451 2655 1483 2676 ut
1501 2648 1533 2675 in
1553 2648 1675 2687 gratiam
1691 2657 1813 2677 mecum
1823 2647 1949 2681 rediret,
1973 2649 2113 2679 libellum

1158 2690 1235 2718 mihi
1257 2688 1305 2718 dat
1318 2708 1327 2720 ,
1346 2690 1378 2717 iri
1389 2697 1450 2727 quo
1467 2687 1551 2717 istius
1563 2688 1639 2718 furta
1648 2689 1824 2727 Syracusana
1839 2689 1997 2729 perscripta
2013 2700 2112 2720 erant:

1157 2740 1221 2771 quae
1233 2740 1287 2771 ego
1297 2738 1381 2759 antea
1396 2739 1461 2769 jam
1473 2729 1509 2759 ab
1519 2730 1580 2759 illis
1588 2739 1750 2770 cognoram
1760 2750 1769 2764 ,
1791 2730 1824 2760 &
1832 2740 2010 2771 acceperam.
2033 2734 2114 2762 Lau-
2132 2738 2153 2769 6
2162 2747 2180 2767 γ

2041 2773 2115 2805 dent
2162 2772 2166 2779 ‘

1161 2844 1276 2876 Caesetim,
1288 2843 1333 2878 (1111
1344 2842 1411 2869 clam
1423 2842 1540 2868 νει-1100.-
1550 2842 1667 2877 praefuit,
1680 2844 1707 2869 8<
1718 2843 1824 2870 videtui·
1834 2843 1908 2870 fuiffiz
1919 2844 1983 2870 item
1995 2845 2116 2880 quaestor.

1195 2886 1223 2911 4.
1243 2883 1356 2903 Senatum
1365 2877 1464 2903 (malm
1476 2897 1484 2908 ,
1495 2882 1591 2910 gratias
1599 2880 1690 2913 agorn]
1712 2879 1827 2916 Suspicio
1838 2880 1874 2906 cst
1885 2880 2024 2907 Gulielmii
2034 2881 2122 2908 decise

1162 2914 1300 2941 verbulum
1312 2914 1479 2940 iiecessarium
1491 2932 1499 2945 ‚
1505 2915 1569 2948 sent.
1579 2915 1690 2946 laudare,
1701 2918 1857 2949 miktgrariar
1866 2917 1995 2948 agere‘ffivc.

1199 2959 1224 2983 ς.
1243 2952 1287 2975 Illa
1296 2957 1386 2974 contra.
1401 2951 1498 2982 instare,
1508 2950 1574 2984 dra]
1603 2951 1745 2978 Lambinus
1758 2952 1814 2977 heic
1825 2952 2025 2986 aliquimniulta
2035 2952 2121 2979 intet-

1163 2986 1244 3011 struit
1254 2994 1287 3011 cx
1299 2984 1354 3011 niff.
1367 2985 1427 3010 suis.
1449 2985 1507 3011 sunt
1519 2993 1606 3011 nutem
1617 2986 1718 3014 isthaec:
1740 2986 1976 3017 [tlt-cmitr.i‚1i⁷i.·efc.·
1989 2998 2072 3021 ntgare
2081 2989 2122 3020 else

1163 3022 1252 3047 illatis.
1262 3024 1290 3046 C.
1301 3023 1327 3046 in
1337 3027 1469 3055 qztopraetor
1479 3023 1609 3053 appellatus
1619 3023 1680 3055 cffir,
1692 3032 1773 3055 negare
1783 3024 1809 3048 id
1816 3025 1873 3048 mihi
1884 3023 1949 3048 lindi
1958 3031 2065 3056 oportere.
2076 3028 2122 3055 Ego

1163 3060 1229 3090 legem
1241 3059 1339 3081 recitare
1349 3059 1448 3081 omnium
1458 3057 1516 3081 mihi
1534 3059 1670 3084 rabidarum
1680 3070 1709 3090 O
1717 3062 1841 3084 titt-rarum
1854 3061 1911 3092 jieri
1926 3062 2066 3093 posqffastm.
2086 3055 2125 3084 lile

1162 3093 1352 3132 t‘tcriqumgcre
1363 3111 1370 3123 ‚
1387 3093 1457 3119 nihil.
1476 3093 1513 3123 ita
1524 3094 1625 3130 Cujacii
1637 3094 1704 3121 liber
1717 3114 1726 3127 ‚
1744 3094 1790 3122 iiiii
1810 3094 1880 3130 quod
1900 3103 1946 3130 pro
1969 3104 2031 3122 voce
2042 3103 2128 3129 prator

1168 3129 1219 3156 leti
1227 3135 1284 3157 aret
1290 3135 1344 3162 μμ.
1356 3130 1422 3157 Rom.
1800 3132 1802 3135 '

1631 3167 1683 3206 Qfl
1708 3173 1721 3202 3
2067 3173 2090 3192 1.
2100 3167 2140 3191 En
