2337 3400
140 98 235 161 ‘918
547 84 1054 138 M-TULLri

1117 85 1668 132 Cicnnonrs

139 180 202 209 iam
211 185 278 206 ante
290 195 298 208 ‚
311 174 401 215 quam
412 171 447 202 ad
458 179 528 200 eum
539 169 643 198 locum
653 166 725 196 veni
738 185 746 199 ,
761 164 846 195 valde
858 164 935 192 mihi
947 161 1090 209 placebat,
1118 175 1121 208 Ι
1141 162 1209 192 bam
1223 182 1232 195 ,
1252 170 1282 191 ru
1303 162 1354 191 has
1373 161 1449 200 ipsas
1467 161 1576 195 litteras
1593 163 1666 196 esses
1683 174 1721 196 ne
1735 173 1918 208 accepturus.
1941 164 2000 198 era}
2011 164 2099 200 effiffl

141 220 213 250 ct'im
238 217 336 247 sensus
356 216 420 250 eius
438 212 476 242 de
495 214 571 250 Rep.
593 219 659 240 turn
684 207 831 254 scribendi
848 215 936 251 cura-¹
951 209 961 224 ¹
976 207 1097 250 §ervms
1142 206 1293 234 incertum
1305 223 1313 237 ‚
1333 203 1487 233 visurusne
1505 212 1533 234 te
1551 204 1623 237 effet
1640 208 1820 240 tabellarius.
1843 219 1898 250 ego
1912 217 1974 240 tuas
1987 211 2099 242 lmen*

141 259 214 291 vero
234 256 401 297 pacificator
420 263 490 284 cum
505 252 661 282 librariolo
680 250 733 280 suo
754 249 872 279 videtur
888 245 996 276 obiisse
1019 246 1098 287 lega·
1149 247 1344 276 vehementer
1355 244 1507 285 exspeAEIo.

143 304 259 332 tionem
270 318 278 331 ,
291 298 323 327 &
334 305 443 326 omnes
451 294 655 334 captiunculas
665 290 882 332 pertimescere.
897 289 1038 318 debuerat
1046 298 1098 318 au—

145 351 205 372 tem
219 360 227 374 ‚
244 351 295 368 non
308 340 413 378 exjure
424 347 511 366 manu
520 336 692 377 c071firtum5
712 333 761 364 sed
772 342 838 373 quae
850 331 1024 371 sequuntur.
1047 332 1099 361 Tu

143 392 264 424 quoque
276 381 395 412 scribes.

372 423 566 452 CICERO
593 419 815 451 ATTICO,
840 419 868 448 S.

222 468 286 496 Osi·
300 475 385 496 tuum
397 461 556 494 discessum
565 483 574 497 ‚
589 463 674 493 binas
684 471 701 491 a
710 461 803 490 Balbo
815 470 821 488 ι
837 458 915 488 nihil
926 460 998 487 novi
1010 458 1101 487 item-

221 519 280 549 que
291 508 326 538 ab
338 508 453 540 Hirtio,
465 505 557 546 quise
568 504 668 535 scribit
676 503 871 533 vehementer
880 498 1034 530 offensum
1043 497 1101 529 effe
1124 506 1126 517 ⁴

142 552 302 581 veteranis.
327 547 477 588 exspe&at
486 557 606 577 animus
618 567 626 580 ,
645 545 791 586 quidnam
801 553 884 585 agam
896 542 932 572 de
945 543 1009 571 Kal.
1023 544 1104 571 Mai·-

147 594 208 621 t'iis.
235 590 301 622 misi
313 594 402 633 igitur
410 593 560 620 Tironem
572 609 581 622 ,
594 589 627 618 &
637 598 707 618 cum
716 589 832 617 Tirone
843 586 955 626 plureis
966 605 974 617 ‚
989 584 1101 624 quibus

144 632 269 674 singulis
281 654 289 667 ‚
314 637 329 653 2
341 642 373 663 ut
383 632 516 673 quidque
525 629 676 662 accidiss'et
688 649 697 663 ,
717 629 800 660 dares
815 630 924 658 litteras
936 639 941 656 ·.
962 635 1049 666 atque
1060 635 1103 655 et-

147 677 209 706 iam
221 674 317 715 scripsi
331 675 365 705 ad
378 677 548 704 Antonium
567 674 603 702 de
620 673 786 712 legatione:
804 680 842 701 ne
852 690 861 704 ,
880 668 900 698 si
912 668 947 699 ad
958 668 1104 698 Dolabel-

144 718 206 747 lam
229 717 328 748 solum
349 713 523 756 scripsissem
535 735 544 750 ,
563 713 712 745 iracundus
729 715 824 742 homo
843 719 1100 742 commoveretur.

145 758 229 800 qubd
239 768 338 789 autem
349 758 448 789 aditus
458 757 493 788 ad
505 767 575 788 eum
587 755 742 787 difficilior
752 753 811 784 efl'e
821 754 930 784 dicitur
941 765 949 787 3
960 750 1057 792 scripsi
1068 751 1103 781 ad

149 803 343 842 Eutrapelum
353 820 362 834 ,
375 810 407 830 ut
419 803 442 830 is
454 802 482 830 ei
494 809 575 830 meas
584 800 694 829 litteras
705 797 840 827 redderet
850 816 858 829 ‚
869 797 1015 836 legatione
1026 795 1105 823 mihi
1127 815 1129 823 s

145 852 224 883 opus
233 841 301 873 effe.
326 841 481 873 honestior
492 841 535 872 est
546 843 664 871 votiva:
685 839 732 869 sed
752 840 820 869 licet
841 846 884 867 uti
902 846 1033 877 utraque.
1056 838 1104 865 De

145 893 174 915 te
186 905 195 919 ‚
216 886 315 926 quaeso
327 906 336 919 ‚
357 887 450 915 etiam
464 894 550 925 atque
564 886 655 913 etiam
669 881 748 911 vide.
775 881 871 910 velim
885 877 974 919 poffis
988 888 1100 908 coram:

147 925 169 956 si
189 937 292 957 minus
306 925 396 968 poffis
407 947 416 960 ‚
436 928 545 956 litteris
557 925 637 955 idem
653 923 882 963 consequemur.
908 921 1058 960 Graecejus
1068 919 1104 950 ad

146 978 199 999 me
209 968 336 1009 scripsit,
352 972 377 999 C
398 967 526 998 Caffium
540 966 591 997 sibi
604 962 743 1006 scripsisse
753 985 762 999 ‚
777 966 918 994 homines
928 963 1105 1002 comparari,

147 1013 200 1052 qui
219 1021 325 1041 armati
345 1022 377 1040 in
388 1010 594 1041 Tusculanum
615 1009 815 1038 mitterentur.
839 1005 868 1035 id
885 1005 1009 1046 quidem
1029 1005 1106 1034 mihi

147 1062 213 1083 non
226 1053 399 1086 videbatur3
419 1051 467 1082 sed
486 1050 653 1082 cavendum
674 1059 775 1079 tamen
788 1069 797 1082 ‚
818 1051 831 1075 3
844 1047 984 1087 viliaeque
996 1047 1108 1086 pluries

146 1095 298 1126 videudae.
323 1095 373 1126 sed
383 1094 496 1135 aliquid
507 1092 653 1124 crastinus
663 1091 727 1122 dies
736 1095 753 1118 4
762 1091 797 1121 ad
808 1090 1004 1131 cogitandum
1016 1087 1106 1118 nobis

148 1137 184 1168 de
196 1147 228 1168 ea
237 1148 279 1167 re.

379 1179 572 1209 CICERO
602 1178 801 1207 ATTICO
816 1195 825 1208 ‚
848 1177 875 1205 S.

150 1231 207 1252 ιιι.
220 1223 327 1251 Nonas
345 1221 458 1260 vesperi
470 1224 485 1250 a
499 1220 592 1249 Balbo
603 1219 724 1249 redditae
736 1219 812 1247 mihi
823 1217 928 1245 litterae
938 1235 947 1248 ,
965 1213 1029 1243 fore
1041 1214 1108 1243 No—

141 1265 196 1294 ‘nis
207 1266 350 1293 Senatum
362 1282 370 1296 ,
380 1271 411 1292 ut
422 1264 532 1292 Brutus
541 1264 573 1291 in
584 1260 649 1291 Asia
661 1281 670 1294 ‚
691 1258 806 1291 Cass'ius
816 1260 848 1288 in
859 1257 960 1288 Sicilia
968 1255 1106 1285 frumen-

145 1314 211 1336 tum
235 1307 248 1333 ἲ
262 1304 430 1335 emendum
443 1324 450 1338 ,
473 1304 506 1334 δε
525 1303 559 1334 ad
580 1303 687 1333 urbem
711 1300 897 1331 mittendum
918 1306 1066 1329 curarent.
1090 1295 1110 1327 ὀ

134 1357 211 1388 ‘rem
224 1348 366 1377 miseram
380 1349 385 1376 l
410 1348 544 1387 primum
557 1346 649 1376 ullam
667 1345 703 1375 ab
719 1343 783 1374 istis
794 1363 803 1377 ‚
824 1342 895 1373 dein
906 1361 914 1375 ‚
934 1339 955 1370 fi
965 1341 1106 1381 aliquam,

149 1389 230 1420 hanc
251 1387 267 1409 ⁶
277 1389 441 1418 [oratoriam
449 1389 647 1429 provinciam?
662 1396 748 1427 atque
760 1385 838 1415 haud
853 1384 914 1414 scio
927 1388 987 1412 7an
998 1382 1108 1412 melius

152 1429 187 1462 fit
199 1452 208 1465 ‚
228 1441 319 1473 quarn
340 1431 375 1461 ad
388 1434 530 1461 Eurotam
549 1430 659 1460 sedere.
682 1429 731 1459 sed
747 1430 809 1458 haec
825 1426 903 1466 casm
921 1424 1108 1467 gubernabit.

148 1475 190 1507 ait
199 1483 300 1503 autern
311 1493 319 1507 ,
333 1473 444 1503 eodem
455 1482 591 1514 ternpore
601 1472 755 1502 decretum
767 1471 822 1503 iri,
834 1478 866 1498 ut
877 1471 914 1498 iis
924 1488 932 1501 ‚
945 1467 977 1497 δε
987 1466 1111 1506 reliquis

140 1517 300 1547 *Praetoriis
311 1516 476 1555 provinciae.
489 1514 694 1544 decernantur.
718 1513 779 1542 hoc
789 1512 866 1542 certe
879 1510 989 1540 meiius
999 1528 1008 1542 ‚
1019 1517 1109 1549 quam

142 1557 202 1587 'illa
212 1555 322 1587 Perfice
331 1559 473 1596 porticus.
498 1551 513 1574 ⁸
528 1556 603 1586 nolo
613 1558 696 1585 enirn
709 1553 963 1585 Laced-,emonem
980 1564 1098 1594 Λαχε-ιν

151 1597 292 1645 δίθχωνᾶθ
307 1607 482 1635 Lanuvium
494 1604 676 1635 existimavi.
700 1603 796 1637 rides,
810 1604 929 1642 inquies
940 1621 949 1634 ,
962 1601 994 1629 in
1005 1597 1114 1629 talibus

149 1647 260 1679 rebus?
283 1647 356 1688 qnid
371 1647 502 1678 faciam?
523 1646 670 1687 plorando
687 1643 776 1675 fefl'us
790 1645 869 1675 sum.
891 1647 906 1671 9
917 1645 972 1672 Dii
982 1643 1112 1671 immor-

148 1689 222 1720 tales
235 1691 240 1718 !
259 1699 350 1729 quarn
361 1699 412 1719 me
422 1689 638 1719 conturbatum
650 1690 748 1718 tenuit
758 1685 890 1727 epistolae
902 1695 958 1715 ttiae
969 1686 1052 1724 prior
1060 1692 1111 1722 pa-

147 1732 237 1771 gina!
258 1730 330 1771 quid
351 1740 450 1761 autem
473 1730 526 1760 iste
545 1732 578 1760 in
596 1730 691 1760 domo
711 1738 759 1759 tua
771 1729 854 1758 casus
865 1727 1042 1757 armorum?
1063 1723 1111 1753 sed

149 1774 233 1803 hunc
252 1771 376 1813 quidem
391 1772 533 1802 nimbum
547 1773 610 1802 cito
622 1768 762 1801 transiisse
775 1771 868 1799 laetor.
892 1778 923 1798 tu
935 1767 1008 1807 quid
1019 1767 1112 1807 egeris

153 1823 202 1845 tua
211 1813 283 1843 cum
296 1813 370 1844 tristi
381 1834 392 1848 ‚
404 1823 469 1844 tum
481 1816 573 1843 etiarn
585 1810 704 1843 difficili
717 1814 746 1830 ¹0
755 1811 790 1841 ad
799 1808 1021 1841 consiliandum
1033 1809 1112 1847 lega·

154 1858 257 1889 tione,
279 1856 475 1885 veliementer
485 1853 635 1895 exspusto.
660 1853 702 1883 est
712 1863 796 1883 enim
812 1850 1047 1891 inexplicabilis.
1072 1851 1113 1879 ita

157 1897 416 1928 circumsederunt
433 1899 528 1938 copiis
546 1896 701 1927 omnibus.
726 1898 779 1925 Me
803 1895 927 1936 quidem
938 1894 1022 1922 Bruti
1033 1892 1114 1921 litte·

147 1949 189 1970 τε
199 1959 208 1973 ‚
220 1950 294 1980 quas
303 1939 437 1970 ostendis
447 1952 462 1969 a
473 1949 501 1969 te
511 1939 601 1970 recitas
611 1959 620 1973 ‚
641 1941 681 1968 ita
689 1937 915 1978 perturbarunt,
936 1945 967 1965 ut
980 1955 989 1968 ‚
1003 1943 1112 1975 quam-

148 1992 239 2022 quam
251 1991 318 2012 ante
328 1983 451 2022 egebam
462 1980 588 2012 consino
601 2001 609 2014 ‚
630 1989 731 2010 tamen
749 1981 844 2009 animi
864 1978 969 2008 dolore
987 1975 1041 2005 sim
1056 1985 1112 2006 tar-

149 2025 221 2054 dior.
251 2024 300 2054 sed
319 2027 402 2064 plura
414 2044 423 2057 ,
449 2023 521 2054 cum
536 2022 589 2054 ista
601 2032 745 2064 cognoro.
769 2023 826 2051 hoc
843 2029 943 2051 autem
963 2028 1112 2058 ternpore,

149 2065 232 2107 quod
248 2066 407 2096 scriberem
418 2085 427 2100 ,
449 2067 527 2096 nihil
541 2074 623 2099 erat,
643 2074 738 2105 eoque
753 2066 854 2094 minus
866 2083 875 2097 ,
894 2061 976 2103 quod
995 2060 1115 2092 dubita-

1375 289 1567 318 ClCERO
1599 291 1816 328 ATTICO,
1839 297 1868 326 S.
2089 316 2092 320 ·

1286 330 1396 360 Bau-rr
1411 339 1546 359 amanter
1556 330 1674 371 scriptas
1684 333 1794 365 litteras
1808 338 1814 365 ¹.
1826 335 1845 366 ὃ
1860 337 2000 377 iniquum
2011 344 2099 367 tuum

1278 381 1409 411 tempus,
1420 373 1472 416 qui
1482 371 1518 402 ad
1526 382 1598 402 eum
1611 375 1651 402 ire
1662 383 1724 404 non
1736 375 1824 415 poffis
1836 380 1842 407 ¹.
1853 389 1909 419 ego
1917 388 2016 409 autem
2027 378 2102 419 quid

1147 415 1293 446 scribam?
1315 423 1348 444 ut
1366 414 1514 444 beneficio
1534 413 1661 445 istorum
1682 421 1799 447 utatur?
1817 420 1889 460 quid
1913 423 2049 460 turpius?
2069 429 2103 452 ut

1124 474 1126 499 ξ
1148 458 1314 488 moliantur
1329 455 1466 496 aliquid?
1487 459 1516 475 ¹²
1527 466 1583 487 nec
1599 457 1730 492 audent,
1751 461 1873 500 necjam
1884 461 2013 502 possunt.
2037 472 2100 504 age,

1125 536 1126 541 ¹
1145 497 1477 544 quiescantau&oribus
1489 499 1577 529 nobis
1589 501 1600 528 ἓ
1613 501 1680 540 quis
1690 501 1931 533 incolumitatem
1944 504 2104 544 ¹3praestet?

1124 544 1126 578 i}
1146 543 1167 572 11
1177 540 1249 572 verb
1259 540 1373 581 aliquid
1385 543 1414 567 ¹4
1422 540 1458 570 de
1470 542 1610 575 Decimi,
1623 543 1809 583 Graeceiique
1819 555 1828 577 3
1839 554 1905 584 quae
1915 545 2022 576 nostris
2031 549 2104 580 vita,

1125 579 1127 629 ἱ
1147 587 1239 614 etiarn
1253 581 1274 612 si
1287 591 1381 612 nemo
1393 581 1538 612 molestus
1553 581 1586 613 fit
1599 586 1610 613 ?
1632 584 1721 614 ludos
1736 595 1807 614 vero
1823 595 1887 616 non
1900 586 2012 620 facere,
2029 587 2104 629 quid

1126 634 1128 672 i
1151 625 1262 656 foedius
1274 628 1283 654 ?
1307 623 1499 655 frumentum
1512 627 1669 665 imponere
1680 646 1688 659 ‚
1707 637 1772 667 quae
1784 626 1826 657 est
1838 627 1895 658 alia
1905 630 2017 658 Dionis
2027 631 2106 670 lega-

1126 699 1128 705 .
1149 670 1216 698 tio?
1236 676 1286 697 aut
1302 666 1385 707 quod
1405 676 1518 697 munus
1537 670 1569 697 in
1584 678 1645 708 rep.
1663 668 1825 708 Jbrdidius?
1844 670 1962 709 prorsus
1980 671 2105 710 quidem

1127 721 1128 748 i
1148 708 1270 740 consilia
1283 712 1334 739 tali
1348 711 1381 738 in
1395 718 1425 738 re
1437 719 1476 739 ne
1487 711 1525 739 iis
1539 709 1664 749 quidem
1675 719 1736 740 tuta
1751 710 1836 744 sunt,
1849 713 1901 751 qui
1913 711 1992 742 dant.
2017 714 2045 739 ¹5
2055 712 2105 743 sed

1148 751 1255 792 possim
1275 750 1305 781 id
1321 753 1468 793 negligere
1484 752 1656 791 proficiens.
1678 751 1784 782 frustra
1795 752 1867 783 vero
1876 755 1928 794 qui
1940 753 2086 794 ingrediar
2099 755 2112 784 ἓ

1151 804 1254 824 matris
1265 792 1391 823 consino
1401 794 1473 823 curn
1485 803 1582 824 utatur
1591 813 1600 827 ‚
1624 795 1671 824 vel
1683 795 1774 824 etiam
1792 796 1928 835 precibus
1941 815 1950 828 ‚
1971 795 2044 836 quid
2056 805 2107 826 me

1150 839 1341 876 interponam
1354 838 1364 864 ἒ
1381 835 1430 866 sed
1442 844 1541 866 tamen
1551 837 1689 876 cogitabo
1700 856 1708 870 ‚
1728 846 1789 877 quo
1799 846 1906 879 genere
1922 845 1983 867 utar
1998 838 2110 867 littera-

1150 889 1228 909 rum.
1253 887 1323 908 nam
1343 876 1426 907 silere
1444 887 1510 907 non
1528 877 1657 918 poss'um.
1691 878 1790 909 statim
1811 881 1902 921 igitur
1920 887 2041 909 mittam
2060 878 2109 910 vel

1150 923 1279 951 Antium
1290 939 1299 954 ,
1310 921 1360 950 vel
1370 922 1509 950 Circaeos.

1392 968 1586 998 CICERO
1609 972 1828 1003 ATTICQ
1847 971 1876 1000 S.

1245 1013 1371 1041 Nriuivt
1385 1018 1456 1039 veni
1466 1018 1533 1039 ante
1544 1020 1592 1039 vr.
1604 1012 1670 1040 Kal.
1682 1013 1773 1041 Bruto
1782 1011 1933 1050 jucundus
1947 1009 2047 1041 noster
2056 1009 2108 1041 ad-

1245 1061 1363 1082 ventus.
1387 1051 1497 1080 deinde
1508 1070 1518 1083 ,
1535 1052 1641 1081 multis
1650 1053 1844 1083 audientibus
1856 1073 1864 1087 ‚
1875 1054 2000 1084 Servilia
2011 1073 2019 1086 ,
2030 1055 2110 1083 Ter-

1154 1094 1227 1124 tulla
1236 1113 1244 1128 ,
1259 1095 1360 1124 Porcia
1371 1112 1379 1126 ‚
1394 1101 1527 1132 quaerere
1539 1112 1548 1125 ‚
1562 1093 1635 1133 quid
1646 1095 1783 1133 placeret.
1804 1095 1901 1125 aderat
1912 1097 2002 1124 etiam
2013 1097 2110 1125 Favo-

1154 1137 1234 1164 nius.
1259 1146 1315 1175 ego
1327 1154 1335 1168 ,
1355 1133 1436 1174 quod
1448 1143 1528 1163 eram
1540 1134 1702 1165 meditatus
1712 1138 1743 1165 in
1757 1138 1823 1169 via,
1844 1136 1962 1166 suadere
1974 1156 1982 1170 ,
2002 1145 2110 1167 utute-

1153 1186 1232 1207 retur
1243 1176 1367 1207 Asiatica
1384 1178 1538 1206 curatione
1550 1175 1717 1211 fruinenti3
1736 1178 1815 1207 nihil
1832 1176 1889 1207 ess'e
1907 1178 1967 1216 jam
1987 1179 2109 1219 reliqui.

1153 1219 1235 1259 quod
1247 1228 1412 1261 ageremus,
1426 1215 1452 1237 ¹⁶
1466 1217 1520 1248 nisi
1533 1228 1564 1248 ut
1574 1219 1670 1249 salvos
1680 1217 1749 1249 effe.
1764 1230 1795 1249 in
1806 1230 1844 1249 eo
1854 1229 1945 1249 etiam
1959 1218 2009 1259 ipsi
2019 1222 2110 1260 Reip.

1156 1259 1213 1291 ess'e
1236 1260 1415 1301 praesldium-
1447 1270 1539 1301 quam
1561 1264 1729 1291 orationem
1752 1271 1822 1291 cum
1843 1259 1987 1303 ingressus
2005 1259 2111 1296 ess’em,

1155 1301 1266 1335 Cassius
1277 1311 1450 1333 intervenit.
1473 1312 1528 1343 ego
1538 1303 1641 1333 eadem
1653 1304 1705 1334 illa
1718 1306 1853 1343 repetivi.
1877 1303 2012 1334 hocloco
2024 1323 2032 1336 ‚
2048 1302 2112 1339 for-

1155 1346 1236 1377 tibus
1244 1346 1311 1376 sane
1321 1345 1417 1376 oculis
1427 1364 1436 1378 ,
1461 1343 1571 1375 Caffius
1584 1345 1624 1383 (¹7
1633 1347 1761 1376 Martem
1776 1346 1882 1385 spirare
1892 1346 2017 1384 diceres)
2039 1345 2066 1374 se
2077 1346 2112 1375 in

1154 1390 1286 1420 Siciliam
1299 1397 1361 1417 non
1371 1390 1495 1417 iturum.
1519 1397 1574 1429 ego
1585 1397 1635 1421 ne,
1650 1396 1682 1418 ut
1691 1386 1874 1418 beneficium
1884 1386 2024 1427 accepisse
2038 1382 2067 1406 ¹⁸
2078 1388 2112 1418 in

1156 1432 1377 1460 contumeliam?
1397 1432 1424 1456 ι9
1435 1429 1507 1469 quid
1522 1439 1592 1471 ergo
1605 1431 1666 1470 agis
1678 1432 1687 1459 ?
1705 1432 1840 1470 inquam.
1863 1429 1964 1463 atille,
1976 1431 2011 1459 iri
2019 1429 2116 1461 Acha-

1155 1475 1217 1513 jam
1227 1472 1256 1502 se
1268 1481 1380 1502 iturum
1393 1482 1398 1500 :
1410 1471 1484 1511 quid
1495 1480 1527 1501 tu
1538 1491 1547 1504 ,
1558 1481 1683 1512 inquam
1693 1491 1702 1506 ‚
1715 1473 1804 1502 Brute
1815 1474 1826 1501 ?
1836 1474 1970 1502 Romam
1981 1491 1990 1505 ,
2001 1472 2113 1512 inquit,

1157 1513 1179 1545 si
1198 1514 1254 1544 tibi
1273 1513 1399 1544 videtur.
1423 1514 1502 1542 mihi
1520 1512 1593 1543 verb
1614 1516 1754 1544 minime.
1777 1513 1844 1544 tuto
1861 1516 1945 1544 enim
1962 1523 2028 1543 non
2047 1515 2115 1543 eris.

1158 1556 1230 1598 quid
1242 1555 1262 1585 si
1271 1554 1389 1596 poss'em
1401 1552 1479 1584 effe?
1496 1555 1684 1594 placeretne?
1701 1564 1789 1596 atque
1799 1564 1832 1585 ut
1842 1558 1994 1589 omnin03
2014 1565 2116 1596 neque

1158 1608 1259 1632 nunc,
1279 1607 1377 1638 neque
1395 1605 1434 1626 ex
1451 1599 1580 1627 Praetura
1594 1599 1625 1626 iri
1639 1599 1829 1636 provinciam
1842 1599 1921 1626 ires?
1943 1597 1992 1627 sed
2011 1596 2116 1627 autitoi·

1160 1650 1223 1670 nori
1234 1641 1298 1670 sum
1309 1659 1317 1674 ‚
1330 1648 1362 1668 ut
1372 1648 1400 1668 te
1411 1638 1476 1668 urbi
1487 1641 1670 1669 committas.
1690 1638 1825 1669 dicebam
1838 1649 1870 1669 ea
1879 1659 1887 1672 ‚
1900 1648 1966 1678 quae
1978 1639 2032 1668 tibi
2043 1648 2116 1679 pro-

1158 1681 1239 1712 festo
1248 1684 1279 1711 in
1295 1690 1431 1710 mentem
1442 1682 1587 1714 veniunt,
1597 1691 1649 1711 cur
1659 1691 1722 1710 non
1733 1679 1804 1710 esset
1813 1689 1878 1711 tuto
1888 1682 2015 1710 iuturus.
2034 1680 2116 1710 mul-

1161 1733 1192 1753 to
1202 1724 1273 1753 inde
1286 1724 1423 1753 sermone
1433 1723 1631 1762 querebantur
1640 1742 1648 1755 ‚
1661 1731 1747 1762 atque
1755 1723 1785 1751 id
1795 1722 1918 1763 quidem
1930 1720 2041 1752 Caffius
2050 1731 2116 1753 ma-

1160 1765 1247 1795 xime
1259 1785 1267 1797 ‚
1279 1763 1391 1800 amzffas
1401 1762 1545 1804 occasiones
1558 1776 1565 1797 3
1582 1765 1809 1804 Decimumque
1818 1765 1945 1804 graviter
1956 1764 2117 1794 accusabat.

1159 1809 1248 1847 ²0ego
1257 1807 1400 1848 negabam
1412 1815 1548 1845 oportere
1557 1808 1701 1845 praeterita
1711 1817 1716 1834 ;
1725 1804 1900 1835 assentiebar
1909 1814 2018 1835 tamen.
2030 1815 2119 1836 cum-

1159 1859 1217 1889 que
1237 1846 1382 1889 ingress'us
1401 1847 1492 1878 esl'em
1513 1847 1611 1877 dicere
1625 1867 1634 1880 ,
1655 1846 1729 1888 quid
1748 1845 1925 1887 oportuifl'et
1940 1867 1949 1880 ,
1972 1857 2028 1878 nec
2045 1846 2119 1877 verb

1159 1890 1323 1932 quidquam
1335 1892 1422 1924 novi,
1435 1890 1483 1920 sed
1493 1900 1537 1924 ea,
1547 1899 1612 1930 quae
1621 1889 1757 1929 quotidie
1767 1899 1876 1919 ornnes
1886 1901 1895 1923 ·,
1907 1892 1936 1908 ²¹
1949 1898 2005 1919 nec
2016 1898 2117 1920 tamen

1161 1933 1250 1963 iilum
1273 1933 1375 1962 locum
1394 1935 1538 1973 attingere
1557 1951 1566 1966 ,
1592 1941 1777 1972 quemquam
1796 1941 1934 1971 praeterea
1955 1929 2119 1971 oportuiffe

1163 1984 1261 2015 tangi,
1274 1974 1322 2004 sed
1332 1978 1475 2005 Senatum
1495 1977 1526 1993 ²²
1538 1983 1660 2007 vocare,
1680 1974 1827 2013 populum
1846 1973 2000 2003 ardentem
2020 1972 2120 2008 studio

1145 334 1171 352 n

1163 2068 1211 2090 tua
1230 2058 1406 2090 familiaris:
1429 2060 1478 2089 hoc
1491 2056 1554 2088 verb
1567 2067 1707 2087 nemmem
1726 2066 1865 2099 umquam
1874 2057 1986 2086 audivi.
2010 2067 2065 2098 ego
2075 2066 2122 2127 H}-

2023 2109 2073 2139 pre
2098 2109 2119 2128 1.

191 2182 200 2197 i
209 2192 214 2197 .
233 2175 332 2198 Servius
350 2173 555 2206 veibpacifittitor
565 2181 615 2197 cum
635 2171 822 2204 libraliolufiio]
846 2171 948 2196 Locum
961 2169 1029 2195 hunc
1040 2167 1116 2195 valde

149 2207 289 2234 obscurum
303 2227 310 2239 ,
329 2207 436 2243 ejusque
445 2208 574 2234 dlxei'film
586 2207 741 2244 i'criptiii·.iiii
754 2206 803 2233 else
814 2208 840 2232 iii
852 2206 968 2242 antiquis
980 2204 1114 2231 codicibus

151 2244 190 2270 ait
201 2244 347 2271 Viditoritis.
368 2244 412 2271 alii
425 2246 517 2280 legunt
531 2264 538 2276 ,
547 2248 646 2270 Sci-wius
655 2253 711 2270 fuero
717 2243 874 2277 pacificatus.
892 2244 1021 2269 liberiolum
1030 2241 1115 2276 conji—

150 2280 188 2307 cit
199 2281 369 2307 Florentinus
382 2281 479 2311 noster,
491 2290 538 2317 pro
548 2282 709 2306 librariorum.

189 2325 218 2343 ι.
243 2320 271 2342 Ut
280 2317 382 2351 quidque
391 2318 533 2351 accidiffit]
552 2318 593 2343 lta
611 2317 692 2343 etiam
704 2315 849 2342 Lambinus
861 2315 929 2350 legit
940 2324 948 2345 ;
970 2314 1052 2349 vulgo
1065 2333 1074 2346 ‚
1093 2321 1120 2339 ut

154 2353 282 2388 quidquid,
292 2353 342 2383 ὡς.
525 2358 528 2362 ’

191 2397 203 2424 3
239 2391 342 2423 Villaeque
350 2391 439 2418 pluries
448 2388 580 2421 videntis]
606 2387 696 2414 Bosius
707 2387 744 2413 ita
755 2386 907 2413 emendavit
918 2407 926 2417 ,
948 2396 981 2413 ex
994 2393 1119 2421 corrupta

153 2423 200 2451 hac
210 2424 354 2451 Lriisellini
365 2424 492 2461 scriptura
503 2444 511 2456 ,
529 2425 636 2458 vllloequc
649 2425 730 2456 plures
739 2424 855 2448 videndae.
873 2422 1009 2449 Vffitorins
1020 2422 1118 2452 edidit,

151 2468 178 2486 ui
195 2463 237 2487 illae
245 2471 293 2495 que
310 2461 496 2494 plnresvi'dendae
507 2471 514 2489 2,
537 2460 577 2486 sed
589 2468 713 2497 corrupte
725 2467 754 2486 ut
764 2459 815 2496 ipse
827 2459 937 2486 fatetur.
959 2458 1066 2493 vulgata
1079 2458 1118 2484 le-

152 2496 228 2527 ftio;
248 2505 276 2522 nt
284 2498 320 2523 ille
349 2499 404 2530 Qae
418 2500 498 2530 plures
509 2497 602 2522 videm.

188 2541 216 2565 4.
236 2535 290 2561 ord
299 2533 444 2566 cogitandum
454 2534 516 2559 nohis
535 2533 561 2558 de
571 2541 598 2557 ea
609 2533 660 2566 re.]
682 2533 723 2559 lta
734 2531 899 2558 Crusellinus
912 2542 917 2557 :
941 2529 1059 2556 Tornaes.
1079 2530 1119 2554 dc-

150 2570 188 2594 bat
199 2570 292 2604 aliquid
302 2579 323 2594 c.
334 2570 358 2594 d.
370 2570 404 2594 ad
411 2570 556 2602 cogitandum
566 2569 628 2594 nobis
642 2569 710 2594 dare.
736 2568 842 2603 vulgata
855 2567 937 2594 lec‘fio
950 2586 957 2598 ,
972 2567 1018 2600 scd
1025 2566 1122 2600 aliquit!

152 2613 175 2631 c.
186 2605 210 2631 d.
221 2606 255 2641 aa(
263 2606 407 2638 cogitandum
417 2606 478 2631 nobis
489 2607 556 2631 dabit
566 2617 574 2637 ,-
594 2605 629 2631 est
641 2606 666 2632 iii
681 2613 770 2631 vetere
784 2605 851 2631 libro
862 2603 964 2630 Ursini.

192 2650 219 2674 5.
239 2642 396 2675 emendum.)
417 2643 552 2667 Emundum
563 2640 675 2668 Ursinus
686 2651 719 2668 ex
730 2642 841 2677 antiquo
851 2640 971 2667 denario.

191 2677 219 2703 6,
239 2679 414 2712 Locatorlam]
433 2677 562 2714 Reposuit
581 2677 618 2704 ita
628 2687 661 2703 ex
674 2677 792 2704 Crusell.
804 2677 892 2704 Bosiiis
906 2686 914 2705 ς
937 2677 1046 2701 Veteres
1057 2674 1120 2701 libri

156 2712 184 2738 ὃς
196 2713 220 2738 in
234 2714 271 2739 his
292 2714 478 2745 i'oi·iiaeiiaiius‚
490 2714 597 2745 habent,
608 2716 744 2747 legam-iam
755 2732 762 2744 ,
785 2713 854 2740 unde
865 2712 971 2748 quidam
986 2712 1120 2743 fecerunt,

155 2749 325 2781 relegatosiam
337 2750 431 2783 quibus
441 2749 580 2777 assentitur
602 2750 756 2776 Lambinus.
779 2750 852 2786 vulg.
867 2751 1018 2783 legam-iam.

159 2818 165 2823 ι
197 2792 223 2818 7.
245 2790 296 2812 :An
306 2788 425 2820 melius-fir
436 2786 483 2821 qud
495 2787 528 2812 ad
541 2790 655 2812 Eurotam
669 2787 773 2819 fidam]
787 2788 827 2812 Ex
844 2787 993 2822 praescripto
1005 2783 1121 2811 Crusell.

158 2826 197 2845 ita
208 2820 291 2859 edidit
306 2822 362 2847 Bos.
376 2823 447 2858 vulg.
455 2832 487 2848 an
498 2822 704 2856 melimfitfquiim
715 2822 749 2848 ad
757 2826 871 2848 Eurotam
878 2820 1014 2855 sedet-ested
1027 2819 1122 2847 Lainb.

159 2857 326 2890 particulam,
338 2858 409 2891 qm'rm
421 2879 429 2890 ,
443 2867 471 2884 ut
486 2858 701 2894 liiperiacaneain
714 2860 738 2884 ἃ
753 2859 864 2885 alienam
876 2857 1014 2884 delendum
1026 2855 1123 2883 censet.

199 2891 227 2916 8.
249 2895 302 2917 Nolo
312 2903 371 2918 emm
380 2896 560 2921 Lacedaemonem
570 2903 626 2926 λαιχ
632 2900 654 2921 ἐν
667 2906 672 2921 ;
693 2905 798 2926 ›coza-:vm
809 2897 951 2921 Lanuvium
962 2893 1122 2926 existimari]

159 2926 203 2953 Ita
213 2936 245 2967 eir
259 2929 408 2967 coniectura
421 2931 488 2962 fere,
500 2932 525 2956 δε
538 2931 703 2962 emendavit,
715 2933 737 2956 ὃς
753 2931 923 2966 interpunxit
934 2930 1033 2957 Boliiis.
1060 2930 1124 2954 l'or-

162 2961 228 3005 naes'.
239 2968 290 2988 baec
303 2972 339 2990 ita
352 2966 432 2992 refert
445 2986 451 2996 ‚
463 2969 511 2993 nolo
520 2971 580 2993 enim
590 2968 771 2993 Lacedaemonem
781 2969 899 3001 longinquo
909 2976 976 3000 quom
986 2968 1126 2991 Lanuvium

161 3000 308 3032 existimavit
323 3011 329 3025 :
350 3001 513 3029 (jriii'elliniis
535 3004 582 3029 boc
594 3005 693 3033 mo.10;
713 3005 762 3030 nolo
771 3007 831 3029 enim
842 3003 1022 3029 Lacedaemoncm
1041 3004 1083 3027 loci
1102 3004 1128 3027 In

159 3044 206 3069 quo
216 3039 325 3068 quoniam
335 3039 473 3062 Lanu-»vium
487 3042 630 3068 existimavi.
654 3039 756 3076 vulgati
774 3039 879 3066 codices
891 3050 898 3067 ;
923 3041 971 3065 nolo
981 3041 1042 3065 tm'm
1053 3041 1131 3064 Lace-

161 3071 281 3097 daemonem
292 3073 439 3106 longinquam
449 3077 582 3104 Layinium
591 3077 742 3108 existimaris.

160 3115 226 3179 guz.
237 3109 481 3172 efflitggzortalerl]
503 3110 623 3146 Epistolae
634 3111 743 3140 deciniae
754 3112 805 3140 hoc
814 3111 971 3149 principium
982 3111 1056 3140 estin
1069 3110 1128 3138 vul-

1197 2178 1239 2196 10.
1259 2170 1299 2196 Ad
1308 2169 1471 2203 consiliandum
1476 2169 1497 2203 .]
1519 2169 1600 2205 Vulg.
1619 2168 1652 2194 ad
1665 2167 1845 2194 conciliandum.

1198 2215 1238 2232 ii.
1251 2211 1267 2231 O
1278 2208 1374 2239 Brmi.)
1401 2207 1475 2232 elane
1487 2205 1621 2241 epistolam
1635 2204 1741 2239 vulgata
1751 2203 1832 2230 leerio
1846 2202 1973 2239 superiori
1989 2200 2119 2229 anneffit.

1200 2251 1243 2268 12.
1254 2246 1303 2267 Nec
1312 2243 1412 2273 andem,
1422 2251 1463 2267 nec
1467 2242 1521 2275 jam
1526 2241 1644 2275 passima]
1671 2240 1806 2268 Uestorius
1817 2248 1851 2266 ex
1861 2238 1918 2266 mis.
1929 2238 1980 2266 suis
1991 2238 2070 2274 legit,
2080 2245 2122 2264 mc

1158 2278 1268 2310 audient,
1278 2287 1376 2311 mejam
1386 2278 1485 2312 possunt.

1199 2323 1241 2350 13.
1260 2315 1380 2347 ‘Pr-elien]
1405 2316 1420 2338 V
1429 2314 1505 2348 ulgb,
1515 2315 1622 2345 Praeslat.

1201 2358 1243 2382 14.
1265 2353 1296 2376 De
1305 2353 1395 2376 Decimi
1404 2350 1567 2384 Graecejique.]
1591 2348 1724 2375 Victorius
1736 2349 1800 2375 olim
1812 2347 2010 2377 emendaverat,
2021 2347 2047 2371 de
2057 2347 2126 2372 Deci-

1159 2387 1202 2412 mis
1212 2388 1360 2420 Graecejisique
1372 2405 1379 2416 ,
1398 2389 1428 2411 cu
1436 2395 1458 2410 ni
1479 2386 1551 2421 prius
1567 2385 1701 2421 legeretur
1712 2403 1720 2417 ,
1739 2385 1765 2411 de
1774 2385 1874 2410 Decimii·
1892 2383 2005 2409 Gracchis
2023 2382 2120 2415 nostris.-

1162 2422 1235 2456 vulg.
1247 2422 1272 2446 de
1281 2425 1372 2448 Decimo
1382 2424 1480 2454 gratim-
2053 2418 2055 2421 '

1201 2466 1211 2484 1
1219 2467 1243 2490 5.
1254 2457 1299 2482 Sed
1306 2459 1378 2491 poffim
1387 2458 1414 2482 id
1420 2459 1528 2490 negligere
1539 2458 1686 2491 nrofichm]

1160 2493 1252 2520 storii.
1272 2501 1347 2519 antea
1359 2492 1681 2528 legebatiir,jedp‹>s]i1m1’d
1689 2495 1798 2526 negligere
1809 2502 1814 2515 :
1822 2492 1962 2526 rqfim'scens.

1204 2530 1243 2555 16.
1265 2532 1317 2563 Nisi
1323 2530 1438 2562 rastil-vos
1448 2530 1514 2564 essen]
1528 2529 1617 2555 Ursini
1630 2530 1707 2560 liber,
1717 2531 1829 2563 utsiilvos
1840 2529 1909 2562 effit5
1920 2525 2086 2554 Cavalcantis
2097 2530 2124 2551 nt

1156 2567 1246 2600 salvus
1256 2567 1306 2598 effe.

1202 2611 1231 2637 17
1264 2606 1371 2628 Martem
1376 2604 1472 2635 spirare
1482 2601 1596 2636 dicerer]
1617 2600 1753 2628 Viktorius
1763 2601 1801 2627 ita
1811 2599 1938 2632 restituit,
1949 2600 2009 2626 ci‘im
2022 2597 2125 2633 legere·

1162 2646 1219 2670 tur,
1230 2645 1329 2664 matrem
1334 2641 1442 2671 spivclare
1452 2639 1538 2664 dicere.

1204 2675 1244 2701 18.
1265 2678 1293 2700 In
1304 2677 1464 2700 contumeliam
1476 2678 1486 2700 ἓ
1497 2674 1509 2708 ]
1531 2675 1572 2700 lta
1585 2673 1702 2701 Tornaes.
1722 2674 1750 2700 δε
1761 2671 1905 2700 Crusellin.
1918 2670 1991 2704 vulg.
2009 2671 2035 2695 in
2045 2675 2127 2695 comu-

1164 2714 1242 2737 melitl.
1938 2718 1941 2724 s

1205 2756 1247 2782 ¹9·
1267 2747 1389 2780 Qidergo
1399 2746 1447 2780 agis
1458 2747 1492 2780 ?]
1513 2749 1585 2780 Ager,
1595 2746 1664 2772 liber
1675 2745 1776 2772 Ursini.

1201 2792 1248 2809 20.
1261 2787 1305 2816 Ego
1315 2785 1427 2815 negabam
1436 2785 1664 2815 oporterepraeterita
1675 2782 1830 2814 :affintiebar
1837 2786 1926 2804 tamen.
1936 2786 2031 2810 cumque
2039 2780 2128 2810 ingre]-

1159 2820 1231 2854 su5.]
1246 2819 1347 2855 Jiiniiis
1358 2828 1390 2845 ex
1405 2818 1461 2844 mss,
1472 2818 1574 2844 duobus
1586 2819 1670 2844 Paiat.
1683 2818 1749 2851 legit
1762 2836 1770 2847 ,
1781 2825 1808 2841 ea
1817 2816 1929 2848 negabam
1938 2820 2038 2846 oportere
2050 2832 2058 2844 ‚
2067 2821 2130 2846 [αφ-,ε-

1167 2859 1241 2882 terita
1251 2863 1322 2888 repert
1333 2856 1475 2887 affbntiebar
1484 2862 1576 2880 tamen:
1587 2862 1730 2887 quamquam
1741 2851 1864 2884 ingressiu,
1875 2851 1926 2881 dyc.

1205 2902 1221 2918 2
1230 2902 1235 2918 i
1245 2913 1251 2918 .
1270 2896 1326 2927 Ἰζςε
1336 2900 1414 2917 tamen
1431 2893 1496 2916 illum
1513 2892 1585 2916 lucum
1594 2892 1709 2922 attingere
1719 2907 1726 2919 ,
1746 2896 1885 2920 quemquam
1893 2894 2003 2918 prsterea
2012 2885 2134 2918 oporrmffie

1170 2966 1195 2991 in
1208 2965 1360 3000 opinionem
1374 2963 1508 2992 Mamurio,
1519 2960 1688 2986 distinetione
1700 2966 1800 2985 mutata
1810 2958 1844 2984 fic
1855 2957 1905 2984 esse
1917 2956 2059 2993 legendum
2077 2965 2134 2983 truc

1171 3009 1249 3027 tamen
1259 3003 1323 3026 illum
1334 3002 1418 3029 locum,
1429 3001 1544 3031 attingere
1553 3005 1691 3031 quemquam
1699 3002 1812 3030 preterea
1822 2996 1956 3028 oportuiss25
1970 2994 2015 3028 fid
2021 2993 2135 3019 Senatu'm

1170 3046 1268 3069 vocam,
1277 3038 1394 3069 sepulum,
1410 3035 1458 3065 &a
2112 3062 2119 3068 ·

1209 3083 1253 3098 ιι.
1265 3076 1358 3103 Vocare,
1369 3069 1496 3102 incitares]
1519 3070 1559 3095 lta
1577 3066 1729 3095 :iiiistor'ibus
1742 3066 1894 3093 Crusellino
1904 3066 1930 3092 &
1943 3064 2060 3092 Tornaes.
2073 3063 2137 3090 scri-

1168 3109 1217 3145 psit
1228 3108 1328 3134 Bolius.
1352 3109 1424 3142 viiig.
1436 3108 1522 3131 vocari
1532 3124 1540 3136 ,
1550 3107 1668 3136 incitari,-
1688 3103 1801 3130 Ursinus
1813 3112 1820 3126 i
1830 3101 1889 3134 ero,
1899 3110 1948 3139 pro
1960 3101 2134 3137 ,sedSenamm

1169 3153 1270 3177 vocare,
1281 3143 1348 3180 legit
1357 3151 1390 3170 ex
1402 3144 1447 3170 luo
1458 3142 1559 3174 codice,
1565 3143 1656 3177 scilicet
1661 3140 1772 3176 ‚senatum
1785 3142 1882 3166 vocari.
2072 3175 2093 3199 Θ

2038 3180 2062 3199 1.
2094 3179 2133 3198 εο-

2132 984 2177 1027 ttj

1163 2019 1375 2047 vehementius
1394 2019 1518 2047 incitare
1533 2036 1542 2049 ,
1567 2024 1660 2046 totam
1681 2015 1825 2055 suscipere
1844 2017 1944 2054 Remp
1974 2016 2120 2046 exclamat
2151 2034 2165 2044 v.

1710 2457 1752 2484 Est
1763 2460 1776 2482 ὲ
1790 2455 1921 2482 veteribus
1933 2453 2067 2481 codicibus
2076 2452 2125 2481 Vi·
2169 2446 2173 2450 ¹

1169 2929 1262 2963 tangi.]
1288 2932 1354 2954 o'unt
1365 2928 1466 2963 antiqui
1478 2926 1537 2952 libri
1549 2935 1564 2951 a
1576 2924 1670 2960 quibus
1681 2923 1748 2950 abest
1759 2921 1844 2948 diffio
1857 2942 1864 2953 ,
1875 2926 1958 2954 ωηιξη
1979 2921 2048 2948 unde
2065 2921 2134 2947 enit
2161 2949 2163 2953 Α
