2337 3400
122 112 220 176 964
505 109 1069 155 Conuenit

589 241 872 302 TITI

1177 101 1677 162 Naeowta

996 239 1620 305 PoMPoNtl

171 340 1155 434 ATTICI

1375 343 2044 436 VITA,

848 464 1366 510 AUCTORE

352 550 1127 611 CORNELIO

219 687 313 702 naa-2·
353 689 398 718 ³⁴>ss
420 680 598 709 Omromus
617 680 732 710 Atticus
752 698 761 713 ,
785 679 822 710 ab
840 680 956 721 origine
972 679 1092 713 ultima,
1127 678 1282 710 frumento
1293 679 1436 713 donavit·,
1450 680 1526 709 ita¹2
1536 677 1697 720 utfingulis
1709 679 1866 710 vx-modii
1876 679 1965 710 tritici
1975 679 2084 712 daren-

197 724 203 731 ²
246 713 325 805 ὣ
419 723 433 739 ²
449 719 547 760 stirpis
570 723 720 752 Romanae
740 731 848 762 genere
867 731 967 754 natus,
987 731 1090 761 perpe-

183 783 210 807 <
344 728 406 833 E
421 760 475 792 tuo
485 762 501 792 a
511 762 674 799 majoribus
683 772 832 802 acceptam
845 762 1020 803 Equestrem
1032 763 1089 792 ob-

175 840 180 851 ,
198 833 207 839 .

266 817 280 839 q
312 810 325 816 ⁴
421 805 513 834 tinuit
530 804 717 844 dignitatem.
739 814 819 843 patre
829 805 897 834 usus
907 803 949 834 est
960 804 1090 844 diligen-

265 815 320 894 &
337 832 398 889 ἓξὲξ,
424 855 451 875 te
464 865 473 878 ,
494 848 688 887 indulgente,
711 846 762 879 &‚
781 855 814 875 ut
833 855 899 876 tum
916 855 1089 876 eranttem-

268 880 399 931 QJ¹·†?†,¹.
428 897 517 926 pora,
542 887 598 917 diti
619 906 628 921 ‚
648 889 682 917 in
697 888 860 927 primisque
879 887 1012 918 studioso
1040 887 1088 917 lit—

351 922 384 934 *
432 938 570 958 terarum.
593 930 644 959 hic
659 938 748 969 prout
769 930 831 969 ipse
843 929 1087 962 amabatlitteras‚

124 971 273 1002 omnibus
282 969 430 1000 ἀοὲὶτὶηίς
442 990 450 1003 ,
469 971 579 1011 quibus
590 971 713 1010 puerilis
723 981 790 1002 aetas
807 974 820 998 3
831 973 976 1011 impertiri
989 970 1088 1003 debet,

124 1012 229 1044 filium
245 1012 393 1042 erudivit:
415 1021 474 1041 erat
490 1020 588 1042 autem
609 1013 643 1042 in
654 1022 748 1051 puero
759 1033 768 1046 ‚
787 1021 890 1052 praeter
902 1012 1088 1042 docilitatem

127 1056 269 1096 ingenii,
289 1054 408 1083 summa
419 1053 542 1083 suavitas
553 1055 614 1083 oris
624 1073 632 1086 ‚
654 1054 688 1084 &
701 1057 783 1084 vocis
794 1066 802 1088 3
814 1064 846 1084 ut
857 1063 920 1084 non
931 1054 1030 1084 solum
1040 1063 1090 1083 ce-

124 1097 228 1127 leriter
246 1097 408 1134 acciperet,
429 1105 496 1135 quae
516 1095 722 1128 tradebantur,
742 1095 790 1126 sed
807 1099 897 1126 etiam
908 1096 1091 1126 excellenter

126 1139 336 1178 pronuntiaret
349 1147 354 1165 2
370 1140 452 1176 4qua
471 1146 509 1166 ex
519 1147 548 1166 re
558 1135 684 1176 pueritia
694 1137 809 1166 nobilis
820 1139 896 1167 inter
906 1137 1030 1177 aequales
1041 1135 1088 1166 fe—

126 1179 245 1211 rebatur
255 1199 264 1212 ,
286 1178 449 1218 clariusque
467 1178 726 1218 exsplendescebat
737 1198 745 1212 ‚
764 1179 856 1219 quam
866 1176 999 1219 generosi
1009 1187 1085 1207 con-

127 1221 267 1261 discipuli
277 1223 290 1247 5'
299 1221 403 1249 animo
420 1230 507 1260 aequo
521 1219 596 1250 ferre
607 1218 729 1260 possent.
755 1221 852 1261 itaque
863 1219 1004 1250 incitabat
1013 1229 1083 1249 om-

126 1264 196 1292 neis
215 1263 267 1292 suo
292 1260 400 1291 studio.
424 1271 485 1302 quo
512 1263 545 1291 in
564 1272 694 1292 numero
712 1260 834 1292 fuerunt
854 1263 1082 1301 L-TorquatuS,

123 1303 140 1325 ⁶
153 1306 187 1334 C.
201 1301 402 1334 Matiusfilius
412 1322 423 1337 ‚
442 1305 486 1332 M.
497 1305 619 1333 Cicero:
639 1312 715 1344 quos
724 1303 943 1333 consuetudine
954 1303 1004 1333 sua
1020 1307 1035 1331 7
1046 1301 1085 1332 fic

126 1344 181 1376 sibi
198 1345 358 1377 devinxit,
379 1353 411 1374 ut
429 1355 523 1375 nemo
542 1347 578 1374 iis
595 1355 738 1385 perpetuo
757 1344 847 1375 fuerit
862 1347 965 1376 carior.
1005 1354 1087 1384 pater

123 1388 239 1418 mature
257 1385 384 1417 deceffit.
407 1387 468 1426 ipse
485 1387 722 1417 adolescentulus
732 1396 851 1427 propter
861 1385 1037 1417 affinitatem
1049 1389 1080 1416 P.

119 1430 267 1469 Sulpicii,
288 1428 506 1468 quiTribunus
523 1429 602 1468 pleb.
625 1427 801 1458 interfeilms
813 1427 876 1462 est,
899 1438 963 1458 non
979 1437 1084 1468 expers

118 1469 180 1501 fuit
190 1471 271 1500 illius
280 1470 415 1509 periculi.
440 1479 570 1511 namque
580 1473 685 1500 Anicia
699 1490 708 1503 ,
718 1472 885 1510 Pomponii
896 1469 1078 1500 consobrina

118 1508 136 1531 ⁸
152 1513 287 1551 nupserat
308 1513 352 1540 M.
375 1513 478 1541 Servio
498 1510 580 1541 fratri
598 1513 733 1551 Sulpicii.
756 1514 856 1552 itaque
877 1515 892 1537 ⁹
913 1510 1074 1541 interfeeto

118 1553 255 1592 Sulpicio
267 1572 276 1585 ,
294 1551 485 1592 posteaquam
504 1553 581 1583 vidit
603 1555 745 1584 Cinnano
765 1554 899 1583 tumultu
916 1555 1073 1583 civitatem

122 1593 181 1624 effi:
198 1594 418 1634 perturbatam3
437 1604 533 1634 neque
551 1593 608 1624 sibi
618 1594 678 1625 dari
688 1594 858 1625 facultatem
868 1603 922 1634 pro
934 1594 964 1624 di
988 1596 1078 1624 nitate

119 1635 267 1668 vivendi,
286 1637 364 1675 quin
383 1636 550 1666 alterutram
572 1646 683 1676 partem
707 1635 875 1667 offenderet
893 1656 902 1670 ,
924 1636 954 1666 di
982 1638 1084 1666 ociatis
1105 1652 1107 1659 ι

121 1679 235 1708 animis
251 1679 367 1706 civium
382 1697 391 1710 ,
409 1675 481 1707 cum
498 1678 548 1708 alii
560 1679 690 1709 Sullanis
702 1698 710 1712 ‚
727 1679 937 1709 aliiCinnanis
948 1677 1080 1708 faverent

119 1719 273 1759 pai-tibus,
293 1718 440 1748 idoneum
461 1729 579 1759 tempus
599 1730 676 1750 ratus
696 1719 800 1750 studiis
813 1720 1077 1760 obsequendisuis,

122 1761 256 1791 Athenas
273 1759 302 1789 se
321 1760 469 1790 contulit:
493 1771 589 1802 neque
606 1761 644 1791 eo
662 1762 756 1791 secius
775 1761 997 1792 adolescentem
1019 1763 1086 1791 Ma-

120 1802 203 1832 :ium
215 1821 223 1834 ‚
247 1799 363 1831 hostem
374 1800 539 1840 judicatum
553 1823 561 1836 ‚
580 1804 661 1842 juvit
670 1803 778 1842 opibus
790 1804 866 1833 suis:
884 1805 968 1841 cujus
979 1802 1085 1843 fugam*

118 1845 250 1883 pecunia
266 1842 439 1872 sublevavit.
462 1853 495 1873 ac
506 1864 516 1877 ,
536 1854 573 1873 ne
592 1845 643 1875 illa
657 1847 851 1884 peregrinatio
862 1844 1082 1874 detrimentum-

120 1884 243 1926 aliquod
261 1882 376 1914 afferret
387 1886 427 1913 rei
438 1883 578 1915 familiari
591 1905 599 1919 ‚
621 1887 730 1916 eodem
744 1895 884 1927 magnam
894 1895 1007 1925 partem
1016 1884 1081 1914 for-

120 1935 263 1957 tunarum
282 1926 395 1961 traiecit
414 1926 543 1957 suarum.
566 1928 663 1958 hicita
673 1929 771 1961 vixit,
795 1937 825 1958 ut
835 1926 978 1957 universis
989 1929 1084 1957 Athe·

122 1966 276 1999 mensibus
309 1970 419 1998 merito
436 1966 509 1998 ess‘et
524 1967 699 2000 carissimus.
733 1980 803 2000 nam
827 1978 930 2009 praeter
946 1979 1082 2010 gratiam,

122 2019 190 2051 qua:
206 2019 268 2048 Jam
281 2011 312 2039 in
320 2010 541 2041 adolescentulo
553 2021 658 2053 magna
668 2020 747 2045 erat,
763 2012 837 2051 saepe
849 2012 906 2041 suis
917 2011 1024 2050 opibus
1035 2015 1084 2040 in-
1106 2002 1109 2055 l

122 2054 225 2091 opiam
238 2061 343 2081 eorum
356 2052 508 2091 publicam
520 2053 639 2083 levavit.
661 2053 733 2083 cum
744 2056 827 2083 enim
842 2055 871 2072 ¹⁰
881 2053 1029 2083 versuram
1040 2052 1083 2083 fa-
1107 2065 1109 2087 :⁴

123 2103 191 2124 ατο
200 2092 320 2132 publice
333 2091 447 2123 necess‘e
457 2092 527 2124 ess'et
537 2114 546 2127 ‚
566 2104 663 2135 neque
672 2097 737 2134 ejus
746 2095 958 2125 conditionem
967 2103 1088 2135 aequam<

123 2134 287 2167 haberent,
308 2135 424 2174 semper
443 2136 471 2165 se
488 2137 665 2176 interposuit
676 2156 684 2171 ‚
707 2146 792 2177 atque
812 2139 851 2166 ita
863 2146 998 2177 utneque
1015 2136 1084 2166 usu-

125 2185 190 2206 ram
211 2185 354 2221 umquam
375 2177 410 2206 ab
429 2179 465 2206 iis
477 2180 639 2216 acceperit,
663 2189 761 2219 neque
772 2177 913 2220 longius,
929 2180 1025 2219 quam
1036 2177 1085 2208 di-
1108 2182 1109 2189 ¹

126 2215 214 2247 stum
234 2216 325 2251 estet,
345 2221 370 2237 ¹¹
383 2218 491 2248 debere
502 2218 597 2259 paffus
608 2219 650 2250 fit.
673 2220 754 2261 quod
775 2230 938 2261 utrumque
961 2229 1022 2249 erat
1045 2221 1087 2249 iis

125 2259 258 2289 salutare.
283 2269 352 2289 nam
370 2269 467 2299 neque
485 2261 672 2301 indulgendo
692 2262 904 2292 inveterascere
925 2271 1031 2291 eorum
1047 2270 1086 2290 aes

122 2300 260 2331 alienum
280 2301 463 2340 patiebatur,
485 2312 579 2343 neque
590 2303 826 2342 multiplicandis
840 2303 933 2333 usuris
947 2302 1083 2333 crescere.
1105 2321 1107 2326 ¹

125 2344 212 2372 auxit
221 2343 279 2373 hoc
291 2341 428 2373 officium
439 2344 495 2374 alia
505 2354 625 2385 quoque
634 2344 818 2374 liberalitate.
849 2354 920 2374 nam
931 2344 1087 2374 universos

136 2450 329 2504 5.P011eponiur
338 2450 473 2480 minema]
487 2450 515 2475 hi
526 2449 706 2484 antiquissimo
720 2448 790 2474 libro
800 2447 901 2475 Gifauii
913 2447 1012 2482 legitur
1022 2456 1091 2482 prae-
1110 2455 1111 2473 l

208 2495 303 2512 nomen
315 2487 349 2510 T.
358 2487 497 2516 'Pomponim
506 2488 613 2510 Atticm.

168 2531 197 2548 2.
215 2523 299 2554 Stirpis
317 2525 422 2546 Romana
436 2530 516 2552 gem-re
533 2520 632 2553 naum]
656 2520 696 2546 Ita
707 2518 839 2546 substituit
850 2518 938 2544 Hosius
957 2527 1007 2554 pro
1027 2517 1087 2544 vul-

131 2566 204 2591 gato·
219 2560 295 2589 Birra·
304 2561 540 2589 Romanegtriermm
553 2575 562 2588 ‚
580 2565 658 2592 quam
670 2564 760 2582 vocem
773 2574 782 2587 ‚
796 2562 922 2588 generatus·
932 2573 941 2586 ,
960 2553 1089 2589 glossema
1110 2572 1111 2578 i

134 2591 276 2630 inspicatur
287 2593 435 2618 Manutius.

172 2638 197 2664 3.
217 2629 361 2662 bipertit-ir]
385 2628 465 2661 Vulg.
476 2629 606 2659 impartiri.

167 2674 195 2696 4.
214 2667 269 2697 Qu
278 2674 306 2689 ex
326 2674 349 2688 rc
365 2666 469 2696 pucritia
477 2664 585 2697 nobilia]
608 2663 718 2689 Fulvius
728 2661 833 2698 legebat
843 2670 877 2688 ex
897 2661 944 2687 ius.
963 2671 1013 2695 qua
1022 2671 1050 2687 ex
1061 2670 1085 2686 re

132 2701 224 2725 abisa:
247 2699 308 2735 quid
322 2700 338 2725 «i
350 2700 452 2734 legatur
465 2708 472 2729 3
493 2708 542 2733 qua
552 2708 579 2725 ex
589 2706 678 2732 repuer
685 2702 756 2724 etlam
764 2698 856 2724 mmsis.
877 2697 959 2724 Liber
970 2696 1085 2729 Gifiiziii,

134 2736 278 2767 uisuerni'i,
290 2735 415 2771 probante
428 2735 560 2761 Manutio.

174 2779 200 2803 ς.
220 2775 301 2796 Auium
310 2781 369 2805 ‚eque
377 2771 464 2804 ferra]
486 2770 566 2806 Vulg.
577 2773 654 2796 animo
663 2780 723 2804 equo
729 2770 804 2799 serre.

171 2806 199 2830 6.
214 2810 242 2830 C.
256 2806 450 2840 Miirimfilfrm]
473 2806 516 2832 Sic
528 2806 630 2832 Gifauii
643 2806 710 2832 libcr-
722 2807 750 2831 &
761 2807 799 2832 ita
810 2805 907 2840 placuit
917 2803 1027 2830 Ursino.

171 2848 200 2872 7.
219 2843 300 2874 siesilii
310 2843 442 2877 dtwfnxjn]
465 2841 545 2868 Abest
557 2842 724 2873 vocabulum,
733 2843 788 2872 fibi,
797 2851 812 2867 a
824 2840 927 2867 Gifanii
939 2839 1016 2865 libro.

176 2882 204 2908 8.
223 2885 477 2916 ansermM.st·t·nio
487 2887 566 2919 fratri
583 2886 707 2919 Sulpicii]
732 2884 792 2912 Mis.
806 2894 897 2911 omnes
916 2885 944 2910 δε
963 2883 1092 2910 editiones
1111 2892 1113 2916 1

141 2918 255 2953 antiqua:
266 2918 358 2946 habent
370 2940 378 2951 ,
395 2922 520 2955 ‘Kamul
530 2926 569 2947 M.
579 2925 659 2947 Servio
670 2941 678 2953 ,
698 2923 725 2947 δε
739 2921 777 2947 ita
787 2920 928 2956 legendum
939 2929 972 2946 ex
983 2919 1093 2946 denario
1111 2918 1113 2927 '

142 2954 230 2982 asserit
240 2954 349 2980 Uriiaiis
361 2966 366 2980 z
390 2961 462 2990 vulg.
473 2958 584 2990 nupserat
594 2961 673 2983 Servio
684 2959 772 2991 fiatri.

178 3007 195 3033 9
204 3018 209 3023 .
227 2999 346 3030 lure-fifh
355 3000 478 3033 suffit-im]
499 3001 579 3035 Vulg.
590 3003 710 3034 iamsi-Ha
718 3002 869 3033 ¹P.Su1picio.

182 3050 225 3069 io.
245 3042 365 3074 Vcrfiaam
378 3043 484 3075 sitnm]
507 3044 613 3078 vulg-iti
625 3044 750 3071 mendose
762 3044 869 3076 habeut,
882 3053 898 3069 u
910 3044 1074 3077 uramfacere.

184 3094 224 3110 ιι.
244 3085 475 3118 Deberepasucfit]
497 3086 578 3120 Vulg.
589 3097 622 3112 eos
633 3088 712 3118 dil-<re
719 3089 848 3122 paffiwfit.

181 3133 220 3151 n..
241 3126 415 3160 L'tsiaegnbsfflx
426 3126 519 3160 modin]
540 3127 717 3165 liuiielocum
727 3129 765 3158 ita
776 3127 948 3158 restituerunt
958 3125 1093 3156 Manutius

1283 521 1939 611 NEPOTE,'

1129 730 1195 755 tur3
1225 723 1277 762 qui
1296 721 1405 751 modus
1415 720 1561 750 mensurae
1582 721 1756 751 medimnus
1767 723 1892 752 Athenis
1911 721 2081 761 appellatur.

1127 763 1175 793 hic
1194 773 1293 793 autem
1303 761 1342 793 sic
1359 764 1388 793 se
1405 761 1543 804 gerebat,
1572 772 1604 792 ut
1626 766 1654 790 ¹3
1668 764 1841 793 communis
1860 761 1979 793 infimis
1991 783 2000 795 ,
2031 772 2082 802 pai:

1128 805 1314 844 principibus
1326 825 1334 838 ,
1370 807 1530 834 videretur.
1553 813 1616 845 quo
1633 803 1745 834 fastum
1758 803 1801 834 est
1813 824 1823 838 ‚
1844 813 1876 834 ut
1895 805 1965 834 huic
1974 814 2084 836 omnes

1129 847 1260 876 honores
1271 866 1279 880 ‚
1299 856 1375 886 quos
1386 844 1502 886 poss'ent
1513 866 1522 879 ‚
1537 846 1657 885 publice
1667 846 1809 875 haberent
1818 865 1826 880 ‚
1838 848 1996 886 civemque
2004 845 2083 876 face-

1128 897 1158 917 re
1170 886 1329 917 studerent.
1352 898 1414 928 quo
1426 886 1575 917 beneficio
1585 887 1635 917 ille
1647 889 1691 917 uti
1701 888 1811 917 noluit.
1834 887 1916 928 quod
1934 888 2082 918 nonnulli

1127 930 1166 959 ita
1180 930 1411 969 interpretantur
1419 949 1429 962 ‚
1446 931 1544 959 amitti
1554 930 1706 959 civitatem
1718 931 1890 959 Romanam
1900 929 1956 959 alia
1966 929 2084 960 adscita.

1129 970 1281 1008 Quamdiu
1300 969 1405 1005 affuit,
1423 980 1520 1011 nequa
1530 969 1582 1000 sibi
1594 969 1868 1010 statuaponeretur,
1888 970 2013 1004 restitit;
2031 970 2086 1000 ab·

1127 1012 1195 1042 sens
1209 1012 1365 1052 prohibere
1384 1022 1448 1042 non
1458 1013 1565 1051 potuit.
1587 1015 1685 1052 itaque
1700 1012 1816 1052 aliquot
1826 1012 1877 1052 ipsi
1887 1032 1896 1045 ,
1917 1012 1987 1042 ¹4&
1998 1012 2082 1043 Pili-³:

1132 1053 1206 1083 locis
1226 1052 1414 1083 samfflffimis
1424 1054 1595 1092 posuerunt.
1620 1055 1699 1083 hunc
1709 1056 1834 1083 enimin
1844 1056 1930 1083 omni
1942 1063 2084 1094 procura-

1129 1095 1212 1124 tione
1224 1093 1674 1135 Reip.a6torem‚au&oremque
1687 1094 1939 1136 habebant.1gitur
1947 1097 2084 1135 primum

1130 1136 1206 1166 illud
1218 1145 1329 1165 munus
1337 1135 1476 1169 fortunae,
1486 1134 1568 1175 quod
1577 1137 1609 1164 in
1617 1145 1648 1165 ea
1657 1134 1843 1175 potiffimum
1853 1137 1925 1166 urbe
1934 1146 2020 1167 natus
2027 1135 2083 1171 est,

1127 1178 1161 1206 in
1177 1187 1234 1218 qua
1253 1177 1449 1207 domicilium
1469 1177 1550 1206 orbis
1564 1186 1706 1206 terrarum
1721 1175 1791 1207 esset
1805 1180 1945 1217 imperii,
1965 1187 1998 1208 ut
2011 1188 2083 1208 ean-

1128 1218 1199 1248 dem
1218 1218 1251 1248 &
1267 1221 1395 1258 patriam.
1413 1218 1531 1248 haberet
1543 1238 1552 1253 ‚
1571 1219 1604 1249 δε
1619 1218 1762 1248 domum.
1783 1219 1842 1249 hoc
1852 1219 2003 1259 specimen
2012 1229 2084 1260 pru-

1127 1259 1254 1293 dentiae,
1272 1260 1355 1301 quod
1368 1280 1376 1294 ,
1396 1270 1465 1290 cum
1478 1262 1511 1290 in
1522 1269 1587 1290 eam
1603 1261 1630 1290 se
1640 1262 1792 1290 civitatem
1803 1257 1992 1294 contuliss'et,
2015 1270 2083 1301 quae

1125 1304 1300 1343 antiquitate
1311 1322 1320 1336 ,
1338 1303 1533 1335 humanitate,
1548 1300 1744 1343 do&rinaque
1755 1301 1903 1341 pir-astaret
1919 1305 1946 1329 ¹5
1956 1312 2077 1336 omnes,

1126 1346 1152 1374 ei
1173 1353 1252 1374 unus
1265 1352 1333 1374 ante
1345 1344 1420 1375 alios
1433 1343 1524 1373 fuerit
1537 1342 1711 1374 cariffim‘us.
1734 1346 1805 1374 Huc
1813 1353 1851 1374 ex
1861 1343 1928 1374 Afia
1938 1344 2018 1374 Sulla
2027 1343 2081 1374 de-

1125 1385 1234 1416 cedens
1251 1385 1322 1415 cum
1344 1384 1492 1419 veniffet3
1509 1385 1658 1426 quamdiu
1677 1385 1720 1415 ibi
1740 1385 1799 1415 fuit
1818 1405 1827 1418 ,
1855 1385 1955 1416 secum
1977 1385 2081 1420 habuit

1125 1429 1331 1467 Pomponium
1344 1447 1352 1460 ,
1367 1436 1468 1466 captus
1479 1426 1674 1457 adolescentis
1685 1427 1718 1457 &
1730 1427 1914 1458 humanitate
1925 1428 1958 1457 δε
1967 1425 2081 1457 (1οᾶκί-

1123 1479 1170 1499 na.
1194 1469 1231 1498 sic
1250 1472 1334 1498 enim
1346 1469 1449 1499 Graece
1464 1468 1640 1508 loquebatur
1651 1488 1659 1502 ‚
1680 1478 1712 1499 ut
1723 1470 1852 1499 Athenis
1866 1477 1952 1499 natus
1962 1468 2082 1499 videre-

1127 1520 1182 1540 tur.
1217 1508 1245 1530 ¹⁶
1256 1519 1335 1540 tanta
1346 1520 1445 1541 autem
1457 1519 1517 1540 erat
1530 1510 1657 1541 suavitas
1669 1511 1819 1540 sermonis
1827 1512 1940 1544 Latini,
1952 1519 1984 1540 ut
1993 1519 2082 1551 appa-

1124 1561 1200 1582 reret
1210 1554 1243 1582 in
1252 1562 1290 1582 eo
1300 1555 1401 1582 nativu
1408 1562 1438 1582 m
1448 1549 1815 1592 quendamleporem-esse
1829 1572 1842 1584 ,
1851 1562 1914 1582 non
1922 1552 2080 1582 adscitum.

1126 1594 1208 1624 idem
1227 1595 1364 1633 POEmata
1381 1593 1595 1634 pronuntiabat
1608 1593 1641 1623 &
1654 1593 1757 1624 Graece
1769 1613 1778 1626 ‚
1799 1593 1832 1623 &
1846 1594 1954 1624 Latine
1969 1591 2006 1623 fic
2017 1612 2025 1627 s
2047 1602 2079 1622 ut

1125 1636 1211 1675 supra
1225 1640 1252 1664 ι7
1261 1636 1339 1665 nihil
1350 1634 1444 1676 poffet
1453 1635 1532 1665 addi.
1555 1635 1666 1676 quibus
1678 1636 1765 1665 rebus
1774 1634 1888 1665 fafitum
1899 1634 1940 1665 est
1951 1655 1960 1669 ‚
1973 1643 2005 1664 ut
2013 1635 2084 1666 Sul-

1124 1678 1150 1708 la
1164 1673 1193 1697 18
1201 1687 1369 1718 numquam
1380 1678 1395 1707 a
1408 1677 1435 1707 se
1443 1677 1619 1710 dimitteret,
1629 1685 1806 1717 cuperetque
1815 1677 1914 1707 secum
1926 1675 2081 1707 deducere.

1124 1721 1177 1760 qui
1191 1720 1264 1749 ct'im
1277 1719 1451 1758 persuadere
1468 1727 1611 1752 tentaret3
1628 1719 1704 1748 Noli
1715 1738 1724 1752 ,
1745 1728 1799 1747 oro
1810 1727 1839 1748 te
1849 1737 1858 1752 ‚
1883 1720 1980 1759 inquit
1988 1720 2084 1748 Pom-

1124 1762 1234 1800 ponius
1245 1780 1254 1794 ,
1271 1760 1428 1790 adversum
1439 1769 1495 1790 eos
1505 1769 1555 1789 me
1568 1759 1647 1789 velle
1657 1759 1802 1790 deducere
1813 1779 1822 1793 ,
1841 1769 1912 1790 cum
1924 1759 2032 1801 quibus
2043 1769 2080 1789 ne

1124 1811 1227 1831 contra
1246 1811 1273 1831 te
1287 1811 1368 1831 arma
1380 1799 1489 1831 ferrern
1500 1820 1508 1834 ,
1530 1801 1649 1831 Italiam
1660 1801 1780 1842 reliqui.
1807 1810 1835 1831 at
1847 1801 1946 1835 Sulla,
1966 1800 2083 1831 adoles⁴

1123 1845 1221 1874 centis
1230 1841 1337 1873 officio
1349 1842 1518 1873 collaudato
1529 1862 1539 1876 ,
1557 1845 1662 1872 omnia
1672 1852 1800 1873 munera
1813 1844 1860 1876 ei,
1878 1853 1944 1884 quae
1955 1843 2084 1873 Athenis

1105 1886 1107 1893 ¹
1125 1894 1272 1925 acceperat
1284 1905 1292 1918 ‚
1310 1883 1501 1925 proficiscens
1519 1882 1600 1924 juffit
1618 1883 1738 1914 deferri.
1763 1882 1822 1914 Hic
1838 1885 2011 1925 complures
2027 1893 2082 1915 an-

1125 1937 1183 1956 nos
1205 1936 1337 1957 moratus
1349 1946 1357 1960 ‚
1377 1926 1449 1957 cum
1471 1927 1504 1957 &
1523 1929 1566 1957 rei
1585 1925 1727 1957 familiari
1746 1935 1862 1956 tanturn
1874 1936 1970 1967 operae
1982 1925 2083 1958 daret,

1125 1979 1273 2010 quantum
1290 1979 1354 1998 non
1372 1968 1537 2009 indiligens
1550 1968 1670 1998 deberet
1683 1966 1894 2008 paterfamilias
1906 1988 1914 2002 ,
1935 1968 1968 1997 &
1979 1969 2084 1998 omnia

1129 2011 1243 2052 reliqua
1265 2020 1399 2051 tempora
1417 2019 1466 2041 aut
1484 2011 1590 2040 litteris
1602 2030 1610 2044 ,
1633 2019 1682 2040 aut
1692 2008 1918 2040 Atheniensium
1928 2010 2017 2049 Reip.
2029 2010 2083 2039 tri-

1129 2052 1231 2082 bueret
1241 2071 1250 2086 ‚
1264 2054 1363 2083 nihilo
1378 2055 1482 2082 minus
1492 2054 1597 2083 amicis
1607 2052 1719 2082 urbana
1730 2050 1831 2082 officia
1843 2051 1987 2092 praestitit.
2010 2059 2083 2081 nam

1130 2094 1208 2124 &ad
1221 2095 1463 2125 comitiacorum
1476 2095 1656 2127 ventitavit·‚
1675 2093 1708 2124 δε
1729 2091 1750 2123 si
1769 2103 1826 2134 qua
1845 2103 1891 2123 res
1908 2094 2007 2132 major
2022 2090 2086 2122 affl

1127 2135 1180 2169 est,
1193 2146 1257 2166 uon
1266 2135 1378 2166 defuit:
1394 2135 1465 2166 sxcut
1474 2137 1619 2166 Ciceroni
1633 2139 1660 2162 ι9
1670 2137 1702 2166 in
1714 2135 1860 2166 omnibus
1870 2136 1933 2175 ejus
1944 2133 2086 2174 periculis

1129 2176 1306 2219 singularem
1323 2177 1414 2208 fidem
1429 2178 1556 2217 prazbuit
1571 2189 1580 2211 ς
1597 2179 1648 2207 cui
1662 2187 1700 2208 ex
1713 2179 1809 2217 patria
1825 2176 1958 2216 fugienti
1970 2185 2025 2206 ihs
2045 2183 2087 2204 ec

1130 2219 1163 2249 δε
1172 2222 1388 2260 quinquaginta
1398 2220 1499 2250 millia
1507 2219 1640 2249 donavit.
1661 2219 1989 2259 Tranquillatis-autem
2000 2216 2088 2246 rebus

1129 2263 1280 2291 Romanis
1289 2281 1298 2295 ,
1311 2262 1485 2302 remigravit
1496 2263 1630 2291 Romam
1641 2280 1650 2294 ‚
1663 2270 1695 2290 ut
1704 2270 1813 2301 opinor
1822 2279 1832 2294 ,
1844 2261 1878 2289 L.
1891 2262 1994 2293 Cotta,
2007 2259 2039 2288 &
2050 2259 2087 2287 L.

1131 2305 1288 2343 Torquato
1305 2305 1392 2333 Coss.
1421 2305 1454 2322 ²0
1462 2312 1555 2343 quem
1574 2303 1656 2331 diem
1670 2301 1707 2331 sic
1722 2301 1858 2331 universa
1875 2302 1978 2331 civitas
1995 2300 2092 2329 Athe-

1130 2343 1283 2374 niensium
1297 2344 1454 2384 prosecuta
1463 2343 1506 2374 est
1516 2363 1525 2377 ,
1544 2352 1578 2373 ut
1597 2344 1730 2374 lacrimis
1747 2341 1881 2373 desiderii
1894 2341 1990 2373 futuri
1999 2341 2091 2385 doloss

2022 2389 2090 2413 rem.

1132 2449 1159 2473 &
1175 2447 1297 2477 [Ji-finus,
1308 2456 1367 2473 eum
1378 2455 1456 2474 antea
1468 2449 1521 2473 VH.
1533 2455 1562 2473 ut
1571 2447 1643 2474 estin
1656 2446 1727 2474 fibro
1739 2446 1852 2478 Gifwii,
1862 2455 1922 2482 pre,
1931 2449 1975 2472 Vl.
1984 2446 2012 2473 ὅ(
2023 2464 2031 2477 ,
2042 2455 2093 2470 uo·-

1131 2484 1196 2514 dius,
1208 2492 1267 2518 pro,
1278 2484 1369 2514 modiis,
1380 2483 1525 2518 legeretur.

1173 2526 1213 2553 ¹3·
1233 2519 1362 2544 Communis
1371 2519 1486 2553 infimis]
1498 2519 1583 2551 ank,
1595 2518 1696 2545 mavult
1708 2518 1812 2545 Autan.
1823 2517 1998 2554 Augustinus.
2017 2517 2092 2543 Gru-

1131 2560 1205 2580 terus
1216 2553 1333 2580 adhoeret
1343 2554 1433 2581 alteri.

1170 2597 1211 2623 14.
1235 2593 1267 2615 Et
1275 2591 1369 2625 Pilia]
1389 2589 1525 2625 Antiquus
1536 2589 1605 2616 liber
1614 2589 1691 2616 habet
1704 2608 1712 2621 ‚
1723 2590 1821 2621 Thule,
1832 2590 1860 2615 &
1870 2589 1908 2615 ita
1918 2588 1984 2622 legit
1994 2587 2093 2614 Mann-

1110 2637 1111 2655 ι
1131 2625 1183 2652 tius
1196 2636 1201 2652 ι
1226 2626 1324 2652 Ursino
1334 2626 1533 2662 placeret‚fi!iae.
1556 2625 1658 2661 Lipsius
1672 2626 1709 2652 ait
1721 2625 1795 2651 Susro
1808 2625 1887 2651 visum
1898 2625 1927 2655 ἁ·
1936 2623 2001 2649 Πλεῖ
2012 2642 2020 2653 ,
2031 2632 2092 2648 (31·-

1110 2675 1111 2680 =
1131 2662 1222 2697 pitque
1232 2662 1278 2697 qui
1287 2661 1366 2688 aliter
1376 2662 1481 2697 legunt,
1494 2669 1621 2697 tanquam
1635 2669 1770 2697 peccantes
1781 2661 1807 2687 iu
1818 2659 1989 2698 shnekiffimos
2001 2659 2089 2686 Attici

1110 2697 1111 2702 ¹
1132 2707 1218 2723 mores
1231 2717 1239 2729 ,
1259 2700 1273 2724 a
1284 2697 1358 2732 cujus
1369 2697 1575 2724 moderatissimo
1586 2698 1696 2732 iugenio
1716 2696 1893 2723 haeeabr'uerit
1902 2694 2024 2721 ambitio.
2048 2695 2092 2720 vi·

1110 2751 1111 2754 ,
1130 2734 1224 2760 deatur
1236 2733 1304 2759 libro
1316 2743 1337 2759 i.
1353 2733 1508 2760 Elestorum
1520 2742 1575 2768 cap.
1592 2741 1624 2765 ¹4

1170 2778 1212 2802 ις.
1231 2775 1326 2801 Omnes,
1345 2773 1366 2795 ei'
1374 2770 1463 2803 unum]
1484 2767 1587 2796 Gifanii
1597 2768 1675 2800 liber,
1689 2777 1753 2794 unm
1764 2768 1865 2800 eifuere't
1875 2767 2004 2799 eariffmm
2014 2776 2021 2791 :
2031 2765 2096 2792 vul-

1130 2806 1178 2841 go,
1189 2815 1265 2830 omnes
1275 2817 1282 2830 :
1300 2807 1410 2836 &anun
1860 2837 1875 2841 ..

1172 2841 1213 2866 16.
1236 2845 1314 2866 ‘rama
1324 2849 1401 2866 autem
1411 2846 1464 2866 erat
1474 2840 1598 2873 fica-nimir*
1604 2839 1726 2874 firmuis.
1739 2838 1754 2872 ]
1774 2835 1877 2864 Gis-inii
1891 2836 1958 2863 liber
1971 2855 1980 2867 ,
1998 2837 2092 2871 suni·

1132 2883 1169 2902 tac
1192 2884 1254 2902 erat.

1172 2920 1214 2946 17.
1235 2913 1374 2945 Mhilpoffit
1384 2910 1468 2944 adch]
1489 2911 1529 2936 lta
1539 2908 1641 2935 Gifanii
1653 2907 1721 2934 liber
1732 2916 1739 2938 ⁴,
1752 2908 1820 2939 addi,
1830 2907 1900 2935 deest
1911 2908 1936 2934 iu
1954 2908 2028 2944 vulg.

1171 2948 1213 2974 18.
1234 2952 1368 2981 thquam
1376 2946 1422 2980 eis&
1431 2945 1584 2977 dimitterem]
1607 2944 1743 2971 Manutius
1754 2943 1817 2971 addi
1829 2944 1916 2976 malit,
1927 2954 1978 2970 cum
1990 2964 1999 2978 ,
2010 2945 2099 2980 quanm

1132 2982 1275 3010 subaudiri.
1297 2982 1399 3009 Gifanii
1411 2980 1489 3011 liber,
1503 2980 1630 3013 nufiquam.

1172 3028 1214 3054 ¹9-
1234 3022 1262 3043 In
1271 3019 1376 3043 onmi'bm
1384 3017 1461 3049 eju]
1483 3015 1525 3040 Sic
1537 3015 1611 3041 habet
1625 3014 1726 3042 Gifauii
1739 3015 1786 3041 ms.
1801 3016 1826 3042 iu
1840 3015 1911 3052 vulg.
1922 3015 2004 3042 deest.

1167 3064 1214 3080 20.
1233 3055 1305 3086 Qem
1315 3053 1373 3078 diem
1387 3053 1419 3085 fic
1429 3051 1571 3084 unisti-sm]
1592 3053 1664 3084 Qun
1674 3052 1832 3085 discedentem,
1846 3052 1975 3087 postulare
1987 3050 2093 3078 seuten-

1130 3091 1194 3117 tiam
1207 3088 1327 3115 Manutio
1338 3086 1454 3112 videtur.
1476 3087 1578 3113 Auton.
1591 3087 1704 3122 August.
1714 3087 1787 3117 delet
1800 3106 1808 3123 ‚
1819 3088 1888 3116 ditm.
1906 3087 2026 3125 placei-et
2034 3095 2092 3114 ma-

1124 3126 1167 3162 gis
1178 3124 1275 3155 Urlino
1285 3123 1305 3152 li
1313 3123 1463 3159 legeretur,
1473 3123 1647 3158 abanuecmfic.
2049 3159 2053 3164 ⁵

1965 3167 1990 3188 ι.
2000 3162 2067 3193 opte-
