2297 3389
1233 165 1278 212 P.
1338 168 1639 217 SEx‘rro.

647 163 956 210 ORATio
1027 180 1162 212 PRO

2026 183 2118 235 493

544 287 640 360 M.
719 290 1217 350 TULLIUS
1316 295 1728 357 CICERO

1015 389 1277 446 ¹PRO
1668 386 1671 389 ’

873 481 1705 577 ΕΧΤΙ

409 598 765 670 ORATio
844 622 1847 677 TRICESIMASECUNDA.

297 740 301 749 “
417 733 432 761 1
443 732 511 772 quis
521 730 731 771 antea,judices
743 749 750 763 ,
760 728 940 761 mirabatur,
952 727 1026 768 quid
1037 725 1116 761 estet,
1138 735 1143 775 f
1155 730 1237 758 niam
1250 727 1371 770 singulis
1386 732 1569 762 criminibus
1584 737 1672 765 ceteri
1689 737 1922 776 responderunt,
1945 740 2042 771 dicam
2054 751 2110 783 ego

345 763 391 807 T*
419 773 502 813 quod
511 782 565 813 pro
576 775 665 802 tantis
676 771 783 810 opibus
794 769 907 809 reipub.
921 777 1057 809 tantaque
1068 769 1116 798 di-
1136 776 1140 815 J
1156 769 1192 799 de
1204 774 1290 800 omni
1302 771 1376 802 statu
1388 776 1417 803 P.
1429 775 1522 804 SeXtii
1536 794 1544 808 ,
1556 774 1593 804 de
1602 787 1707 817 genere
1717 787 1796 811 vitae,
1809 780 1843 810 de
1856 790 1956 812 natura
1971 802 1979 815 ‚
1993 783 2028 813 de
2040 793 2109 812 mo-

339 785 397 856 g
419 816 531 854 gnitate
542 814 659 852 imperii
673 833 681 845 ‚
695 821 881 852 nequaquam
897 810 963 840 satis
973 810 1062 840 multi
1072 813 1115 840 ci—
1135 820 1137 836 r
1155 811 1249 845 ribus,
1263 812 1299 842 de
1309 814 1480 844 incredibili
1493 825 1637 847 amorem
1648 818 1745 848 bonos
1755 839 1762 852 ,
1773 820 1809 850 de
1820 821 1918 852 studio
1930 825 2108 854 conservan-

320 860 387 895 “sy
419 866 472 885 ves
480 854 550 884 forti
565 874 573 887 ,
595 855 628 883 ὃς
641 863 750 894 magno
768 862 873 883 animo
889 854 1112 886 invenirentur,
1133 843 1136 871 *¹
1153 852 1197 883 dae
1207 854 1306 883 salutis
1315 858 1491 886 communis
1501 878 1510 890 ‚
1521 867 1607 898 atque
1618 861 1689 889 otii:
1710 862 1950 904 contendamque
1962 884 1970 898 ,
1982 864 2001 894 fi
2011 865 2106 895 mode>

286 890 290 899 ¹
419 898 471 936 qui
484 895 625 925 auderent
634 895 662 924 se
672 914 680 928 ‚
695 895 727 924 &
738 894 861 924 salutem
872 895 953 924 suam
964 895 997 923 in
1008 893 1112 923 discri-
1152 893 1182 924 id
1193 896 1336 936 constqui
1356 907 1460 936 potero
1472 919 1481 932 ,
1503 908 1534 929 ut
1544 902 1576 929 in
1587 901 1640 931 hac
1649 901 1773 933 confusa
1784 921 1792 936 ‚
1814 913 1896 944 atque
1908 907 2043 936 universa
2053 907 2107 937 de-

420 946 494 966 men
503 935 609 967 offerre
619 946 673 976 pro
685 935 759 966 statu
769 936 946 969 civitatis,&
958 945 1012 975 pro
1022 946 1109 965 com·
1130 943 1131 964 l
1148 934 1284 967 fenfione
1296 958 1305 970 ,
1317 939 1395 968 nihil
1404 940 1420 969 a
1430 950 1490 974 me,
1501 942 1583 981 quod
1593 942 1628 972 ad
1637 942 1763 973 vestram
1775 946 1974 985 quaestionem
1991 967 1999 980 ,
2015 949 2104 981 nihil,

419 979 508 1008 muni
519 978 700 1008 libertatezex
711 979 769 1008 hoc
777 987 912 1016 tempore
923 979 1048 1007 miretur
1055 987 1109 1017 po-
1128 991 1130 1014 J
1148 977 1229 1017 quod
1240 978 1275 1008 ad
1286 989 1369 1009 reum
1381 1000 1390 1014 ‚
1400 982 1477 1011 nihil
1489 1002 1497 1016 ‚
1509 983 1589 1023 quod
1599 984 1634 1015 ad
1643 995 1737 1025 remp.
1749 988 1891 1025 pertineat
1900 1007 1908 1021 ‚
1925 990 2105 1027 praetermis-

150 1022 211 1053 tius
219 1041 228 1055 ‚
240 1019 260 1050 fi
270 1029 360 1061 quern
371 1018 472 1048 bonum
482 1019 625 1058 &fortem
634 1021 734 1049 civem
745 1019 853 1049 viderit
863 1039 871 1053 ‚
883 1018 974 1060 quam
985 1017 1005 1047 fi
1015 1028 1106 1059 quem
1126 1015 1129 1054 1
1148 1019 1213 1049 sum
1224 1018 1281 1050 efl'e
1294 1021 1437 1052 videatur.
1462 1024 1522 1057 Εἰ,
1532 1028 1678 1065 quonjam
1690 1029 1720 1057 {n
1730 1027 1906 1068 gmvjffimis
1917 1030 2103 1068 temporibus

270 485 371 569 P.
1878 492 1997 578 O.

334 931 335 934 ’
374 934 387 954 ἢ

150 1073 201 1094 aut
218 1061 361 1093 timidum
373 1081 381 1094 ‚
401 1070 450 1091 aut
473 1060 525 1091 fibi
541 1061 643 1101 potius
655 1082 663 1094 ,
684 1061 776 1102 quam
797 1061 924 1101 reipubl.
944 1061 1106 1091 consulen-
1125 1055 1128 1092 f
1147 1062 1287 1096 civitatis,
1298 1072 1384 1103 atque
1395 1066 1428 1094 in
1438 1068 1533 1096 ruinis
1543 1068 1660 1102 eversae,
1672 1078 1758 1109 atque
1766 1069 2104 1111 affliAElaereipPSeXtii

1145 1102 1310 1149 tribunatus
1330 1104 1373 1136 est
1388 1105 1404 1136 a
1420 1106 1542 1138 fortuna
1562 1110 1622 1148 ipsa
1638 1111 1799 1141 collocatus
1813 1122 1817 1140 :
1837 1122 1902 1142 non
1912 1112 2102 1153 aggrediarad

1144 1143 1195 1174 illa
1205 1147 1339 1192 maxima
1348 1167 1357 1180 ‚
1368 1156 1456 1188 atque
1467 1148 1644 1189 amplissima
1653 1151 1734 1192 prius
1747 1173 1755 1185 ,
1767 1153 1857 1193 quarn
1868 1153 1999 1184 docuero
2011 1174 2018 1187 ‚
2030 1155 2102 1194 qui-

1144 1184 1199 1214 bus
1210 1188 1322 1221 initiis,
1342 1198 1376 1219 ac
1390 1190 1583 1228 fundamentis
1595 1194 1640 1223 hae
1654 1203 1740 1225 tantae
1759 1195 1929 1225 summisin
1939 1195 2026 1226 rebus
2037 1197 2102 1226 lau-

1144 1226 1195 1273 des
1203 1230 1336 1260 excitatae
1348 1229 1412 1260 sint.
1436 1235 1558 1263 Parente
1567 1237 1598 1264 P.
1612 1237 1731 1265 Sextius
1741 1245 1826 1266 natus
1836 1235 1889 1269 est,
1898 1237 2012 1276 judices
2022 1257 2030 1271 ,
2044 1239 2100 1268 ho—
2123 1241 2136 1271 3

1143 1277 1239 1302 mine,
1253 1279 1285 1300 ut
1293 1271 1428 1312 plerique
1438 1274 1634 1310 meministis,
1650 1278 1683 1307 &
1693 1278 1833 1317 sapiente,
1845 1278 1877 1309 &
1888 1278 1999 1312 saneto,
2014 1279 2047 1309 &
2056 1280 2101 1310 se-

1141 1319 1214 1355 uero
1227 1322 1232 1339 ;
1255 1312 1390 1351 quicum
1402 1315 1539 1345 tribunus
1547 1317 1626 1356 pleb.
1641 1320 1756 1357 primus
1768 1320 1844 1349 inter
1859 1321 2001 1350 homines
2010 1320 2102 1351 nobi-

1139 1349 1267 1382 lissimos
1285 1356 1470 1395 temporibus
1481 1359 1605 1396 optimis
1614 1358 1710 1389 fastus
1724 1359 1811 1393 effer,
1832 1361 1957 1401 reliquis
1971 1363 2100 1393 honori-

1137 1392 1191 1422 bus
1202 1403 1267 1440 non
1284 1404 1343 1425 tam
1359 1397 1404 1442 uti
1415 1398 1530 1431 voluit,
1550 1401 1641 1440 quam
1660 1401 1760 1441 dignus
1779 1402 1880 1431 videri.
1904 1405 1948 1433 Eo
1967 1403 2098 1438 auelore,

1140 1434 1437 1468 duxithonestissimi
1450 1459 1458 1473 ,
1472 1440 1504 1470 δε
1515 1441 1717 1480 ῷοξὲ;ιε1Π”ιηιὶ
1730 1445 1786 1473 viri
1798 1465 1806 1476 ,
1828 1446 1861 1474 C.
1873 1444 1979 1474 Albini
1993 1443 2099 1474 filiam:

1139 1485 1176 1505 ex
1186 1486 1243 1517 qua
1253 1478 1302 1508 hic
1314 1478 1357 1509 est
1365 1489 1448 1519 puer,
1462 1481 1496 1510 &
1507 1492 1596 1522 nupta
1606 1485 1664 1521 jam
1677 1483 1746 1514 filia.
1770 1488 1784 1512 3
1795 1485 1924 1515 Duobus
1934 1487 1980 1515 his
1989 1488 2101 1527 gravis-

1138 1515 1218 1548 fimae
1227 1521 1409 1559 antiquitatis
1423 1524 1494 1551 viris
1505 1521 1541 1552 fic
1555 1525 1695 1563 probatus
1711 1525 1768 1556 fuit
1781 1546 1789 1559 ‚
1808 1535 1841 1556 ut
1852 1529 1969 1568 utrique
1979 1538 2098 1561 eorum,

1142 1559 1174 1588 &
1185 1569 1266 1589 carus
1280 1562 1416 1592 maxime
1428 1584 1437 1596 ‚
1459 1564 1650 1603 &jucundus
1662 1565 1739 1597 ess‘et.
1767 1571 1785 1594 4
1795 1567 1916 1598 Ademit
1925 1569 2040 1599 Albino
2051 1570 2100 1599 so-

1137 1603 1195 1630 ceri
1206 1611 1322 1632 nomen
1333 1613 1417 1634 mors
1428 1604 1499 1636 filiae
1510 1626 1517 1639 ,
1538 1607 1586 1637 sed
1597 1609 1748 1638 caritatem
1766 1610 1848 1639 illius
1858 1608 2096 1645 necessitudinis,

1140 1642 1427 1676 &benevolentiam
1448 1657 1512 1677 non
1528 1649 1652 1679 ademit.
1676 1650 1768 1680 hodie
1778 1649 1815 1680 fic
1832 1652 1913 1681 hunc
1923 1652 2038 1693 diligit,
2062 1662 2097 1683 ut

1135 1694 1191 1714 vos
1199 1683 1344 1717 facillime
1355 1688 1480 1727 potestis
1489 1699 1527 1719 ex
1538 1691 1590 1720 hac
1600 1691 1648 1721 vel
1658 1690 1821 1723 assiduitate
1831 1693 1895 1733 ejus
1906 1713 1915 1727 ,
1927 1694 1974 1724 vel
1985 1695 2099 1724 sollici-

1135 1725 1255 1760 tudine,
1279 1728 1312 1757 &
1326 1729 1463 1760 molestia
1483 1732 1491 1768 ι’
1496 1731 1623 1762 udicare.
1647 1736 1746 1763 Duxit
1757 1744 1884 1764 uxorem
1896 1756 1905 1769 ‚
1923 1745 2003 1775 patre
2012 1738 2095 1770 vivo,

1133 1770 1262 1808 optimi,
1274 1769 1652 1803 &calamitosiffimwiffl
1664 1774 1759 1805 filiam
1777 1796 1785 1809 ,
1804 1779 1834 1806 C.
1847 1779 2005 1817 Scipionis·
2016 1779 2092 1809 clara

1133 1811 1166 1839 in
1180 1811 1237 1855 hoc
1248 1813 1278 1841 P.
1289 1814 1383 1842 Sextii
1394 1815 1487 1853 pietas
1501 1814 1616 1846 exstitit
1627 1836 1635 1849 ,
1656 1817 1689 1846 δε
1700 1817 1844 1847 omnibus
1853 1828 1929 1859 grata
1939 1839 1947 1852 ‚
1963 1818 2046 1859 quod
2059 1820 2093 1850 δε

1133 1850 1294 1883 Massiliam
1304 1853 1402 1884 statim
1412 1855 1566 1894 profec‘lus
1580 1857 1621 1887 est
1630 1877 1639 1891 ,
1653 1868 1684 1888 ut
1694 1859 1829 1888 socerum
1843 1859 1944 1889 videre
1956 1880 1964 1894 ,
1983 1861 2092 1891 conso-

1132 1892 1244 1933 larique
1252 1893 1346 1934 poffet
1355 1916 1364 1930 ‚
1392 1896 1534 1927 fluetibus
1545 1899 1660 1939 reipub.
1673 1900 1830 1939 expulsum
1842 1921 1851 1934 ,
1874 1903 1906 1930 in
1917 1902 2021 1931 alienis
2033 1911 2093 1932 ter-

1132 1936 1171 1964 ris
1187 1936 1337 1973 jacentem
1353 1957 1362 1970 ,
1385 1949 1477 1979 quem
1496 1942 1529 1969 in
1549 1942 1698 1980 majorum
1719 1942 1842 1971 suorum
1865 1944 1995 1983 vestigiis
2018 1942 2092 1974 stare

1132 1977 1302 2015 oportebat:
1322 1979 1355 2008 δε
1364 1980 1399 2009 ad
1410 1990 1480 2009 eum
1492 1979 1585 2012 filiam
1596 1983 1659 2022 ejus
1668 1982 1811 2017 adduxit,
1824 1981 1839 2003 ⁶
1849 1984 1945 2014 utillo
1955 1985 2087 2024 insperato

1131 2017 1268 2057 adspeetu
1279 2039 1288 2052 ,
1306 2022 1528 2062 complexuque
1539 2042 1546 2055 ‚
1570 2022 1589 2052 si
1601 2034 1663 2053 non
1673 2034 1798 2054 omnem
1812 2045 1820 2058 ,
1842 2035 1871 2055 at
1882 2026 2010 2067 aliquam
2023 2036 2090 2066 par-

1132 2067 1193 2088 tem
1203 2063 1343 2090 moeroris
1356 2062 1398 2091 sui
1409 2062 1589 2102 deponeret:
1611 2065 1643 2094 &
1665 2067 1808 2096 maximis
1826 2066 1935 2097 officiis
1954 2068 1987 2098 &
2005 2069 2090 2098 illius

1133 2110 1298 2147 aerurnnam
1310 2122 1318 2136 ‚
1338 2104 1435 2143 quoad
1454 2107 1551 2138 vixit,
1575 2107 1606 2136 δε
1619 2105 1686 2137 filiae
1697 2108 1891 2138 solitudinem
1903 2109 2087 2140 sustentavit.

1135 2141 1256 2173 Possurn
1267 2145 1362 2174 multa
1372 2145 1469 2176 dicere
1479 2147 1515 2177 de
1525 2147 1700 2179 liberalitate
1710 2169 1718 2182 ,
1734 2150 1770 2180 de
1779 2150 1952 2181 domesticis
1963 2150 2086 2184 officiis,

1130 2184 1165 2214 de
1180 2185 1332 2216 tribunatu
1347 2188 1488 2221 militari,
1510 2188 1545 2218 de
1561 2192 1738 2228 provinciali
1752 2194 1784 2222 in
1800 2202 1836 2222 eo
1851 2192 2022 2234 magistratu
2035 2192 2089 2222 ab·

1122 2225 1258 2261 stinentia
1269 2238 1280 2255 .·
1297 2228 1346 2257 sed
1358 2230 1434 2258 mihi
1445 2238 1512 2259 ante
1522 2231 1627 2261 oculos
1638 2232 1808 2263 obversatur
1819 2235 1930 2274 reipub.
1943 2234 2082 2276 dignitas,

1129 2278 1195 2309 quae
1215 2278 1264 2298 me
1283 2269 1318 2299 ad
1336 2270 1396 2299 sese
1415 2272 1489 2310 rapit
1506 2291 1514 2304 ,
1539 2273 1602 2302 haec
1620 2276 1739 2304 minora
1757 2275 1924 2316 relinquere
1943 2277 2086 2306 hortatur.

1130 2309 1265 2350 Qaestor
1276 2312 1324 2340 hic
1335 2313 1497 2342 C-Antonii
1509 2333 1517 2346 ,
1536 2314 1658 2356 collega:
1669 2319 1749 2350 mei,
1768 2317 1884 2356 judices
1896 2338 1904 2351 ,
1928 2317 1985 2347 fuit
1996 2318 2081 2350 sorte,

1128 2351 1176 2380 scd
1197 2351 1336 2382 societate
1353 2352 1549 2384 consiliorum
1568 2376 1575 2389 ‚
1598 2367 1690 2387 meus.
1732 2359 1887 2398 Impedior
1905 2360 2084 2389 nonnullius

1127 2391 1221 2422 officii
1230 2413 1239 2427 ,
1253 2403 1285 2424 ut
1296 2405 1350 2435 ego
1361 2397 1547 2436 interpretor,
1560 2399 1705 2439 religione
1715 2420 1723 2433 ‚
1736 2411 1795 2441 quo
1807 2400 1909 2430 minus
1919 2410 2083 2440 exponam,

1103 2441 1105 2455 ¹
1127 2434 1216 2475 quarn
1229 2436 1324 2466 multa
1337 2437 1372 2466 ad
1386 2448 1435 2468 me
1449 2438 1587 2469 detulerit
1600 2460 1607 2473 ‚
1627 2451 1738 2481 quanto
1751 2442 1818 2472 ante
1833 2442 2003 2481 providerit.
2028 2445 2085 2472 At-

1126 2487 1183 2516 que
1200 2487 1255 2518 ego
1273 2477 1308 2508 de
1321 2482 1457 2509 Antonio
1468 2481 1624 2512 nihildico
1635 2503 1642 2515 ,
1663 2493 1765 2522 praeter
1775 2494 1870 2513 unum
1884 2495 1888 2512 :
1909 2493 2079 2524 numquam

1128 2519 1215 2547 illum
1233 2522 1265 2548 in
1281 2521 1334 2549 iilo
1348 2521 1470 2551 summo
1482 2524 1590 2553 timore
1601 2543 1609 2557 ,
1628 2534 1660 2553 ac
1670 2525 1803 2563 periculo
1813 2527 1940 2555 civitatis
1951 2545 1960 2558 ‚
1980 2535 2079 2566 neque

1125 2569 1323 2591 communem
1338 2572 1452 2592 metum
1464 2565 1605 2593 omnium
1617 2584 1625 2597 ‚
1645 2576 1741 2604 neque
1754 2568 1902 2605 propriam
1915 2567 2083 2596 nonnullo-

1125 2611 1193 2631 rum
1212 2602 1248 2632 de
1269 2604 1330 2642 ipso
1347 2604 1544 2644 suspicionem
1559 2625 1567 2638 ,
1586 2607 1791 2644 munificientia
1802 2608 1925 2641 tollere,
1944 2617 1993 2638 aut
2003 2607 2081 2647 diff?-

1128 2644 1258 2672 mui‘imdo
1275 2645 1370 2675 sedare
1385 2644 1520 2675 voluiss'c.
1544 2650 1580 2677 In
1590 2657 1650 2687 quo
1661 2648 1773 2688 collega
1783 2648 1955 2679 sustinendo
1966 2669 1973 2682 ‚
1995 2659 2083 2690 atque

149 1114 220 1135 tem.
244 1106 325 1133 Nam
334 1123 342 1137 ‚
364 1111 397 1132 ut
417 1105 563 1132 omittatis
584 1103 620 1133 de
634 1102 868 1143 uniuscujusque
887 1102 952 1132 casu
972 1104 1104 1143 cogitan-

146 1146 187 1176 do
197 1144 344 1176 recordari
358 1165 366 1177 ‚
389 1154 451 1174 uno
460 1143 598 1184 adspectu
613 1145 721 1174 intueri
732 1144 869 1183 potestis,
887 1153 938 1174 eos
949 1164 956 1176 ‚
969 1146 1102 1184 quicum

144 1188 258 1220 senatu,
270 1196 340 1216 cum
353 1186 442 1215 bonis
453 1186 598 1216 omnibus
610 1206 617 1219 ‚
630 1186 765 1225 rempub.
779 1185 923 1216 affl1&am
933 1187 1101 1219 excitarint,

144 1229 180 1259 δε
203 1229 362 1258 latrocinio
381 1227 547 1257 domestico
568 1228 722 1257 liberarint
734 1247 742 1260 ‚
759 1226 903 1260 moestos,
924 1227 1100 1261 sordidatos,

143 1279 223 1303 reos,
233 1269 271 1300 de
284 1270 379 1308 capite
388 1288 397 1302 ‚
411 1269 448 1299 de
455 1268 546 1302 fama,
562 1269 599 1299 de
607 1271 736 1302 civitate,
748 1268 784 1299 de
793 1268 922 1298 fortunis
931 1288 940 1302 ‚
951 1269 987 1298 de
998 1269 1100 1299 liberis

143 1354 233 1384 larint
245 1353 400 1386 ,vexarint
410 1372 419 1384 ‚
432 1353 649 1390 perturbarint,
668 1353 840 1385 everterint,
857 1360 920 1380 non
930 1349 1030 1381 solum
1040 1351 1098 1381 ala-

141 1397 229 1428 creis,
241 1393 379 1433 laetosque
389 1393 514 1422 volitare
524 1413 532 1426 ‚
548 1396 562 1412 ²
572 1393 621 1423 sed
634 1394 723 1423 etiam
735 1392 910 1421 voluntarios
918 1390 1095 1426 fortiffimis,

142 1445 229 1477 atque
237 1436 361 1474 optimis
369 1434 487 1464 civibus
499 1435 668 1474 periculum
679 1434 794 1467 moliri,
806 1433 842 1464 de
851 1434 879 1464 se
888 1434 966 1463 nihil
977 1436 1095 1464 timere.

142 1480 181 1508 In
190 1486 250 1517 quo
259 1475 331 1506 cum
346 1475 439 1505 multa
457 1475 675 1517 suntindigna‚
695 1485 761 1506 tum
778 1476 859 1505 nihil
876 1474 980 1505 minus
1000 1474 1042 1505 est
1050 1474 1096 1505 fe-

139 1518 271 1548 rendum
281 1537 289 1551 ‚
308 1515 399 1558 quam
409 1515 492 1557 quod
505 1518 570 1557 J'am
584 1528 649 1547 non
660 1527 712 1558 per
721 1518 850 1547 latrones
862 1517 929 1547 suos
941 1536 949 1550 ‚
969 1526 1033 1546 non
1044 1527 1096 1556 per

140 1561 284 1590 homines
292 1557 417 1599 egestate
427 1578 436 1592 ‚
462 1559 495 1589 δε
509 1559 615 1589 scelere
628 1558 759 1599 perditos
768 1579 777 1592 ,
799 1558 846 1588 sed
856 1568 907 1598 per
923 1568 979 1602 vos
992 1559 1092 1592 nobis,

139 1603 333 1642 peroptimos
350 1602 430 1630 viros
446 1602 571 1640 optimis
588 1601 705 1631 civibus
721 1601 890 1640 periculum
909 1602 1019 1629 interi-e
1041 1610 1094 1631 co-

137 1652 249 1674 nantur
261 1653 266 1671 z
278 1642 321 1676 &‚
330 1652 407 1682 quos
417 1642 575 1681 lapidibus,
589 1652 665 1684 quos
676 1641 771 1676 ferro,
786 1652 861 1682 quos
869 1640 984 1672 facibus
994 1661 1002 1675 ,
1014 1652 1092 1682 quos

138 1686 172 1715 vi
182 1705 191 1718 ,
200 1693 291 1714 manu
301 1703 308 1716 ,
319 1685 415 1723 copiis
427 1683 524 1713 delere
534 1694 599 1714 non
608 1692 771 1725 potuerunt
780 1703 788 1717 ,
802 1685 858 1713 hos
867 1682 960 1714 vestra
968 1683 1094 1713 auctori-

137 1733 210 1760 tate,
221 1724 315 1756 vestra
322 1727 468 1764 religione
479 1746 488 1759 ,
498 1725 602 1756 vestris
614 1726 769 1757 sententiis
779 1725 807 1755 se
817 1723 1004 1765 oppress'uros
1014 1725 1092 1755 arbi-

138 1776 259 1798 trantur.
282 1769 347 1807 Ego
355 1776 466 1800 autern,
474 1768 485 1806 j
491 1767 603 1801 udices,
615 1778 672 1809 qua
681 1777 755 1798 voce
766 1768 844 1797 mihi
854 1769 887 1797 in
897 1766 1017 1808 agendis
1026 1777 1091 1808 gra—

137 1811 190 1840 tiis
203 1828 212 1842 ,
231 1809 562 1850 commemorandoque
575 1819 681 1839 eorum
691 1829 700 1844 ,
717 1808 815 1850 quide
826 1819 876 1839 me
886 1809 1002 1848 optime
1023 1809 1091 1839 sunt

137 1851 252 1883 meriti,
265 1848 413 1879 beneficio
423 1869 432 1883 ‚
447 1848 504 1880 effe
517 1851 664 1881 utendum
673 1850 812 1891 putabam
824 1860 876 1884 „ea
886 1860 967 1880 nunc
980 1852 1023 1880 uti
1036 1860 1088 1881 co-

136 1901 193 1933 gor
210 1893 243 1920 in
262 1900 367 1921 eorum
383 1892 523 1930 periculis
539 1892 737 1932 depellendis.
764 1894 800 1922 iis
818 1890 1006 1932 potissimum
1026 1902 1088 1922 vox

138 1935 203 1963 haec
216 1932 335 1965 serviat,
347 1941 477 1972 quorum
492 1943 580 1972 opem
593 1934 626 1963 δε
645 1934 743 1966 mihi,
765 1933 798 1963 &
811 1933 917 1967 vobis,
933 1933 965 1963 &
996 1934 1089 1973 opulo

99 1992 121 2016 2
138 1977 282 2004 Romano
290 1972 422 2003 restituta
431 1973 482 2004 est.
506 1977 544 2005 Et
553 1994 563 2007 ‚
572 1984 754 2015 quamquam
764 1973 780 2005 a
790 1977 957 2015 QHorten
982 1985 1000 2004 o
1009 1995 1018 2009 ‚
1030 1975 1089 2005 cla-

134 2015 251 2047 xiffimo
265 2017 331 2044 viro
341 2035 350 2048 ,
362 2024 447 2056 atque
459 2014 702 2056 eloquentiffimo
710 2036 719 2050 ‚
737 2016 820 2046 causa
829 2015 871 2046 est
878 2019 908 2046 P.
919 2018 1013 2046 Sextii
1022 2026 1088 2055 per-

134 2066 232 2088 orata:
252 2057 389 2097 nihilque
410 2056 445 2086 ab
462 2067 498 2087 eo
509 2056 735 2097 praetenniffum
746 2056 788 2088 est
798 2077 806 2091 ,
826 2057 910 2098 quod
919 2066 969 2088 aut
977 2067 1030 2098 pro
1041 2068 1088 2088 re-

132 2099 205 2139 pub.
215 2097 461 2139 conquerentium
475 2097 544 2132 fuit,
555 2108 604 2130 aut
612 2109 666 2140 pro
680 2110 730 2130 reo
741 2098 951 2139 disputandum
965 2110 970 2127 :
986 2109 1086 2130 tamen

133 2140 284 2181 aggrediar
291 2139 326 2169 ad
337 2139 498 2170 dicendum
511 2161 519 2175 ,
530 2152 568 2171 ne
577 2151 644 2171 mea
651 2151 745 2182 propu
769 2143 851 2171 natio
859 2144 886 2171 ei
898 2140 1085 2181 potiffimum

132 2180 260 2212 defuisse
271 2181 405 2212 videatur
415 2201 423 2215 2
434 2191 487 2222 per
495 2193 586 2223 quem
597 2183 639 2213 est
651 2152 819 2223 Ρειΐεὲξυῐη
832 2204 840 2217 ,
853 2193 891 2213 ne
900 2185 1003 2213 ceteris
1013 2185 1087 2213 civi-

132 2223 190 2254 bus
199 2222 316 2253 deeffet.
338 2226 436 2263 Atque
445 2234 500 2264 ego
510 2223 547 2254 sic
557 2224 652 2255 statuo
663 2245 671 2258 ‚
680 2227 692 2265 j
697 2225 797 2255 udices
806 2245 815 2258 ‚
828 2225 843 2255 a
852 2235 901 2254 me
916 2228 948 2254 in
959 2226 1010 2255 hac
1017 2235 1087 2255 cau-

129 2266 161 2296 sa
171 2285 180 2298 ‚
191 2274 236 2304 atq
242 2274 277 2294 ue
286 2266 345 2294 hoc
354 2274 493 2295 eXtremo
503 2265 623 2295 dicendi
633 2267 700 2296 loco
711 2286 720 2300 ,
735 2267 848 2307 pietates
858 2265 960 2306 potius
970 2286 977 2299 ‚
995 2268 1084 2307 quam
1105 2296 1107 2304 ⁴

129 2305 312 2337 defensionis
323 2317 327 2335 1
339 2306 462 2346 querelae,
473 2306 562 2347 quam
575 2307 756 2348 eloquentiae
769 2320 773 2336 :
785 2308 889 2342 doloris,
900 2307 991 2349 quam
1002 2310 1086 2349 inge-

128 2350 174 2378 nii
184 2348 292 2388 parteis
305 2347 361 2377 ess'e
371 2348 524 2388 susceptas.
545 2351 646 2389 Itaque
657 2368 666 2382 ,
678 2348 697 2378 si
708 2359 757 2379 aut
765 2349 860 2380 acrius
870 2360 955 2391 egero
966 2369 974 2383 ‚
987 2360 1035 2380 aut
1048 2351 1085 2379 li·-

128 2388 231 2420 berius
240 2409 248 2423 ‚
269 2389 359 2429 quarn
372 2391 426 2430 qui
435 2399 502 2420 ante
509 2400 560 2420 me
569 2391 725 2421 dixerunt:
746 2401 816 2431 peto
826 2392 938 2421 avobis
948 2411 956 2424 ‚
977 2400 1084 2421 uttan-

125 2439 196 2461 tum
208 2433 337 2461 orationi
350 2440 425 2461 meae
440 2432 611 2463 concedatis
625 2453 633 2466 ,
651 2442 796 2473 quantum
809 2433 842 2463 &
853 2435 904 2473 pio
915 2433 1014 2464 dolori
1029 2453 1037 2466 ‚
1051 2434 1083 2464 δε

125 2471 380 2512 justaeiracundiae
397 2474 622 2504 concedendum
632 2477 753 2513 putetis.
776 2485 872 2515 neque
882 2477 964 2504 enim
978 2473 1082 2505 officio

127 2513 322 2552 conJ'unffior
332 2513 418 2544 dolor
429 2515 521 2545 ullius
530 2514 587 2545 efl'e
597 2515 693 2562 potest
703 2537 710 2549 ‚
731 2518 821 2557 quam
835 2518 882 2546 hic
893 2526 979 2548 meus
991 2537 999 2549 ,
1020 2517 1081 2546 sus-
1101 2549 1104 2554 ‚

125 2564 231 2595 ceptus
242 2565 280 2586 ex
290 2556 437 2589 hominis,
450 2556 486 2586 de
498 2567 549 2587 me
558 2557 674 2597 optime
690 2559 803 2590 meriti,
814 2559 964 2597 periculo:
984 2568 1080 2598 neque

123 2596 280 2627 iracundia
296 2599 388 2638 magis
405 2598 463 2628 ulla
478 2598 618 2628 laudanda
628 2619 637 2633 ,
656 2609 746 2640 quam
762 2609 793 2629 ea
804 2619 812 2632 ,
826 2609 892 2640 quae
901 2610 950 2629 me
960 2597 1082 2629 inflam-

125 2646 191 2668 mat
200 2648 306 2668 eorum
322 2639 428 2669 scelere
439 2659 447 2672 ‚
490 2643 599 2671 uicum
617 2641 761 2670 omnibus
778 2641 878 2670 salutis
888 2651 963 2671 meae
975 2640 1081 2671 defen—
1098 2665 1099 2674 ,

469 2650 485 2681 q
1094 2677 1099 2719 Ῐ
1124 2685 1329 2721 moderando,
1347 2686 1476 2719 siineatn
1488 2689 1521 2719 in
1530 2689 1617 2718 illum
1630 2689 1846 2732 indulgentiam
1858 2711 1866 2725 ‚
1885 2691 2082 2730 conjunctam

121 2679 241 2710 foribus
250 2680 365 2711 bellum
375 2677 431 2710 effe
441 2679 494 2712 fibi
506 2682 672 2723 gerendum
685 2682 906 2723 judicaverunt.
929 2682 995 2716 Sed,
1003 2693 1078 2724 quo-

144 1312 336 1342 dimicanteis
349 1321 355 1339 2
368 1320 422 1340 eos
430 1312 598 1350 autem‚qui
609 1312 714 1340 omnia
722 1310 837 1342 divina,
847 1310 880 1339 &
889 1311 1022 1339 humana
1030 1311 1098 1339 vio-
1118 1338 1119 1341 ,

2006 2743 2078 2763 cum

117 2769 2075 2790 Μ

120 2795 147 2814 1.
200 2791 231 2813 Ro
247 2790 349 2822 Sextio]

185 2858 189 2863 Ι
201 2823 269 2850 huuc
278 2825 414 2852 homiuem
425 2826 524 2862 semper
534 2829 667 2863 appellunt
677 2833 782 2862 Sestium,-
795 2838 822 2855 ut
833 2830 912 2855 etiam
925 2829 991 2855 liber
1003 2831 1081 2856 §.Vi-

119 2856 215 2884 &oris-
233 2859 299 2887 adeo
318 2869 347 2887 ut
359 2862 390 2888 lic
401 2862 591 2889 restribeuduui
614 2864 735 2891 videatur
747 2876 752 2890 :
777 2874 805 2891 ut
815 2865 880 2891 fecit
893 2866 921 2890 P.
933 2866 1079 2892 Victorius.

119 2901 274 2934 annotatum
286 2904 370 2924 tamen
384 2898 428 2924 Cl.
440 2900 557 2926 Puteano
567 2899 732 2926 scribendum
743 2904 819 2927 sextio
830 2921 838 2933 ,
859 2901 984 2937 quoniam
1000 2902 1028 2927 lit
1040 2902 1079 2928 fa-

120 2929 204 2955 miliae
211 2930 328 2965 plebeiae.
342 2936 437 2966 Sestium
446 2936 516 2961 enini
528 2943 619 2961 notare
629 2937 776 2972 patricium.

115 2983 117 2985 -
158 2973 186 2990 2.
204 2967 324 2993 sedetiam
333 2971 481 2997 voluntarios
494 2973 648 3006 Jbrtiffimix]
672 2974 779 2999 Monuit
790 2973 934 2999 Lambinus
948 2973 1014 2999 illud
1035 2984 1080 2999 vo-

119 3001 238 3026 luntarIos
249 3012 298 3029 non
310 3003 407 3031 haerere
428 3006 453 3032 iu
465 3006 567 3042 aliquot
579 3007 635 3033 niss'.
647 3008 759 3044 ideoque
780 3008 921 3035 delendum
944 3010 1028 3044 putat.
1050 3011 1077 3035 3:

121 3043 187 3061 vero
197 3035 263 3063 abest
272 3038 374 3074 aliquot
383 3040 447 3067 item
459 3042 586 3069 Palatinis
599 3063 606 3074 ,
618 3043 659 3069 sed
672 3052 758 3070 tamen
770 3054 830 3070 cuin
844 3054 991 3080 compareat
1004 3046 1028 3071 in
1041 3045 1077 3070 eis

124 3079 191 3105 quos
202 3071 282 3112 habeo
293 3081 360 3101 uotae
370 3077 475 3112 optimae
486 3097 495 3110 ,
513 3079 689 3114 i=1p1·.i11stc.
710 3081 735 3107 iu
748 3091 819 3107 nouo
832 3100 839 3112 ,
859 3081 925 3107 haid
943 3089 1042 3107 ternum
1054 3082 1078 3107 ei

127 3114 218 3133 manus
230 3108 355 3136 intulero.

159 3149 184 3203 ἶ.
204 3144 297 3169 Duobus
305 3145 340 3170 hh·
353 3150 492 3180 graviffl‘mae
501 3151 655 3183 antiquitatis
665 3153 727 3177 viris
740 3171 746 3183 ‚
767 3152 834 3186 ἐι]
857 3154 896 3178 ltu
915 3153 995 3179 milui
1017 3162 1074 3178 cum

120 3177 157 3205 Pa
172 3198 176 3203 .
189 3185 250 3205 tert.
262 3187 348 3215 quart.
359 3182 452 3217 quinto
464 3203 472 3217 ,
482 3185 538 3212 oet.
549 3187 575 3212 8<
587 3186 630 3214 cd.
643 3194 697 3214 vet.
709 3197 787 3224 quain
795 3198 854 3222 grau
861 3189 937 3223 iffimis
949 3209 955 3221 7
969 3188 1038 3224 quoti
1048 3189 1077 3217 in

372 2791 429 2816 Pal.
449 2791 498 2817 sec.
517 2801 546 2818 ac
564 2801 647 2819 nonus
662 2813 668 2823 ,
691 2795 754 2819 item
769 2793 918 2819 Risui-d&
939 2795 1080 2821 Gembiac.
1101 2819 1102 2823 ,

1101 2827 1102 2831 ¹
1123 2797 1240 2831 vulg-titii.
1259 2798 1340 2823 iidem
1362 2799 1442 2824 uoitri
1462 2808 1512 2823 :iou
1533 2798 1706 2831 aguostcb-ult
1728 2798 1846 2824 voculam
1867 2799 1911 2823 lis.
1933 2800 1958 2823 δι’
1972 2806 2078 2833 poterut

1100 2864 1101 2872 ἵ
1118 2832 1183 2857 item
1194 2832 1289 2859 deleri.
1309 2834 1416 2860 iuterim
1429 2843 1485 2868 quit
1499 2833 1570 2859 srous
1583 2833 1706 2860 Lambini
1719 2838 1729 2860 ?
1749 2833 1915 2870 supponentis
1930 2853 1937 2866 ‚
1947 2833 2034 2859 duobm
2044 2835 2079 2860 liis

1114 2870 1255 2902 g›⁴a·t.·s-s?1:1is
1266 2879 1294 2894 ac
1306 2871 1454 2902 'lhnilgffsnvfs
1470 2870 1537 2895 mis.

1098 2919 1100 2940 Ι
1155 2912 1182 2935 4.
1204 2906 1309 2931 ’,Λῑζηῑη
1320 2907 1416 2931 muham
1429 2907 1504 2937 joa-wi
1515 2905 1620 2939 nomem]
1641 2904 1749 2931 Gemhl.
1761 2906 1787 2931 &
1799 2907 1825 2931 S.
1839 2904 1956 2931 Viftoris
1977 2913 2077 2930 caet-um

1119 2949 1197 2965 nomen
1209 2959 1216 2971 ‚
1236 2941 1274 2966 cui
1288 2940 1382 2966 alludi:
1395 2942 1420 2965 ἃ
1435 2940 1518 2967 l‘.=lat.
1530 2950 1613 2967 nouus
1627 2961 1634 2973 ‚
1646 2942 1671 2968 iu
1683 2951 1735 2977 quo
1745 2949 1879 2967 ceterorum.
1900 2943 1925 2967 ἃ
1940 2952 1990 2968 uon
2004 2941 2078 2967 ude-

1095 2986 1099 3022 λ
1119 2982 1163 3001 tur
1175 2975 1316 3002 fortuitum
1329 2975 1392 3001 illud
1407 2984 1515 3002 aterum,

1096 3026 1098 3031 ‹
1156 3019 1181 3043 5.
1206 3014 1290 3036 Filiam
1309 3015 1335 3036 ιῖ.
1359 3013 1494 3046 sustin—ir.)
1517 3013 1579 3038 Non
1600 3020 1673 3039 vacat
1691 3014 1826 3048 inquirere
1844 3023 1897 3049 quo
1916 3013 2078 3048 praeuoniire

1097 3046 1098 3050 ¹
1118 3046 1176 3072 aliis
1199 3054 1306 3072 vocetur
1330 3047 1370 3072 hic
1391 3048 1487 3083 Ssipio.
1509 3047 1610 3074 reddidi
1623 3057 1709 3075 tamen
1729 3050 1752 3075 ei
1771 3053 1825 3075 cm:
1847 3049 1992 3075 nolentibus
2007 3049 2076 3074 Pell.

1119 3082 1225 3108 bembi.
1240 3082 1349 3108 liri‘urd.
1370 3083 1432 3108 item
1445 3083 1524 3109 editt.
1543 3085 1646 3120 primis.
1667 3085 1855 3120 posterioribus
1867 3086 1963 3121 placuit
1973 3087 2074 3110 [Λα-ἐπι.

1095 3114 1098 3146 l
1154 3120 1181 3142 6.
1202 3121 1229 3142 Γ(
1239 3128 1274 3142 ,ω
1283 3120 1342 3151 :nſju
1357 3126 1399 3143 ’.κο
1409 3128 1423 3143 :1
1434 3119 1528 3151 ‘'spi-clu,
1541 3121 1718 3154 amphmqua]
1741 3121 1797 3146 Pil.
1811 3129 1874 3147 tert.
1885 3128 1972 3155 quart.
1985 3121 2074 3155 quint.

1117 3154 1220 3186 .x.{,='.:‘}n,
1233 3163 1282 3178 uoti
1297 3153 1557 3190 1:11111-1zutliiplicct;
1577 3157 1668 3191 utiquc
1691 3157 1951 3184 cuiiiS<iuzeuuri121
1971 3157 2034 3181 item
2047 3155 2072 3181 iu

1117 3188 1178 3215 ulti.
1192 3189 1388 3224 antiquilliiuis.

1525 3229 1577 3266 Qq
1588 3237 1604 3263 q
1626 3236 1639 3264 3
1953 3236 1974 3253 ι.
1988 3228 2075 3251 Atten-
