2250 3358
115 219 176 256 fibi
188 214 395 255 conciliasset
407 240 415 253 ,
428 223 580 263 quatuor
593 212 683 260 leges
693 236 705 251 ‚
716 211 896 264 populares
903 210 980 262 ‘illas
995 225 1041 259 qu
1047 212 1075 265 i-

113 268 214 305 dem,
240 265 293 300 fied
315 264 461 311 reipubl.
474 262 699 310 perniciosas,
729 261 829 296 initio
850 260 954 311 liujus
984 272 1076 296 anni,

116 314 211 364 quod
226 313 350 348 Cicero
361 312 397 348 in
410 312 566 347 Pisonem
580 308 748 357 significat
760 332 770 347 ,
792 307 872 344 tulit
887 320 894 341 ;
919 318 1025 341 unam
1039 318 1077 342 ut

112 358 330 400 frumentum
353 360 482 408 populo
504 360 607 407 gratis
630 358 770 394 daretur
793 369 800 392 z
833 356 982 408 alterum
996 378 1005 391 ‚
1031 367 1076 389 ne

110 411 187 460 quis
200 423 260 459 per
271 422 330 445 eos
341 409 411 444 dies
422 409 566 457 ‚quibus
578 420 659 444 cum
673 406 802 454 populo
815 416 867 457 agi
883 403 1002 456 liceret
1011 428 1020 441 ,
1033 403 1076 438 de

107 459 202 495 coelo
217 459 362 495 servaret
374 471 382 493 ε
394 459 531 493 tertiam
543 457 586 492 de
599 455 754 503 collegiis
765 451 1073 506 restituendisgno-

107 508 227 556 ¹visque
251 506 470 542 instituendis
485 520 492 541 ε
517 515 674 553 quartam
687 530 696 545 ‚
721 516 764 539 ne
787 514 891 554 quem
907 501 1073 554 Censores

110 556 148 592 in
162 558 278 592 senatu
290 555 437 602 legendo
450 554 664 602 praeterirent
676 577 685 591 ,
699 564 787 588 neve
799 564 866 599 qua
881 562 1073 604 ignominia

109 604 284 645 afficerent
295 627 304 641 ,
321 603 384 639 nisi
398 604 458 651 qui
471 603 560 651 apud
572 615 629 639 eos
642 601 814 637 accusatus
829 625 836 639 ‚
849 602 1073 653 &utriusque

107 653 268 689 Censoris
279 652 446 689 sententia
458 652 637 688 damnatus
650 650 739 685 esset·
763 650 837 684 haec
853 650 1020 682 Asconius
1030 659 1070 699 'in

103 702 322 738 Pisonianam
333 725 343 740 ‚
367 701 434 736 Dio
456 701 516 737 lib.
533 705 585 744 38.
606 702 641 736 &
664 699 790 734 Cicero
815 695 944 744 passim-
982 694 1072 731 Alias

107 750 232 786 deinde
262 751 457 797 rogationes
479 749 572 784 idem
596 747 741 783 Clodius
773 758 847 798 uno
879 744 1072 798 eodemque

108 810 266 846 ternpore
283 799 535 846 promulgavit,
557 809 663 832 unam
682 796 725 831 de
746 798 1070 847 provinciis-consu-

104 848 182 883 lum
194 847 399 883 nominatim
413 872 422 886 ‚
445 846 585 882 alteram
595 846 637 881 de
651 845 832 880 Ciceronis
845 853 996 889 pernicie
1006 865 1017 879 ,
1032 852 1070 894 ut

101 898 154 932 ‘ait
167 909 229 944 pro
242 895 369 931 Sextio.
397 896 515 931 Passus
530 895 626 930 enim
638 906 720 929 cum
736 891 948 944 consulibus,
963 890 1069 943 Gabi-

105 945 166 981 nio
180 944 316 992 Syriam
329 968 338 982 ‚
359 944 572 992 Babylonem
586 968 595 982 ‚
609 943 718 978 Persas
731 959 742 985 3
763 941 875 976 Pisoni
889 940 1068 978 Achaiam,

107 992 331 1032 Thessaliam,
352 992 523 1028 Graeciam
537 1019 545 1033 ‚
566 991 809 1028 Macedoniam
823 1015 832 1031 ,
854 1000 1069 1042 omnemque

103 1041 274 1078 Boeotiam
298 1040 399 1076 dedit.
428 1042 554 1077 Cicero
569 1043 620 1077 De
644 1039 831 1088 provinciis
841 1063 849 1076 ‚
874 1039 908 1073 8<
918 1050 964 1090 ‘in
995 1036 1069 1071 aliis

106 1089 345 1127 Orationibus.
372 1088 425 1125 Ad
439 1090 619 1126 Ciceronis
632 1086 889 1140 perniciem-lex
914 1086 972 1120 illa
990 1097 1067 1132 per-

103 1138 234 1174 tinebat
249 1162 259 1176 ‚
278 1151 344 1186 qua
366 1137 469 1178 tulit,
494 1139 565 1186 Qii
578 1139 693 1175 civem
708 1140 812 1172 Rom.
825 1134 1068 1186 indemnatum

102 1187 344 1226 interemisset,
366 1187 397 1222 ei
417 1200 503 1236 aqua
520 1188 639 1235 &igni
659 1185 945 1222 interdiceretur:
968 1195 1067 1230 cujus

99 1236 219 1273 -verbis
242 1235 301 1271 etsi
324 1248 397 1271 non
418 1236 664 1272 nominabatur
676 1235 801 1270 Cicero
816 1260 825 1274 ,
848 1243 965 1268 tamen
978 1231 1067 1284 solus

104 1285 283 1333 petebatur
293 1308 303 1323 ‚
315 1284 428 1333 inquit
440 1285 635 1321 Paterculus
648 1285 706 1320 lib.
724 1297 752 1320 2.
776 1282 939 1335 idemque
951 1280 1067 1316 stribit

103 1333 173 1370 Dio
186 1333 243 1369 lib·
262 1337 315 1377 38.
338 1344 441 1381 atque
462 1334 592 1370 iccirco
609 1333 748 1369 Tullius
760 1333 828 1367 hoc
840 1330 1065 1384 privilegium

96 1382 267 1431 ¹appellat,
282 1382 360 1417 vide
373 1384 471 1418 Orat.
487 1396 548 1431 pro
561 1383 681 1418 domo.
704 1384 799 1417 Reus
813 1380 919 1428 igitur
929 1380 1065 1433 Cicero,

82 1463 83 1467 ,
99 1442 143 1468 ut
157 1431 356 1467 Plutarchus
367 1431 491 1469 scribit,
507 1431 635 1468 vestem
650 1431 799 1467 mutavit
813 1456 823 1471 ,
836 1428 1068 1482 &sordidatus

97 1480 233 1530 populo
245 1480 452 1528 supplicavit.
481 1483 577 1516 Tum
594 1480 739 1516 Clodius
760 1479 808 1514 illi
830 1478 996 1513 omnibus
1012 1490 1068 1513 vi-

100 1529 149 1564 cis
168 1529 370 1565 occurrebat
386 1527 525 1576 stipatus
544 1529 745 1566 hominibus
756 1526 1018 1580 contumeliosis
1033 1528 1067 1562 &

101 1579 312 1615 temerariis:
333 1578 392 1625 qui
415 1579 609 1626 petulanter
628 1578 860 1614 mutationem
882 1575 982 1628 vestis
996 1601 1006 1616 ,
1032 1577 1068 1611 &

99 1627 259 1663 habitum
273 1628 451 1663 Ciceronis
463 1629 687 1676 exagitantes,
698 1627 882 1675 multisque
894 1625 980 1680 locis
992 1624 1066 1660 luto

97 1678 138 1712 δε
151 1675 317 1724 lapidibus
328 1676 364 1712 in
380 1691 461 1713 eum
474 1677 610 1726 conje&
620 1691 642 1713 is
657 1703 667 1716 ,
683 1676 944 1725 supplicationes
956 1686 1065 1729 impe-

101 1724 252 1761 diebant.
280 1726 373 1761 Cum
387 1728 562 1763 Cicerone
570 1738 686 1763 tamen
701 1727 855 1774 primum
866 1737 982 1778 omnis
996 1724 1067 1776 fere

97 1773 191 1810 ordo
203 1787 244 1823 eq
251 1774 359 1811 uester
370 1776 499 1812 vestem
513 1777 681 1816 mutavit:
701 1787 853 1824 eumque
864 1773 1063 1827 nobilissimi

98 1822 330 1860 >adolescentes
341 1837 491 1861 numero
504 1825 544 1861 ad
566 1838 633 1862 xx.
648 1825 757 1861 millia
769 1824 931 1860 sordidati
943 1822 1064 1874 depre-

97 1882 230 1908 catores
243 1871 271 1920 ej
278 1885 316 1908 us
329 1874 442 1909 salutis
452 1898 461 1912 ,
475 1875 741 1910 comitabantur·
768 1872 904 1908 Deinde
917 1884 999 1908 cum
1014 1874 1064 1926 se—

100 1931 201 1956 natus
221 1921 380 1970 frequens
398 1923 613 1959 convenisset
627 1949 636 1964 ‚
657 1934 697 1959 ut
709 1921 837 1958 vestem
850 1933 1016 1969 tanquam
1030 1934 1064 1956 in

97 1969 236 2016 publico
257 1969 354 2005 lustu
378 1972 581 2007 mutandam
593 1973 745 2007 censeret
760 1997 768 2010 ‚
790 1970 894 2019 idque
909 1970 1065 2006 consules

95 2026 255 2052 vetarent
267 2041 276 2056 ,
300 2019 334 2052 δε
349 2018 493 2054 Clodius
507 2031 590 2062 cum
604 2019 708 2055 armis
729 2019 771 2055 ad
793 2022 928 2055 curiam
955 2020 1064 2055 veria-

95 2075 194 2100 retur
208 2090 217 2104 ‚
231 2065 402 2100 senatores
415 2080 488 2101 non
501 2069 601 2114 pauci
613 2069 631 2103 e
643 2070 759 2104 senatu
774 2092 783 2106 ,
794 2067 945 2103 vestibus
956 2067 1061 2103 discis

95 2112 139 2149 {is
160 2115 196 2149 &
215 2112 368 2149 clamore
382 2114 513 2149 sublato
527 2138 537 2152 2
558 2115 590 2150 se
603 2116 862 2161 proripuerunt·
888 2116 1064 2148 Hastenus

92 2162 308 2198 Plutarchus.
337 2162 404 2197 Dio
419 2162 475 2198 lib.
495 2167 548 2206 38.
571 2163 674 2198 tradit
686 2187 697 2201 ,
721 2163 852 2210 equites
868 2161 904 2196 in
919 2162 1063 2207 Capito—

95 2211 184 2247 lium
196 2221 282 2246 tunc
302 2211 523 2252 convenisse,
548 2223 650 2260 atque
673 2211 715 2247 acl
736 2211 891 2246 consules
913 2212 948 2246 ὃς
967 2210 1062 2246 sena-

95 2269 174 2296 tum
183 2259 306 2296 misisse
319 2259 446 2307 legatos
463 2273 534 2295 non
548 2260 658 2296 solum
672 2261 690 2295 e
703 2260 763 2296 suo
778 2260 901 2295 ordine
913 2283 922 2298 ‚
936 2271 1057 2294 verum

94 2308 198 2344 'etiam
210 2309 378 2344 senatores
391 2309 478 2344 duos
491 2333 499 2347 ‚
511 2308 792 2354 QHoitensium
805 2333 815 2347 ,
828 2311 861 2344 &
876 2309 914 2344 C.
928 2309 1057 2362 Curio-

94 2369 178 2394 nem
192 2381 202 2396 ,
224 2357 283 2405 qui
303 2370 365 2405 pro
380 2358 553 2394 Cicerone
574 2359 850 2406 deprecarentur.
884 2357 1055 2410 Unde'Ci—

91 2418 177 2442 cero
199 2419 261 2453 pro
274 2406 392 2443 Sextio
412 2408 480 2445 ait,
506 2406 600 2442 Cum
620 2406 829 2443 incredibilis
851 2407 886 2441 in
912 2407 1055 2453 Capito-

95 2454 185 2491 lium
196 2455 385 2492 multitudo
398 2468 440 2493 ex
452 2466 525 2492 tota
538 2456 622 2492 urbe
633 2480 642 2494 ,
655 2456 850 2504 cunslaque
861 2455 956 2491 Italia
968 2467 1053 2508 con-¹

95 2504 241 2540 venisset
254 2530 263 2545 ‚
287 2504 415 2541 vestem
440 2505 641 2541 mutandam
667 2517 789 2541 omnes
808 2517 935 2552 ineque
957 2517 1055 2539 omni

94 2552 232 2589 ratione
252 2552 513 2598 defendendum
526 2565 691 2600 putarunt
704 2578 713 2592 ‚
734 2563 900 2596 emptum
925 2554 1055 2589 senatus

93 2601 132 2637 in
145 2601 216 2637 aede
228 2602 439 2638 Concordiae
452 2627 461 2641 ‚
486 2605 519 2639 ὃς
530 2603 723 2639 Gabinium
737 2601 915 2638 consulem
930 2627 938 2640 ‚
965 2602 1055 2637 Piso-

91 2663 139 2687 ne
150 2649 284 2687 absente
295 2676 305 2691 ,
317 2650 446 2687 orabat.
470 2662 602 2700 equites
615 2664 755 2701 quoque
766 2653 871 2687 Rom.
886 2653 920 2688 δε
933 2663 1058 2686 omnes

93 2699 179 2735 boni
192 2698 282 2735 veste
310 2710 443 2736 mutata
460 2701 491 2736 se
510 2713 573 2748 pro
587 2701 767 2736 Ciceronis
779 2700 890 2749 capite
901 2700 942 2736 ad
957 2699 1056 2748 pedes

93 2747 233 2784 Gabinii
245 2747 479 2796 projecerunt,
492 2762 646 2797 quorum
659 2750 814 2797 precibus
827 2749 868 2785 ab
879 2749 939 2785 illo
951 2762 1054 2797 repu-

93 2795 264 2837 diatis,vir
273 2797 465 2834 incredibili
478 2797 558 2837 fide,
572 2798 815 2846 magnitudine
826 2798 955 2837 animi,
968 2811 1054 2851 con-

91 2843 213 2881 stantia
223 2868 234 2884 ‚
244 2847 480 2883 L.Mummius
493 2847 533 2883 ad
547 2848 702 2884 senatum
715 2847 758 2883 de
770 2860 839 2896 rep.
853 2848 971 2883 retulit
981 2871 990 2886 ‚
1003 2851 1051 2882 ie-

92 2894 262 2942 natusque
273 2894 434 2943 frequens
448 2895 576 2932 vestem
590 2910 653 2944 pro
666 2897 846 2933 Ciceronis
860 2896 964 2932 salute
977 2909 1048 2931 mu

90 2942 231 2979 tandam
243 2944 373 2980 censuit
385 2968 395 2983 ‚
417 2957 479 2993 pro
493 2946 624 2982 Sextio,
649 2946 718 2981 Dio
729 2946 825 2981 hunc
836 2947 1053 2981 Mummium

91 3001 196 3027 vocat
218 2993 256 3028 L'.
268 2992 444 3030 Ninnium
469 2994 686 3042 Qadratum
709 3020 718 3036 ‚
745 2997 780 3031 &
804 2993 919 3030 scribit
940 3018 949 3032 ‚
972 3006 1052 3030 eum

90 3039 220 3087 populo
232 3040 412 3078 austorem
423 3041 522 3078 fiiisse
534 3054 574 3079 ut
585 3053 751 3092 tanquam
765 3045 800 3079 in
812 3043 926 3093 aliqua
940 3042 1052 3091 publi-

90 3098 132 3124 ca
150 3087 339 3125 calamitate
361 3090 489 3127 vestem
503 3104 566 3138 pro
579 3092 683 3128 salute
696 3092 878 3128 Ciceronis
892 3101 1050 3128 mutaret.

91 3135 158 3173 Pro
168 3147 226 3175 me
235 3159 248 3177 2
268 3137 386 3187 inquit
398 3139 524 3178 Cicero
536 3140 613 3188 post
619 3140 777 3193 >reditum
788 3140 830 3179 ad
845 3140 946 3190 Qir-
961 3140 1049 3180 sena·

562 3237 586 3283 κ

1131 143 1516 186 onia.
2017 154 2091 205 29

1124 222 1202 254 tus,
1226 213 1485 264 hominumque
1506 227 1669 266 praeterea
1691 218 1818 266 viginti
1842 219 1950 257 millia
1965 222 2097 259 vestem

1124 272 1361 299 mutaverunt.
1391 265 1456 300 Sed
1470 267 1626 303 consules
1641 268 1827 305 edixerunt
1843 293 1852 307 ‚
1876 281 1915 306 ut
1934 270 1975 306 ad
1991 272 2093 308 suum

1128 310 1287 360 vestitum
1301 312 1468 350 senatores
1482 315 1644 352 redirent.
1667 317 1748 352 vide
1760 318 1938 354 orationes
1952 320 2026 366 post
2038 333 2093 356 rc-

1125 355 1250 410 ditum3
1264 372 1326 405 pro
1340 361 1460 400 domo,
1476 376 1542 412 pro
1555 365 1672 402 Sextio
1684 389 1694 404 ‚
1705 368 1739 401 ὃς
1755 365 1790 401 in
1802 367 1974 403 Pisonem.
1996 370 2092 405 Tum

1124 404 1292 456 Gabinius
1305 411 1344 443 L.
1354 411 1488 447 AEiium
1505 414 1662 451 Lamiam
1678 414 1841 463 equestris
1853 416 1983 452 ordinis
1995 418 2091 465 prin-

1121 464 1239 511 cipem,
1249 454 1412 510 relegavit
1425 483 1434 496 ‚
1447 462 1542 507 quod
1556 462 1624 498 Dio
1637 463 1760 507 hb.33.
1774 464 1858 499 dicit
1873 490 1881 504 ‚
1897 460 1940 498 0>ae
1954 465 1982 501 αἳ
1993 474 2090 500 πλι-

1123 513 1212 537 τειον,
1225 500 1372 557 εξηξιοεσῑῑ
1401 510 1560 546 meminit
1574 511 1699 547 Cicero
1712 512 1788 560 post
1799 512 1897 548 redit.
1911 513 1948 549 in
1961 514 2090 556 senatu,

1120 561 1183 595 pro
1197 552 1315 603 Sextio
1330 574 1339 589 ³
1363 564 1398 587 in
1413 556 1580 596 Pisonem.
1609 563 1644 597 ὃ(
1655 560 1747 608 epist.
1764 564 1818 596 16.
1832 561 1892 598 lib.
1909 575 1919 598 i
1933 575 1957 598 1.
1970 563 2089 599 Famil.

1119 600 1238 655 ltaque
1251 600 1378 653 Cicero
1392 614 1464 637 non
1480 605 1591 642 solum
1604 608 1622 643 a
1635 609 1971 649 cOiifiilibus‚verum
1981 613 2087 648 etiam

1117 659 1134 680 a
1147 646 1216 683 Cn.
1229 649 1393 697 Pompejo
1407 651 1563 698 proditus
1578 678 1587 692 ‚
1600 658 1634 691 &
1645 658 1827 694 dereli<5h1s
1841 685 1850 700 ‚
1863 660 1986 697 maluit
1998 661 2085 697 urbe

1119 695 1240 731 cedere
1253 722 1263 737 ‚
1286 710 1391 745 quam
1415 700 1591 737 bonorum
1613 706 1717 740 vitam
1731 708 1834 743 servis
1846 710 1984 745 armatis
1996 709 2053 758 obj
2061 711 2088 746 i-

1116 755 1214 784 cere,
1239 746 1333 793 quod
1357 746 1423 794 ipse
1443 748 1478 783 iii
1501 751 1717 788 orationibus
1731 768 1801 791 non
1814 757 1916 793 semel
1929 756 2084 795 testatur.

1115 793 1271 829 Habebat
1292 794 1389 830 domi
1411 797 1476 832 suae
1492 800 1661 836 Minervae
1677 801 1811 849 signum
1825 829 1834 842 ,
1857 806 1962 854 idque
1976 807 2085 855 longo

1114 851 1272 895 tempore
1285 844 1533 890 religiosissime
1545 849 1805 886 coluerat.Cum
1814 864 1930 890 autem
1941 868 1986 893 ex
1998 857 2087 892 urbe

1115 890 1315 944 discessurus
1341 893 1421 929 esset
1434 920 1443 934 ‚
1467 896 1536 930 hoc
1558 896 1696 944 signum
1714 899 1751 934 in
1764 901 1976 947 Capitolium
1988 904 2083 941 dela-

1116 949 1192 974 tum
1217 940 1264 974 ibi
1291 940 1465 979 dedicavit
1478 970 1487 984 ‚
1513 947 1547 981 ὃς
1562 947 1749 994 subscripsit
1763 972 1772 987 ‚
1799 952 1992 987 MINERVAE
2017 966 2085 989 cu-

1116 999 1224 1022 sTODi
1253 1000 1360 1025 unssls
1378 1015 1388 1028 ‚
1413 993 1615 1031 Plutarchus
1636 999 1669 1032 ὃς
1684 997 1763 1033 Dio.
1788 1000 1872 1034 Haec
1887 999 1935 1034 est
1949 1000 2005 1036 illa
2015 1002 2088 1038 Mi-

1115 1048 1221 1072 nerva
1231 1037 1344 1073 custos
1358 1039 1473 1076 urbis:
1497 1042 1540 1078 de
1552 1057 1619 1092 qua
1634 1045 1759 1081 Cicero
1771 1047 1865 1095 epist.
1884 1060 1937 1089 25.
1953 1048 2012 1086 lib.
2034 1063 2085 1085 12.

1113 1084 1219 1120 famil.
1233 1088 1266 1121 ὃ(
1281 1086 1338 1121 lib.
1356 1100 1384 1124 2.
1398 1088 1440 1125 de
1453 1090 1597 1138 legibus.
1625 1094 1693 1129 Dio
1709 1095 1829 1138 lib.45.
1860 1093 2001 1131 A'MacZu
2015 1102 2085 1145 φυ-

1113 1135 1195 1168 λακί
1260 1137 1431 1173 nominat.
1463 1140 1703 1179 Dia-edentem
1719 1146 1769 1180 M.
1785 1145 1949 1182 Tullium
1961 1159 2084 1183 omnes

1112 1182 1196 1217 boni
1222 1183 1344 1219 flentes
1369 1187 1541 1234 prosecuti
1565 1191 1642 1226 sunt
1657 1216 1667 1230 ,
1692 1203 1731 1228 ut
1744 1192 1811 1239 ipse
1825 1207 1886 1242 pro
1907 1194 2014 1231 domo
2026 1197 2084 1233 ait.

1113 1231 1250 1267 Cessisse
1274 1233 1361 1269 urbe
1374 1235 1582 1274 Ciceronem
1598 1251 1681 1287 puto
1697 1243 1813 1277 mense
1828 1243 1954 1279 Martio
1968 1255 2084 1281 extre-

1115 1293 1184 1315 mo.
1212 1294 1292 1335 nam
1305 1307 1315 1320 2
1331 1294 1369 1319 ut
1382 1297 1424 1321 ex
1440 1286 1612 1324 Plutarchi
1627 1290 1757 1326 Caesare
1769 1317 1778 1331 ,
1801 1294 1835 1327 &
1847 1292 1960 1340 primo
1971 1294 2084 1330 Com-

1112 1341 1283 1383 mentario
1296 1331 1338 1367 de
1350 1333 1442 1369 bello
1457 1337 1590 1373 Gallico
1605 1339 1812 1386 intelligitur
1823 1365 1832 1377 ‚
1853 1354 1936 1377 cum
1948 1343 2080 1378 Helve-

1111 1390 1176 1415 tios
1187 1380 1252 1416 a.d.
1267 1392 1299 1416 v.
1315 1383 1393 1418 Kal.
1410 1386 1488 1431 Apr.
1501 1386 1543 1421 de
1556 1385 1686 1423 finibus
1699 1389 1764 1424 suis
1777 1389 1872 1425 exire
1885 1391 2083 1427 constituis-

1112 1427 1163 1481 se,
1187 1430 1298 1465 Caesar
1309 1434 1525 1479 cognovisset
1538 1461 1547 1476 ‚
1572 1438 1758 1474 maturavit
1774 1439 1814 1473 ab
1830 1439 1915 1475 urbe
1937 1438 2080 1487 profici-

1114 1481 1168 1512 sci.
1195 1489 1297 1526 atque
1321 1481 1450 1516 oetavo
1463 1482 1518 1519 die
1531 1484 1572 1519 ad
1586 1486 1800 1523 Rhodanum
1813 1489 1971 1535 pervenit
1984 1515 1993 1530 ‚
2022 1502 2086 1525 ne-

1110 1538 1180 1579 que
1199 1538 1315 1563 tamen
1340 1530 1432 1578 prius
1444 1531 1556 1568 Caesar
1574 1534 1615 1570 ad
1630 1536 1824 1572 exercitum
1845 1537 1929 1573 abiit
1941 1562 1951 1577 ,
1974 1538 2082 1587 quam

1113 1575 1323 1613 Ciceronem
1347 1591 1408 1626 per
1420 1580 1589 1618 Clodium
1603 1584 1697 1620 Italia
1710 1585 1891 1633 expulisset
1903 1613 1912 1626 ‚
1938 1589 2081 1624 auctore

1112 1624 1307 1662 Plutarcho.
1334 1629 1402 1664 Ubi
1416 1641 1638 1679 compertum
1652 1633 1717 1669 fuit
1730 1635 1940 1671 Ciceronem
1958 1635 2081 1671 disces-

1111 1672 1182 1709 sisse
1193 1699 1204 1712 ,
1219 1675 1366 1711 Clodius
1378 1678 1420 1713 de
1432 1680 1562 1715 exsulio
1576 1681 1648 1729 ejus
1663 1683 1702 1718 ad
1715 1683 1886 1731 populum
1901 1684 1980 1720 tulit
1993 1710 2002 1725 ‚
2024 1695 2079 1720 at-

1110 1735 1178 1771 que
1197 1723 1351 1760 &issum
1365 1729 1545 1776 proposuit
1558 1753 1568 1768 2
1591 1742 1629 1766 ut
1643 1731 1690 1767 illi
1705 1745 1790 1781 aqua
1803 1733 1920 1780 &igni
1934 1733 2080 1769 interdi-

1110 1782 1246 1808 ceretur
1255 1799 1265 1814 ‚
1277 1786 1321 1827 ne
1334 1775 1424 1812 intra
1437 1777 1626 1826 quingenta
1637 1780 1745 1817 millia
1757 1778 1914 1828 passuum
1928 1782 1969 1817 ab
1982 1782 2081 1818 Italia

1110 1822 1202 1857 te5to
1215 1835 1431 1870 reciperetur.
1446 1829 1530 1862 Haec
1542 1828 1744 1866 Plutarchus
1758 1830 1793 1866 in
1805 1831 1989 1869 Cicerone,
2000 1831 2080 1879 qui-

1110 1871 1173 1906 bus
1184 1872 1325 1918 gemina
1336 1874 1452 1910 scribit
1465 1876 1532 1911 Dio
1546 1876 1663 1922 hb.38.
1680 1880 1714 1914 in
1730 1892 1771 1914 eo
1786 1890 1901 1915 tamen
1915 1880 2080 1919 dissentit,

1111 1920 1208 1968 quod
1219 1920 1385 1957 Ciceroni
1397 1923 1474 1972 lege
1486 1925 1610 1962 Clodia
1622 1927 1817 1975 irrogatum
1832 1928 1930 1964 fuisse
1944 1930 1991 1965 ait
2001 1955 2011 1969 ‚
2037 1940 2082 1964 ne

1109 1969 1201 2004 intra
1221 1969 1369 2006 stadium
1388 1973 1453 2008 tria
1470 1974 1579 2010 millia
1590 1977 1803 2024 septingenta
1815 1978 2080 2026 quinquaginta,

1109 2018 1144 2052 id
1166 2017 1214 2052 est
1225 2019 1332 2054 millia
1344 2021 1500 2067 passuum
1524 2035 1592 2058 cco
1615 2037 1723 2059 LXIX.
1746 2026 1815 2060 fere
1829 2049 1839 2063 ‚
1863 2026 1904 2060 ab
1924 2026 2010 2061 urbe
2029 2026 2081 2062 illi

1111 2065 1176 2100 esse
1191 2066 1317 2102 liceret.
1344 2068 1470 2104 Cicero
1485 2070 1617 2117 epist-4.
1632 2072 1722 2116 lib.3.
1733 2072 1774 2107 ad
1787 2076 1854 2108 Att.
1871 2074 1907 2108 in
1923 2074 1996 2121 lege
2009 2075 2080 2110 hoc

1110 2115 1310 2164 corredsum
1323 2115 1422 2151 fuisse
1434 2119 1481 2152 ait
1490 2143 1499 2157 ‚
1512 2129 1551 2152 ut
1564 2118 1624 2154 fibi
1639 2121 1728 2156 ultra
1739 2122 1983 2169 quadringinta
1994 2123 2078 2159 mil-.-

1108 2160 1151 2195 lia
1163 2161 1280 2213 liceret
1292 2163 1366 2198 esse.
1389 2165 1457 2199 Dio
1470 2166 1539 2200 hoc
1551 2180 1693 2216 quoque
1706 2169 1771 2216 legi
1788 2170 1962 2217 adjeslum
1977 2171 2077 2208 fuisse

1106 2209 1209 2262 tradit
1221 2234 1232 2248 ‚
1255 2222 1294 2246 ut
1314 2210 1339 2246 fi
1354 2213 1491 2249 Tullius
1508 2215 1597 2252 intra
1617 2217 1763 2264 spatium
1776 2218 1962 2255 definitum
1986 2221 2079 2257 visus

1106 2258 1219 2294 suisset
1233 2284 1241 2298 ,
1254 2261 1290 2295 δε
1301 2260 1387 2307 ipse,
1402 2264 1435 2297 ὃ(
1448 2263 1506 2310 qui
1521 2276 1603 2301 eum
1618 2267 1819 2315 recepiisenit
1832 2292 1841 2306 ‚
1865 2268 2009 2316 impune
2020 2270 2077 2304 in-

1104 2306 1354 2345 terficerentur.
1382 2311 1464 2346 hinc
1488 2311 1615 2349 Cicero
1640 2328 1704 2361 pro
1727 2316 1836 2351 domo
1856 2330 1863 2352 z
1888 2318 1996 2353 Poena
2016 2318 2075 2357 est,

1105 2356 1164 2403 qui
1185 2358 1374 2405 receperit:
1399 2373 1504 2408 quam
1519 2375 1643 2399 omnes
1664 2365 1906 2412 neglexerunt.
1931 2368 2078 2404 Poenam

1103 2405 1296 2452 neglesiam
1321 2406 1420 2444 fuisse
1435 2435 1444 2450 ‚
1468 2411 1635 2448 omnibus
1657 2414 1897 2450 reverentibus
1919 2416 1968 2450 M.
1985 2416 2078 2451 Tul-

1105 2454 1190 2490 lium
1215 2480 1225 2495 ,
1258 2467 1476 2508 comiterque
1501 2461 1756 2509 excipientibus
1779 2465 1814 2498 ὃ(
1839 2463 2079 2511 prosequenti-

1102 2502 1165 2538 bus
1176 2527 1186 2541 ,
1212 2504 1413 2542 Plutarchus
1436 2521 1578 2558 quoque
1597 2509 1723 2546 scribit.
1755 2511 1900 2547 Clodius
1913 2524 2078 2560 praeterea

1104 2552 1197 2587 villas
1211 2553 1390 2591 Ciceronis
1414 2557 1512 2604 ejeffi
1536 2558 1793 2601 inflammavit,
1816 2562 1850 2596 ὃς
1868 2561 2017 2597 domum
2037 2563 2076 2598 in

1101 2601 1226 2648 palatio
1248 2603 1403 2640 incendit
1417 2629 1426 2643 ‚
1450 2617 1551 2655 atque
1566 2607 1601 2643 in
1624 2621 1701 2644 area
1720 2609 1891 2656 templum
1908 2609 2074 2646 libertatis

1100 2652 1256 2687 extruxit
1268 2678 1276 2693 ‚
1291 2653 1493 2690 Plutarchus
1506 2681 1515 2695 ‚
1529 2655 1597 2691 Dio
1608 2658 1643 2693 &
1655 2657 1781 2692 Cicero
1794 2671 1856 2705 pro
1871 2658 1990 2694 domo.
2003 2660 2075 2694 Bo.-

1102 2712 1145 2735 na
1165 2699 1437 2748 diripiebantur,
1459 2715 1562 2752 atque
1584 2705 1626 2741 ad
1654 2706 1811 2741 consules
1824 2706 2078 2743 deferebantur.

1100 2747 1275 2785 columnae
1305 2764 1507 2787 marmoreae
1529 2765 1573 2790 ex
1596 2754 1726 2790 aedibus
1739 2755 1928 2792 adiocrum
1942 2756 2074 2792 Pisonis

1102 2797 1348 2843 portabantur:
1363 2801 1398 2835 in
1413 2800 1563 2839 fundum
1576 2813 1692 2839 autem
1705 2803 1844 2839 Gabinii
1862 2804 1971 2840 vicini
1982 2817 2073 2840 con-

1102 2847 1179 2882 .ulis
1192 2870 1202 2885 ‚
1215 2860 1289 2884 non
1307 2849 1416 2885 modo
1432 2850 1704 2888 instrumentum
1727 2863 1785 2888 aut
1795 2863 1999 2890 ornamenta
2010 2853 2077 2889 vil-

1101 2896 1140 2930 lae
1153 2896 1269 2933 Tuscu
1277 2897 1361 2933 lanae
1375 2924 1384 2938 ,
1403 2896 1459 2934 sed
1471 2923 1482 2938 ‚
1505 2901 1608 2936 etiam
1621 2901 1758 2937 arbores
1769 2901 2075 2939 transferebantur.

1101 2945 1173 2980 haec
1188 2945 1315 2982 Cicero
1336 2959 1400 2994 pro
1412 2946 1521 2984 domo
1535 2973 1545 2987 ,
1572 2949 1648 2998 post
1665 2949 1816 2985 reditum
1830 2950 1865 2985 in
1878 2956 1993 2987 senatu
2011 2962 2076 2997 pro

1101 2993 1221 3029 Sextio
1233 3019 1242 3034 ,
1267 2997 1302 3030 &
1324 2994 1361 3030 in
1386 2995 1554 3034 Pisonem.
1578 2999 1749 3045 templum
1776 2998 1958 3035 Libertatis
1970 3022 1980 3037 ‚
2004 2999 2072 3032 νεὼ

1100 3041 1292 3083 ἐλώθεφίας
1304 3069 1314 3085 ,
1328 3044 1454 3080 Cicero
1468 3046 1530 3083 lib.
1546 3059 1573 3083 2.
1589 3046 1632 3082 de
1642 3046 1744 3094 legib.
1756 3047 1929 3093 templum
1943 3047 2073 3083 Licen—

1099 3091 1154 3126 tiae
1186 3101 1301 3127 vocat.
1336 3093 1476 3130 Pulsum
1499 3096 1551 3131 M.
1570 3095 1732 3131 Tullium
1756 3095 1897 3142 pedibus
1920 3095 1986 3131 iter
2011 3105 2072 3139 per

1098 3140 1290 3181 Lucaniam
1322 3140 1476 3181 Siciliam
1509 3145 1624 3180 verius
1660 3142 1774 3181 fecisse
1812 3166 1824 3184 ,
1868 3141 2070 3193 Plutarchus

1518 3191 1557 3239 (d
1576 3191 1607 3237 3)
1754 3192 1757 3195 “
1934 3188 2062 3227 (ξι-ὡκ,
