2297 3389
491 158 749 202 ORATIO
797 167 869 197 DE
915 152 1358 200 HARuspzt-UM
1406 155 1768 204 REsPoNsis.

150 235 323 268 auSimritate
333 234 383 266 sua
391 233 489 266 solum
502 254 509 266 ‚
531 234 580 264 sed
597 234 688 263 etiam
706 232 843 272 precibus
858 231 893 262 ad
908 241 1007 262 meam
1025 232 1103 261 salu-

151 289 212 310 tem
223 279 382 311 excitavit3
400 276 527 306 restituti
537 276 649 305 sumus.
673 277 717 304 Sit
732 274 946 304 discordiarum
966 271 1034 302 finis
1048 275 1103 302 au-

149 320 270 361 quando
285 330 290 349 :
309 319 325 349 ὲ
343 319 492 348 diuturnis
508 315 740 347 dissensionibus
759 316 1016 357 conquiescamus.
1040 319 1104 343 non

150 361 329 392 finiteadem
345 359 398 389 ista
407 359 486 389 labes
501 370 506 388 :
526 369 571 389 eas
583 358 842 389 habetconicones
853 378 862 391 ,
882 367 914 387 ea
926 357 1048 388 miscet,
1071 365 1103 385 ac

148 403 264 436 turbat,
283 405 293 421 ¹
309 410 340 431 ut
350 399 445 431 mode>
455 401 564 431 vendat
575 401 654 430 illis:
676 410 731 430 nec
747 404 847 438 tamen
861 401 900 429 ita
912 419 920 433 ,
940 398 1012 428 utse
1021 398 1102 438 quis-

148 454 238 486 quam
249 464 257 477 ,
270 442 289 472 fi
301 442 336 472 ab
346 442 404 473 isto
412 442 547 473 laudatus
557 441 600 476 sit,
613 443 808 473 laudatiorem
819 450 912 481 putet.
935 439 983 470 sed
994 448 1026 469 ut
1037 448 1100 471 eos,

146 495 222 527 quos
232 495 283 514 non
292 492 393 513 amant
401 505 409 518 ,
430 485 466 514 ab
475 485 584 515 eodem
595 484 742 527 gaudeant
750 484 918 524 vituperari.
940 484 1038 522 Atque
1047 490 1103 521 ego

145 528 228 557 hunc
238 536 300 556 non
310 528 416 556 miror.
439 527 511 567 quid
523 529 606 557 enim
617 526 703 557 faciat
712 526 813 556 aliud?
828 526 897 555 illos
908 525 1049 553 homines
1059 523 1102 552 sa-

143 566 343 609 pientiffimos
354 589 361 602 ,
372 567 616 609 graviffimosque
629 571 735 598 miror:
757 571 892 608 primum
902 565 985 607 quod
994 575 1102 611 quen-i-

145 620 234 651 quam
251 610 363 640 clarum
380 612 540 641 hominem
552 630 560 644 ,
582 621 668 651 atque
680 610 797 650 optime
809 609 905 653 denrep
927 607 1000 653 saepe
1011 616 1103 635 meri-

145 661 232 684 tum,
254 651 447 692 impurissimi
467 663 540 683 voce
559 654 696 683 hominis
714 652 820 682 violari
836 649 923 680 lacile
940 656 1101 694 patiuntur:

143 693 254 723 deinde
273 693 356 734 quod
375 694 567 728 existimant,
589 694 698 734 perditi
717 693 854 723 hominis
866 711 874 723 ‚
893 689 1102 735 profligatique

143 734 296 764 maleaiffu
311 735 412 775 posse,
433 737 463 767 id
484 737 565 778 quod
584 735 717 766 minime
736 732 879 764 conducit
897 729 983 780 ipfis,
1003 730 1103 779 cuius—

143 787 234 818 quam
252 778 379 818 gloriam
393 799 401 812 ,
421 778 655 820 dignitatemque
672 776 798 806 violari:
820 772 976 820 postremo
989 792 997 805 ‚
1017 771 1100 812 quod

143 829 207 849 non
222 819 354 850 sentiunt
366 821 397 850 id
412 840 421 854 ,
438 821 518 861 quod
530 828 630 850 tamen
641 818 718 847 mihi
726 817 788 856 jam
800 815 937 855 suspicari
947 814 1098 859 videntur>

142 861 228 891 illius
238 860 446 896 2furenteis,ac
455 862 607 891 violentos
617 859 795 899 impetus,in
807 858 834 887 se
844 857 923 896 ipsos
932 855 1013 896 posit*
1028 866 1103 886 con-

140 905 228 933 verti.
252 906 352 944 Atque
369 913 407 933 ex
424 904 478 933 hac
494 904 589 932 nimia
606 900 829 931 nonnullorum
843 899 1042 931 alienatione,
1064 897 1097 927 &

138 944 320 985 quibusdam
335 945 476 974 haerentia
488 944 545 974 tela
558 945 590 973 in
601 953 661 984 rep.
672 953 738 984 qua:
750 940 895 982 quamdiu
905 940 1053 984 haerebant
1066 950 1098 969 in

140 996 205 1016 uno
218 997 267 1016 me
277 1006 285 1019 ‚
304 987 432 1027 graviter
442 986 581 1026 equidem
594 1005 603 1018 ,
624 984 674 1015 sed
684 985 838 1025 aliquanto
849 983 944 1012 levius
954 982 1096 1012 iercbam.

139 1030 189 1058 An
199 1027 253 1058 iste
262 1047 271 1061 ‚
283 1025 337 1057 nisi
347 1026 447 1066 primo
459 1028 487 1057 se
497 1025 623 1058 dedisset
631 1028 667 1057 iis
679 1047 687 1060 ,
708 1035 840 1067 quorum
850 1027 967 1055 animos
977 1024 993 1054 ὲ
1002 1022 1096 1054 vestra

139 1068 314 1100 auctoritate
329 1069 481 1108 sejunctos
496 1068 554 1099 effe
568 1069 779 1099 arbitrabatur:
796 1065 850 1097 nisi
869 1076 919 1096 eos
936 1067 969 1095 in
987 1066 1095 1111 caebium

137 1112 198 1142 suis
214 1110 351 1140 laudibus
369 1111 523 1150 praeclarus
540 1110 644 1141 arnstor
660 1110 835 1141 extolleret:
858 1107 912 1138 nisi
929 1116 1095 1138 exercitum

137 1153 313 1186 C-Caesaris,
339 1154 395 1182 3in
411 1163 472 1194 quo
482 1152 624 1192 fallebat,
644 1152 693 1183 sed
704 1162 775 1182 eum
786 1160 879 1181 nemo
893 1150 1093 1191 redarguebat,

138 1192 196 1224 nifi
205 1203 275 1224 eum
288 1214 297 1227 ,
317 1195 442 1235 inquam
454 1215 462 1228 ‚
480 1205 647 1225 exercitum
663 1193 751 1235 fignis
764 1192 880 1223 infestis
895 1194 928 1222 in
943 1193 1055 1222 curiam
1066 1192 1095 1222 se

134 1234 343 1266 immissurum
363 1239 569 1267 minitaretur:
589 1235 643 1266 nisi
655 1239 710 1266 Cn.
722 1235 868 1275 Pompejo
878 1234 1030 1273 adjutore,
1050 1235 1095 1263 M.

137 1277 238 1308 Crass'o
247 1277 368 1308 αυᾶοιᾞ
377 1299 385 1312 ,
396 1289 462 1319 quae
471 1278 614 1312 faciebat,
625 1278 719 1308 facere
728 1278 868 1308 clamaret
878 1287 883 1305 :
894 1274 949 1305 nifi
956 1275 1095 1305 consules

134 1320 251 1350 causam
261 1319 452 1359 conjunxisse
463 1321 563 1350 secum
575 1341 584 1353 ‚
604 1323 637 1350 in
650 1329 711 1360 quo
725 1329 789 1348 uno
802 1328 866 1347 non
882 1317 1094 1350 mentiebatur,

135 1360 344 1392 confirmaret:
363 1371 422 1391 tam
434 1362 563 1391 crudelis
574 1363 635 1391 mei
647 1381 655 1394 ,
671 1370 730 1391 tam
742 1360 895 1390 sceleratus
905 1358 1032 1399 reipubl.
1043 1368 1096 1389 ve-

70 1411 112 1446 23
135 1412 221 1433 xator
240 1401 296 1432 effe
316 1402 479 1443 potuiffet?
511 1403 595 1433 Idem
608 1423 616 1436 ‚
640 1402 831 1442 post-aquam
846 1402 984 1440 respirare
1001 1410 1058 1430 vos
1079 1399 1095 1430 a

133 1454 219 1476 metu
228 1444 315 1474 caedis
325 1464 333 1478 ‚
355 1454 506 1485 emergere
516 1444 724 1475 audierit-*teni
735 1443 862 1474 vestram
873 1444 889 1471 ὲ
902 1441 1045 1472 fiuEinbus
1057 1443 1095 1472 il-

132 1487 170 1516 lis
189 1487 338 1517 servitutis
349 1506 358 1519 ,
379 1486 555 1517 reviviscere
571 1488 753 1516 memoriam
764 1505 772 1519 ‚
797 1496 827 1515 ac
841 1483 1020 1514 defiderium
1032 1486 1095 1513 mei

130 1527 226 1561 vidit,
246 1527 335 1558 vobis
355 1528 382 1558 se
399 1530 492 1568 coepit
510 1528 610 1559 subito
624 1526 806 1558 fallaciffime
820 1527 983 1557 venditare.
1006 1529 1091 1556 Turn

129 1570 209 1611 leges
216 1570 312 1611 Julias
323 1579 424 1600 contra
432 1580 467 1600 au
473 1571 560 1610 spicia
569 1571 640 1601 latas
650 1590 658 1604 ,
678 1569 710 1599 ὃς
721 1568 770 1599 hic
778 1590 788 1602 ,
806 1570 838 1598 &
850 1571 882 1598 in
892 1569 1093 1598 concionibus

130 1611 230 1644 dicere
243 1622 248 1640 :
259 1613 294 1641 in
302 1612 415 1652 quibus
424 1613 539 1653 legibus
550 1614 644 1643 inerat
653 1614 763 1642 curiata
774 1611 824 1641 illa
835 1612 884 1640 lex
895 1630 904 1644 ‚
915 1620 981 1651 quae
991 1618 1091 1640 totum

130 1653 194 1693 ejus
204 1653 390 1683 tribunatum
400 1654 574 1684 continebat
587 1665 592 1683 :
616 1664 709 1696 quam
720 1663 813 1683 caecus
829 1655 960 1683 amentia
970 1662 1034 1682 non
1046 1654 1092 1682 vi-

129 1695 232 1726 debat:
244 1694 633 1736 producebatfortissimum
642 1698 745 1726 virum
759 1715 767 1729 ,
778 1697 822 1725 M.
835 1695 979 1724 Bibulum
994 1704 1092 1734 :quae-

129 1737 211 1768 rebat
220 1747 258 1767 ex
268 1747 304 1767 eo
314 1757 323 1771 ,
335 1740 370 1768 C.
381 1738 491 1768 Caesare
502 1739 579 1780 leges
590 1737 721 1771 ferente,
737 1737 774 1768 de
783 1737 858 1767 caeio
869 1737 1023 1776 semperne
1033 1736 1092 1766 ser-

127 1777 239 1809 vaffet?
257 1779 373 1819 semper
388 1780 417 1810 se
435 1780 487 1810 ille
500 1779 623 1811 servaffe
634 1780 760 1810 dicebat.
784 1782 918 1820 Augures
930 1781 1092 1819 interroga-

128 1820 198 1854 bat,
220 1831 285 1861 quae
302 1822 342 1851 ita
351 1822 407 1852 lata
424 1820 535 1856 effent,
555 1822 674 1852 reEtene
688 1822 744 1852 lata
757 1820 870 1857 essent?
890 1821 935 1850 illi
946 1822 1023 1850 vitio
1037 1822 1093 1850 iata

129 1860 190 1892 effe
207 1862 354 1892 dicebant.
378 1863 523 1894 Ferebant
535 1866 568 1894 in
582 1864 680 1894 oculis
697 1864 858 1893 hominem
877 1861 1000 1903 quidam
1017 1862 1091 1891 boni

128 1904 208 1937 viri,
227 1903 260 1934 Sc
277 1903 313 1933 de
330 1914 379 1934 me
397 1904 516 1945 optime
525 1907 643 1935 meriti:
665 1905 807 1935 sedillius
818 1924 827 1938 ,
847 1913 878 1934 ut
887 1914 943 1945 ego
953 1902 1091 1936 arbitror,

128 1944 240 1976 furoris
250 1945 352 1986 ignari,
376 1946 678 1987 Longiusproceffit:
698 1949 731 1976 in
742 1947 842 1986 ipsum
854 1949 884 1976 C.
898 1946 1090 1985 Pompeium,

131 1987 286 2018 auEtorern
298 2006 306 2020 ,
327 1995 360 2017 ut
371 1988 529 2027 praedicare
545 1987 587 2018 est
604 1989 725 2022 solitus,
747 1986 946 2018 consiliorum
956 1988 1090 2020 suorum,

136 2029 353 2068 invehicoepit.
377 2029 474 2060 inibat
489 2031 613 2071 gratiam
630 2029 646 2059 a
663 2029 834 2059 nonnullis.
856 2031 941 2059 Turn
959 2027 1032 2058 vero
1052 2027 1095 2057 est

132 2079 210 2100 ratus
226 2071 260 2112 *se
278 2069 379 2110 posse,
400 2074 547 2112 quoniam
565 2079 699 2113 togatum
714 2069 872 2101 domestici
895 2070 967 2099 belli
981 2068 1094 2100 exstin—

130 2110 248 2141 &orem
269 2111 387 2142 nefario
407 2113 513 2142 scelere
528 2112 683 2146 seed-affec,
701 2113 790 2142 illum
810 2113 898 2141 etiam
912 2131 921 2144 ,
941 2112 1030 2141 illum
1042 2121 1095 2141 ex-

129 2160 286 2184 ternorum
296 2153 445 2184 bellorum
459 2175 468 2188 ,
481 2153 676 2195 hostiumque
684 2153 835 2184 victorem
846 2173 853 2187 ‚
865 2152 1009 2195 affligere.
1028 2162 1093 2183 tum

130 2194 175 2225 est
183 2195 235 2225 illa
246 2197 278 2225 in
290 2196 407 2235 templo
419 2195 547 2226 Castoris
557 2197 693 2226 scelerata
704 2216 712 2230 ,
729 2196 761 2226 δε
770 2195 855 2236 paene
866 2195 994 2225 deletrix
1004 2196 1093 2234 hujus

128 2237 251 2277 imperii
269 2235 322 2267 sica
339 2237 529 2277 deprehensa¹
553 2246 618 2268 tum
633 2239 700 2271 ille,
724 2240 772 2269 cui
784 2237 867 2267 nulla
878 2236 1013 2268 hostium
1024 2237 1094 2267 diu—

129 2280 190 2309 tius
206 2278 277 2308 urbs
294 2288 441 2320 umquam
460 2279 519 2309 fuit
537 2279 651 2314 clausa,
672 2281 856 2321 quiomneis
868 2278 1014 2320 angustias
1027 2300 1036 2312 ‚
1056 2289 1092 2308 o—

128 2320 230 2350 mneis
239 2320 410 2351 altitudines
422 2340 431 2354 ‚
448 2322 592 2351 omnium
604 2321 723 2361 objefflca
735 2322 791 2351 tela
802 2341 810 2355 ,
821 2321 938 2360 semper
946 2323 977 2350 vi
988 2321 1021 2351 ὃς
1030 2322 1092 2350 vir-

128 2370 192 2392 tute
200 2361 342 2404 perfregit
354 2373 359 2392 :
379 2360 510 2393 obsess‘us
520 2362 562 2393 est
571 2363 630 2403 ipst
639 2363 716 2392 domi
726 2374 735 2397 3
747 2372 855 2402 meque
866 2372 929 2392 non
940 2362 1091 2392 nonnulla

127 2405 341 2443 imperitorum
356 2406 575 2445 vituperatione
591 2404 763 2435 timiditatis
775 2414 866 2438 meae,
888 2402 1016 2434 consilio
1026 2423 1036 2438 ‚
1055 2404 1088 2434 ὃς

127 2444 209 2476 sagro
221 2446 272 2476 suo
281 2445 426 2476 liberavit.
441 2456 523 2480 nam,
535 2445 556 2476 fi
565 2447 786 2487 Cn.Pompejo‚
798 2448 864 2476 viro
875 2447 929 2475 uni
944 2448 1090 2476 omnium

131 2486 313 2521 fortissimo,
332 2490 516 2530 quicumque
534 2491 596 2519 nati
614 2489 682 2519 sunt
701 2509 711 2522 ,
735 2489 880 2518 miserum
902 2491 997 2529 magis
1015 2488 1085 2522 fuit,

129 2528 220 2570 quam
231 2538 314 2569 turpe
325 2550 334 2563 ,
354 2531 500 2571 quamdiu
510 2531 562 2561 ille
572 2531 712 2561 tribunus
721 2530 800 2570 pleb.
810 2529 869 2560 fuit
879 2549 888 2563 ‚
913 2530 1011 2560 lucem
1023 2540 1087 2560 non

129 2570 296 2611 adspicere,
316 2581 412 2602 carere
429 2572 571 2612 publico,
596 2574 695 2602 minas
713 2573 777 2612 ejus
796 2571 942 2611 perferre:
962 2571 1035 2602 cum
1054 2574 1088 2602 in

126 2612 327 2644 concionibus
338 2613 467 2648 diceret,
487 2615 565 2645 velle
584 2615 612 2644 se
629 2616 662 2644 in
674 2616 789 2644 Carinis
805 2611 952 2643 aedificare
967 2615 1088 2644 alteram

127 2656 279 2695 porticum
291 2675 299 2689 ,
311 2665 376 2696 quae
386 2656 496 2686 Palatio
508 2656 713 2696 responderet:
725 2655 803 2686 certe
813 2656 892 2685 mihi
901 2657 984 2686 exire
994 2655 1089 2686 domo

129 2705 215 2730 mea,
240 2696 276 2727 ad
293 2699 443 2737 privatum
461 2698 599 2728 dolorem
610 2697 852 2728 suitquiuosum
864 2717 872 2731 ‚
893 2697 929 2728 ad
939 2699 1088 2728 rationem

67 2748 112 2781 24
124 2737 256 2785 reipubl,
269 2739 448 2779 gloriosum.
471 2739 588 2777 Videtis
605 2742 696 2781 igitur
713 2741 876 2770 hominem
894 2749 944 2779 per
959 2740 1090 2779 seipsum

124 2780 305 2822 jampridem
323 2780 470 2811 afflictum
488 2802 497 2815 ‚
517 2792 550 2812 ac
566 2783 716 2822 jacentem
738 2803 747 2815 ,
768 2779 942 2822 perniciosis
958 2783 1090 2821 optima—

125 2823 204 2851 tium
215 2822 354 2862 dtfiordiu
363 2821 497 2852 excitari.
519 2825 604 2864 cujus
613 2825 701 2854 initia
710 2823 819 2854 furoris
831 2843 839 2857 ,
853 2821 1086 2854 dissensionibus

127 2872 233 2894 eorum
246 2884 255 2897 ‚
276 2867 328 2905 qui
347 2873 413 2896 tum
431 2864 448 2896 ἐι
462 2865 549 2896 vobis
563 2865 690 2906 sejuncti
708 2865 908 2899 videbantur,
930 2864 1086 2900 sustentata

126 2903 205 2935 funt.
232 2907 363 2948 Reliqua
376 2905 441 2947 jam
458 2909 672 2948 praecipitantis
692 2908 859 2939 tribunatus
873 2927 883 2941 ‚
908 2904 998 2937 etiam
1016 2907 1084 2947 post

169 3017 180 3034 x
187 3027 193 3034 .
213 3012 242 3034 Ut
251 3011 310 3036 modo
318 3013 410 3039 vendat
418 3014 489 3047 iuis]

2008 172 2107 224 479

1150 233 1337 264 tribunatum
1351 236 1563 267 obri-efflatores
1579 249 1684 269 eorum
1696 260 1704 274 ‚
1725 249 1812 281 atque
1825 239 1982 271 adversarii
1999 240 2107 271 defen-

1148 274 1271 321 derunt:
1294 287 1332 306 ne
1343 276 1357 307 ὲ
1368 288 1428 318 rep.
1440 282 1511 318 reip.
1522 280 1611 320 pestis
1622 292 1845 316 removeretur,
1857 281 2039 313 restiterunt:
2062 291 2108 312 et-

1148 326 1208 345 iam
1220 337 1227 351 ,
1246 327 1284 347 nc
1294 319 1405 349 causim
1419 320 1543 352 dicerer:
1564 326 1653 353 etiam
1666 344 1674 357 ‚
1694 332 1733 354 ne
1743 326 1874 364 privatus
1885 322 1964 354 effet-
1988 325 2106 354 Etiam-

1146 367 1183 402 ne
1202 359 1235 387 in
1252 357 1315 389 sinu
1327 381 1334 394 2
1357 371 1444 402 atque
1462 365 1494 392 in
1511 364 1628 394 deliciis
1642 366 1765 406 quidam
1778 367 1888 406 optimi
1902 367 1959 396 viri
1974 367 2104 408 viperam

1142 398 1226 427 illam
1246 410 1422 433 venenatam
1434 424 1442 437 ,
1462 415 1495 435 ac
1511 405 1681 445 pestiferam
1703 408 1806 438 habere
1825 416 1991 448 potuerunt
2009 410 2020 436 ?
2042 417 2104 448 quo

1144 439 1265 487 tandem
1286 442 1401 483 decepti
1421 456 1545 476 munere
1566 451 1576 476 ἲ
1598 450 1698 482 Vol-3,
1719 451 1878 491 inquiunt,
1899 448 1974 484 esse,
1995 451 2048 490 qui
2067 451 2102 479 in

1145 490 1294 526 concione
1311 484 1440 516 detrahat.
1453 487 1489 517 de
1500 491 1645 529 Pompejo
1679 493 1819 522 Detrahat
1830 492 1879 521 ille
1890 491 2101 522 vitunerando?

1147 522 1247 552 Velim
1269 527 1305 553 iic
1323 526 1380 555 {mc
1398 530 1444 557 vir
1463 529 1598 560 summus
1611 552 1618 564 ,
1638 541 1724 573 arque
1742 535 1860 573 optime
1879 533 1913 564 de
1930 523 1997 564 nien
2011 534 2102 563 salute

1147 567 1272 611 meritus
1290 570 1429 606 accipiat,
1449 578 1480 598 vs:
1501 572 1515 600 f<
1537 581 1583 600 mc
1603 574 1726 604 dicitur:
1750 576 1845 607 dicam
1866 576 1990 617 quidem
2010 574 2101 608 certe,

1146 607 1227 647 quod
1240 609 1347 637 lentio.
1372 611 1468 641 Mihi,
1490 612 1700 645 medirsfidius
1714 637 1722 649 ‚
1742 627 1805 647 tun]
1818 618 1945 647 deiiiius
1956 615 2103 656 ampliffi-

1147 658 1196 677 ma
1215 648 1359 690 dignitate
1379 651 1518 680 (ferram-e
1530 673 1538 686 ‚
1557 664 1626 684 cum
1646 660 1789 687 maximis
1803 658 2103 692 laud‘ssxuscfferebat,

1143 689 1306 720 videbam-:⁴
1332 692 1444 722 Utrum
1464 694 1586 724 tandem
1608 699 1764 729 CMarius
1786 702 1970 740 splendidior
1988 721 1996 735 ‚
2026 701 2101 730 cum

1145 741 1215 761 cnm
1228 735 1258 762 C.
1271 733 1393 764 Glaucia
1403 735 1537 767 ⁷:mdabat
1549 756 1555 767 2
1574 747 1611 767 an
1622 737 1692 768 cum
1704 741 1832 771 eundem
1845 752 1934 772 iratus
1945 742 2046 783 postea
2055 744 2105 771 vi-

1145 774 1311 813 tuperabat?
1327 777 1428 806 anille
1438 777 1564 808 demens
1574 798 1582 812 ,
1600 779 1823 820 &jampridem
1834 784 1866 813 ad
1878 794 1998 823 poenam
2009 804 2016 817 ,
2035 786 2106 814 erti-

1143 817 1281 861 tiu'mque
1290 826 1417 858 praeceps
1429 839 1437 852 ‚
1458 819 1570 850 foedior
1580 841 1589 854 ‚
1608 830 1694 862 atque
1705 826 1890 863 inquinatior
1902 827 1935 855 in
1946 829 1999 856 Cn.
2011 829 2105 856 Pom-

1143 867 1212 896 peio
1224 859 1386 889 accusando
1398 881 1405 893 ‚
1418 860 1507 902 quam
1521 863 1553 892 in
1565 864 1704 894 universo
1717 865 1816 895 senatu
1825 868 2021 906 vituperando
2030 867 2104 897 fuit?

1144 899 1225 939 qnod
1235 900 1356 946 quidem
1370 904 1485 937 miror,
1508 903 1579 935 cum
1589 905 1715 936 alterum
1727 915 1841 948 gratum
1861 907 1894 938 sit
1912 911 1990 939 iratis
2002 929 2009 942 ‚
2029 910 2104 939 aite-

1143 951 1209 970 rum
1221 942 1278 972 esie
1289 951 1349 973 tam
1361 943 1452 974 bonis
1462 945 1579 976 civibus
1590 957 1654 977 non
1665 950 1816 978 acerbum.
1843 949 1899 979 Sed
1911 970 1918 983 ,
1932 961 1967 980 ne
1979 951 2009 980 id
2020 952 2103 980 viros

1143 984 1278 1022 optimos
1289 984 1403 1015 diutius
1414 986 1543 1018 delectet
1553 1009 1560 1018 ,
1579 989 1678 1030 legant
1689 992 1765 1021 hanc
1775 992 1839 1027 eius
1851 994 2032 1021 concionem
2044 1012 2051 1025 ‚
2064 992 2103 1021 de

1141 1034 1199 1065 qua
1214 1026 1336 1066 loquor:
1360 1030 1393 1057 in
1404 1039 1461 1069 qua
1471 1032 1651 1070 Pompeium
1663 1039 1743 1061 ornat
1753 1052 1762 1066 ,
1784 1027 1820 1063 an
1830 1032 1930 1074 potin!
1940 1033 2078 1073 deformat
2090 1038 2104 1061 ξ

1142 1068 1354 1102 Ceitelatidat,
1377 1070 1516 1101 &unum
1535 1071 1593 1102 effe
1610 1075 1642 1103 in
1662 1075 1716 1104 hac
1736 1077 1856 1105 civitate
1869 1074 1997 1115 dignum
2009 1076 2102 1115 hujus

1139 1109 1259 1149 imperii
1269 1111 1463 1150 gloriadicit:
1487 1114 1519 1143 ὃς
1530 1113 1674 1156 significat
1686 1136 1694 1149 ,
1716 1117 1743 1146 se
1754 1117 1799 1146 illi
1808 1116 2021 1148 amicissimum
2033 1116 2104 1152 effi.

1140 1150 1172 1180 ὃς
1190 1153 1468 1184 reconciliationem
1487 1154 1545 1186 esse
1561 1159 1657 1198 grati-³2
1674 1157 1794 1189 factam.
1818 1159 1908 1200 Qod
1925 1169 1980 1200 ego
1990 1169 2101 1199 quam«-

1139 1203 1229 1233 quam
1241 1214 1251 1227 ,
1265 1195 1338 1235 qnid
1350 1194 1382 1225 sit
1393 1216 1401 1229 ‚
1414 1198 1513 1228 nescio
1527 1208 1532 1227 :
1554 1207 1655 1229 tamen
1666 1201 1722 1230 boc
1733 1200 1828 1230 statuo
1838 1221 1846 1235 ,
1865 1203 1946 1231 nunc
1958 1222 1966 1234 ‚
1988 1201 2008 1230 fi
2019 1203 2101 1231 amin

1139 1245 1191 1264 cus
1210 1234 1281 1266 efl'et
1299 1239 1446 1277 Pompeio
1465 1260 1473 1272 ,
1497 1239 1686 1271 laudaturum
1705 1243 1795 1272 illum
1815 1253 1877 1272 non
1896 1241 1994 1273 fuisse.
2018 1241 2103 1282 Qid

1139 1279 1222 1307 enim
1235 1297 1243 1310 ,
1263 1277 1282 1307 fi
1304 1279 1350 1308 illi
1370 1280 1596 1312 inimicissimus
1607 1282 1677 1313 esset
1687 1303 1697 1317 ,
1719 1284 1849 1324 amplius
1860 1284 1894 1315 ad
1906 1285 1969 1324 ejus
1979 1285 2104 1316 laudem

1139 1319 1339 1350 minuendam
1358 1320 1453 1352 facere
1472 1322 1634 1363 potuiss'et?
1656 1325 1787 1356 Videant
1804 1327 1826 1356 ii
1838 1346 1846 1360 2
1865 1329 1916 1367 qui
1937 1327 2027 1356 illum
2041 1329 2101 1365 Cn,-

1140 1362 1288 1401 Pompejo
1299 1363 1463 1394 inimicum
1478 1363 1535 1394 effe
1544 1366 1712 1406 gaudebant
1722 1388 1730 1401 ‚
1750 1368 1790 1398 ob
1801 1378 1926 1409 eamque
1937 1369 2054 1399 causam
2066 1370 2101 1400 in

1140 1411 1204 1436 tot,
1225 1404 1372 1444 tantisque
1391 1406 1548 1437 sceleribus
1567 1409 1790 1444 connivebam,
1813 1410 1845 1440 &
1866 1419 2104 1451 nonnumquam

1139 1445 1212 1491 ejus-
1222 1446 1392 1476 indomitos
1403 1467 1411 1480 ,
1430 1458 1517 1489 atque
1536 1448 1696 1481 effrenatos
1704 1450 1819 1482 furores
1830 1452 1932 1492 plausu
1944 1454 2036 1482 etiam
2045 1453 2103 1482 suo

1137 1487 1409 1527 proiequebantur‚
1428 1499 1518 1530 quam
1537 1492 1566 1522 se
1583 1491 1645 1522 cito
1663 1495 1827 1523 inverterit.
1850 1504 1931 1523 nunc
1944 1495 2102 1534 enimjam

1139 1528 1236 1558 laudat
1247 1529 1335 1558 illum
1350 1540 1355 1558 :
1375 1532 1406 1560 in
1417 1541 1468 1561 eos
1479 1534 1649 1567 invehitur,
1663 1535 1771 1575 quibus
1782 1536 1810 1565 se
1820 1535 1905 1566 antea
1915 1535 2101 1566 venditabat,

1140 1570 1221 1610 Qd
1232 1571 1412 1602 existimatis
1423 1592 1432 1606 ,
1453 1583 1522 1603 eum
1535 1594 1542 1608 ,
1563 1573 1583 1604 sl
1600 1576 1712 1606 reditus
1726 1579 1752 1606 ei
1766 1578 1865 1618 gratiae
1875 1579 2020 1617 patuerit,
2041 1575 2103 1607 effe

1136 1611 1286 1642 facturum
1297 1633 1305 1646 ‚
1326 1616 1380 1654 qui
1398 1623 1458 1644 tam
1478 1615 1606 1646 libenter
1619 1619 1650 1647 in
1667 1619 1847 1658 opinionem
1862 1621 1960 1660 gratie:
1972 1622 2103 1660 irrepat?

1139 1656 1220 1699 Qas
1231 1665 1287 1696 ego
1299 1655 1368 1685 alias
1379 1658 1574 1698 optimatium
1587 1658 1749 1690 discordias
1765 1660 1780 1690 a
1799 1660 1856 1690 diis
1875 1662 2101 1692 immortalibus

1138 1695 1258 1726 deliniri
1269 1704 1392 1736 putem?
1412 1709 1482 1729 nam
1496 1700 1554 1730 hoc
1568 1701 1693 1741 quidem
1706 1702 1800 1732 verbo
1810 1713 1907 1743 neque
1919 1706 1951 1734 P.
1963 1703 2100 1738 Clodius,

1139 1748 1236 1779 neque
1246 1740 1403 1780 quisquam
1416 1741 1452 1770 de
1462 1743 1628 1783 gregalibus
1637 1745 1702 1783 ejus
1712 1764 1721 1778 ,
1735 1753 1785 1774 aut
1795 1744 1830 1774 de
1839 1743 2014 1776 confiliariis
2024 1745 2104 1776 desi-

1136 1790 1254 1820 gnatur.
1280 1782 1400 1812 Habent
1410 1784 1524 1813 Etrusci
1537 1784 1605 1814 libri
1616 1794 1692 1816 certa
1703 1788 1846 1819 nomina,-
1867 1797 1932 1828 quae
1950 1789 1983 1817 in
2000 1787 2030 1818 id
2048 1798 2103 1829 ge·-

1137 1831 1193 1851 nus
1215 1824 1330 1853 civium
1352 1824 1454 1854 cadere
1480 1824 1610 1865 poss'unt.
1651 1837 1860 1858 DETERIORES
1883 1849 1891 1862 ,
1925 1839 2100 1864 REPuLsos,

1138 1863 1227 1904 (quos
1234 1865 1298 1904 jam
1308 1866 1448 1907 audietis)
1469 1868 1524 1897 hos
1535 1868 1685 1908 appellant
1695 1889 1703 1903 ,
1722 1880 1853 1910 quorum
1866 1870 1898 1900 &
1910 1881 2025 1901 mentes
2035 1892 2044 1905 ‚
2064 1872 2101 1903 δε

1137 1915 1182 1935 res
1196 1906 1263 1936 sunt
1274 1907 1415 1946 perditae,
1436 1909 1584 1950 longeque
1602 1909 1618 1940 a
1636 1913 1798 1941 communi
1818 1912 1910 1942 salure
1927 1912 2100 1953 disjumSiae.

1138 1949 1234 1984 Quare
1244 1967 1253 1980 ,
1263 1948 1334 1978 cum
1345 1949 1389 1979 dii
1400 1952 1587 1981 immortales
1597 1961 1725 1982 monent
1735 1953 1770 1982 de
1781 1955 1976 1992 optimatium
1987 1955 2102 1985 discor-

1139 1989 1214 2018 diis:
1235 1989 1271 2019 de
1283 1989 1510 2021 clarissimorum
1522 2013 1531 2026 ,
1548 1993 1581 2022 &
1591 1994 1707 2033 optime
1719 1995 1898 2025 meritorum
1909 1998 2022 2026 civium
2036 1997 2100 2028 dis-

1138 2029 1270 2060 sensione
1284 2032 1458 2070 praedicunt.
1481 2033 1553 2063 cum
1563 2036 1750 2075 principibus
1758 2037 1926 2076 periculum
1938 2058 1946 2072 ,
1966 2038 2098 2069 caedcm-

1137 2081 1195 2112 que
1211 2073 1413 2111 portendunt:
1432 2076 1465 2104 in
1483 2083 1547 2105 tuto
1566 2077 1870 2108 collocantClodium
1882 2099 1890 2113 ,
1909 2082 1961 2120 qui
1979 2089 2099 2112 tantum

1139 2113 1220 2143 abest
1229 2113 1245 2143 it
1257 2115 1453 2155 principibuss
1464 2126 1609 2157 quantum
1620 2119 1724 2159 apuris
1735 2140 1743 2153 ,
1755 2130 1904 2161 quantum
1915 2127 1930 2151 a
1941 2122 2100 2163 religiosis.

1139 2155 1236 2185 Vobis
1247 2176 1255 2190 ,
1277 2154 1296 2185 ὃ
1307 2156 1476 2192 clarissimi,
1496 2169 1582 2199 atque
1600 2164 1710 2201 optimi
1727 2163 1807 2192 cives
1819 2183 1829 2196 ‚
1849 2163 1882 2193 δε
1897 2163 2001 2194 vestrae
2013 2165 2102 2195 saluti

1138 2197 1360 2228 consulendum
1370 2218 1378 2232 ,
1390 2199 1422 2229 δε
1433 2200 1676 2240 prospiciendum
1685 2203 1798 2234 vident.
1821 2204 1914 2234 caedes
1924 2207 2099 2246 principum

1137 2238 1321 2269 ostenditur:
1341 2240 1390 2273 id,
1410 2241 1492 2282 quod
1507 2245 1662 2275 interitum
1679 2247 1873 2285 optimatium
1888 2247 1969 2288 sequi
1980 2244 2098 2280 necesse

1136 2279 1199 2314 est,
1216 2281 1397 2323 adjungitur·
1421 2285 1510 2313 etiam
1523 2304 1531 2318 ‚
1551 2288 1615 2315 4ne
1630 2289 1660 2316 in
1675 2289 1766 2317 unius
1783 2290 1946 2328 imperium
1962 2300 2006 2319 res
2020 2293 2098 2320 reci-

1137 2322 1185 2352 dat
1194 2342 1202 2356 ,
1214 2323 1423 2354 admonemur.
1447 2325 1482 2356 ad
1492 2336 1583 2366 quem
1595 2337 1713 2358 metum
1725 2328 1744 2359 fi
1755 2329 1881 2360 deorum
1894 2334 2021 2362 monitis
2030 2343 2098 2364 non

1136 2364 1325 2399 duceremur,
1338 2375 1440 2397 tamen
1450 2367 1502 2407 ipsi
1513 2368 1615 2399 nostro
1627 2370 1710 2401 sensu
1722 2392 1730 2404 ,
1740 2372 1972 2413 coniee'turaque
1983 2384 2099 2413 rapere-

1137 2415 1216 2436 mur.
1240 2409 1361 2447 NEQE
1375 2418 1466 2439 ENIM
1482 2410 1561 2440 ullus
1571 2412 1645 2441 alius
1656 2412 1871 2444 discordiarum
1882 2414 2021 2445 soletess'e
2029 2418 2098 2446 exi-

1139 2457 1187 2478 tus
1206 2450 1284 2479 inter
1299 2451 1393 2480 claros
1403 2470 1412 2484 ,
1435 2451 1626 2492 &potenteis
1638 2456 1719 2485 viros
1731 2476 1739 2489 ,
1760 2454 1815 2485 nisi
1825 2457 2036 2487 autuniversus
2048 2459 2098 2487 in-

1138 2491 1243 2520 teritus
1256 2511 1266 2524 ‚
1287 2501 1337 2522 aut
1353 2492 1476 2522 viEtoris
1497 2494 1670 2526 dominatus
1689 2517 1698 2530 ,
1721 2506 1770 2527 aut
1786 2507 1922 2538 regnum.
1953 2497 2098 2531 Diss'ensit

1138 2542 1210 2562 cum
1226 2535 1325 2563 Mario
1336 2553 1344 2567 ‚
1359 2533 1592 2566 clariffimocive
1604 2558 1613 2570 ‚
1631 2539 1735 2568 consul
1747 2538 1910 2569 nobiliffim
1918 2550 1949 2570 us
1961 2561 1969 2573 ,
1992 2540 2097 2572 &for-

1140 2573 1272 2605 tissimus
1283 2595 1291 2608 ‚
1312 2576 1450 2606 L.Sulla.
1475 2579 1595 2608 Horum
1613 2588 1735 2619 uterque
1747 2582 1786 2610 ita
1803 2581 1911 2611 cecidit
1926 2581 2021 2612 victus
2034 2603 2042 2617 ,
2065 2592 2098 2614 ut

1135 2615 1234 2647 viffor
1254 2617 1336 2647 idem
1358 2620 1527 2658 regnaverit.
1560 2622 1636 2650 Cum
1656 2621 1783 2652 OCtavio
1805 2624 1918 2664 collega
1930 2626 2100 2656 Cinnadis-

1137 2657 1234 2689 sensit.
1258 2659 1387 2699 utrisque
1398 2661 1507 2690 horum
1518 2661 1645 2692 secunda
1653 2662 1773 2694 fortuna
1786 2675 1912 2705 regnum
1928 2665 1970 2696 est
1985 2667 2097 2708 largita,

1136 2700 1255 2730 adversa
1274 2710 1416 2731 mortem.
1439 2702 1525 2732 Idem
1547 2705 1655 2734 iterum
1666 2706 1746 2736 Sulla
1764 2707 1926 2747 superavit:
1950 2717 2014 2738 tum
2033 2708 2097 2739 fine

1135 2741 1230 2772 dubio
1239 2742 1342 2773 habuit
1353 2744 1480 2784 regalem
1490 2744 1665 2784 potestatem
1677 2766 1685 2780 ,
1707 2758 1888 2790 quamquam
1899 2751 2036 2790 rempub.
2047 2760 2096 2781 re·-

1133 2793 1262 2823 cupcrat.
1286 2784 1368 2815 Inest
1383 2787 1439 2816 hoc
1453 2795 1587 2826 tempore
1598 2788 1675 2818 haud
1687 2790 1845 2820 obscurum
1859 2791 1964 2821 odium
1977 2812 1985 2826 ‚
2005 2801 2096 2834 atque

1134 2825 1166 2855 id
1184 2824 1307 2856 insitum
1326 2829 1462 2866 penitus,
1488 2828 1664 2860 &inustum
1676 2834 1786 2862 animis
1795 2834 1960 2863 'nominum
1972 2836 2096 2875 amplis-

1140 2865 1302 2898 simorum:
1327 2868 1468 2900 diffident
1484 2872 1649 2911 principes:
1667 2883 1797 2914 captatur
1815 2875 1936 2906 occasio.
1959 2880 2011 2917 qui
2030 2887 2096 2907 non

1136 2918 1253 2940 tantum
1265 2911 1374 2951 opibus
1384 2911 1484 2942 valent
1495 2931 1504 2945 ‚
1524 2914 1625 2944 nescio
1644 2925 1734 2956 quarn
1749 2917 1900 2957 fortunam
1918 2926 2019 2949 tamen
2031 2939 2045 2953 ,,
2060 2929 2095 2950 ac

1974 2970 2094 3001 [empus

511 3014 674 3046 Lambinus,
696 3022 724 3041 ut
735 3016 762 3049 se
781 3016 841 3041 moda
850 3016 886 3041 his
899 3035 907 3047 ,
925 3017 986 3042 modo
999 3017 1090 3042 vendat
1131 3018 1161 3043 ro
1177 3036 1185 3048 ,
1199 3019 1304 3051 furrmis
1314 3028 1343 3043 ac
1352 3021 1506 3054 vzolariquos
1515 3023 1625 3053 impetur.
1645 3021 1807 3049 Gulielmius
1819 3023 1962 3051 conabatur
1973 3033 2001 3050 a:
2012 3026 2093 3058 sana—

126 3044 182 3070 ibis.
201 3042 244 3070 sed
254 3054 348 3080 praeter
358 3048 426 3075 Pau.
436 3050 464 3075 ὃ(
474 3050 539 3077 olim
550 3050 686 3087 impressos
702 3051 804 3085 :jaRat
814 3059 902 3078 tamen
914 3052 999 3079 nescio
1010 3061 1089 3088 quem
1129 3055 1197 3079 ticos.

127 3079 230 3120 calamo
239 3089 374 3109 exaratum
385 3084 504 3113 codicem
517 3105 526 3119 ‚
545 3087 614 3114 unde
629 3097 659 3114 ea
676 3086 878 3124 deprompserit.
898 3087 941 3115 sed
960 3089 1018 3124 quis
1030 3089 1065 3116 est
1078 3089 1088 3115 ?

129 3124 204 3149 cnjus
215 3116 262 3147 est,
274 3126 317 3144 aut
327 3117 379 3145 fuit
390 3124 400 3147 ἒ

166 3159 194 3176 2.
215 3154 328 3192 Furentes
344 3163 373 3180 ac
381 3157 494 3184 violentos
512 3159 638 3193 impetun]
659 3159 728 3187 Pau.
739 3160 847 3196 quidam
864 3161 943 3188 etiam
962 3163 1087 3187 volaticos.

127 3184 172 3223 fed
182 3188 307 3219 meliores
325 3196 412 3220 tamen
423 3193 528 3227 simmia
537 3203 566 3223 ac
582 3197 681 3225 violenti
698 3197 722 3226 C
735 3205 752 3224 o
764 3205 789 3227 s.
806 3201 920 3232 metm.
936 3206 1022 3227 nouus
1043 3206 1087 3226 ve-

1168 3097 1194 3124 3.
1212 3093 1240 3115 In
1250 3099 1292 3122 quo
1300 3090 1424 3125 fallebat]
1453 3091 1561 3118 Pati-um
1574 3101 1628 3120 aevo
1638 3093 1688 3120 cusi
1701 3113 1709 3127 ‚
1729 3093 1889 3123 subneftunt
1900 3116 1908 3129 ‚
1928 3099 2010 3124 multos
2023 3116 2030 3130 ‚
2050 3095 2094 3123 sed

1132 3134 1171 3158 cuj
1178 3135 1205 3151 us
1218 3126 1289 3151 null-i
1302 3133 1363 3152 nota
1373 3127 1398 3153 in
1411 3126 1474 3153 oiim
1492 3128 1631 3164 impressis,
1643 3131 1668 3157 in
1680 3131 1738 3158 mss‘.
1751 3132 1855 3158 nostris.

1166 3169 1194 3193 4.
1214 3165 1256 3196 Q
1267 3164 1292 3186 in
1303 3166 1374 3187 um'm
1387 3165 1510 3196 imperium
1521 3175 1558 3191 res
1578 3167 1695 3201 recidam]
1717 3167 1833 3204 Vulgata
1843 3168 1952 3203 decidatj
1973 3168 2014 3195 sed
2024 3168 2093 3196 :litet

1132 3206 1191 3225 rum
1203 3204 1292 3226 mitur
1303 3198 1330 3226 iii
1343 3198 1455 3228 isi-fuid.
1465 3201 1524 3229 Pal.
1536 3211 1606 3231 nono
1617 3203 1644 3229 ὃς
1655 3204 1685 3232 S.
1693 3202 1767 3231 Vici.

2019 3250 2042 3269 ι.
2052 3245 2094 3270 So-
