2360 3400
83 798 129 833 ‘28
147 802 296 840 Epicurus
305 802 345 831 ait
357 799 490 839 exiguam
501 799 667 827 intervenire
671 798 805 838 shpienti.
829 799 1022 839 Ageinquies
1034 809 1039 826 :
1051 797 1105 828 ista
1123 818 1125 838 f

1123 844 1124 848 ’
1147 839 1179 868 in
1199 840 1325 874 vitiosa,
1345 841 1379 870 ὃς
1400 839 1544 880 flagitiosa
1557 844 1617 871 vita
1626 842 1759 873 afflueret
1772 846 1987 885 voluptatibus.
2013 846 2103 885 Quod

456 146 529 177 DE
573 132 845 178 Fininus
893 133 1128 180 Borion.

157 225 284 259 'uterque
292 215 377 246 enim
389 213 605 245 summobono
616 212 745 247 fruitur,
760 213 789 244 id
805 213 865 248 est,
879 214 1041 255 voluptate.
1065 218 1076 234 ¹
1089 223 1118 244 at

156 262 242 291 enim
252 259 301 288 hic
314 259 402 287 etiam
414 256 559 286 dolore-at
569 266 639 286 eum
651 257 741 286 nihili
750 256 873 287 facit-ait
882 259 965 286 enim
975 255 1039 290 se,si
1048 265 1114 286 ura·
1134 268 1135 293 ῃ

1133 297 1135 315 ¹'
1155 300 1254 338 ipsum
1265 298 1437 335 absurdum,
1451 312 1622 333 maximum
1635 305 1749 334 malum
1762 305 1885 345 negligi.
1909 304 1957 335 sed
1970 315 2035 345 qua:
2045 315 2112 335 tan-

156 309 213 334 tur,
222 297 313 341 ‹quiim
321 298 472 338 hocsuaw,
484 297 647 327 diditururn.
659 301 724 336 Qua
735 300 825 338 igitur
835 308 864 327 re
874 299 890 328 a
901 298 958 328 deo
970 298 1112 331 vincitur,

153 341 176 372 fi
185 343 347 372 aeternitate
358 350 420 370 non
433 341 578 371 vincitur?
588 342 619 369 in
630 350 687 380 qua
696 340 770 381 quid
781 339 824 369 est
835 340 908 369 boni
917 348 1020 379 praeter
1030 339 1113 369 sum-

153 392 238 414 mam
257 383 466 421 voluptatem,
487 381 519 411 &
540 391 607 411 eam
626 381 863 422 sempiternam?
880 381 951 421 quid
961 390 1031 421 ergo
1045 383 1112 411 atti-

151 433 205 455 net
214 424 349 466 gloriose
367 424 474 464 loqui,
495 421 549 453 nisi
567 422 737 454 constanter
754 423 897 463 loquare?
915 424 948 452 in
959 424 1110 461 voluptate

150 468 286 505 corporis
310 465 437 504 (addam
450 486 457 499 ,
478 464 499 495 fi
514 467 558 494 vis
569 485 577 499 ‚
599 467 714 499 animi,
726 468 741 484 ²
751 465 825 494 dum
837 474 869 494 ea
879 464 939 504 ipsa
952 483 960 498 ,
974 473 1006 494 ut
1017 464 1109 493 vultis

151 506 276 548 sitquod
290 507 324 538 δε
338 509 371 537 in
381 507 515 547 corpore)
527 505 614 537 fitum
625 506 668 537 est
678 510 779 537 vivere
792 506 885 536 beate.
909 505 991 544 Quid
1002 504 1106 536 ?istam

149 549 329 591 voluptatem
345 556 506 590 perpetuam
523 551 589 589 quis
606 547 703 589 potest
720 546 854 588 praestare
865 548 990 587 sapienti
1005 550 1016 576 ?
1035 557 1107 577 narn
1127 579 1129 581 ,

172 591 260 621 uibus
279 591 366 621 rebus
384 589 557 621 efficiuntur
565 592 753 630 voluptatem
773 591 818 620 hae
829 599 892 619 non
902 590 1012 619 suntin
1023 598 1109 629 pote·
1126 622 1128 630 Ι

149 600 223 663 itate
250 634 402 673 sapientis.
435 642 497 662 non
520 634 604 662 enim
622 634 657 662 in
677 632 737 672 ipsa
755 632 897 671 sapientia
914 630 1046 671 positum
1063 629 1108 661 est

147 674 271 706 beatum
283 673 350 709 effe,
364 674 454 705 sedin
466 674 546 704 iniis
555 674 641 704 rebus
654 695 662 707 ,
677 683 748 714 quas
759 674 899 713 sapientia
909 681 1060 712 comparat
1070 672 1106 703 ad
1125 702 1127 705 .

144 717 346 757 voluptatem.
369 725 467 746 torum
479 715 618 746 autemid
629 725 788 745 exrernum
803 726 807 744 :
820 714 943 756 &qnod
949 722 1106 748 externum,
1124 743 1125 747 ,

147 758 179 788 id
199 759 229 788 in
244 760 309 799 casu
330 757 383 787 eff.
407 759 447 787 ita
467 756 501 787 fit
520 757 610 787 beatae
628 759 697 786 vitae
716 757 841 787 domina
861 759 989 786 tortuna.
1013 765 1104 797 quam

145 851 234 882 parva
249 843 325 872 sunt.
344 841 501 881 sapientem
521 840 743 881 locupletatjpfiz
753 846 879 868 natura:
891 840 975 878 cujus
986 839 1106 869 divitias
1123 866 1124 871 ,

147 886 295 924 Epicurus
315 884 378 922 ipse
395 882 552 922 parabileis
565 880 621 911 effe
636 882 750 911 docuit.
774 883 848 910 Haec
857 880 934 910 bene
953 881 1103 910 dicuntur:

145 935 203 956 nec
215 935 271 966 ego
284 934 417 965 repugno
435 922 501 952 :sed
512 924 595 951 inter
609 923 670 952 sese
682 922 742 960 ipsa
751 930 896 962 pugnant.
918 931 1006 963 negat
1017 924 1102 952 enim

146 977 233 997 *rnnu
241 976 355 996 rssnao
365 964 458 997 vicstu,
470 963 500 993 id
509 963 554 993 est
563 962 807 993 contemtissimis
817 964 890 993 escis
899 983 908 997 ,
926 963 959 993 &
969 966 1104 1003 potioni-

145 1008 202 1039 bus
211 1010 364 1037 minorem
374 1007 558 1045 voluptatem
570 1007 702 1045 percipi,
714 1008 804 1046 quam
815 1004 904 1036 rebus
915 1004 1104 1046 exquisitissi-

143 1051 204 1079 mis
220 1049 255 1079 ad
271 1047 467 1088 epulandum.
491 1049 573 1077 Huic
584 1057 658 1087 ego,
677 1046 697 1077 fi
709 1047 1000 1088 negaretquidquarn
1011 1050 1104 1078 inter-

141 1089 200 1120 effe
210 1090 246 1120 ad
258 1089 341 1120 beate
352 1089 520 1120 vivendum
534 1109 543 1121 ‚
555 1090 636 1129 quali
648 1097 778 1121 uteretur
788 1088 882 1123 νίἇὶυ,
893 1090 1101 1120 concederem:
1120 1113 1121 1116 η

143 1131 295 1162 laudarem
318 1133 429 1162 etiam:
449 1141 557 1161 vei-um
577 1131 664 1160 enim
687 1130 814 1161 diceret:
831 1130 920 1171 idque
937 1134 1100 1165 Socratem,

142 1175 196 1214 qui
206 1175 390 1214 voluptatem
402 1174 488 1203 nullo
497 1173 565 1203 loco
576 1182 714 1202 numerat
724 1192 733 1206 ,
756 1172 845 1203 audio
859 1173 1010 1203 dicentem
1023 1194 1031 1207 ‚
1045 1172 1102 1203 cibi

141 1215 348 1245 condimentum
357 1214 516 1254 effefamem
525 1225 536 1241 .·
544 1213 753 1255 potionufitim.
779 1214 839 1247 sed,
852 1215 904 1254 qui
915 1214 950 1244 ad
963 1216 1101 1255 volupta-

141 1266 204 1288 tem
225 1259 332 1287 omnia
341 1257 484 1290 referens,
495 1258 573 1286 vivit
583 1265 614 1286 ut
624 1257 784 1286 Gallonius
793 1275 803 1290 ,
823 1257 958 1296 loquitur
969 1265 1001 1286 ut
1012 1259 1101 1297 Frugi

141 1299 195 1328 ille
205 1300 272 1329 Piso
284 1319 293 1332 ,
311 1298 378 1328 non
388 1298 490 1329 audio.
513 1308 569 1327 nec
578 1299 661 1327 enirn
676 1308 746 1328 eum
758 1317 766 1331 ‚
777 1298 859 1338 quod
867 1298 989 1332 sentiat,
1001 1298 1101 1329 dicere

140 1339 294 1370 existimo.
326 1340 496 1370 Naturaleis
509 1340 629 1370 divitias
646 1339 725 1370 dixit
744 1339 902 1379 parabileis
920 1338 996 1374 esse,
1017 1339 1100 1381 quod

139 1392 234 1422 parvo
251 1379 323 1412 ess'et
344 1391 449 1412 natura
463 1390 616 1411 contenta.
639 1382 716 1411 certe
728 1400 737 1414 ‚
757 1379 812 1410 nisi
830 1382 1014 1420 voluptatem
1028 1384 1101 1412 tanti

140 1423 334 1454 aestimaretis.
358 1426 424 1452 Non
446 1424 555 1455 minor,
575 1424 695 1462 inquit,
717 1423 848 1463 voluptas
870 1426 882 1449 3
898 1424 1052 1464 percipitur
1068 1434 1102 1453 cx

140 1464 284 1504 vilfflmis
302 1463 398 1498 rebus,
417 1473 507 1505 quam
516 1473 552 1492 ex
569 1463 775 1504 pretiofiffimis.
796 1466 865 1493 Hoc
878 1464 920 1494 est
930 1474 994 1493 non
1005 1465 1101 1495 modo

137 1515 191 1537 cor
201 1516 264 1536 non
274 1505 392 1539 habere,
405 1505 452 1535 sed
463 1515 501 1534 ne
511 1506 641 1544 palatum
654 1505 789 1545 quidem.
805 1507 858 1545 qui
869 1506 952 1534 enirn
964 1507 1102 1546 volupta-

137 1555 201 1578 tem
221 1548 315 1587 ipsam
331 1555 555 1580 contemnunt‚
574 1548 612 1576 iis
628 1546 700 1576 licet
717 1546 815 1576 dicere
829 1566 837 1579 ‚
859 1547 887 1576 se
897 1548 1097 1586 acipenserem

135 1596 234 1620 menae
252 1598 318 1618 non
332 1597 522 1629 anteponere.
554 1589 603 1618 cui
618 1586 692 1618 vero
709 1589 743 1618 in
771 1588 923 1628 voluptate
939 1588 1097 1619 summum

136 1631 257 1662 bonum
267 1630 327 1664 est,
356 1631 429 1661 huic
443 1632 549 1665 omnia
556 1630 643 1660 sensu
654 1649 662 1664 ,
683 1639 746 1660 non
760 1632 876 1660 ratione
885 1630 1101 1669 suutjudican·

140 1671 178 1702 da
189 1682 195 1701 ;
206 1682 298 1713 eaque
315 1672 444 1703 dicenda
462 1673 589 1712 optima,
607 1682 669 1713 quae
677 1672 932 1712 suntfuaviffima.
954 1672 1097 1703 4Veri⁸im

132 1713 197 1744 esto
211 1714 425 1755 :consequatur
443 1714 578 1744 summas
594 1715 779 1753 voluptates,
799 1723 863 1744 non
887 1713 983 1744 modo
993 1724 1095 1754 parvo,

134 1755 185 1786 sed
202 1765 256 1795 per
273 1766 324 1786 me
342 1757 442 1786 nihilo
455 1776 463 1790 ‚
486 1754 506 1785 fi
525 1754 682 1795 potesttsit
701 1756 840 1795 voluptas
858 1766 924 1786 non
942 1759 1046 1787 minor
1063 1759 1095 1787 in

132 1796 279 1828 nasturtio
301 1798 374 1831 illo,
390 1808 453 1838 quo
471 1798 549 1827 vesci
568 1797 669 1827 Persas
686 1795 745 1827 effe
762 1797 868 1827 solitos
878 1797 977 1828 scribit
989 1799 1095 1829 Xeno-

130 1841 217 1880 phon
229 1859 237 1873 ,
248 1839 339 1880 quam
349 1841 382 1869 in
391 1839 579 1879 Syracusanis
589 1837 701 1868 mensis
715 1857 724 1872 ‚
735 1847 801 1879 quae
811 1838 827 1868 a
837 1839 961 1869 Platone
969 1842 1096 1880 graviter

128 1883 337 1921 vituperantur
350 1891 356 1910 τ
370 1879 415 1914 fit,
428 1884 552 1921 inquam
562 1899 571 1913 ,
594 1888 653 1910 tam
663 1879 761 1910 facilis
771 1898 780 1913 ‚
799 1879 893 1920 quam
907 1881 998 1911 vultis
1012 1900 1022 1915 ‚
1037 1891 1094 1911 vo-

129 1922 249 1963 luptatis
267 1925 470 1963 comparatio:
487 1922 561 1963 quid
578 1921 614 1951 de
627 1921 734 1952 dolore
743 1921 901 1951 dicemus?
920 1922 1006 1961 cujus
1016 1932 1094 1954 tanta

127 1972 280 1995 tormenta
297 1965 365 1995 sunt
377 1985 386 1998 ,
409 1973 442 1995 ut
462 1968 495 1994 in
515 1965 561 1993 his
581 1963 733 1994 beatavita
745 1982 754 1997 ‚
773 1961 898 1993 simod&
908 1963 998 1994 dolor
1007 1965 1092 1995 sum-

125 2016 217 2038 mum
235 2007 350 2037 malum
369 2005 413 2036 est
425 2025 435 2040 ,
459 2004 517 2036 effe
537 2015 600 2035 non
611 2004 708 2045 poffit.
731 2005 792 2045 ipse
803 2007 886 2035 enim
898 2006 1090 2036 Metrodorus

124 2049 212 2089 paene
230 2049 303 2079 alter
320 2049 466 2088 Epicurus
479 2067 489 2082 ,
512 2046 628 2076 beatum
637 2046 685 2084 effi
694 2046 834 2077 describit
844 2049 890 2076 his
900 2047 966 2078 fere
977 2048 1088 2078 verbis:

123 2088 192 2120 crim
200 2099 294 2130 corpus
304 2088 368 2119 bene
377 2089 604 2130 constiturumsst
614 2108 625 2122 ,
646 2089 725 2130 &fit
734 2088 911 2128 exploratum
920 2109 929 2123 ‚
949 2090 1090 2129 itafutu-
1104 2094 1106 2111 ⁸

123 2142 200 2163 rum.
224 2136 273 2163 An
283 2133 314 2162 id
333 2132 522 2172 exploratum
535 2134 673 2172 cuiquam
687 2133 784 2171 potest
797 2129 874 2165 esse,
897 2134 911 2158 5
921 2141 984 2172 quo
993 2132 1088 2162 modo

126 2174 188 2204 sese
211 2174 382 2204 habitururn
400 2172 436 2203 sit
456 2182 586 2213 corpus,
607 2182 671 2202 non
685 2173 755 2203 dico
770 2172 807 2203 ad
825 2182 938 2203 annum
953 2193 963 2207 ,
984 2174 1033 2204 sed
1050 2174 1087 2204 ad

123 2216 278 2255 vesperam
301 2218 312 2245 ?
339 2215 428 2245 dolor
448 2216 558 2256 igitur,
582 2214 613 2244 id
630 2213 673 2244 est
689 2215 846 2244 summum
868 2216 1003 2250 malum,
1023 2226 1088 2246 me-

123 2265 224 2291 tuetur
231 2259 357 2299 semper,
369 2259 459 2288 etiam
468 2254 491 2286 fi
500 2266 565 2287 non
573 2257 676 2288 aderit.
685 2257 750 2298 J'am
759 2259 844 2287 enim
854 2255 950 2287 adeffe
958 2259 1082 2298 poterit.

1175 148 1251 180 ΕΤ
1302 134 1462 182 Min„
1525 137 1673 182 Lin.
1723 139 1790 183 11.

1155 214 1207 256 qui
1228 216 1324 256 potest
1343 219 1432 259 igitur
1449 216 1577 248 habitare
1590 219 1619 248 in
1639 218 1720 249 beata
1737 219 1919 262 vit-aficmmi
1929 221 1997 249 maii
2008 225 2113 250 merser?

1156 259 1296 289 Traditur
1307 279 1315 292 ,
1327 262 1435 300 inquit,
1446 261 1483 290 ab
1494 263 1622 300 Epicuro
1631 264 1706 292 ratio
1716 262 1887 303 negligendi
1899 263 2021 293 doloris.
2042 265 2110 304 jain

1990 154 2111 200 10¹7

1153 340 1223 370 dem
1236 341 1288 372 ista
1297 344 1371 372 ratio
1386 343 1450 374 est?
1467 345 1626 373 Maximus
1635 345 1710 375 dolor
1723 366 1731 378 ,
1746 347 1861 388 inquit,
1874 345 1967 375 brevis
1976 346 2028 376 eff.
2047 348 2113 387 pri-

1154 381 1243 412 mum
1262 403 1272 417 ,
1292 384 1365 423 quid
1386 394 1416 414 tu
1436 385 1529 419 dicis,
1552 386 1641 416 breve
1658 389 1668 415 ?
1693 385 1708 407 ⁶
1728 387 1997 418 deinde'dolorem
2016 398 2110 429 quem

1153 425 1349 454 maximum?
1366 426 1439 466 quid
1461 431 1568 456 enim?
1591 428 1729 458 summus
1753 429 1961 469 dolorplureis
1972 430 2035 460 dies
2046 441 2112 461 ma»

1129 475 1131 482 ⁴
1153 474 1223 495 nere
1247 476 1310 495 non
1329 467 1443 506 potest?
1461 469 1530 498 vide
1548 479 1586 498 ne
1603 472 1696 500 etiam
1722 471 1849 501 menses‘
1873 469 1928 501 nifi
1947 471 2025 501 forte
2037 482 2109 502 eurn

1152 506 1247 540 dicis,
1267 509 1321 548 qui
1342 508 1518 550 simulatque
1537 513 1677 550 arripuit,
1699 511 1851 542 interficit.
1873 515 1940 553 quis
1951 512 2041 543 istum
2053 513 2110 543 do-

1149 548 1249 577 lorem
1259 552 1368 579 timet?
1388 551 1475 580 illum
1489 552 1611 582 mallem
1632 553 1742 583 levares
1755 573 1764 587 ‚
1786 565 1846 595 quo
1856 556 2008 594 optimum
2021 565 2110 596 atque

1149 589 1397 621 humaniffimurn
1409 595 1522 626 virum,
1536 596 1590 623 Cn.
1605 593 1779 629 Ofitavium,
1793 599 1836 626 M.
1846 595 1958 630 filium,
1973 596 2110 627 familia·

1126 635 1128 640 '
1149 640 1214 660 rem
1234 641 1360 665 meum,
1381 633 1494 664 confici
1513 635 1594 665 vidi:
1615 646 1670 666 nec
1682 637 1754 667 vero
1767 638 1879 672 semel,
1898 648 1953 668 nec
1966 638 2001 668 ad
2017 639 2108 668 breve

1149 681 1268 712 ternpus
1280 693 1288 706 ‚
1307 673 1355 704 sed
1367 675 1400 704 δε
1411 675 1485 715 saepe
1494 677 1593 715 plane,
1607 677 1640 707 ὃς
1649 678 1713 708 diu.
1737 689 1816 719 quos
1827 699 1836 713 ‚
1848 680 1910 714 ille,
1921 680 1964 710 dii
1977 681 2108 710 immor-

1148 714 1221 744 tales
1231 734 1240 748 ‚
1263 715 1336 744 curn
1349 726 1470 746 omneis
1481 727 1557 747 artus
1567 718 1666 748 ardere
1681 720 1854 751 viderentur
1863 741 1871 755 ,
1882 723 2029 752 cruciatus
2039 731 2107 762 per-

1145 754 1280 786 ferebat?
1301 767 1356 786 nec
1373 765 1472 788 tamen
1492 759 1583 788 mis-:r
1601 759 1658 789 ess'e
1672 780 1679 793 ‚
1703 764 1772 801 quia
1782 763 1978 793 summumid
1991 765 2105 793 malum

1147 806 1209 827 non
1222 806 1297 828 erat:
1321 800 1537 829 tantummodo
1548 800 1890 835 laboriosusvidebatur.
1914 806 2062 839 armifer,
2084 803 2105 835 si

1144 889 1244 910 autem
1256 891 1392 922 magnum
1400 883 1519 912 dolorem
1530 882 1651 917 brevem,
1666 885 1850 926 longinquum
1861 888 1949 916 levem
1960 887 2016 919 esre
2027 889 2104 919 dici-

1122 925 1124 942 =¹
1145 924 1184 952 tis
1204 933 1210 951 :
1228 923 1258 953 id
1279 933 1343 954 non
1361 915 1520 966 intelligo,
1546 926 1631 966 quale
1654 925 1697 956 sit.
1721 930 1811 957 video
1823 931 1909 959 enirn
1921 930 1953 959 ὃς
1965 940 2105 971 magnos,

1145 963 1178 994 δε
1193 969 1208 992 7
1223 965 1345 996 eosdem
1360 965 1436 996 bene
1449 968 1633 1008 longinquos
1645 968 1780 998 dolores:
1796 966 1810 988 S
1821 981 1950 1011 quorum
1963 973 2016 1002 aliu
2028 972 2105 1002 tole—
2120 976 2123 980 '

1142 1007 1217 1036 ratio
1240 1006 1282 1037 est
1297 1009 1395 1038 verior
1406 1020 1413 1041 ;
1432 1018 1489 1049 qua
1500 1010 1543 1038 uti
1556 1019 1608 1039 vos
1620 1020 1682 1039 non
1694 1010 1816 1049 potestis
1829 1032 1837 1044 ,
1849 1014 1901 1053 qui
1913 1013 2099 1043 honestatem

1143 1048 1237 1087 ipsam
1256 1058 1309 1088 per
1332 1049 1360 1079 se
1382 1060 1443 1080 non
1467 1053 1581 1081 amatis.
1607 1053 1948 1094 Fortitudinisquaedam
1958 1065 2101 1094 praecepta

1144 1090 1212 1120 sunt
1226 1109 1235 1124 ‚
1258 1101 1291 1121 ac
1308 1092 1395 1131 paene‘:
1407 1092 1486 1133 leges,
1501 1103 1567 1133 quae
1577 1093 1736 1133 effaemmari
1745 1096 1844 1124 virum
1853 1103 1990 1125 vetantur
2001 1097 2100 1126 doiorci

1142 1132 1343 1171 quamobrem
1363 1143 1447 1174 turpe
1465 1135 1633 1174 putandum
1643 1135 1705 1169 est,
1726 1137 1870 1167 nondico
1879 1138 1980 1168 dolere
2001 1138 2095 1176 (nam

1141 1173 1174 1203 id
1193 1174 1319 1214 quidem
1341 1175 1384 1205 est
1402 1176 1556 1206 interdum
1580 1176 1714 1218 necesse)
1736 1179 1786 1209 sed
1795 1179 1899 1209 saxum
1916 1179 1994 1210 illud
2005 1182 2100 1211 Lem-

1144 1217 1233 1245 nium
1244 1216 1377 1247 clamore
1389 1217 1739 1250 Philouetaeofunestare
1753 1231 1758 1249 :

1180 1257 1271 1297 Qod
1285 1258 1393 1296 ejulatu
1406 1280 1414 1292 ,
1433 1258 1552 1300 questu,
1570 1261 1702 1300 gemitu,
1718 1261 1882 1299 fremitibus

1183 1300 1340 1338 Refhnando
1358 1305 1372 1326 9
1390 1300 1534 1336 multam,
1548 1301 1672 1340 flebileis
1690 1314 1768 1333 voces
1786 1305 1876 1344 refert.

1142 1342 1173 1359 ¹0
1183 1343 1264 1371 Huic
1274 1343 1419 1381 Epicurus
1429 1353 1580 1384 comparet
1591 1344 1620 1374 se
1633 1365 1641 1378 ‚
1653 1343 1672 1373 si
1682 1345 1779 1385 potest
1796 1357 1803 1376 z

1185 1384 1237 1411 Cui
1258 1384 1384 1424 viperino
1402 1387 1496 1423 morsu
1521 1396 1594 1415 vena
1618 1387 1760 1426 viscerum

1183 1425 1285 1453 Veneno
1304 1425 1417 1466 imbuta)
1435 1435 1524 1456 tatros
1543 1428 1686 1457 cruciatus
1706 1430 1788 1459 cient.

1140 1467 1184 1496 Sit
1202 1468 1349 1505 Epicurus
1371 1469 1537 1499 Philo&eta
1559 1480 1565 1498 :
1585 1468 1606 1498 si
1624 1473 1721 1509 gravis
1739 1472 1828 1502 dolor
1844 1472 1953 1503 brevis.
1977 1476 2018 1504 At
2038 1475 2097 1508 iam

1140 1507 1294 1537 decimum
1311 1518 1427 1538 annum
1447 1511 1480 1540 in
1501 1510 1730 1550 speluncajacet.
1753 1515 1784 1543 Si
1794 1513 1923 1556 longus,
1943 1515 2027 1545 levis.
2049 1516 2098 1545 dar

1139 1550 1224 1578 enirn
1243 1551 1409 1584 intervalla,
1432 1550 1465 1581 ὃς
1483 1553 1604 1582 relaxat.
1627 1553 1767 1583 Primum
1790 1564 1855 1585 nori
1875 1556 1968 1594 saepc:
1988 1556 2100 1586 deinde

1137 1599 1203 1630 quae
1222 1589 1266 1620 est
1281 1590 1336 1621 ista
1355 1592 1499 1622 relaxatio
1518 1592 1588 1623 cum
1603 1593 1787 1633 &praeteriti
1800 1596 1915 1626 doloris
1934 1600 2098 1631 memoria.

1136 1640 1240 1661 recens
1267 1631 1310 1662 est
1327 1643 1333 1662 :
1363 1632 1399 1663 δε
1417 1632 1510 1664 futuri
1528 1644 1615 1675 atque
1631 1636 1837 1675 impendentis
1855 1647 1977 1679 torquet
1992 1640 2099 1670 timor?

1136 1674 1287 1704 Moriatur
1296 1694 1305 1708 ‚
1316 1676 1425 1715 inquit.
1449 1675 1577 1706 Fortass'e
1587 1676 1618 1706 id
1628 1681 1794 1717 optimum,
1805 1678 1853 1709 sed
1865 1679 1917 1709 ubi
1926 1680 2013 1714 illud,
2024 1681 2097 1711 Plus

1135 1715 1252 1756 semper
1259 1716 1442 1757 voluptatis?
1464 1716 1485 1747 si
1495 1719 1580 1748 enim
1590 1720 1631 1749 ita
1640 1718 1682 1750 est
1693 1730 1702 1753 3
1722 1721 1791 1750 vide
1801 1741 1810 1754 ,
1821 1731 1859 1751 ne
1871 1721 1987 1752 facinus
1994 1721 2096 1756 facias,

1135 1755 1207 1787 curn
1219 1760 1300 1788 mori
1310 1759 1439 1789 suadeas.
1461 1759 1567 1790 Putius
1577 1770 1647 1801 ergo
1660 1761 1712 1791 illa
1721 1762 1867 1796 dicantur,
1879 1770 1958 1804 turpe
1968 1762 2017 1800 ff
2032 1765 2095 1794 vire

1132 1797 1302 1833 debilitari,
1321 1800 1412 1830 dolore
1428 1799 1541 1842 frangi,
1555 1801 1753 1841 fimcumbmz,
1773 1814 1845 1834 riam
1863 1804 1918 1835 ista
1926 1804 2041 1838 vestra.
2063 1808 2094 1836 Si

1131 1843 1248 1880 gravis,
1268 1841 1366 1871 brevis
1381 1853 1387 1871 :
1413 1841 1552 1883 filongus
1563 1863 1572 1877 ‚
1593 1844 1668 1874 levis
1679 1864 1688 1878 ‚
1704 1849 1729 1864 ¹¹
1741 1845 1848 1876 diritata
1862 1847 1940 1877 sunt.
1959 1847 2093 1880 virtuti&

1132 1883 1351 1923 magnitudinis
1360 1885 1457 1914 animi
1468 1903 1477 1918 ‚
1494 1886 1644 1924 patientiae
1654 1905 1663 1919 ,
1681 1885 1869 1917 fortitudinis
1877 1887 2025 1918 fomentis
2037 1888 2095 1918 do-

1132 1923 1180 1953 lor
1202 1926 1335 1964 mitigari
1352 1924 1437 1955 solet.
1459 1926 1561 1959 Audi,
1578 1936 1618 1956 ne
1629 1927 1720 1967 longe
1729 1928 1832 1959 abeam
1843 1948 1852 1963 ,
1872 1931 2008 1961 moriens
2017 1929 2093 1971 quid

1131 1964 1209 1995 dicat
1220 1968 1383 2005 Epicurus:
1398 1970 1427 1986 ¹²
1438 1966 1472 1997 δε
1481 1968 1629 2007 intellige,
1640 1967 1718 1999 faeta
1725 1971 1790 2009 ejus
1798 1980 1869 2001 cum
1879 1971 1970 2002 dietis
1981 1971 2094 2002 discre-

1128 2015 1206 2046 pare.
1230 2010 1404 2038 Emcoims
1424 2010 1624 2039 HERMAcuo
1640 2013 1669 2040 S.
1703 2013 1774 2040 Cum
1793 2022 1958 2053 ageremus,
1978 2015 2088 2054 inquit,

1128 2049 1195 2077 vita
1211 2047 1325 2078 beatum
1336 2069 1345 2083 ‚
1367 2050 1403 2082 ώ-
1419 2050 1533 2080 eundem
1546 2052 1709 2093 fiipremum
1716 2053 1790 2083 diem
1801 2074 1809 2087 ‚
1826 2053 2018 2094 scribebamus
2027 2057 2088 2085 hac.

1131 2094 1140 2109 ¹
1150 2094 1162 2118 3
1175 2092 1252 2119 tanti
1267 2099 1364 2120 autem
1376 2091 1465 2121 morbi
1474 2093 1591 2122 aderant
1599 2093 1699 2134 vesica,
1711 2095 1746 2127 (²9⁴
1756 2096 1895 2135 viscerum
1903 2117 1911 2131 ‚
1923 2104 1958 2126 ut
1967 2097 2043 2126 nihil
2051 2097 2091 2126 ad

1122 2142 1215 2161 eorum
1223 2133 1448 2174 magnitudinem
1459 2134 1539 2175 poffit
1547 2135 1678 2166 accedere.
1704 2140 1733 2164 ¹4
1743 2140 1818 2168 Ecce
1828 2139 1973 2169 miserum
1985 2140 2089 2169 homi«

1126 2184 1198 2204 nem
1211 2195 1220 2209 ,
1241 2174 1263 2204 si
1282 2176 1391 2209 dolor,
1417 2176 1572 2206 summum
1591 2178 1769 2209 malumest.
1792 2179 1852 2210 dici
1861 2181 1946 2210 aliter
1958 2191 2089 2221 nonpo—

1125 2215 1190 2247 test.
1213 2216 1263 2246 sed
1283 2217 1440 2248 audiamus
1456 2218 1556 2258 ipsum
1572 2229 1578 2247 :
1599 2219 1831 2261 compensabatur
1840 2229 1933 2251 tamen
1949 2241 1957 2256 ,
1975 2224 2086 2263 inquit,

1124 2258 1240 2288 cumbis
1248 2258 1375 2288 omnibus
1383 2260 1476 2289 animi
1490 2260 1594 2290 latitia
1603 2283 1614 2296 ,
1633 2272 1723 2304 quam
1736 2262 1880 2304 capiebam
1887 2274 2022 2300 memoria
2033 2274 2086 2293 ra-

1962 2313 2084 2340 tlonum,

159 2394 184 2411 r.
203 2389 237 2412 At
247 2390 307 2413 enim
315 2389 352 2413 hic
361 2389 432 2412 etiam
442 2387 523 2413 dolore.
534 2394 561 2413 eit
570 2395 630 2419 eum,
640 2389 707 2422 ὠὴ]
728 2388 770 2414 Sic
780 2388 878 2416 iterum
888 2388 958 2415 Pali.
969 2390 997 2415 ὃ(
1008 2388 1075 2416 editi

119 2421 138 2448 ἐι
147 2420 280 2448 Victorio.
300 2422 389 2458 inepte
401 2424 573 2455 recentiores,
592 2433 648 2449 nam
657 2433 717 2456 eum,
728 2424 780 2454 &in

157 2465 187 2483 2.
206 2460 268 2483 Dum
276 2466 304 2483 ea
311 2460 374 2491 ipsit,
384 2465 412 2483 ut
420 2459 497 2485 vultis
509 2461 564 2492 ,stt,
574 2460 670 2493 quod&
678 2463 704 2486 in
715 2461 829 2495 coi-pore]
852 2460 932 2487 Haud
943 2460 1014 2488 secus
1025 2461 1077 2488 Al-

118 2492 169 2520 dus
179 2502 254 2526 avus,
265 2492 417 2529 secutusque
429 2495 466 2522 e'st
477 2494 624 2522 Victorius.
644 2502 671 2521 at
680 2497 772 2532 Nepos
786 2516 794 2528 ,
804 2497 858 2523 dum
867 2500 893 2523 in
902 2506 930 2524 ea
938 2498 999 2531 ipsa.
1020 2498 1078 2525 Pal.

119 2538 163 2566 pr.
175 2529 238 2555 nihil
251 2528 379 2565 discrepat
392 2531 407 2556 ii
417 2531 507 2565 priore
518 2530 656 2567 scriptura,
667 2532 714 2559 nifi
725 2533 751 2558 in
766 2533 828 2560 fine.
850 2533 928 2560 habet
936 2534 1006 2560 enim
1018 2542 1077 2560 tan-

122 2567 230 2598 tum‚stt
239 2566 270 2596 ὠν
278 2574 377 2598 empore.
398 2566 494 2602 reliqui
504 2566 652 2594 admittunt
661 2567 769 2603 quidem
784 2570 847 2602 quod
856 2589 864 2601 ‚
876 2569 920 2596 sed
931 2569 1080 2597 excludunt
1098 2585 1101 2597 ι

120 2604 247 2629 tamenin
257 2610 266 2633 5
286 2609 383 2637 praeter
392 2602 513 2629 tertium.
534 2603 626 2630 malim
638 2623 647 2636 ,
657 2605 712 2630 dum
721 2605 819 2639 eaipsa,
828 2612 856 2631 ut
863 2607 941 2632 vultis
950 2624 960 2638 ,
971 2608 1004 2640 fit
1012 2607 1042 2638 <ly
1054 2609 1080 2633 in

119 2646 158 2664 cor
174 2647 222 2663 ore.

156 2646 185 2709 ζ.
204 2675 342 2706 Pei-cipitur
358 2683 388 2699 cx
404 2674 545 2708 ‘viliffimisj
570 2674 614 2701 Est
624 2675 639 2700 a
650 2675 708 2701 Pal.
719 2684 760 2711 pr.
772 2675 874 2712 vulgati
887 2697 896 2710 ,
910 2685 980 2711 praec.
990 2685 1040 2704 tam
1050 2687 1079 2704 cx

115 2710 164 2735 vil.
185 2708 257 2745 qnod
267 2709 401 2745 displicuit
410 2711 437 2736 &
450 2710 601 2742 Lambinu3
621 2713 807 2748 expunxitque
818 2731 827 2745 ,
844 2712 888 2740 sed
898 2714 951 2741 fine
960 2713 1078 2741 auftori-

118 2752 176 2773 tate
186 2745 315 2772 librorum
327 2746 530 2782 pluteariorum.

156 2788 184 2814 4.
195 2783 279 2808 Verum
287 2784 329 2815 esto
338 2793 345 2808 .·
356 2783 554 2816 confiq.fiimma{
562 2785 612 2810 vol.
621 2793 668 2810 non
676 2783 738 2810 mod)
744 2785 928 2819 parvo‚fiiiper
937 2795 970 2812 me
979 2786 1076 2821 nihilo]

118 2815 240 2853 Expreffi
252 2818 366 2845 Palatini
375 2818 642 2855 priiniscripturam;
663 2829 741 2855 quam
756 2828 831 2856 parte
840 2820 884 2848 lua
901 2821 1077 2849 subodoratus

119 2851 158 2878 est
168 2862 219 2880 non
231 2860 283 2880 tam
295 2854 440 2881 Lambinus
454 2874 462 2886 ,
481 2864 558 2891 quam
571 2856 601 2881 P.
612 2857 749 2883 Manutius
762 2875 770 2888 ‚
789 2856 858 2883 haud
868 2858 947 2884 ctiam
958 2858 1077 2894 integre.

119 2887 266 2923 publicati:
288 2891 371 2917 Verum
377 2893 421 2926 isso
438 2891 500 2917 modo
509 2891 664 2926 consequatur
674 2893 780 2925 flemma!
789 2895 924 2926 voluptates
935 2913 944 2926 ,
962 2903 1006 2920 non
1015 2895 1076 2920 modo

118 2930 197 2956 paruo
207 2925 341 2961 ‚sedfermk
348 2929 430 2953 nihilo.
449 2926 522 2963 quod
531 2929 559 2953 ὃ(
570 2928 597 2953 in
608 2928 730 2955 omnibus
741 2928 870 2956 Palatinis
883 2938 891 2960 ;
912 2929 979 2956 adeo
990 2938 1018 2956 ut
1030 2930 1075 2957 vix

121 2959 227 2986 credam
237 2961 368 2989 Lambino
381 2962 532 2990 adfirmanti
550 2964 577 2990 in
589 2964 663 2990 nullo
674 2964 779 2991 suorum
799 2965 972 3001 comparuisse
984 2975 1074 2993 vocem

117 2996 196 3057 modo?
211 2995 305 3024 invasit
313 2997 440 3026 nimirum
448 2998 652 3034 conjeffianeum
663 3001 779 3028 Manutii
791 3021 799 3034 ‚
809 3002 837 3027 &
847 3001 977 3029 adornare
988 3002 1075 3029 voluit

147 3040 170 3057 ὀ
192 3041 236 3058 uo.

119 3039 147 3066 m
157 3075 184 3100 5.
203 3068 361 3103 vaadofifi
368 3070 531 3105 habiturum]
551 3072 609 3100 Pal.
619 3082 659 3109 pr.
663 3073 691 3107 ft
698 3074 743 3100 haee
752 3072 824 3100 forte
826 3074 854 3107 ft
861 3075 921 3101 hei'e.

154 3103 184 3128 6.
201 3104 288 3129 Deinde
296 3103 392 3131 dolorem
408 3115 475 3140 quem
492 3109 647 3143 maximnm]
667 3109 711 3136 Sic
720 3109 779 3136 Pal.
810 3119 833 3137 r.
851 3111 966 3146 optime.
986 3120 1071 3147 neque

46 3147 82 3151 Ἢ
115 3137 196 3166 aliter
206 3139 353 3170 coniecerat
362 3142 549 3174 Manutius,&
592 3144 706 3180 stipsum
716 3146 782 3173 Lam
805 3146 874 3173 inus.

152 3182 182 3210 7.
200 3175 527 3214 Effdem'benelonginquos]
543 3179 555 3208 1
569 3178 878 3216 lud.hene„reduxiiuasu
893 3182 961 3212 Pau.
971 3181 1070 3213 editio-

1119 2389 1210 2426 nisque
1220 2389 1334 2418 Victorii
1341 2412 1347 2417 .

1154 2426 1182 2453 8.
1201 2428 1304 2459 Qorum
1314 2430 1366 2454 alia
1374 2430 1480 2454 toleratio
1490 2431 1525 2455 ef?
1531 2431 1629 2462 verior,-
1646 2439 1696 2465 qrm
1708 2449 1715 2461 ‚
1725 2430 1792 2465 εἴη]
1804 2431 1868 2456 Νοιι
1880 2429 1954 2465 potui
1964 2429 2080 2466 amplius

1118 2462 1269 2489 subtrahere
1279 2463 1437 2500 scripturam
1448 2465 1505 2491 Pal.
1523 2475 1564 2502 pr.
1584 2475 1636 2501 qna
1647 2466 1765 2493 videbam
1787 2466 1845 2493 loco
1862 2466 1903 2492 isti
1915 2465 2010 2493 melius
2020 2466 2080 2495 fore

1118 2508 1196 2535 quam
1212 2499 1285 2535 prius
1295 2509 1354 2527 cum
1366 2500 1501 2536 legeretur
1513 2512 1519 2528 :
1543 2503 1654 2535 Qaedam
1662 2504 1714 2528 alia
1723 2504 1828 2528 toleratio
1837 2504 1872 2528 eff
1879 2504 1970 2528 verior.
2082 2510 2085 2515 ‘

1153 2543 1183 2570 9.
1202 2537 1310 2562 Multum
1321 2539 1414 2571 flebiles
1432 2546 1500 2563 voces
1519 2538 1616 2572 refert.]
1646 2538 1733 2572 Magis
1747 2537 1814 2565 istud
1833 2537 1918 2574 probo
1934 2537 2078 2565 subnixum

1116 2570 1169 2598 fide
1180 2579 1300 2598 veterum
1318 2573 1466 2600 editionum
1484 2573 1604 2600 omnium
1616 2592 1625 2605 ,
1644 2583 1723 2609 quam
1744 2582 1826 2609 nuper
1836 2581 1925 2600 uatum
1938 2593 1947 2605 ‚
1966 2576 2078 2608 multum,

1116 2607 1187 2644 quod
1199 2615 1304 2635 tantum
1315 2609 1400 2645 reperi
1411 2609 1437 2635 in
1447 2608 1550 2635 duobus
1562 2609 1683 2636 Palmum
1695 2608 1828 2637 servarent
1837 2609 1954 2637 alterum
1964 2617 2082 2639 numerev

1117 2651 1232 2680 quatuor
1242 2645 1366 2681 interque
1376 2645 1442 2671 alios
1453 2645 1500 2672 ille
1509 2645 1621 2681 primus.
2080 2671 2083 2674 Α

1157 2689 1200 2706 io.
1219 2683 1281 2706 Huic
1289 2684 1410 2714 Epicurus
1418 2688 1533 2714 comparet
1544 2700 1552 2713 ,
1564 2682 1591 2715 se
1603 2683 1728 2716 firmil]
1749 2681 1846 2709 Lect-io
1857 2689 1917 2709 nata
1926 2691 1959 2709 ex
1971 2682 2002 2709 P.
2014 2684 2073 2710 Ma-

1117 2716 1184 2742 nutii
1204 2716 1366 2751 conjecitura.
1388 2717 1459 2753 prius
1478 2718 1549 2744 enim
1577 2717 1714 2753 legebatur
1734 2728 1741 2745 z
1772 2721 1832 2744 Huic
1849 2721 1969 2751 Epicurur
1985 2726 2075 2752 compe-

1116 2758 1192 2777 temer
1203 2771 1212 2784 ,
1221 2753 1366 2785 &sipontin
1388 2752 1525 2788 quomodo
1534 2753 1614 2780 ctiam
1625 2754 1661 2781 est
1671 2754 1697 2781 in
1708 2753 1778 2780 Pall.
1797 2753 1840 2780 sed
1850 2764 1902 2781 non
1917 2754 1945 2781 in
1963 2755 2050 2791 primo
2061 2763 2071 2786 ;

1115 2788 1160 2822 qui
1182 2795 1286 2815 tantum
1304 2788 1390 2815 servat
1402 2808 1410 2819 ,
1428 2792 1488 2815 Huic
1507 2792 1625 2822 Epicurus
1641 2790 1670 2820 ὠ-
1682 2791 1707 2823 st
1722 2792 1804 2822 potefI.
1822 2789 1893 2826 quod
1905 2790 1999 2817 melius
2011 2790 2074 2818 vul-

1116 2831 1180 2860 gato
1191 2844 1200 2855 ‚
1210 2826 1331 2859 quamvis
1342 2832 1430 2853 tamen
1439 2824 1571 2852 affirmare
1582 2825 1649 2852 haud
1659 2826 1740 2852 aufim
1759 2826 1848 2853 locum
1863 2825 1897 2853 fic
1915 2826 1966 2854 effe
1982 2825 2072 2864 persa-

1115 2868 1218 2887 natum.

1154 2905 1163 2922 ι
1174 2905 1196 2922 ι.
1214 2898 1385 2930 Diflatafimt.
1403 2898 1505 2923 virturis
1516 2917 1525 2929 ,
1534 2897 1601 2932 che]
1622 2897 1720 2924 Nescio
1729 2907 1760 2925 an
1772 2908 1824 2926 non
1835 2897 1960 2934 distingui
1970 2898 2047 2935 poffit
2058 2908 2068 2931 ;

1112 2931 1267 2966 dinasasism
1276 2934 1388 2965 virtutis,
1398 2934 1565 2967 magnitudinis
1576 2937 1662 2966 animi,
1667 2936 1961 2969 patientiae‚fhrlittadinis.
1974 2937 2070 2970 fimen-

1112 2968 1142 2994 tis
1151 2969 1213 2994 dolor
1222 2971 1395 3002 mitigarisolct.

1152 3013 1196 3030 12.
1215 3008 1249 3030 Er
1259 3007 1357 3039 intellige
1363 3007 1435 3038 facia
1444 3008 1493 3040 ejus
1504 3025 1512 3039 ,
1523 3006 1589 3042 ὡς]
1611 3007 1676 3035 Non
1687 3006 1755 3034 male
1766 3017 1774 3034 ε
1795 3006 1838 3034 led
1849 3014 1936 3037 tamen
1955 3007 2013 3035 Pal.
2022 3016 2066 3045 pr.

1112 3046 1140 3065 ut
1147 3042 1273 3073 intelligam.

1150 3084 1193 3111 ¹3-
1212 3078 1282 3102 Tanti
1298 3084 1377 3103 autem
1385 3079 1457 3104 morbi
1467 3078 1570 3104 aderant
1577 3080 1658 3112 vesi‘eae
1674 3079 1704 3110 ἀφ’
1719 3079 1863 3114 visberum.]
1887 3079 2024 3117 Discrepat
2034 3079 2066 3108 ὃς

1110 3110 1169 3138 heic
1177 3110 1211 3138 ab
1220 3113 1314 3139 ceteris
1326 3114 1382 3140 Pal.
1393 3123 1433 3150 pr.
1443 3116 1508 3140 tanti
1517 3115 1617 3141 aderam
1626 3116 1704 3149 vestcae
1711 3115 1742 3147 ἐς·
1750 3118 1875 3142 toi-minum
1884 3117 1967 3143 morbi.
2069 3131 2071 3133 ·

1149 3154 1192 3181 14.
1211 3151 1273 3174 Ecce
1281 3150 1389 3182 mifirum
1396 3150 1534 3185 hminem]
1554 3152 1615 3178 Vox
1623 3154 1683 3178 Ecce
1691 3161 1743 3180 non
1761 3150 1920 3189 conspicitur
1927 3152 1955 3180 iii
1965 3152 2005 3190 pri
2010 3160 2065 3184 ino,

1109 3193 1195 3220 neque
1204 3184 1315 3214 omniuo
1323 3185 1496 3216 desideratur.

1476 3223 1505 3251 N
1516 3232 1532 3251 n
1544 3232 1560 3251 n
1571 3231 1588 3251 n
1598 3233 1615 3251 n
1624 3232 1642 3252 n
1996 3230 2018 3252 1·
2030 3222 2069 3249 Ab
