2316 3395
233 126 298 180 68
662 130 1161 184 M.'Tu't‘.t.11

230 215 290 247 uiis
300 211 439 254 praeditos
449 212 592 248 intuenti,
602 216 799 256 quaerendum
809 216 866 247 esse
875 218 976 248 visum
986 216 1029 248 est
1039 238 1046 252 ,
1060 217 1133 259 quid
1143 217 1190 249 es-

231 257 285 288 set,
298 265 350 285 cui·
361 259 370 276 ¹
383 256 482 294 plures
493 257 525 286 in
536 258 681 288 omnibus
693 258 790 291 rebus,
801 258 892 299 quam
903 259 1049 289 indicendo
1058 259 1189 290 admira-

233 298 311 328 biles
330 296 519 328 exstitissent.
541 308 611 329 nam
624 319 632 332 ‚
652 309 843 340 quocumque
853 308 880 330 te
890 302 994 331 animo
1004 321 1012 334 ,
1034 302 1067 332 &
1076 303 1188 343 cogita-

235 340 318 369 tione
330 341 520 372 converteris,
531 341 696 380 permultos
708 341 899 372 excellenteis
910 344 942 373 in
951 353 1072 384 quoque
1080 353 1188 386 genere

233 380 368 413 videbis,
383 391 445 410 non
456 381 656 411 mediocrium
667 384 773 412 artium
785 403 794 415 ,
810 382 858 413 sed
868 383 962 424 prope
974 387 1186 416 maximarum.

237 422 313 463 Qis
324 424 407 452 cuim
421 421 472 456 est,
483 425 535 462 qui
547 421 566 452 si
574 423 722 453 clii-orum
732 424 898 455 hominum
909 427 1076 460 scientiam,
1089 437 1188 458 rerum

235 463 383 505 gestarum
394 465 441 494 vel
452 466 577 494 utilitate
588 483 596 496 ‚
617 465 667 493 vel
677 466 887 506 magnitudine
896 470 998 498 metiri
1006 469 1081 499 velit
1092 489 1100 503 ‚
1124 478 1189 499 non

234 514 396 544 anteponat
404 507 512 536 oratoii
524 507 734 545 imperatorem
746 510 756 537 ?
776 510 851 549 Qs
860 517 959 540 autem
969 510 1103 545 dubitet,
1116 512 1191 552 quin

236 547 310 579 belli
329 546 408 576 duces
426 556 464 576 ex
482 548 537 577 hac
546 557 604 578 una
614 550 733 579 civitate
742 549 994 589 praestantiffimos
1003 551 1088 592 paene
1100 554 1192 582 innu-

238 589 406 620 nicrabileis
419 609 426 621 ‚
445 590 479 618 iii
490 588 619 620 dicendo
628 598 728 621 autem
739 592 930 623 excellenteis
939 596 993 624 vix
1003 603 1110 634 paucos
1121 604 1192 634 pro-

237 630 312 660 {erre
322 629 464 669 possimus
477 632 561 672 ?Jam
572 641 644 661 vero
655 635 668 651 ²
679 631 816 666 consilio,
827 644 859 664 ac
869 635 1009 674 sapientia
1020 637 1071 676 qui
1080 645 1190 675 regere,

235 683 267 702 :ic
278 672 440 713 gubernare
450 672 589 712 rempub.
601 672 727 713 poss'ent,
738 675 827 705 multi
838 675 936 706 nostra
947 696 955 710 ,
967 677 1066 716 plures
1074 686 1191 717 patrum

238 715 397 746 memoria,
408 722 491 754 atque
503 715 595 744 etiam
604 717 754 755 maiorum
765 716 953 752 exstiterunt,
963 717 1034 748 cum
1043 718 1117 748 boni
1128 728 1194 758 per-

236 755 289 785 dia
299 755 446 787 nulli‚vix
456 764 555 786 autem
566 754 687 798 fingulis
697 757 828 789 aetatibus
834 758 942 800 singuli
951 760 1118 790 tolerabiles
1128 770 1194 790 ora-

239 805 315 825 tores
326 798 543 827 invenirentur.
565 801 620 832 Ac,
633 803 737 840 nequis
748 799 825 830 forte
837 812 907 831 curn
917 803 982 832 aliis
993 801 1094 832 studiis
1107 821 1114 834 ‚
1127 811 1192 842 quae

238 837 398 868 reconditis
409 840 442 868 in
451 838 562 869 artibus
571 858 580 873 ,
603 849 689 881 atque
700 843 733 871 in
743 842 868 882 quadam
879 846 1016 874 varietate
1026 844 1193 873 litterarum

234 879 398 913 versentur,
416 882 511 922 magis
520 882 596 912 hanc
605 882 725 912 dicendi
734 886 881 913 tationem
894 905 901 918 ,
913 885 1004 925 quam
1015 883 1087 915 cum
1096 886 1194 925 impe-

234 923 340 951 ratoris
351 921 436 951 laude
447 942 455 955 ‚
477 930 527 952 aut
534 933 604 953 cum
616 923 691 962 boni
702 925 844 957 senatoris
854 927 1010 965 prudentia
1019 936 1195 967 comparan-

236 963 311 993 dum
330 972 431 1003 pntet:
456 967 468 991 3
480 974 633 995 convertat
655 968 792 996 animum
803 967 837 997 ad
847 978 880 998 ea
890 969 950 1008 ipfii
958 969 1066 998 artium
1077 978 1193 1010 genera,

235 1005 515 1046 circumspiciatque
535 1008 586 1046 qui
606 1009 638 1036 in
659 1009 696 1037 iis
705 1006 863 1040 floruerint
873 1029 880 1042 ‚
902 1014 920 1037 4
928 1020 1078 1050 quamque
1088 1010 1177 1039 multi
1190 1020 1195 1038 z

236 1044 275 1076 sic
285 1045 430 1076 facillime
438 1067 446 1080 ‚
464 1057 573 1088 quanta
582 1057 734 1080 oratorum
745 1048 779 1079 fit
789 1070 797 1082 ‚
813 1050 987 1092 semperque
996 1051 1087 1081 fuerit
1096 1053 1197 1091 pauci-

203 1093 219 1127 3
238 1097 280 1119 tas
290 1087 446 1128 judicabit.
492 1092 600 1130 Neque
617 1092 702 1121 enim
720 1099 748 1120 te
767 1090 844 1133 fugit
854 1112 862 1125 ,
884 1093 1071 1124 laudatarum
1086 1095 1196 1123 artium

236 1125 381 1161 omnium
390 1133 619 1170 procreatricem
629 1132 779 1172 quandam
790 1153 799 1167 ‚
822 1134 943 1175 &quasi
957 1143 1101 1176 parentem
1119 1134 1195 1168 eam,

233 1181 327 1215 quam
346 1173 522 1207 φιλοσοφίαν
541 1177 638 1206 Graeci
653 1185 765 1207 vocant
773 1198 782 1210 ,
813 1178 850 1208 ab
866 1179 1045 1209 hominibus
1064 1177 1197 1209 doehffi-

236 1217 297 1247 mis
308 1216 430 1253 judicari
445 1218 494 1247 :in
505 1227 561 1259 qua
570 1216 694 1248 difficile
704 1218 747 1249 cst
757 1229 1020 1261 enumerare-,quot
1029 1222 1196 1261 viri,quan—

236 1266 265 1288 ta
275 1258 406 1293 scientia,
419 1268 584 1300 quantaque
593 1261 627 1289 in
639 1260 698 1290 suis
708 1259 812 1290 studiis
822 1263 959 1292 varietate
969 1282 978 1295 ,
991 1263 1023 1292 δε
1034 1265 1121 1302 copia
1131 1261 1196 1291 fuc-

236 1300 318 1329 rint:
335 1302 388 1341 qui
408 1311 474 1331 non
492 1311 551 1331 una
568 1302 665 1342 aliqua
684 1303 715 1331 in
727 1312 757 1332 re
767 1303 918 1342 separatim
930 1304 1107 1334 elaborarint
1116 1324 1124 1336 ‚
1146 1304 1194 1334 sed

234 1343 353 1375 omnia,
365 1346 378 1370 ἲ
387 1353 583 1384 quaecumque
592 1341 721 1382 pofl'ent,
739 1345 787 1373 vel
799 1345 928 1375 scientie:
938 1345 1193 1386 pervestigatione,

237 1383 287 1413 vel
297 1382 456 1414 differendi
464 1387 578 1414 ratione
588 1385 880 1425 comprehenderint.
914 1389 988 1427 Qis
1000 1389 1116 1428 ignorat
1127 1407 1134 1420 ,
1161 1389 1194 1421 ii,

238 1426 293 1465 qui
305 1426 508 1456 mathematici
519 1435 661 1456 vocantur
670 1447 679 1460 ‚
691 1436 799 1467 quanta
807 1429 839 1457 in
849 1428 1022 1458 obscuritate
1032 1439 1130 1459 rerum
1143 1448 1151 1462 ‚
1165 1430 1197 1459 δε

239 1465 331 1506 quam
342 1467 494 1497 recondita
504 1469 536 1497 in
547 1477 618 1500 arte,
631 1468 664 1497 ὃς
674 1469 846 1508 multiplici.
856 1470 1015 1511 subtilique
1025 1471 1177 1501 versentur
1189 1475 1198 1501 ?

237 1517 300 1548 quo
318 1517 418 1538 tamen
439 1511 472 1538 in
490 1519 597 1550 genere
616 1511 655 1539 ita
675 1511 763 1540 multi
780 1510 903 1551 perfecti
924 1513 1066 1542 homines
1076 1512 1199 1543 exstite-

236 1558 321 1584 runt,
333 1559 364 1580 ut
375 1560 468 1582 nemo
477 1549 538 1581 fere
550 1549 693 1584 studuiffe
703 1553 730 1581 ei
740 1552 867 1583 scientiae
878 1555 1088 1584 vehementius
1097 1555 1198 1586 videa-

239 1599 288 1622 tur
297 1612 305 1626 ‚
325 1593 399 1633 quin
412 1612 420 1625 ‚
444 1592 528 1632 quod
544 1593 675 1623 voluerit
684 1613 692 1627 ‚
713 1595 889 1626 consecutus
908 1591 951 1627 sit.
980 1600 1055 1638 Qs
1067 1597 1197 1632 musicis,

237 1635 306 1675 quis
316 1635 386 1664 huic
397 1633 495 1664 studio
508 1634 670 1666 litterarum
680 1656 688 1671 ‚
698 1636 779 1678 quod
789 1636 966 1678 profitentur
975 1641 996 1669 ii
1008 1662 1016 1675 ,
1038 1642 1090 1681 qui
1100 1650 1198 1681 giam-

238 1677 345 1706 matici'
352 1685 505 1711 vocantur,
516 1679 635 1718 penitus
644 1679 673 1709 se
683 1678 800 1710 dedidit
809 1701 818 1713 .
836 1683 912 1721 quin
929 1691 1058 1712 omnem
1075 1683 1195 1712 illarum

236 1719 442 1759 artiumpaene
454 1718 607 1750 infinitam
618 1722 698 1754 vini,
709 1721 742 1751 &
753 1725 910 1752 materiam
920 1743 928 1757 ,
948 1721 963 1743 ⁶
975 1724 1104 1754 scientiae
1116 1726 1200 1765 cogi—

240 1762 355 1790 tatione
365 1761 649 1801 comprehenderit?
671 1763 748 1792 Vere
761 1765 838 1793 mihi
849 1765 907 1795 hoc
917 1765 1021 1795 videor
1031 1765 1090 1795 ess‘e
1100 1765 1200 1796 disiu-

239 1811 301 1834 rus,
315 1812 355 1832 ex
364 1803 507 1833 omnibus
518 1805 554 1834 iis
567 1823 575 1836 ‚
595 1805 647 1844 qui
658 1806 690 1834 in
700 1805 807 1835 harum
818 1808 928 1836 artium
939 1806 1043 1839 studiis
1054 1807 1200 1838 liberalis-

240 1841 323 1873 simis
334 1842 399 1877 sint,
411 1843 616 1885 do6h‘inisque
624 1846 741 1879 versati,
753 1849 916 1878 minimam
925 1850 1044 1889 copiam
1048 1849 1200 1890 poetarum

239 1887 430 1926 egregiorum
452 1885 595 1916 exstitisse
607 1896 613 1916 ε
635 1896 721 1928 atque
739 1890 773 1917 in
784 1889 842 1919 hoc
852 1890 917 1929 ipso
927 1900 1056 1920 numero
1066 1911 1074 1924 ‚
1096 1893 1128 1920 in
1139 1901 1200 1932 quo

239 1925 358 1967 perraro
376 1929 511 1958 exoritur
528 1928 636 1969 aliquis
653 1930 819 1964 excellens,
844 1930 865 1960 si
876 1931 1077 1972 diligenter&
1088 1943 1126 1963 ex
1142 1943 1201 1962 no-

239 1967 371 1999 strorum
381 1989 390 2003 ,
422 1969 456 1999 &
465 1979 503 1999 ex
514 1972 690 2001 Graecorum
700 1973 786 2011 copia
796 1982 966 2012 comparare
976 1974 1060 2004 voles
1071 1994 1079 2008 ,
1102 1975 1201 2005 multo

239 2018 343 2041 tamen
360 2012 514 2051 pauciores
532 2020 650 2040 oratores
659 2032 667 2044 ,
688 2012 779 2053 quam
797 2015 893 2054 poetae
912 2014 985 2045 boni
1004 2017 1198 2055 reperientur.

239 2051 333 2092 Qod
351 2054 410 2084 hoc
429 2054 522 2083 etiam
542 2052 710 2084 mirabilius
727 2054 816 2086 debet
824 2054 938 2090 videri,
957 2058 1027 2098 quia
1036 2066 1200 2088 ceterarum

238 2096 350 2124 artium
361 2093 458 2125 studia
465 2094 529 2124 fere
540 2095 703 2125 reconditis
714 2115 722 2130 ,
741 2105 826 2137 atque
837 2097 970 2128 abditise
981 2098 1117 2129 fontibus
1128 2101 1201 2129 hau-

241 2136 378 2166 riuntur:
401 2135 522 2166 dicendi
532 2144 633 2166 autem
643 2139 746 2166 omnis
756 2139 831 2167 ratio
841 2139 874 2168 in
886 2139 989 2169 medio
1000 2139 1101 2180 posita,
1113 2151 1200 2170 com—

242 2178 332 2207 muni
341 2177 472 2218 quodam
484 2179 516 2207 in
527 2178 580 2207 usu
590 2198 598 2211 ,
610 2186 695 2218 atque
704 2180 737 2208 in
748 2179 914 2210 hominum
924 2190 1010 2210 more
1022 2181 1054 2210 &
1064 2182 1202 2212 sermone

242 2219 375 2248 versatur
385 2229 391 2247 :
405 2226 437 2248 ut
446 2220 480 2248 in
490 2221 594 2249 ceteris
604 2219 635 2249 id
647 2218 782 2250 maxime
793 2221 928 2254 excellat,
939 2221 1020 2262 quod
1032 2221 1201 2263 longiffime

243 2256 320 2291 fitab
330 2261 543 2300 imperitorum
554 2261 754 2301 intelligentia
764 2281 772 2296 ,
795 2262 939 2303 sensuque
950 2262 1147 2302 disjunaum:
1166 2266 1201 2293 in

243 2301 375 2332 dicendo
394 2310 494 2332 autem
514 2304 624 2332 vitium
641 2302 691 2332 vel
706 2305 880 2333 maximum
891 2303 1082 2346 estavulgari
1091 2315 1200 2346 genere

240 2345 389 2383 ‚orationis
403 2364 411 2377 ,
435 2352 521 2385 atque
540 2343 556 2374 a
575 2344 791 2375 consuetudine
803 2347 978 2376 communis
987 2346 1084 2376 sensus
1093 2346 1202 2376 abhor-

204 2395 229 2427 4
242 2393 320 2415 rere.
361 2388 405 2416 Ac
416 2395 453 2415 ne
464 2385 541 2418 illud
551 2386 675 2429 quidem
683 2385 752 2417 vere
764 2387 824 2418 dici
832 2386 940 2428 potest,
951 2392 965 2416 7
975 2396 1025 2417 aut
1033 2388 1145 2429 plureis
1154 2398 1202 2417 ce-

241 2429 310 2457 reris
321 2427 431 2458 artibus
441 2427 593 2462 inservire,
606 2437 654 2461 aut
664 2429 777 2464 maiore
787 2428 998 2463 delcekatione,
1009 2439 1058 2460 aut
1068 2430 1117 2470 spe
1128 2429 1201 2459 ube-

238 2470 318 2499 tiore
329 2489 337 2503 ‚
367 2478 417 2499 aut
424 2471 557 2510 praemi'is
567 2470 604 2501 ad
613 2469 1049 2511 perdiscendumamplioribus
1061 2481 1203 2501 commo-

239 2512 313 2540 veri.
334 2513 431 2551 Atque
441 2519 474 2541 ut
483 2513 623 2544 omittam
635 2514 860 2553 Graeciam,quae
870 2508 884 2532 8
895 2514 1012 2554 semper
1021 2513 1202 2554 eloquentia:

237 2594 288 2601 ω..-

1240 135 1774 186 Οισῖειιοκῐε

1231 221 1368 260 princeps
1386 217 1446 250 effe
1464 220 1563 251 voluit
1571 241 1578 254 ‚
1599 230 1685 263 atque
1697 222 1760 253 illas
1771 223 1913 253 omnium
1926 221 2130 254 doeth-{namna
2141 223 2190 255 in·-

1232 263 1378 292 'ventrices
1398 263 1529 292 Athenas
1539 282 1547 295 ‚
1570 267 1584 290 9
1595 265 1629 293 in
1648 264 1758 304 quibus
1779 265 1896 295 summa
1909 265 2028 295 dicendi
2039 267 2085 295 vis
2098 266 2130 296 ὰς
2141 268 2190 296 in-

1233 312 1321 334 venta
1339 302 1383 333 est
1393 323 1401 337 ,
1425 304 1458 333 &
1474 304 1621 344 perrefita:
1645 308 1676 335 in
1697 306 1749 336 hac
1760 307 1819 346 ipsa
1830 309 1948 336 civitate
1957 305 2095 346 profesio
2107 308 2190 338 nulla

1234 355 1379 386 umquam
1390 346 1611 379 vehementius,
1624 346 1715 387 quam
1724 348 1906 388 eloquentiae
1916 347 2010 378 studia
2020 349 2190 388 viguerunt:

1237 389 1318 417 Nam
1337 386 1528 427 posteaquam
1539 407 1548 420 ,
1572 389 1702 427 imperio
1713 392 1855 419 omnium
1866 392 2002 431 gentium
2012 390 2189 424 constitum,

1233 428 1487 469 diururnitaspacc's
1496 430 1594 458 otium
1607 428 1798 460 confirmavit
1807 451 1814 464 ‚
1826 441 1919 461 nemo
1929 430 1990 461 fei-e
2001 432 2095 461 laudis
2107 433 2192 472 cupi-

1234 469 1290 499 dus
1309 470 1481 500 adolescens
1500 479 1565 500 non
1582 469 1634 500 sibi
1648 471 1682 501 ad
1692 471 1857 501 dicendum
1868 472 1965 502 studio
1975 475 2062 503 omni
2073 476 2193 504 eniten-

1236 511 1312 541 dum
1321 513 1443 551 putavit.
1474 514 1518 541 Ac
1527 514 1627 550 primo
1637 513 1759 552 quidem
1771 515 1861 543 totius
1872 515 1996 543 ration-is
2007 515 2100 555 ignari
2113 535 2121 549 ‚
2139 516 2191 556 qui

1237 562 1334 593 neque
1352 554 1574 582 exercitationis
1593 554 1686 583 ullam
1703 556 1785 585 viam
1797 575 1804 588 ,
1829 565 1925 595 neque
1945 556 2065 596 aliquod
2083 566 2194 595 praece-

1235 602 1322 634 ptum
1332 596 1401 624 artis
1410 593 1469 624 ess‘e
1479 594 1687 624 arbitrarentur
1698 616 1706 628 .
1718 604 1835 626 tantum
1846 616 1854 629 ,
1867 605 2012 636 quantum
2021 598 2150 638 ingenio·
2158 598 2192 628 δε

1236 637 1417 676 cogitatione
1427 645 1572 675 poterant,
1583 637 1849 677 consequebantur.
1875 637 1943 667 Post
1953 647 2052 668 autem
2064 660 2071 672 ‚
2083 639 2192 669 auditis

1235 677 1402 707 oratoribus
1413 679 1535 710 Graecis,
1546 679 1732 719 cognitisque
1742 689 1848 708 corum
1858 679 1964 708 litteris
1974 700 1981 713 ,
1993 679 2194 721 adhibitisque

1236 717 1414 749 dofitoribus
1424 738 1433 752 ,
1454 719 1625 751 incredibili
1645 720 1776 761 quodam
1795 719 1889 750 nostri
1909 722 2051 751 homines
2070 722 2194 752 dicendi

1236 759 1335 790 studio
1347 760 1549 801 flagraverunt.
1581 762 1735 792 Excitabat
1750 773 1801 793 eos
1821 762 1998 803 magnitudo
2016 764 2048 793 ἃς
2059 766 2194 798 varietas,

1237 802 1461 842 multitudoque
1472 805 1506 832 in
1514 805 1601 833 omni
1613 814 1719 844 genere
1729 806 1879 834 cautinum
1890 825 1898 838 ,
1916 813 1948 833 ut
1957 804 1992 834 ad
2003 815 2066 835 eam
2079 805 2194 836 doetri-

1238 853 1307 874 nam
1320 863 1328 875 ,
1348 853 1437 884 quam
1449 845 1502 874 suo
1512 845 1636 885 quisque
1647 844 1745 875 studio
1754 845 1898 876 assecutus
1908 844 1980 875 effer
1988 865 1997 879 ,
2017 846 2194 888 adjungere-

1237 893 1285 914 tur
1294 884 1360 923 usus
1370 884 1510 925 frequens
1520 905 1528 918 ,
1560 888 1612 926 qui
1622 889 1764 917 omnium
1776 887 1983 928 magistrorum
1994 898 2135 928 pi'aecepm
2145 889 2194 918 su-

1238 935 1359 966 peraret.
1383 929 1473 957 Erant
1482 936 1582 957 autem
1593 928 1664 958 huic
1672 927 1770 958 studio
1779 931 1914 959 maxima
1923 949 1931 963 ,
1951 939 2016 970 qua:
2027 939 2108 960 iiunc
2117 940 2195 971 quo-

1238 978 1295 1008 que
1307 968 1393 1001 sunt,
1407 971 1436 987 ¹⁰
1445 968 1592 1008 proposita
1600 972 1734 1009 praemia,
1746 971 1793 1000 vel
1803 971 1838 1000 ad
1849 974 1970 1011 gratiam
1981 992 1990 1004 ‚
2005 972 2053 1001 vel
2062 972 2096 1001 ad
2108 981 2192 1012 opes,

1238 1010 1287 1039 vel
1296 1009 1331 1039 ad
1341 1009 1528 1051 dignitatem.
1558 1013 1682 1051 Ingenia
1691 1011 1763 1041 verb
1774 1011 1817 1051 (ut
1829 1013 1932 1042 multis
1940 1013 2027 1043 rebus
2037 1011 2194 1053 poss‘umus

1236 1050 1378 1092 judicare)
1389 1051 1561 1082 nostrorum
1572 1053 1747 1087 hominum,
1758 1054 1891 1083 multum
1902 1056 2004 1084 ceteris
2014 1055 2194 1085 hominibus

1239 1094 1381 1123 omnium
1393 1095 1529 1135 gentium
1540 1093 1744 1134 praestiterunt.
1768 1096 1885 1137 Qibus
1895 1095 1931 1125 de
1941 1094 2041 1130 causlS,
2052 1099 2118 1137 quis
2128 1106 2194 1131 non

1236 1136 1302 1174 jure
1313 1136 1453 1168 miretur,
1466 1145 1505 1165 ex
1514 1137 1602 1165 omni
1613 1139 1761 1167 memoria
1769 1146 1901 1170 aetatum,
1913 1147 2084 1177 temporum
2095 1158 2104 1172 ‚
2116 1140 2196 1168 civi-

1240 1184 1344 1210 tatum,
1356 1185 1416 1206 tam
1426 1178 1573 1218 exiguum
1582 1186 1732 1208 oratorum
1743 1188 1907 1208 numerum
1917 1181 2049 1209 inveniri
2060 1183 2071 1209 ?
2080 1179 2136 1211 Sed
2145 1181 2196 1210 ni-

1242 1220 1355 1247 mirum
1373 1219 1469 1256 majus
1489 1218 1531 1248 est
1549 1220 1608 1249 hoc
1625 1219 1769 1260 quiddam
1781 1241 1788 1253 ,
1812 1221 1902 1261 quam
1914 1222 2054 1252 homines
2066 1225 2194 1262 opinan-

1240 1269 1285 1289 tur
1295 1280 1309 1293 „
1326 1260 1358 1290 ὃ(
1368 1261 1503 1299 pluribus
1514 1270 1552 1290 ex
1561 1261 1671 1291 artibus
1682 1281 1690 1294 ,
1709 1260 1872 1302 studiisque
1882 1262 2055 1293 collec‘ffim.
2081 1268 2089 1284 ¹
2097 1269 2105 1283 ¹
2118 1266 2193 1304 Qs
2211 1273 2233 1305 5

1239 1303 1323 1331 enirn
1341 1302 1422 1331 aliud
1440 1303 1474 1332 iri
1491 1304 1625 1332 maxima
1641 1302 1822 1333 discentium
1835 1304 2029 1335 multitudine
2040 1325 2049 1339 ,
2076 1307 2197 1336 summa

1241 1342 1450 1382 magistrorum
1461 1345 1556 1383 copia,
1571 1343 1811 1383 praestantiffimis
1822 1346 1985 1376 bominum
1995 1349 2136 1388 ingeniis,
2146 1349 2197 1378 iii-

1240 1382 1323 1415 finita
1333 1385 1483 1415 causarum
1495 1388 1641 1419 varietate,
1652 1386 1839 1426 amplissimis
1849 1388 2027 1427 eloquentiae
2036 1388 2196 1429 propositis

1238 1428 1372 1466 praemiis
1382 1446 1390 1460 ,
1418 1426 1476 1456 effe
1485 1428 1577 1457 causet:
1586 1436 1669 1466 putet
1680 1448 1687 1460 ‚
1708 1427 1764 1457 nisi
1773 1430 1814 1458 rei
1824 1429 1972 1469 quandam
1984 1431 2198 1460 incredibilem

1239 1469 1465 1509 magnitudinem
1475 1489 1483 1502 ,
1495 1479 1528 1498 ac
1535 1469 1730 1508 difficultatem
1742 1473 1754 1498 ?
1782 1470 1832 1500 Est
1841 1473 1926 1500 enim
1938 1472 1969 1500 ὅ(
1982 1472 2100 1503 scientia
2108 1482 2197 1502 com-

1238 1510 1451 1551 prehendenda
1459 1521 1558 1541 rerum
1568 1512 1767 1551 plurimarum
1778 1532 1786 1545 ,
1798 1510 1857 1541 sinc
1867 1523 1924 1552 qua
1932 1513 2094 1543 verborum
2104 1514 2198 1544 volu-

1241 1553 1339 1585 bilitas
1357 1554 1455 1583 inanis
1465 1573 1473 1586 ,
1493 1561 1578 1594 atque
1586 1553 1738 1583 irridenda
1747 1553 1789 1583 est
1800 1564 1805 1582 :
1827 1554 1859 1583 &
1869 1555 1928 1593 ipsa
1939 1557 2033 1593 oratio
2044 1575 2051 1589 ,
2071 1554 2196 1593 confor-

1243 1595 1351 1626 manda
1360 1605 1424 1626 non
1434 1593 1533 1625 solum
1546 1594 1695 1626 elestione
1707 1616 1715 1629 ,
1737 1595 1785 1626 sed
1796 1598 1886 1626 etiam
1895 1596 2118 1627 construetione
2129 1607 2198 1638 ver-

1234 1640 1350 1670 eborum
1364 1649 1371 1667 :
1392 1638 1425 1668 &
1444 1648 1553 1668 omnes
1562 1640 1846 1669 animorummotus
1856 1659 1864 1672 ‚
1887 1649 1962 1678 quos
1972 1640 2136 1669 hominnm
2146 1650 2199 1681 ge-

1242 1683 1307 1711 neri
1316 1691 1416 1711 rerum
1428 1689 1530 1710 natura
1538 1680 1652 1714 tribuit,
1662 1683 1782 1720 penitus
1789 1680 2083 1722 pernossendiquod
2093 1683 2198 1711 omnis

1242 1726 1287 1755 vis
1308 1724 1443 1762 ratioque
1459 1721 1595 1755 dicendi,
1617 1724 1650 1751 in
1658 1732 1762 1752 eorum
1775 1742 1783 1755 ,
1803 1724 1856 1763 qui
1865 1722 1990 1753 audiunt
2001 1743 2009 1756 ,
2030 1723 2196 1757 mentibus,

1242 1773 1292 1796 aut
1304 1764 1438 1795 sedandis
1449 1783 1458 1797 ,
1477 1762 1699 1794 autexcitandis
1710 1764 1916 1803 expromenda
1926 1763 1977 1793 est.
2005 1764 2133 1794 Accedat
2141 1775 2197 1795 eo-

1243 1807 1314 1837 dem
1325 1814 1443 1846 oportet
1453 1805 1524 1846 lepos
1533 1805 1655 1845 quidam
1666 1825 1675 1838 ‚
1694 1804 1864 1845 facetiaeque
1877 1826 1885 1838 ‚
1910 1806 1943 1835 &
1961 1806 2090 1835 eruditio
2100 1806 2197 1836 libero

1243 1849 1331 1890 digna
1341 1868 1349 1881 ‚
1360 1848 1550 1886 celeritasque
1560 1847 1593 1876 &
1602 1847 1729 1876 brevitas
1740 1846 1981 1886 &respondendi
1993 1867 2002 1880 ,
2014 1848 2045 1877 &
2054 1846 2199 1878 lacessen-

1244 1890 1288 1924 di,
1300 1890 1400 1920 subtili
1409 1888 1573 1922 venustate,
1584 1897 1670 1929 atque
1682 1888 1844 1918 urbanitate
1855 1888 2029 1925 conjuneia.
2052 1889 2200 1920 Tenenda

1245 1940 1382 1972 praeterea
1393 1929 1436 1960 est
1444 1931 1545 1960 omnis
1555 1930 1718 1970 antiquitas
1728 1929 1998 1971 exemplorumque
2015 1932 2061 1960 vis
2075 1941 2080 1959 :
2099 1941 2199 1972 neque

1246 1973 1426 2016 legum‚aut·1'
1431 1973 1489 2002 uris
1501 1971 1732 2002 civilis'scientia
1744 1974 1770 1992 ¹²
1780 1972 1958 2013 negligenda
1968 1971 2020 2002 est.
2032 1974 2114 2003 Nam
2124 1972 2198 2014 quid

1245 2026 1300 2057 ego
1311 2015 1346 2046 de
1357 2012 1750 2054 affloneipsapluradicam?
1771 2024 1837 2054 quae
1855 2023 1943 2044 motu
1960 2017 2093 2055 corporis
2103 2034 2111 2049 ‚
2131 2024 2198 2056 quae

1245 2057 1327 2099 gestu
1338 2076 1347 2091 ,
1368 2066 1435 2098 quae
1443 2056 1529 2086 vultu
1539 2075 1549 2089 ,
1570 2065 1637 2096 quae
1643 2058 1726 2086 vocis
1736 2054 1979 2086 conformatione
1991 2066 2051 2089 >„ac
2061 2058 2200 2087 varietate

1248 2097 1430 2130 moderanda
1438 2097 1498 2128 est:
1520 2107 1586 2137 quae
1597 2098 1658 2127 sola
1665 2107 1718 2137 per
1727 2097 1755 2127 se
1765 2097 1941 2145 ipsaquanta
1949 2096 1984 2126 sit
1993 2117 2001 2130 ,
2014 2097 2198 2127 histrionum

1245 2141 1320 2171 levis
1329 2150 1372 2170 ars
1384 2159 1395 2172 ,
1412 2139 1445 2169 &
1455 2139 1539 2168 scena
1549 2138 1690 2168 declarat:
1710 2140 1744 2167 iii
1754 2148 1810 2178 qua
1820 2148 1891 2168 cum
1904 2148 2011 2168 omnes
2021 2140 2055 2168 in
2065 2141 2124 2169 oris
2135 2159 2143 2173 ,
2166 2139 2201 2169 &

1243 2183 1338 2214 vocis,
1350 2181 1383 2210 &
1393 2188 1495 2209 motus
1506 2179 1712 2209 moderatione
1723 2179 1887 2213 elaborent,
1897 2182 1963 2220 quis
1972 2182 2097 2222 ignorat,
2108 2180 2200 2222 quam

1244 2224 1329 2263 pauci
1340 2220 1406 2254 fint,
1416 2220 1587 2260 fuerintque
1596 2230 1673 2260 quos
1683 2222 1788 2251 animo
1799 2232 1886 2262 aequo
1896 2221 2024 2262 speerare
2034 2220 2177 2262 poffimus
2188 2224 2200 2252 ?

1246 2262 1328 2304 Qd
1337 2262 1435 2292 dicam
1445 2261 1481 2292 de
1492 2262 1625 2292 thesauro
1635 2272 1735 2292 rerum
1745 2265 1888 2293 omnium
1900 2264 2034 2292 memoria
2045 2268 2057 2293 ,⁷
2070 2275 2136 2305 quae
2145 2261 2203 2294 nisi

1245 2304 1343 2335 custos
1360 2304 1493 2334 inventis
1505 2322 1514 2336 ,
1532 2304 1723 2344 cogitatisque
1740 2303 1828 2334 rebus
1838 2325 1847 2338 ‚
1866 2305 1899 2335 ὃς
1909 2305 2007 2336 verbis
2016 2305 2201 2340 adhibeatur,

1245 2346 1455 2386 intelligimus,
1466 2347 1582 2377 omnia,
1594 2347 1685 2375 etiam
1695 2344 1715 2374 fi
1727 2345 1941 2385 praeclariffima
1948 2346 2062 2378 fuerint
2070 2367 2080 2381 ,
2091 2349 2126 2378 in
2137 2357 2204 2378 om-

1246 2397 1307 2418 tore
1317 2388 1454 2427 peritura.
1475 2386 1682 2426 anmobiem
1691 2389 1795 2417 mirari
1805 2386 1972 2419 desinamus
1985 2410 1993 2423 ,
2003 2399 2069 2430 quae
2077 2389 2159 2420 causa
2168 2387 2204 2419 fit

1245 2430 1457 2470 eloquentium
1474 2429 1627 2468 paucitatis
1637 2448 1645 2462 ,
1667 2428 1741 2459 cum
1760 2439 1798 2459 ex
1818 2431 1855 2460 iis
1873 2430 1962 2461 rebus
1980 2429 2124 2461 universis
2137 2431 2203 2463 eio-

1244 2471 1366 2512 quentia
1386 2469 1500 2500 constet
1510 2489 1518 2503 ,
1539 2469 1646 2510 quibus
1666 2471 1700 2500 in
1714 2469 1834 2512 singulis
1843 2472 1992 2503 elaborare
2003 2482 2202 2514 permagnum

1245 2512 1288 2544 est
1297 2533 1307 2546 ‚
1319 2513 1532 2553 hortemurque
1541 2513 1640 2551 potius
1651 2512 1762 2543 liberos
1771 2512 1888 2546 nostros
1900 2535 1908 2548 ‚
1920 2515 2090 2556 ceterosque
2100 2536 2110 2549 ,
2124 2524 2203 2556 quo-

2130 2566 2201 2587 rum

281 2615 290 2632 1
301 2631 307 2635 .
326 2614 410 2638 Plures
421 2616 446 2638 in
455 2617 560 2641 omnbus
572 2617 667 2651 rebus]
680 2619 720 2643 Ita
731 2619 886 2644 Memmiaui
897 2618 1037 2650 du0‚1³ith.
1049 2620 1077 2645 δε
1088 2622 1123 2646 C.
1133 2629 1200 2655 pra:-

241 2651 283 2671 ter
293 2647 349 2673 Pal.
361 2648 440 2683 prim.
452 2658 481 2675 ac
490 2649 540 2676 sec.
552 2652 658 2687 vulgata
669 2672 677 2683 ,
697 2655 802 2679 omnibus
812 2656 907 2681 artibus
917 2674 926 2686 ,
946 2655 1034 2682 minus
1045 2655 1129 2682 Γεᾶὶὲ.
1149 2656 1202 2682 mi-

239 2690 332 2710 ttimur
342 2685 412 2710 euim
423 2686 494 2712 omni
507 2686 533 2712 in
546 2695 573 2712 re
584 2687 711 2715 summam
722 2690 920 2718 excellentiam.

275 2727 304 2744 2.
324 2722 418 2753 Confilio
426 2721 607 2757 &sapiant1'0.]
620 2724 688 2750 Pall.
699 2725 800 2761 priores
819 2736 931 2753 numero
949 2731 988 2753 :tc¹
996 2725 1115 2754 bonitate
1132 2727 1199 2754 istud

235 2754 381 2816 {zo-*serunt
392 2767 397 2782 :
411 2757 567 2792 posteriores
575 2760 692 2790 fi’ntentia
702 2780 710 2793 ‚
722 2761 792 2796 quod
803 2761 902 2798 placuit
911 2763 1071 2795 Wonveri'o,
1088 2762 1159 2799 quod
1170 2765 1198 2789 ὅ(

272 2799 319 2817 nus
330 2793 441 2819 Senator
451 2793 580 2821 sententia
590 2803 664 2831 regat
675 2797 806 2834 rempubl.
818 2799 846 2826 &
857 2799 1032 2835 privatorum·
1041 2807 1199 2826 controver-

237 2825 284 2852 fias
297 2828 405 2855 consilio
415 2828 534 2864 dirimat.

275 2870 288 2897 3
295 2882 301 2888 .
320 2866 465 2891 convertant
473 2868 578 2891 animum
588 2866 622 2892 ad
629 2876 656 2892 ea
664 2868 724 2900 ipsa,
735 2869 785 2899 dyc.
797 2871 1039 2906 circumspiciasque]
1053 2871 1118 2898 Non
1131 2867 1198 2898 istud

236 2898 319 2925 modo
328 2899 424 2926 habent
433 2900 502 2927 Pall.
514 2902 658 2933 nost1·i,.1ed
670 2904 697 2929 &c
709 2905 772 2931 olim
784 2906 896 2942 impressi
909 2906 1045 2943 sequentes
1057 2926 1066 2940 ‚
1078 2916 1144 2934 cm.
1156 2916 1199 2934 an.

236 2933 266 2963 ὰ
276 2943 303 2960 ea
311 2935 373 2967 ipsa,
383 2935 434 2965 &c.
446 2939 618 2971 circumspiciat
630 2957 637 2969 ,
648 2943 732 2972 quique
742 2944 768 2966 in
778 2943 807 2967 ἦ]
820 2962 825 2972 ,
838 2942 888 2972 (ῥ’-,ε

247 2995 249 2997 ,
271 2976 300 3002 4.
319 2972 442 3011 Quinque
450 2974 534 3004 mui'!i‚·
546 2975 581 3006 fic
588 2975 727 3009 facillima]
750 2977 793 3002 Sic
804 2978 869 3004 Pall.
881 2986 969 3014 quart.
981 2978 1049 3005 sext.
1060 2977 1124 3015 sept.
1135 2977 1190 3005 oc't.

237 3006 377 3033 rotundius
387 3005 446 3033 sine
458 3007 567 3043 vulgato
585 3011 654 3036 multi
664 3012 729 3043 stnt:
740 3014 872 3047 facill1m25
893 3014 964 3051 quod
975 3016 1002 3041 δε
1013 3015 1126 3050 ejecerat
1143 3014 1197 3041 fide

237 3041 316 3068 unius
328 3042 375 3068 ms.
388 3042 543 3070 Lambinus.

273 3085 299 3118 53
318 3078 469 3119 Quamque
475 3080 560 3112 poffiwt
570 3099 578 3111 ‚
589 3083 632 3106 'rel
639 3100 647 3113 ‚
656 3081 723 3117 ἂι]
738 3083 794 3109 1³:11.
804 3084 923 3120 plerique
933 3087 963 3112 δε
973 3093 1026 3113 tres
1037 3086 1167 3113 Gallicani
1179 3087 1194 3113 εὶ

234 3112 382 3141 Gulielmio
392 3115 502 3147 excussi,
512 3116 577 3144 item
588 3116 671 3144 editio
680 3119 813 3155 princeps,
823 3121 856 3146 sic
866 3121 990 3158 scriptum
1002 3122 1107 3150 habent.
1127 3122 1194 3148 Vul-

230 3155 294 3185 gata
311 3151 380 3186 (θῖνα
389 3169 398 3185 ,
408 3153 456 3179 vel.
475 3152 699 3190 quodjafikaiitius
710 3154 794 3184 fuerit
805 3165 885 3193 quani
897 3159 983 3187 verius
995 3170 1002 3188 :
1023 3158 1194 3188 retinendum

1244 2627 1331 2646 tamen
1344 2621 1451 2656 putabat
1462 2620 1634 2647 Gulielmius.

1278 2657 1307 2682 6.
1326 2660 1430 2683 Scientiae
1441 2657 1597 2690 cogitatione]
1619 2656 1683 2682 Non
1696 2656 1765 2682 secus
1776 2656 1838 2682 trias
1851 2654 2050 2681 Gallicanorum
2063 2673 2072 2686 ‚
2091 2662 2202 2693 nec-uon

1244 2691 1311 2718 Pall.
1323 2693 1423 2728 priores
1433 2692 1487 2719 duo
1497 2692 1621 2728 publicati
1634 2693 1748 2725 ‚scientia
1759 2692 1787 2722 &-
1797 2694 1918 2725 cogm‘riaeme
1929 2710 1937 2723 ‚
1948 2690 2034 2716 minus
2045 2690 2165 2716 nervose.

1277 2736 1305 2762 7,
1325 2732 1376 2754 Aut
1381 2731 1461 2761 plures
1472 2730 1551 2755 cett-ris
1560 2730 1654 2753 artibus
1664 2728 1805 2762 inservita]
1825 2727 1851 2753 si
1862 2726 1927 2753 fides
1938 2725 2055 2752 habenda
2065 2725 2134 2752 Pan.
2145 2734 2203 2751 me-

1244 2763 1365 2795 lioribus,
1376 2772 1406 2790 ut
1417 2766 1444 2790 Sc
1456 2765 1606 2795 Pichoeano,
1617 2763 1792 2797 abjiciendum
1805 2763 1893 2789 veniet
1902 2762 1987 2788 diffie
1998 2763 2104 2787 artibus.

1279 2799 1306 2826 8.
1335 2804 1430 2833 Semper
1444 2804 1574 2836 eloquentie
1587 2803 1699 2833 princeps
1716 2800 1757 2833 effe
1767 2817 1777 2832 ‚
1797 2800 1864 2834 dyc-[1
1885 2798 2007 2826 Memmii
2028 2796 2137 2834 scriptus
2156 2798 2203 2823 elo—

1241 2839 1349 2869 quentia.

1277 2880 1294 2906 9
1301 2892 1306 2897 .
1325 2876 1353 2897 In
1362 2872 1646 2906 quibusfismmirdicendi
1655 2871 1773 2904 via·‚&·c.]
1790 2869 1950 2897 Gulielmius
1962 2869 2069 2906 putabat
2078 2870 2118 2895 vis
2127 2868 2177 2895 esse
2187 2869 2204 2895 Ξι

1241 2906 1359 2939 librario,-
1370 2908 1406 2933 ἕω
1418 2908 1668 2940 Pcti·01iius,fitmma
1679 2905 1846 2937 c.ae›·minis,std
1858 2906 1891 2932 sic
1901 2914 1988 2932 tamen
1999 2905 2102 2932 rursum
2114 2905 2206 2941 loqui-

1241 2949 1285 2969 tur
1296 2944 1381 2970 noster
1391 2943 1459 2969 libro
1473 2951 1482 2968 ι
1491 2963 1496 2968 .
1508 2943 1540 2969 de
1548 2943 1666 2968 Oratore
1677 2951 1732 2977 cap.
1747 2949 1777 2976 53
1786 2962 1791 2967 .
1802 2942 1870 2967 circa
1881 2941 1971 2968 finem.

1280 2988 1322 3005 io.
1343 2981 1461 3012 Propofira
1476 2978 1598 3012 simmia]
1620 2978 1686 3003 Pau.
1698 2979 1725 3003 ὅτ
1737 2977 1867 3003 Gallicani
1878 2979 1978 3010 equfita
1988 2995 1996 3008 ‚
2008 2975 2079 3012 quod
2091 2976 2133 3002 vel
2143 2975 2205 3003 ideo

1239 3014 1415 3043 revocandum
1427 3035 1435 3047 ‚
1445 3021 1491 3041 aut
1501 3022 1634 3049 utrunque
1645 3012 1851 3049 expungendum
1863 3032 1871 3044 ,
1890 3012 1953 3039 satis
1968 3012 2040 3039 enim
2050 3019 2109 3039 erat
2119 3032 2127 3044 ‚
2142 3019 2205 3046 prav-

1239 3060 1297 3076 mla.

1277 3095 1286 3113 i
1296 3096 1304 3112 i
1312 3107 1318 3113 .
1337 3087 1395 3119 Qis
1406 3089 1465 3112 enlm
1477 3085 1625 3119 aliud,&c.]
1637 3083 1957 3117 Tosinus‚Pirh.Memm.
1968 3084 2033 3111 item
2044 3084 2114 3111 Pall.
2122 3083 2205 3120 prim·

1237 3131 1267 3150 ac
1277 3121 1382 3149 secund:
1393 3122 1458 3155 Qid
1466 3126 1525 3148 enim
1535 3123 1590 3156 quit
1601 3122 1679 3147 atiud.

1276 3167 1320 3186 ιι.
1341 3158 1480 3194 Negligenda
1491 3159 1554 3195 ⁶522]
1567 3157 1650 3186 Liber
1660 3157 1757 3194 Langii
1771 3176 1779 3190 ,
1790 3156 1930 3184 toncedenda
1942 3159 1986 3184 eff.
2120 3200 2131 3220 ¹
2153 3191 2209 3226 ‘Q‘
