2337 3400
166 165 262 226 650
565 153 1072 205 M.Tu1.1.11

1136 153 1710 203 CiCERoNis.

169 249 180 267 ι
194 245 231 276 fic
241 244 276 275 ad
288 251 343 273 nos
353 239 560 272 conformatus
570 244 711 267 revertare
724 255 734 269 ‚
752 243 784 264 ut
794 254 802 268 ‚
822 244 912 275 quam
929 231 1133 273 exspeehtio-
1172 233 1312 262 certiores
1323 231 1487 263 faceremus
1496 235 1639 268 absenteis
1649 259 1659 272 ‚
1674 236 1694 268 fi
1705 236 1776 279 quid
1787 234 1858 269 effer
1868 258 1876 272 ‚
1892 237 1972 279 quod
1984 248 2035 270 eos
2045 239 2132 275 scire,

171 297 244 319 nem
256 287 298 316 tui
311 281 463 315 concitasti
476 301 483 314 ,
497 281 570 310 hanc
581 278 733 311 sustinere,
745 286 861 307 actuei·i
873 274 971 316 poffis.
997 278 1044 308 Et,
1055 285 1132 316 quo·
1175 283 1224 305 aut
1240 274 1355 305 nostra,
1377 285 1425 305 aut
1435 276 1567 316 ipsorum
1578 279 1738 311 interesset.
1762 276 1776 300 8
1787 283 2011 322 Hujusgfflffls
2022 282 2133 314 litteras

172 332 254 360 niam
267 335 363 356 meam
376 332 500 355 tuorum
514 331 581 363 erga
593 330 643 350 me
660 321 842 349 meritorum
859 321 873 338 2
885 319 1064 347 memoriam
1076 317 1137 346 ulla

173 377 340 409 numquam
350 366 463 396 delebit
471 364 588 393 oblivio
598 383 605 396 ,
618 372 646 392 te
656 371 738 404 rogo,
757 370 788 391 ut
798 361 989 392 memineris,
1002 368 1134 400 quantae-

176 420 308 451 cumque
317 409 372 440 tibi
383 404 558 438 acceffiones
569 403 641 434 fient
651 404 683 433 δε
694 404 823 433 r'ortunae
833 423 842 436 ‚
859 402 890 432 8(
901 401 1054 446 dignitatis
1065 422 1073 435 ,
1088 411 1136 431 eas

174 462 203 484 te
221 462 286 482 non
298 448 426 492 potuiss'e
437 448 580 488 consequi
592 467 601 479 ‚
620 444 675 476 nisi
687 447 762 476 meis
772 455 844 485 puer
854 445 931 474 olim
945 442 1135 477 ndeliffimis‚

173 504 263 536 atque
272 490 483 524 amantiffirnis
491 488 624 521 consiliis
634 486 784 529 paruisses.
808 489 905 527 Qare
919 488 976 516 hoc
989 488 1094 515 animo
1107 488 1138 515 in

176 546 234 567 nos
245 534 302 566 esse
313 534 436 565 debebis
447 554 456 567 ,
468 542 500 563 ut
508 541 577 563 aetas
588 529 688 562 nostra
695 531 757 570 jam
770 529 976 571 ingravescens
987 549 996 562 ‚
1008 529 1042 558 in
1051 538 1137 558 amo-

176 589 207 609 re
219 597 227 613 ‚
240 587 325 619 atque
337 581 349 605 3
367 579 399 608 in
409 575 610 607 adolescentia
617 572 816 613 conquiescat.
862 572 943 601 Vale.

403 629 447 656 M.
461 629 498 656 T.
510 628 542 656 C.
566 627 599 655 C.
618 625 817 656 CURIONI.
837 625 864 654 S.
879 625 921 652 D.

138 633 161 658 2

185 673 263 750 G
274 677 302 705 R
315 684 335 704 Α
345 685 365 705 v
376 685 387 704 i
408 672 479 703 teste
488 674 621 712 privatus
630 672 696 702 sum
708 672 820 700 amoris
829 669 942 700 summi
952 678 1019 710 erga
1030 677 1057 699 te
1068 669 1140 701 mei,

270 726 348 757 patre
361 726 425 748 tuo,
436 712 596 746 clariffimo
605 715 672 744 viro
683 724 689 742 z
700 711 832 754 quicum
845 712 902 742 suis
911 711 1062 743 laudibus,
1074 714 1138 740 tum

177 760 252 789 vero
264 768 291 789 te
304 758 367 788 filio
380 754 534 797 superasset
543 757 686 785 omnium
697 754 849 785 fortunam
863 774 871 786 ‚
893 751 911 782 fi
922 755 949 782 ei
958 750 1140 793 contigisset,

179 810 214 830 ut
234 810 261 830 te
281 801 349 830 ante
370 800 505 832 videret,
524 797 642 839 quamn
657 799 717 827 vita
726 796 898 826 discederet.
921 794 977 824 Sed
990 794 1072 833 spero
1084 803 1141 823 no-

179 842 269 873 stram
291 844 457 872 amicitiam
478 850 541 870 non
559 849 642 879 egere
660 837 792 868 testibus.
825 836 899 867 Tibi
921 836 1141 875 patrimonium

179 885 222 915 dii
234 883 402 914 fortunent.
424 885 477 912 Me
491 883 567 912 certe
580 880 701 912 habebis
718 881 790 909 4cui
801 878 833 909 ὃς
843 887 925 909 carus
934 877 1020 918 aeque
1031 876 1066 906 fis
1076 897 1085 911 ‚
1107 876 1140 907 δε

179 926 332 966 jucundus
344 946 352 960 ,
361 936 394 957 ac
403 924 484 955 fuisti
496 925 580 964 patri.

404 976 448 1005 M.
461 977 500 1005 T.
512 976 544 1004 C.
570 975 602 1003 C.
623 972 819 1004 CUR10N1‚
838 973 866 1001 S.
879 973 919 1000 D.

181 1026 196 1051 5
294 1025 391 1053 UPAE
410 1019 545 1051 studium
565 1028 629 1048 non
648 1016 744 1054 defuit
763 1016 1010 1047 declarandorum
1030 1025 1142 1045 mune—

294 1074 362 1094 rum
374 1073 426 1093 tuo
437 1063 575 1092 nomine:
586 1059 636 1090 sed
647 1069 702 1089 nec
712 1061 789 1088 mihi
800 1059 921 1098 placuit,
933 1068 988 1088 nec
997 1060 1139 1098 cuiquam

179 1114 305 1137 tuorum
318 1125 326 1138 ‚
339 1105 503 1146 quidquam
515 1122 524 1135 ,
540 1111 568 1132 te
578 1101 697 1132 absente
707 1120 715 1134 ‚
728 1099 791 1131 fieri
805 1121 814 1134 ,
828 1101 909 1142 quod
921 1100 975 1130 tibi
988 1120 995 1133 ,
1007 1098 1078 1130 cum
1091 1109 1142 1130 ve-

179 1146 271 1178 niffes
283 1167 291 1180 ‚
312 1157 376 1176 non
394 1145 465 1176 esset
483 1146 646 1185 integrum.
669 1140 847 1183 ⁶Equidern
864 1142 937 1184 quid
951 1143 1077 1172 sentiam
1093 1149 1143 1170 aut

182 1189 309 1219 scribam
327 1188 363 1218 ad
383 1197 410 1218 te
427 1186 527 1228 postea
545 1185 700 1226 pluribus,
720 1193 788 1218 aut,
808 1194 846 1214 ne
855 1185 890 1214 ad
906 1194 971 1214 eam
987 1183 1144 1216 meditere,

180 1233 361 1271 imparatum
382 1239 410 1260 te
425 1227 580 1259 offendam
595 1248 603 1261 ‚
625 1232 809 1267 7coramque
829 1235 931 1256 contra
948 1225 1036 1256 istam
1055 1226 1146 1254 ratio-

179 1282 253 1303 nem
265 1292 273 1306 ‚
297 1281 398 1302 meam
412 1271 509 1301 dicam
523 1281 528 1299 τ
549 1279 583 1300 ut
593 1278 642 1299 aut
655 1278 683 1299 te
696 1270 728 1298 in
744 1278 844 1298 meam
859 1269 1037 1298 sententiam
1052 1266 1146 1296 addu-

178 1325 246 1345 cam
259 1325 265 1343 ;
280 1323 329 1344 aut
346 1314 425 1344 certe
443 1312 582 1343 testatum
600 1310 675 1351 apud
693 1312 834 1341 animum
855 1318 941 1340 tuum
962 1309 1143 1349 relinquam,

180 1356 256 1398 quid
273 1356 433 1387 senserim:
454 1363 486 1385 ut
497 1374 505 1388 ,
527 1352 548 1384 fi
564 1352 684 1394 quando
695 1352 788 1393 (quod
801 1352 913 1392 nolim)
924 1351 1080 1391 displicere
1089 1350 1146 1380 tibi

181 1396 341 1429 consilium
354 1407 441 1427 tuum
452 1397 575 1436 coeperit
585 1415 592 1429 ‚
608 1392 695 1435 possis
707 1404 812 1424 meum
824 1393 980 1424 recordari.
1004 1393 1093 1422 Brevi
1104 1400 1148 1422 ta-

182 1450 257 1470 men
274 1439 311 1470 sic
330 1440 440 1470 habeto
451 1459 459 1473 ,
481 1440 515 1468 in
527 1448 597 1468 eum
609 1436 717 1467 statum
729 1445 904 1475 temporum
917 1445 1003 1465 tuum
1015 1433 1146 1464 reditum

182 1481 316 1512 incidere
325 1502 333 1515 ‚
347 1491 379 1511 ut
388 1483 427 1511 iis
437 1481 526 1510 bonis
535 1500 543 1513 ,
555 1490 621 1520 quae
629 1479 685 1509 tibi
696 1488 800 1509 natura
811 1498 818 1511 ‚
831 1477 942 1511 studio,
952 1476 1073 1508 fortuna
1084 1476 1149 1506 data

185 1524 254 1554 sunt
264 1543 273 1557 ‚
283 1523 402 1554 facilius
412 1524 518 1553 omnia
527 1542 535 1556 ,
546 1532 612 1563 quae
623 1518 879 1560 suntlampliffima
889 1521 919 1549 in
933 1529 993 1559 rep.
1002 1518 1147 1559 consequi

185 1564 274 1607 poffis
285 1585 293 1599 ‚
314 1575 403 1606 quam
419 1564 598 1594 muneribus
612 1574 616 1592 :
637 1572 767 1603 quorum
779 1571 876 1602 neque
884 1560 1057 1592 facultatem
1067 1559 1149 1601 quis-

187 1617 278 1648 quam
296 1608 458 1637 admiratur
469 1606 524 1645 (est
534 1607 616 1635 enim
628 1606 785 1643 copiarum
796 1623 804 1636 ⁵
825 1613 889 1635 tion
903 1603 1036 1643 virtutis)
1051 1611 1148 1643 neque

185 1649 344 1690 quisquam
355 1647 397 1679 est
407 1667 416 1681 ‚
434 1650 509 1688 quin
514 1647 653 1687 finieram
656 1647 720 1685 jam
729 1644 895 1685 defiffusfit.
917 1644 972 1675 Sed
982 1644 1069 1675 aliter
1077 1664 1086 1678 ,
1106 1652 1149 1674 at-

185 1701 243 1731 que
253 1690 455 1723 ostenderam,
464 1688 556 1723 facio,
570 1690 623 1730 qui
633 1687 781 1729 ingrediar
790 1687 825 1718 ad
838 1687 1047 1727 explicandam
1059 1687 1149 1717 ratio-

184 1742 257 1763 nem
270 1733 424 1763 sententiae
435 1741 520 1761 meae.
535 1734 633 1772 Qare
644 1739 771 1761 omne-m
782 1730 858 1760 hanc
867 1729 1103 1768 disputationem
1114 1729 1147 1758 in

183 1774 348 1805 adventum
361 1783 448 1803 tuum
459 1771 578 1803 differo.
600 1775 726 1803 Summa
742 1771 816 1801 scito
833 1773 867 1801 in
884 1769 1105 1810 exspeEkatione
1120 1779 1148 1800 te

183 1814 242 1847 effe
252 1836 261 1850 ,
273 1826 363 1856 eaque
374 1815 389 1845 a
400 1824 428 1845 te
438 1813 601 1854 exspcfihri
612 1833 620 1847 ,
632 1823 698 1854 quae
707 1812 724 1844 a
735 1813 854 1844 summa
863 1813 974 1843 virtute
986 1832 994 1845 ,
1010 1812 1149 1842 summo-

183 1867 242 1899 que
250 1859 374 1900 ingenio
384 1855 581 1896 exspeEkanda
591 1855 675 1887 sunt:
687 1854 722 1885 ad
730 1864 797 1895 quae
809 1853 828 1885 fi
839 1863 870 1885 es
882 1874 892 1888 ‚
904 1863 935 1883 ut
945 1853 1035 1883 debes
1047 1873 1056 1887 ,
1067 1863 1150 1894 para-

185 1908 251 1930 tus:
272 1899 365 1940 (quod
377 1901 416 1928 ita
426 1896 484 1928 efl'e
495 1896 631 1937 confido)
642 1896 783 1936 plurimis
794 1915 803 1928 ,
824 1895 1027 1935 maximisque
1039 1905 1148 1925 munc-

180 1940 264 1972 rib'u's
275 1943 307 1978 ὃς
317 1951 372 1971 nos
382 1941 496 1971 amicos
507 1959 516 1973 ,
534 1939 567 1969 &
576 1940 670 1969 civeis
679 1947 747 1968 tuos
758 1937 911 1968 universos
925 1956 932 1970 ‚
951 1937 983 1966 &
993 1947 1092 1977 remp.
1104 1935 1148 1967 af-

184 1981 278 2019 ficies.
300 1983 379 2013 Illud
397 1982 561 2023 cognosces
578 1978 716 2021 profeffi)
727 2000 735 2013 ‚
755 1980 833 2009 mihi
844 1988 871 2010 te
881 1988 980 2020 neque
989 1982 1148 2013 cariorem,

181 2024 505 2066 nequejucundiorem
515 2021 573 2053 effe
583 2031 779 2064 quemquam.

405 2075 552 2104 M.T.C.
576 2076 608 2103 C.
625 2074 823 2105 CURIONL
846 2074 927 2102 s.D.

267 2120 442 2152 Pistolarum
474 2129 561 2150 enera
572 2119 667 2150 multa
680 2117 738 2148 effe
752 2129 815 2148 non
826 2120 962 2160 ignoras:
983 2117 1032 2148 sed
1051 2127 1150 2148 unum

192 2131 345 2209 Eillud
354 2131 550 2193 certiffigmum
562 2182 571 2196 ,
590 2162 676 2202 cujus
686 2161 770 2191 causa
779 2163 903 2192 inventa
913 2169 959 2190 res
969 2161 1030 2200 ipsa
1038 2159 1080 2190 est
1090 2179 1099 2194 ,
1118 2169 1151 2190 ut

227 2279 239 2297 1
247 2291 252 2297 .
266 2274 304 2296 Sr'c
314 2271 347 2296 ad
354 2279 395 2296 nos
406 2272 564 2304 confirmatur
575 2269 723 2303 revertare]
738 2270 815 2295 Hanc
825 2268 935 2295 exbibet
945 2269 971 2295 in
982 2268 1025 2295 sua
1036 2267 1154 2294 editione

187 2306 334 2333 le&ionem
346 2306 482 2332 Viaftorins
495 2324 503 2337 ‚
525 2314 602 2341 quam
623 2306 649 2330 8<
662 2314 708 2330 nos
734 2305 880 2341 recepimus
900 2304 1010 2331 adduffi
1029 2304 1150 2331 consensu

189 2343 246 2369 Pal.
257 2352 298 2379 pr.
309 2343 358 2369 lec.
371 2343 458 2378 quint.
469 2342 591 2367 Vatican.
601 2340 726 2366 editionis
738 2340 873 2375 principis.
895 2342 924 2366 ln
936 2343 1018 2366 (jrut.
1029 2342 1065 2367 est
1079 2340 1151 2375 vulgi

189 2378 272 2406 lecti0
284 2388 291 2410 ;
312 2381 463 2410 confirmatiu-
473 2387 531 2403 cum
543 2375 715 2413 superscripta
725 2376 812 2409 glossa
826 2395 834 2408 ,
853 2378 993 2408 i7.⁷,'².²1=1::15,·
1015 2377 1151 2402 Manutius

189 2415 307 2441 tra-stum
319 2415 334 2441 a
347 2409 512 2451 'ponderibus
523 2414 598 2449 putat
611 2432 619 2443 ‚
638 2421 695 2448 quae
707 2421 759 2439 non
772 2411 849 2438 facile
868 2412 994 2438 liist‘inent
1012 2411 1152 2438 imbecilli.

189 2450 232 2477 sed
244 2461 295 2478 non
311 2460 375 2486 opus
386 2450 422 2477 est
432 2450 482 2476 hoc
491 2449 591 2485 effugio
603 2459 608 2475 ;
632 2449 757 2483 τοπῙίἬηαι
770 2449 796 2482 st·
815 2448 859 2484 qui
871 2447 894 2473 se
914 2454 1041 2484 praeparat
1060 2446 1152 2483 exspe-

191 2486 304 2514 elationi
321 2484 486 2513 liistiuen'dae.

228 2532 256 2549 2.
278 2526 420 2550 sisenem-lam
429 2523 478 2547 nlla
487 2530 610 2555 nunquam
619 2519 701 2545 delebit
711 2520 820 2554 obli-tim]
842 2519 970 2546 pisinum
980 2519 1031 2545 lioc
1044 2528 1051 2550 ς
1063 2518 1105 2545 sed
1117 2519 1154 2546 ita

190 2566 278 2586 tamen
290 2557 434 2590 edendum,
445 2566 473 2585 ut
484 2565 605 2594 praeeunt
616 2556 741 2582 meliores
752 2556 831 2582 libri:
854 2565 947 2593 nempe
957 2554 1084 2582 Vitium.
1101 2557 1153 2582 Va-

193 2595 238 2621 tic.
253 2595 322 2621 Pall.
335 2602 424 2630 quart.
436 2594 556 2630 quintus.
578 2593 659 2628 vulgo
670 2593 736 2618 milla
746 2601 861 2626 uniquam.

229 2639 255 2662 χ.
277 2633 303 2656 [a
315 2631 469 2664 adolescentia
478 2629 649 2665 conquiescat]
662 2629 789 2665 Expunxi
801 2635 829 2654 ut
839 2627 1026 2664 supervacuum
1036 2635 1092 2660 rua,
1103 2636 1151 2654 au-

192 2666 320 2693 &oi-itate
340 2667 408 2693 Pali.
427 2675 469 2702 pr.
488 2667 538 2693 sec.
558 2666 647 2701 quint.
659 2665 741 2691 Grut.
755 2665 781 2690 in
801 2665 861 2691 aliis
882 2664 1036 2701 transpositi:
1047 2675 1053 2691 ε
1076 2665 1154 2690 adole-

187 2703 280 2738 scsntiei
291 2704 433 2738 conluuie-scat
442 2710 495 2728 rua.
507 2701 573 2728 ficut
581 2702 608 2728 in
620 2701 712 2728 Peckii
724 2700 802 2727 libro.
814 2702 880 2727 Ven.
891 2700 957 2727 edit.
967 2710 997 2726 ac
1007 2700 1134 2727 Manutii.

228 2747 256 2772 4.
277 2741 322 2764 Cm'
339 2740 450 2769 &carm
466 2739 526 2773 aque}
536 2740 571 2771 Ji's
590 2738 619 2769 &¹
628 2737 779 2772 jucundus]
800 2737 844 2763 Sic
862 2736 1016 2763 Vietorius:
1040 2737 1097 2762 Pal.
1113 2745 1154 2772 pr.

194 2775 277 2801 Grut.
288 2776 360 2802 Stcw
366 2775 422 2802 ech.
442 2784 502 2801 nam
513 2775 600 2801 Varie.
612 2774 668 2801 Pal.
681 2773 730 2800 sec.
749 2776 788 2800 cui
795 2773 825 2804 (25-
833 2782 905 2799 carus
915 2780 987 2808 atque
997 2774 1033 2807 fis
1043 2773 1155 2808 &perja-

197 2812 270 2837 cund.
282 2810 362 2846 vulgo
374 2821 379 2837 :
403 2813 440 2836 cui'
451 2820 523 2836 carm
532 2811 629 2845 aeyuefis
639 2809 842 2843 &pm-jucundus.

234 2855 260 2880 5.
280 2847 457 2880 Rupaestudi'um
468 2856 512 2872 non
523 2846 623 2880 dasian]
645 2845 722 2872 Solus
734 2845 791 2871 Par.
811 2845 912 2880 primus
926 2844 993 2872 lianc
1010 2843 1155 2871 leiflionem

214 2881 320 2908 raefert:
344 2892 400 2909 narn
418 2889 482 2909 tert.
503 2882 722 2915 idsuperstudium
740 2891 785 2907 non
795 2882 840 2914 def.
861 2882 943 2907 Grut.
959 2882 1029 2914 super
1042 2882 1156 2914 studium.

193 2941 196 2944 .
213 2919 265 2944 lire
278 2918 344 2943 lianc
354 2920 423 2951 (nam
435 2917 566 2944 veriffima
577 2918 621 2944 est*
634 2917 774 2954 indagatus
786 2919 821 2945 est
832 2917 978 2949 Vitstorius,
990 2926 1048 2943 eum
1061 2917 1152 2947 secuti,

194 2953 342 2980 Lambinus
362 2954 461 2990 aliique
473 2974 482 2987 ,
499 2954 674 2982 dissimulant.
703 2954 791 2990 Vulgo
811 2954 919 2991 peslime
931 2964 937 2981 x
959 2961 1038 2987 nempe
1050 2954 1158 2987 studium

197 2998 273 3015 meum
285 3000 331 3015 non
341 2990 424 3023 defiat.

235 3026 263 3052 6.
284 3027 398 3060 Equidem
416 3026 586 3059 quidsenriam
603 3034 646 3053 aut
657 3026 790 3060 scribam]
812 3026 856 3052 Sic
874 3026 991 3063 optimus
1011 3025 1070 3052 cod.
1082 3024 1157 3051 Med.

195 3061 240 3088 Sic
250 3063 336 3088 Vatic.
349 3062 380 3088 sic
389 3060 525 3088 Vistor'ius
536 3061 630 3088 edidit.
653 3064 734 3090 Grut.
745 3063 803 3088 Pal.
815 3069 879 3089 tert.
898 3063 1001 3097 equidem
1007 3062 1157 3095 [eufemiam.

200 3098 335 3124 stewech.
355 3098 456 3133 equidem
469 3098 581 3131 femiam.
599 3107 674 3125 notat
692 3106 819 3134 praeterea
838 3099 863 3125 in
875 3098 935 3125 aliis
946 3098 1013 3124 binis
1033 3098 1083 3124 suis
1102 3097 1156 3133 legi

198 3134 372 3165 Gulielmius,
383 3134 486 3168 equidem
496 3142 568 3159 meam
572 3135 725 3168 sementiam.
747 3136 835 3171 Vulgo
846 3146 852 3162 ς
875 3144 948 3161 meam
956 3135 1049 3170 qm‘dem
1061 3136 1157 3168 sentcn-

196 3173 258 3196 tiam
268 3177 312 3196 aut
322 3172 439 3204 scribam.

234 3214 263 3240 7.
284 3210 412 3245 Coramque
423 3212 504 3235 contra
523 3207 590 3241 issam
601 3208 712 3234 rationem
723 3216 757 3235 mr
763 3216 797 3234 νη
806 3207 910 3241 diram]
931 3205 1074 3236 Consenfio
1085 3204 1159 3235 codi-

1177 317 1193 347 ἒι
1212 327 1261 346 me
1278 315 1414 357 proicere>
1433 327 1496 348 non
1512 322 1637 359 expetis.
1659 325 1795 353 Tuarum
1813 324 1897 353 enim
1912 333 2011 354 rerum
2025 324 2134 356 dome-

1181 358 1316 389 sticarum
1338 359 1425 389 habes
1445 360 1478 389 &
1498 360 1652 401 scriptores
1661 383 1670 397 ,
1691 364 1724 394 &
1735 368 1871 395 nuntios.
1895 369 1929 395 In
1946 369 2020 396 meis
2033 377 2135 398 autem

1179 401 1266 431 rebus
1277 401 1355 430 ni'nil
1366 400 1408 431 est
1418 401 1486 432 sane
1498 404 1583 432 novi.
1606 405 1734 446 Reliqua
1746 407 1814 437 sunt
1826 407 2019 448 epistolarum
2030 420 2138 450 genera.

1181 442 1242 490 duo
1254 463 1262 476 ‚
1281 453 1348 484 quae
1368 453 1417 473 me
1435 453 1616 486 magnopere
1631 446 1795 478 dele&ant:
1816 459 1910 479 unum
1921 449 2086 485 familiare,
2103 451 2137 482 δε

1179 485 1321 525 jocosum
1333 496 1338 514 :
1356 485 1483 516 alterum
1494 487 1628 519 severum
1640 507 1651 522 ,
1662 489 1694 520 δε
1702 499 1802 531 grave.
1823 494 1900 521 Utro
1912 503 1959 522 me
1970 492 2075 522 minus
2084 493 2138 523 de-

1181 536 1243 557 ceat
1255 529 1298 557 uri
1311 547 1319 561 ,
1340 537 1402 557 nori
1415 528 1562 569 intelligo.
1583 531 1710 571 Jocerne
1721 540 1820 562 tecum
1830 534 2019 573 perlitteras?
2037 536 2139 566 civem

1183 570 1354 599 mehercule
1369 580 1432 600 non
1443 580 1516 610 puto
1525 569 1583 601 esse
1596 591 1604 603 ‚
1623 574 1675 612 qui
1684 574 1871 613 temporibus
1881 576 1927 605 his
1936 576 2031 606 ridere
2041 576 2139 617 possit.

1185 613 1231 641 An
1241 613 1356 652 gravius
1365 612 1478 653 aliquid
1488 613 1614 643 scribam
1627 616 1637 643 ?
1654 615 1728 655 quid
1745 614 1787 645 est
1797 635 1804 649 ‚
1821 616 1903 657 quod
1915 616 2140 659 poffitgraviter

1183 653 1199 683 a
1210 655 1355 684 Cicerone
1370 654 1455 684 scribi
1475 654 1509 685 ad
1521 656 1686 686 Curionem
1698 675 1707 690 ‚
1727 656 1782 686 nisi
1798 656 1836 688 de
1850 667 1908 698 rep.
1932 662 2028 700 Atque
2040 662 2072 690 in
2082 662 2142 692 hoc

1184 705 1291 736 genere
1302 697 1363 726 haec
1374 706 1441 726 mea
1450 697 1535 727 causa
1544 696 1586 727 est
1597 718 1605 731 ‚
1626 701 1643 724 9
1652 706 1683 728 ut
1696 708 1793 739 neque
1809 709 1840 729 ea
1849 719 1857 733 ‚
1878 710 1944 740 quae
1956 710 2020 730 non
2029 702 2141 736 sentio,

1185 737 1279 768 velim
1291 738 1427 768 scribere.
1451 739 1658 780 Qamobrem
1670 759 1678 773 ‚
1693 743 1837 781 quoniam
1851 743 1926 771 mini
1937 742 2057 772 nullum
2070 743 2141 773 scri-

1186 779 1278 809 bendi
1287 789 1499 820 argumentum
1511 781 1650 811 relietum
1662 781 1704 812 est
1713 802 1723 815 ‚
1746 791 1810 812 utar
1819 793 1852 813 ea
1859 783 1987 814 clausula
1997 804 2006 817 ‚
2026 794 2082 824 qua
2093 785 2142 815 so-

1186 821 1234 850 leo
1244 841 1252 854 ‚
1264 830 1351 862 teque
1363 822 1398 853 ad
1410 822 1542 853 studium
1554 824 1678 854 summae
1689 823 1783 854 laudis
1793 825 1981 855 cohortabor.
1997 825 2048 856 Est
2057 828 2143 857 enim

1185 863 1240 892 tibi
1250 866 1345 904 gravis
1354 864 1514 895 adversaria
1524 865 1684 896 constituta
1693 866 1724 896 &
1732 876 1827 906 parata
1836 887 1845 901 ,
1865 867 2053 897 incredibilis
2063 877 2143 908 quae-

1184 904 1254 936 dam
1265 905 1463 946 exspe&atio:
1483 917 1573 948 quam
1588 916 1620 938 tu
1638 918 1737 938 unare
1752 907 1896 939 facillime
1913 912 2016 939 vinces
2027 929 2035 942 ,
2056 908 2075 939 fi
2088 911 2147 941 hoc

1186 946 1319 978 statueris
1335 968 1344 982 ,
1367 951 1524 990 QARUM
1544 959 1691 980 LAUDUM
1711 951 1838 992 gloriam
1855 951 2014 981 adamaris:
2035 951 2146 992 quibus

1187 989 1300 1019 artibus
1310 1000 1350 1020 eae
1361 990 1463 1021 laudes
1474 1001 1683 1032 comparantur
1695 1013 1704 1025 ‚
1720 994 1800 1022 iniis
1810 991 1868 1022 effe
1877 993 2084 1024 laborandum.
2107 995 2145 1024 In

1188 1032 1263 1061 hanc
1274 1032 1451 1063 sententiam
1462 1033 1618 1064 scriberem
1628 1035 1712 1074 plura
1721 1055 1730 1068 2
1742 1033 1796 1064 nifi
1808 1044 1836 1064 te
1846 1043 1893 1065 tua
1904 1035 2007 1075 sponte
2017 1035 2083 1066 satis
2096 1036 2143 1065 in-

1185 1074 1311 1102 citatum
1322 1072 1379 1103 effe
1389 1073 1576 1105 confiderem
1590 1086 1595 1104 :
1612 1076 1644 1106 &
1654 1077 1713 1106 hoc
1723 1097 1732 1110 ,
1745 1076 1892 1118 quidquid
1901 1079 2002 1119 attigi,
2014 1087 2079 1108 non
2088 1076 2148 1108 feci

1186 1112 1400 1145 inflammandi
1411 1118 1454 1145 tui
1464 1117 1547 1147 causa
1557 1137 1565 1150 ‚
1577 1117 1626 1147 sed
1637 1116 1813 1148 testificandi
1824 1120 1934 1148 amoris
1945 1121 2019 1149 mei.
2061 1119 2146 1150 Vale.

1383 1167 1426 1195 M.
1440 1168 1481 1196 T.
1494 1168 1528 1196 C.
1551 1168 1583 1196 C.
1599 1169 1776 1197 CUR10N1
1787 1187 1796 1201 ,
1820 1170 1847 1198 S.
1862 1171 1894 1198 P.
1910 1171 1950 1198 D.

1191 1211 1352 1289 HAEc
1372 1216 1491 1256 negotia
1509 1215 1667 1256 quomodo
1685 1216 1714 1247 se
1730 1215 1877 1250 habeant,
1897 1227 1935 1248 ne
1944 1217 2067 1258 epistola
2080 1219 2149 1258 qui-

1291 1257 1359 1287 dem
1372 1267 1487 1287 narrare
1498 1257 1604 1287 audeo.
1628 1258 1683 1288 tibi
1695 1277 1705 1292 ,
1725 1257 1777 1289 etsi
1789 1259 1973 1300 ubicumque
1983 1270 2014 1290 es
2025 1261 2069 1299 (ut
2078 1261 2150 1290 scri-

1190 1297 1232 1338 psi
1243 1298 1278 1328 ad
1289 1307 1317 1328 te
1328 1299 1424 1340 antea)
1436 1300 1469 1328 in
1481 1299 1585 1330 eadem
1596 1309 1626 1330 es
1635 1302 1705 1330 navi
1717 1310 1723 1329 :
1744 1308 1846 1330 tamen
1856 1300 1937 1341 quod
1949 1302 2017 1332 abes
2029 1322 2036 1335 ,
2051 1310 2150 1342 gratu-

1192 1341 1255 1370 lor:
1274 1341 1322 1370 vel
1332 1342 1402 1381 quia
1412 1351 1477 1371 non
1487 1341 1571 1371 vides
1581 1351 1613 1372 ea
1623 1362 1631 1376 ‚
1645 1352 1710 1383 quae
1721 1352 1794 1372 nos:
1813 1343 1862 1373 vel
1873 1342 1954 1383 quod
1965 1344 2083 1374 excelso
2093 1363 2101 1377 ‚
2115 1343 2149 1373 &

1191 1381 1301 1412 illustri
1310 1382 1379 1413 loco
1390 1381 1439 1413 sita
1449 1381 1483 1413 sit
1495 1383 1556 1413 laus
1567 1392 1625 1418 tua,
1638 1386 1670 1414 in
1679 1385 1887 1424 plurimorum
1900 1385 1932 1414 ὅτ.
1942 1386 2104 1418 sociorum,
2116 1384 2150 1415 Sc

1191 1425 1306 1455 civium
1317 1424 1479 1465 conspeElni
1491 1435 1496 1454 z
1517 1435 1581 1465 quae
1591 1426 1627 1456 ad
1637 1435 1694 1456 nos
1705 1436 1760 1457 nec
1770 1426 1896 1457 obscuro
1907 1446 1915 1459 ‚
1928 1437 1984 1457 nec
1993 1428 2076 1457 vario
2090 1427 2148 1457 ser-

1192 1476 1297 1500 mone,
1310 1467 1398 1497 ¹0sed
1409 1467 1442 1498 &
1453 1465 1609 1498 clariffima
1617 1488 1626 1502 ‚
1639 1468 1672 1500 &
1683 1478 1743 1498 una
1753 1468 1897 1499 omnium
1911 1478 1983 1499 voce
1992 1468 2150 1509 perfertur.

1191 1512 1300 1538 Unum
1311 1508 1387 1539 illud
1399 1509 1500 1540 nescio
1511 1529 1520 1543 ‚
1530 1511 1697 1550 gratulerne
1708 1509 1784 1544 tibi,
1795 1520 1833 1540 an
1844 1512 1968 1541 timeam
1978 1531 1986 1543 2
1998 1509 2080 1552 quod
2094 1511 2153 1540 mi-

1192 1550 1293 1581 rabilis
1303 1550 1344 1581 est
1354 1550 1535 1591 exspeemtio
1549 1551 1664 1582 reditus
1674 1553 1717 1583 tui
1730 1563 1736 1581 ;
1757 1562 1822 1582 non
1834 1551 1897 1593 quo
1912 1563 2031 1586 verear,
2052 1562 2090 1582 ne
2104 1561 2155 1582 tua

1194 1594 1289 1623 virtus
1299 1595 1441 1633 opinioni
1451 1594 1615 1623 hominurn
1626 1603 1691 1624 non
1701 1593 1878 1635 respondeat
1891 1604 1896 1623 :
1910 1594 1958 1625 sed
1970 1594 2155 1628 mehercule,

1191 1645 1230 1665 ne
1241 1655 1249 1668 ‚
1260 1634 1333 1665 cum
1344 1636 1460 1665 veneris
1471 1655 1481 1669 ,
1494 1644 1558 1665 non
1567 1635 1674 1666 habeas
1682 1637 1744 1674 jam
1755 1656 1764 1669 ‚
1783 1635 1864 1676 quod
1874 1645 1976 1666 cures:
1998 1639 2022 1655 ¹¹
2034 1638 2073 1666 ita
2085 1635 2155 1666 sunt

1195 1679 1302 1707 omnia
1311 1676 1464 1707 debilitata
1470 1677 1533 1717 jam
1545 1675 1637 1717 prope
1648 1677 1680 1707 ὃς
1691 1676 1847 1707 exstineta.
1872 1677 1929 1708 Sed
1946 1679 2007 1708 haec
2024 1677 2084 1717 ipsa
2100 1686 2157 1707 ne-

1192 1719 1254 1750 scio
1265 1739 1274 1753 ,
1289 1717 1409 1749 reElaenc
1420 1717 1475 1748 sint
1485 1719 1591 1748 litteris
1600 1717 1768 1749 commissa.
1791 1728 1879 1760 quare
1890 1728 1985 1750 cetera
1994 1718 2157 1760 cognosces

1195 1770 1232 1790 ex
1242 1761 1318 1790 aliis.
1342 1763 1392 1790 Tu
1409 1768 1508 1790 tamen
1519 1779 1528 1793 ,
1549 1758 1609 1790 five
1626 1761 1715 1790 habes
1732 1761 1862 1800 aliquam
1880 1760 1962 1800 spem
1975 1760 2011 1790 de
2023 1770 2085 1799 rep.
2096 1759 2156 1790 five

1196 1802 1347 1841 desperas:
1360 1811 1392 1831 ea
1401 1810 1467 1840 para
1476 1820 1484 1834 ‚
1498 1801 1640 1830 meditare
1651 1821 1660 1834 ,
1671 1804 1785 1842 cogita,
1797 1811 1862 1842 quae
1871 1800 1928 1831 effe
1940 1805 1973 1831 in
1984 1812 2020 1831 eo
2031 1802 2110 1835 civi,
2122 1811 2157 1833 ac

1193 1844 1262 1873 viro
1272 1842 1403 1875 debent,
1423 1844 1475 1882 qui
1486 1841 1517 1872 sit
1528 1852 1623 1882 remp.
1635 1841 1777 1872 afflrfihm
1789 1862 1799 1876 ‚
1820 1844 1852 1873 &
1863 1841 2030 1883 oppressam
2043 1843 2160 1873 miseris

1192 1884 1378 1924 temporibus
1392 1905 1402 1918 ,
1420 1894 1453 1914 ac
1468 1882 1594 1923 perditis
1610 1885 1748 1914 moribus
1759 1903 1768 1919 ‚
1790 1886 1822 1915 in
1834 1893 1969 1915 veterem
1980 1884 2158 1927 dignitatem

1192 1937 1224 1958 ac
1234 1927 1402 1957 libertatem
1414 1946 1422 1960 ,
1435 1925 1651 1956 vindicaturus.

1395 1983 1439 2010 M.
1452 1983 1491 2011 T.
1504 1983 1535 2011 C.
1562 1983 1595 2010 C.
1611 1983 1806 2018 CURIONI,
1828 1984 1856 2013 S.
1868 1985 1898 2013 P.
1911 1985 1955 2014 D.

1296 2033 1423 2063 Onnum
1434 2040 1495 2063 erat
1502 2031 1684 2065 auditum,te
1694 2033 1729 2063 ad
1740 2034 1854 2064 Italiam
1867 2033 2034 2068 adventare,
2049 2033 2158 2064 ¹²Cflrn

1296 2078 1422 2105 SeXtum
1434 2075 1567 2104 Villium
1579 2093 1587 2108 ‚
1599 2074 1729 2104 Milonis
1740 2076 1802 2105 mei
1812 2074 1993 2106 familiarem
2006 2095 2015 2110 ‚
2031 2086 2102 2106 curn
2111 2076 2159 2105 his

1194 2118 1231 2148 ad
1248 2125 1275 2147 te
1293 2117 1400 2146 litteris
1418 2115 1497 2146 misi.
1524 2116 1581 2147 Sed
1592 2125 1692 2146 tamen
1703 2116 1774 2146 cum
1785 2119 2097 2158 appropinquaremus
2106 2116 2159 2147 ad-

1196 2168 1303 2190 ventus
1311 2166 1466 2199 putaretur
1475 2178 1485 2192 ‚
1505 2159 1538 2189 &
1556 2167 1584 2188 te
1603 2159 1666 2199 jam
1683 2168 1722 2189 ex
1731 2157 1796 2189 Asia
1803 2161 1939 2189 Romam
1950 2159 2050 2190 versus
2057 2158 2160 2230 Ρὲὶοῑε-

2103 2210 2156 2231 um

1202 2277 1262 2294 cum
1275 2267 1416 2294 meliorum
1427 2268 1455 2294 δε
1466 2267 1532 2294 hauc
1542 2266 1684 2294 lthionem
1701 2267 1823 2294 ViStorio
1833 2277 1863 2294 ac
1872 2265 2004 2292 Lambini>
2014 2265 2138 2301 persuasit
2149 2279 2157 2295 ι

1200 2304 1228 2329 &
1239 2303 1273 2330 fic
1283 2313 1388 2340 quoque
1400 2304 1436 2331 est
1453 2304 1480 2331 in
1493 2303 1560 2330 Pall.
1573 2313 1613 2339 pr.
1632 2303 1682 2329 see.
1693 2311 1758 2330 tert.
1769 2305 1880 2330 Gruter.
1901 2311 1959 2328 nam
1971 2309 2059 2337 quart.
2076 2310 2160 2329 contra

1199 2342 1268 2372 istam
1277 2347 1344 2364 mam
1355 2343 1467 2365 rationem
1480 2340 1556 2365 dicam
1565 2346 1591 2364 ut
1601 2346 1645 2364 aut
1654 2346 1674 2363 re
1683 2342 1709 2364 in
1718 2347 1793 2364 meam
1806 2340 1869 2370 sent.
1890 2338 1978 2373 quint.
1998 2347 2119 2373 coramque
2136 2346 2159 2365 te

1200 2382 1284 2400 contra
1293 2377 1360 2407 istam
1369 2378 1482 2400 rationem
1492 2376 1579 2400 dicam.
1597 2374 1677 2410 vulgo
1688 2385 1694 2400 :
1717 2381 1799 2399 contra
1808 2376 1874 2406 istam
1884 2380 1950 2400 tuam
1961 2380 2012 2399 rat.

1236 2410 1263 2436 8.
1289 2412 1365 2444 Hnjm
1377 2411 1468 2443 generis
1477 2412 1572 2435 litteras
1581 2409 1597 2435 ὰ
1606 2419 1640 2435 me
1654 2410 1756 2443 prqfem
1765 2419 1810 2435 mn
1820 2410 1932 2444 expetis]
1957 2410 2000 2435 Sic
2010 2409 2123 2437 liabetur
2131 2411 2160 2438 in

1201 2445 1269 2472 Pall.
1280 2453 1343 2472 tert.
1355 2447 1443 2481 quint.
1462 2453 1572 2482 eratque
1585 2446 1651 2472 item
1661 2445 1687 2472 in
1699 2445 1749 2472 sec.
1760 2455 1790 2472 ac
1799 2453 1896 2482 quarto
1908 2465 1915 2477 ‚
1934 2454 1988 2481 prae
1998 2447 2092 2473 ceteris
2103 2457 2161 2474 rna-

1200 2491 1248 2508 rins
1260 2482 1436 2518 corruptrices
1447 2483 1564 2518 expertis
1577 2493 1582 2508 z
1606 2491 1653 2518 pro
1671 2482 1760 2517 quoin
1773 2482 1822 2508 hoc
1841 2485 1955 2514 expei‘Yes.
1973 2482 2001 2508 in
2019 2482 2070 2509 illo
2079 2484 2161 2518 exspe—

1200 2519 1251 2543 His.
1262 2517 1305 2544 sed
1316 2519 1401 2551 exseris
1411 2527 1518 2554 quoque
1528 2518 1637 2544 adnotat
1646 2527 1680 2544 cx
1691 2518 1824 2544 Stewecb.
1832 2517 2007 2549 Gulielmius,
2017 2518 2163 2556 firmatque

1202 2552 1259 2580 Pal.
1268 2563 1309 2591 pr.
1325 2553 1475 2581 exhibendo
1484 2561 1588 2587 cxperar.
1605 2554 1693 2589 Vulgo
1705 2562 1827 2587 expetras:
1843 2553 1889 2580 alii
1899 2555 2051 2587 cxspeHabi's.

1234 2598 1252 2625 9
1262 2611 1267 2617 .
1288 2594 1316 2616 Ut
1326 2600 1398 2624 neque
1407 2599 1434 2616 ea
1445 2610 1452 2623 ‚
1463 2599 1512 2625 quae
1520 2600 1565 2616 non
1568 2591 1644 2624 sentio
1656 2610 1664 2621 ‚
1673 2590 1879 2624 -vcli‘mscrihcrefl
1901 2589 1991 2616 Rei&
2002 2590 2053 2617 hoc
2060 2592 2160 2619 Manu-

1200 2626 1252 2653 tius
1263 2635 1295 2653 ex
1307 2625 1358 2652 suis
1369 2626 1443 2653 libris
1453 2635 1482 2652 ac
1492 2626 1592 2653 Medic.
1611 2626 1695 2653 exstat
1705 2636 1810 2662 quoque
1829 2626 1883 2652 haec
1893 2624 1975 2653 leffio
1992 2626 2021 2654 in
2040 2627 2160 2664 quinque

1200 2663 1266 2689 Pali,
1278 2664 1360 2689 Grut.
1371 2663 1505 2689 stewech.
1518 2662 1599 2698 vulgo
1610 2673 1616 2689 z
1639 2671 1688 2697 quae
1696 2671 1758 2688 nunc
1770 2663 1855 2695 finitio.
1949 2673 1951 2675 ·
2112 2674 2116 2675 ⁷

1239 2708 1280 2725 ιο.
1290 2700 1335 2724 Sed
1343 2700 1371 2730 ὼ»
1380 2700 1505 2733 clari'ffima‘
1513 2699 1542 2730 dy
1550 2708 1600 2724 una
1608 2702 1708 2725 omnium
1717 2708 1772 2724 -voce
1778 2698 1926 2733 pei-sertum]
1939 2697 1982 2724 Sic
1991 2707 2050 2725 cum
2059 2698 2158 2726 Lamb.

1199 2735 1226 2761 Sc
1236 2734 1366 2771 plerisque
1378 2734 1434 2761 mss.
1455 2735 1537 2761 volui.
1558 2733 1692 2762 Vistorius
1704 2742 1790 2761 tamen
1803 2733 1888 2761 edidit
1901 2745 1907 2761 z
1924 2734 1968 2767 fid
1984 2734 2014 2764 ὼ
2031 2737 2159 2769 clariffima

1199 2772 1228 2802 Cy·
1236 2772 1297 2803 und,
1308 2771 1359 2797 uim*
1368 2773 1468 2797 omnium
1476 2773 1673 2805 tiroceperfei‘tiaer5
1693 2771 1735 2797 cui
1746 2770 1803 2796 fere
1814 2771 1841 2797 in
1853 2769 1976 2796 omnibus
1988 2769 2089 2797 accedit
2100 2772 2158 2798 Pal.

1199 2808 1267 2843 prim
1275 2828 1280 2833 .
1285 2808 1329 2841 fid
1337 2808 1365 2839 ὼ·
1374 2809 1499 2840 clartffima
1508 2807 1537 2837 ὠ·
1545 2807 1596 2832 una*
1603 2807 1632 2837 ὼ
1639 2806 1691 2833 unzi
1698 2809 1798 2833 omnium
1806 2815 1862 2832 voce
1876 2806 1939 2839 perf.
1961 2813 2051 2841 quart.
2068 2807 2098 2837 ἀ
2107 2810 2159 2834 cla-

1200 2844 1288 2877 νζΠῙηηί
1296 2844 1324 2873 (J
1334 2842 1384 2869 unt?
1393 2845 1492 2868 omnium
1501 2843 1529 2873 (θ’
1540 2843 1604 2867 viva·
1611 2852 1667 2868 voce
1671 2844 1735 2876 perf.

1240 2887 1282 2906 11.
1300 2883 1340 2905 Im
1352 2879 1413 2912 fiant
1420 2881 1498 2904 omnia
1508 2878 1634 2903 debilitata
1644 2881 1699 2912 jam
1704 2885 1774 2911 prope
1790 2877 1820 2907 ὠ·
1838 2876 1978 2910 exflinlt'a]
2000 2877 2096 2905 Primae
2105 2879 2160 2906 im..

1178 2943 1180 2949 y
1202 2915 1338 2952 preffionis
1358 2915 1500 2941 lethonem
1512 2913 1621 2940 exhibui
1641 2914 1777 2940 inventam
1789 2922 1895 2950 quoqne
1913 2913 1938 2940 iu
1952 2912 2020 2940 Pall.
2032 2913 2080 2942 sec.
2093 2922 2160 2942 tert.

1178 2963 1180 2980 ε
1201 2960 1290 2988 quart.
1303 2951 1384 2978 Peck.
1404 2950 1660 2977 (irritenstcwech.
1681 2957 1768 2977 tamen
1779 2958 1809 2976 ut
1821 2948 1917 2976 Lamb.
1935 2948 2077 2983 ediderat,
2095 2952 2161 2978 debs·-

1202 2991 1276 3014 lftara
1288 2990 1343 3022 jam
1355 3007 1362 3020 ‚
1381 2987 1410 3018 ὠ·
1423 2993 1493 3020 prope
1509 2987 1538 3018 dv
1556 2987 1683 3019 castium.
1703 2985 1788 3012 Palat.
1799 2986 1879 3022 prim.
1894 2986 1982 3021 quint.
2001 2986 2035 3013 fic
2053 2994 2163 3024 quoque

1203 3024 1250 3051 nisi
1269 3023 1341 3058 quod
1359 3023 1478 3060 copulam
1497 3023 1526 3054 (J
1543 3022 1675 3058 spernant.
1695 3022 1796 3059 vulgo:
1819 3022 1944 3049 debilitata
1955 3041 1963 3054 ,
1979 3022 2011 3054 ὠ·
2020 3024 2077 3057 jam
2090 3023 2163 3057 prop&

1202 3062 1325 3089 exstinffae.

1225 3089 1231 3093 ”
1243 3104 1286 3122 12.
1305 3095 1363 3121 Cim
1371 3098 1436 3121 Sext.
1447 3096 1539 3121 W‘limn
1549 3095 1646 3121 Milonis
1656 3097 1700 3120 mei
1711 3094 1884 3129 familiai-em]
1906 3095 1969 3121 Hoc
1985 3101 2082 3121 nomen
2089 3103 2163 3135 prae-

1203 3132 1294 3158 ferunt
1303 3130 1453 3158 editionum
1463 3131 1571 3165 optimae
1590 3131 1662 3157 Visst.
1677 3140 1706 3157 ac
1724 3132 1830 3158 Manut.
1845 3137 1973 3166 extatque
1983 3140 2015 3157 ea
2032 3129 2115 3158 leant>
2131 3132 2160 3158 in

1204 3167 1261 3194 Pal.
1279 3167 1417 3203 pi·.Vat⁷=c.
1429 3167 1473 3194 alii
1485 3167 1526 3193 liic
1537 3167 1601 3193 mihi
1613 3187 1621 3199 ‚
1638 3171 1734 3193 Sextum
1743 3169 1818 3193 cilium
1829 3186 1838 3199 ,
1855 3167 1901 3194 alii
1918 3168 2047 3192 Serviliiem
2064 3167 2163 3199 citant,

1203 3212 1260 3241 quae
1269 3203 1375 3233 nomina
1386 3211 1490 3237 tantum
1502 3205 1518 3234 si
1527 3213 1606 3234 manu
1618 3203 1729 3233 radente
1737 3202 1933 3241 respondentia
1942 3201 2018 3232 libris
2027 3202 2134 3237 nostris.

2083 3241 2165 3274 1:2ss
