2301 3395
208 101 279 176 16
677 118 760 173 nt
838 116 1169 173 TULLII

208 213 335 246 Senatu
361 209 485 257 exegit.
507 218 584 245 tuin
608 206 666 245 ille
686 208 906 257 negligenter
931 210 965 244 δε
979 219 1062 243 cum
1080 219 1168 242 con-

204 270 316 294 temtu
331 258 525 307 progressus
537 285 545 298 ‚
567 258 736 295 rationem
747 258 776 294 ie
787 257 1005 293 redditurum
1017 256 1168 303 negavit,

204 309 318 344 suram
328 320 443 343 autem
457 307 684 355 praebiturum
697 332 705 344 ,
720 308 765 342 ita
778 318 815 341 ut
830 306 927 354 pueri
941 304 1167 343 consuessent,

204 369 289 392 cuin
299 357 422 406 inpilae
439 355 573 391 lusione
584 355 811 403 deliquissent.
836 355 928 390 Hinc
939 356 1026 390 Sura
1035 367 1170 402 cogno-

204 407 355 441 minatus
368 405 444 441 fuit·
460 405 534 441 sura
546 406 640 440 enim
653 403 820 439 Romanis
834 403 881 439 est
893 417 943 443 ea,
979 416 1032 439 uae
1043 403 1171 439 Graecis

205 454 310 500 κνῆμιη
324 454 462 490 dicitur.
481 454 657 490 Ha&eiius
670 453 882 490 Plutarchus.
905 417 1040 488 Bellum
1053 452 1172 488 servile

198 502 274 551 jam
297 503 442 539 tertium
463 516 596 538 annum
616 514 698 537 cum
722 503 883 550 Spartaco
894 502 1170 549 gerebaturcum

205 555 256 588 M.
272 552 392 588 Craffo
413 551 552 601 praetori
577 550 611 585 id
632 550 853 588 mandatum,
875 553 910 587 &
929 549 1170 587 sexmensibus

204 601 408 638 confeeium
433 600 500 635 fuit
514 625 522 639 ‚
544 610 583 635 ut
597 599 768 648 Appianus
780 599 869 635 libro
882 599 997 646 primo
1009 610 1167 636 extremo

203 650 328 686 scribit.
366 650 481 696 itaque
505 647 624 684 Craffo
645 658 723 683 tum
747 648 949 696 permissum
972 648 1172 686 Plutarchus

203 699 262 739 ait,
277 710 317 736 ut
330 709 438 733 ovans
451 697 576 733 urbem
587 696 797 734 iniret.Hinc
811 698 936 732 Cicero
948 699 985 732 in
1000 697 1169 733 Pisonem:

204 748 322 784 Crasse
345 745 451 794 pudet
466 758 523 782 me
540 747 603 784 tui.
629 746 712 794 quid
725 745 773 781 est
785 770 794 784 ‚
842 746 913 793 uod
925 745 1087 782 confeeto
1100 746 1173 782 for-

202 794 468 832 midolosissimo
490 795 583 830 bello
596 821 605 835 ‚
629 807 798 831 coronam
818 795 826 830 i
845 795 912 831 lam
933 796 1084 831 lauream
1111 795 1172 830 tibi

202 856 385 894 tantopere
397 844 537 880 decerni·
549 843 701 880 volueris
714 844 732 879 a
744 844 859 880 senatu
873 849 884 880 ?
898 845 1101 881 Exercitum
1111 857 1172 880 eo-

203 893 286 930 dem
307 904 465 942 tempore
489 905 531 929 ex
544 893 703 941 Hispania
723 893 760 928 in
773 894 906 929 Italiam
920 892 1058 941 Pompej
1066 906 1103 928 us
1117 906 1167 929 re-

202 943 307 980 duxit
329 944 363 979 ὃ(
390 942 545 991 quinque
555 942 662 978 millia
673 941 909 989 fugitivorum
920 966 930 980 ‚
951 943 1010 992 qui
1025 942 1042 977 e
1053 942 1169 989 praelio

203 992 414 1040 aufugerant
427 1015 437 1029 ‚
465 991 637 1026 interfecit
652 1017 660 1031 ,
672 1001 774 1040 atque
786 991 827 1027 ad
840 991 994 1027 senatum
1010 1016 1018 1030 ,
1031 991 1173 1027 au&ore

202 1041 388 1077 Plutarcho
402 1063 411 1078 ‚
425 1038 552 1087 scripsit
565 1065 572 1077 ‚
597 1040 755 1077 Crassum
767 1041 837 1075 acie
850 1040 1053 1087 gladiatores
1065 1040 1171 1075 fudis-

202 1090 235 1126 se
245 1114 255 1129 ,
279 1089 310 1125 se
338 1089 470 1124 bellum
488 1088 648 1125 radicitus
669 1088 844 1126 sustulisse.
870 1089 963 1124 Hinc
986 1089 1110 1124 Cicero
1135 1089 1171 1124 in

201 1138 413 1175 Maniliana:
439 1137 550 1173 Testis
562 1138 610 1173 est
622 1139 749 1174 iterum
766 1164 773 1178 ,
787 1140 822 1174 &
832 1137 948 1185 saepius
963 1138 1057 1174 Italia
1070 1164 1079 1178 ‚
1095 1150 1171 1186 quae

201 1200 287 1224 cum
312 1186 424 1224 servili
445 1186 537 1222 bello
558 1197 655 1223 tetro>
674 1186 935 1235 periculosoque
948 1197 1171 1234 premeretur,

202 1238 246 1273 ab
269 1237 338 1272 hoc
357 1235 530 1272 auxilium
554 1236 688 1271 absente
711 1235 905 1285 expetivit:
932 1236 1027 1283 quod
1039 1236 1170 1271 bellum

201 1286 456 1333 exspectatione
468 1285 624 1332 Pompeii
646 1295 862 1321 attenuatum
884 1285 1169 1333 atqueimminu-

202 1347 282 1371 tuin
294 1334 343 1370 est
352 1361 361 1376 ‚
374 1335 528 1371 adventu
541 1334 712 1372 sublatum
725 1346 763 1370 ac
773 1333 954 1380 sepultum.
969 1333 1083 1382 Hujus
1095 1334 1169 1370 bel-

201 1384 228 1419 li
250 1383 402 1419 confesti
421 1382 569 1431 gloriam
590 1383 716 1418 Cicero
739 1396 801 1429 pro
823 1382 941 1418 Sextio
961 1396 1102 1431 quoque
1128 1383 1169 1422 ad

201 1432 411 1481 Pompejum
436 1432 487 1467 his
506 1431 620 1468 verbis
632 1431 810 1467 transfert:
838 1431 910 1479 Qi
923 1432 1026 1468 etiam
1038 1432 1173 1469 servitia

201 1482 335 1523 virtute
361 1480 575 1529 vistoriaque
589 1480 783 1516 domuiffet-
812 1480 947 1516 Ultimo
973 1479 1078 1528 hujus
1089 1481 1170 1517 anni

201 1530 258 1566 die
269 1529 398 1578 pridie,
420 1542 524 1577 quam
548 1530 764 1565 consulatum
777 1529 880 1565 inii-et
892 1554 901 1567 ‚
922 1529 1106 1579 Pompejus
1118 1541 1169 1566 et-

201 1578 363 1617 iamnum
386 1591 488 1628 eques
503 1580 685 1614 Romanus
712 1591 754 1615 ex
772 1578 930 1625 Hispania
943 1591 1078 1626 procos.
1106 1579 1170 1615 tri-

172 1651 175 1652 ν
203 1628 404 1676 umphavit‚
429 1638 469 1664 ut
484 1627 633 1674 Vellejus
653 1627 741 1663 libro
759 1641 784 1664 2.
798 1627 932 1665 scribit,
958 1627 1001 1663 de
1024 1641 1094 1677 quo
1104 1629 1168 1664 tri-

203 1678 340 1725 umpho
354 1677 481 1712 Cicero
492 1689 554 1723 pro
568 1677 643 1723 lege
656 1677 798 1712 Manilia
809 1690 815 1711 :
830 1676 925 1724 Qid
935 1687 1006 1712 tam
1019 1677 1169 1713 incredi-

201 1726 271 1762 bile
285 1751 293 1764 ,
315 1738 421 1774 quam
433 1725 612 1761 utiterum
635 1738 737 1775 eques
748 1728 930 1762 Romanus
951 1738 994 1763 ex
1009 1727 1170 1765 Senatus-

207 1775 368 1811 consulto
384 1775 638 1823 triumpharet?
665 1794 668 1797 ⁴

248 1878 345 1911 Anno
361 1872 450 1910 urbis
466 1884 682 1970 DCLXXXJI.
693 1875 850 1912 Cicm‘onis'
863 1885 1018 1911 xxxvii.
1029 1886 1125 1912 COSS.

643 1933 768 1963 uerunt,

225 2004 276 2039 M.
296 2003 569 2038 LICINIUS
597 2003 872 2041 CRAssus‚
895 2004 984 2040 CN.
1007 2005 1145 2042 POM-

455 2052 621 2098 PEius
662 2052 918 2087 MAGNUS.

284 2117 473 2160 OiurtJUM
496 2127 538 2151 ex
553 2116 582 2150 S.
594 2114 636 2150 C.
662 2114 795 2162 legibus
814 2115 967 2152 solutum
990 2116 1168 2150 consulem

273 2176 353 2206 ante
377 2164 508 2200 fastum
523 2189 532 2204 ‚
557 2176 662 2212 quam
675 2163 788 2199 ullum
806 2164 914 2200 alium
928 2163 1164 2211 magistratum

197 2225 260 2260 per
272 2213 362 2260 leges
377 2225 496 2260 capere
506 2212 650 2248 licuisset
662 2238 671 2253 ,
682 2212 808 2248 Cicero
821 2213 858 2248 in
869 2212 1057 2248 Maniliana
1064 2212 1165 2248 testa-

195 2273 265 2298 tur.
300 2264 479 2298 Numerus
502 2261 544 2297 de
563 2272 661 2297 aetate
672 2261 828 2310 Pompeii
853 2260 943 2310 apud
957 2261 1166 2308 Appianum,

198 2311 329 2346 mendo
341 2322 433 2347 caret
446 2324 453 2347 ;
470 2310 604 2359 respicit
615 2310 711 2346 enirn
724 2322 861 2360 tempus
874 2310 956 2346 anni
970 2310 1163 2358 superioris.

195 2372 269 2408 quo
284 2358 467 2408 Pompejus
487 2371 566 2396 ante
586 2360 737 2396 natalem
750 2360 850 2396 suum
865 2359 1084 2395 consulatum
1102 2371 1163 2406 pe-

198 2409 288 2444 tivit·
315 2410 364 2444 M.
379 2408 517 2445 Tullius
533 2408 608 2456 jani
629 2408 704 2456 post
725 2408 931 2457 quaesturam
951 2408 988 2444 in
1009 2408 1164 2456 plurimis

197 2456 305 2493 causis
317 2483 325 2497 ‚
338 2457 418 2494 &in
429 2458 643 2506 principibus
656 2458 808 2506 patronis
817 2457 1102 2507 quinquennium
1115 2457 1166 2493 fe-

196 2518 236 2542 re
249 2506 398 2541 versatus
412 2517 482 2542 erat
496 2533 505 2548 ,
527 2518 566 2542 ut
577 2507 643 2554 ipse
655 2507 692 2546 in
702 2509 810 2543 Bruto
818 2506 937 2547 scribit
950 2530 959 2545 ‚
982 2506 1163 2555 fuitquein

196 2554 425 2590 admiratione
441 2580 450 2595 ,
470 2556 566 2602 quod
585 2555 626 2591 ab
644 2556 683 2591 iis
696 2581 705 2596 ‚
729 2569 884 2605 quorum
906 2556 1014 2592 causas
1031 2555 1163 2603 agebat,

198 2603 295 2639 nulla
304 2603 396 2639 dona
407 2614 466 2639 aut
474 2616 619 2640 munera
632 2631 639 2645 ,
652 2605 795 2641 auffilore
810 2605 1006 2643 Plutarcho,
1018 2604 1164 2653 accipie-

197 2653 265 2688 bat.
293 2651 385 2688 ln'iis
408 2651 513 2688 causis
536 2652 672 2688 fortasse
684 2654 826 2690 fiierunt
848 2656 898 2690 M.
913 2653 1023 2690 Tullii
1036 2680 1045 2694 ‚
1074 2655 1108 2690 ὃς
1122 2656 1163 2689 L.

199 2701 328 2737 Vareni
343 2726 351 2741 ,
366 2713 448 2749 quas
460 2701 534 2736 Cic.
544 2701 680 2750 scriptas
691 2702 829 2739 edidisse
837 2703 1037 2739 testimonio
1046 2703 1164 2748 Qun-

195 2749 306 2785 tiliani
321 2751 356 2786 &
368 2749 524 2785 Prisciani
537 2750 768 2798 cognoscitur.
784 2755 824 2788 In
835 2752 952 2800 primis
965 2762 1081 2788 autem
1093 2776 1104 2790 ‚
1123 2762 1164 2787 ut

196 2799 399 2834 Plutarchus
420 2798 465 2834 ait
478 2822 488 2836 ‚
515 2799 589 2835 Cic.
618 2800 744 2835 enituit
757 2826 766 2841 ,
786 2813 869 2837 cuin
882 2802 923 2837 C.
937 2803 1081 2837 Verrem
1094 2801 1162 2836 hoc

195 2861 290 2883 anno
312 2847 348 2882 in
355 2846 532 2894 judicium
545 2848 693 2884 vocavit.
720 2861 803 2884 nam
819 2850 856 2885 in
869 2849 1061 2897 patrocinio
1075 2849 1160 2884 Sici-

194 2895 289 2932 liensi
303 2894 455 2933 maxime
469 2896 506 2931 in
519 2907 695 2932 certamen
709 2898 806 2933 venit
821 2898 1014 2946 designatus
1027 2898 1161 2938 AEdilis,

193 2958 278 2981 cum
290 2943 467 2992 designato
477 2945 617 2980 consule
628 2945 828 2984 Hortenfio,
841 2948 936 2995 quod
949 2947 1062 2995 ipsein
1072 2948 1159 2982 Bru-

194 3006 232 3030 to
244 2993 368 3030 scribit.
382 2995 559 3030 Tenuerat
572 2995 697 3030 Verres
707 3007 750 3031 ex
759 3006 907 3041 praetura
916 2996 1066 3032 Siciliam
1076 3008 1159 3043 pro-

194 3043 348 3080 vinciam
361 3055 420 3089 per
430 3042 622 3082 triennium
635 3068 645 3084 ,
658 3054 760 3092 atque
773 3043 809 3080 in
821 3056 860 3080 ea
872 3044 982 3081 fuerat
994 3045 1158 3080 libidino-

1248 114 1748 183 CJcnaonts

1220 218 1299 242 rum
1311 218 1387 243 reus
1401 207 1420 243 a
1431 207 1551 244 Siculis
1564 207 1753 256 postulatus
1765 205 1814 245 est
1826 220 1834 245 τ
1849 202 1919 258 ¹qui
1933 219 2056 246 omnes
2070 235 2078 252 ‚
2105 221 2194 257 prae·

1220 266 1273 291 ter
1286 258 1515 305 Syracusanos
1528 260 1562 293 ὃς
1577 257 1806 293 Mamertinos
1820 284 1828 298 ,
1852 260 1902 294 M.
1919 259 2078 295 Tullium
2093 284 2102 298 ‚
2128 260 2204 295 illo·
2245 308 2254 317 .

1219 315 1376 353 ternpore
1400 305 1584 341 florentem
1596 305 1853 341 defensionibus
1865 307 2060 344 amicorum
2077 309 2118 344 ad
2132 322 2188 345 ac-

1221 354 1409 389 cusandum
1429 355 1631 390 descendere
1656 355 1904 403 compulerunt
1927 380 1936 394 ‚
1955 355 2034 404 jam
2054 358 2189 405 pridem

1221 402 1285 437 illis
1299 403 1545 439 necessitudine
1557 403 1762 450 copulatum
1778 429 1786 445 ,
1814 404 1909 451 quod
1922 405 2072 453 quaestor
2083 406 2121 442 iri
2135 408 2189 441 Si·
2226 420 2229 421 ⁷

1220 451 1297 486 cilia
1311 451 1437 493 fuisset,
1453 455 1486 488 δε
1498 451 1665 487 decedens
1679 452 1788 488 multa
1802 452 1841 487 iis
1855 453 2005 501 benigne
2016 454 2192 502 pi·omifis-=

1219 499 1265 535 set
1278 524 1286 538 ‚
1310 511 1350 536 ut
1371 500 1536 537 Astonius
1550 500 1604 536 ait.
1656 503 1691 536 N
1695 500 1846 549 atusjani
1859 513 1930 538 erat
1943 503 2068 538 Cicero
2081 516 2191 539 annos

1222 560 1353 586 xxxvi.
1378 549 1472 598 quod
1487 561 1622 596 tempus
1646 549 1841 597 legitimum
1861 562 1932 586 erat
1947 551 2115 588 aedilitatis
2127 564 2188 600 pe-

1222 598 1344 634 tendae.
1377 598 1482 634 Certe
1495 601 1529 635 P.
1541 598 1656 646 Scipio
1673 599 1855 634 Africanus
1869 599 1988 636 minoi·
1998 624 2007 638 ‚
2032 613 2116 637 cum
2125 614 2188 637 an-

1223 660 1286 682 nos
1311 659 1410 684 natus
1421 659 1549 684 xxxvi.
1577 647 1772 684 aedilitatem
1784 659 1934 696 peteret,
1958 649 2079 685 consul
2091 653 2187 697 apo-

1221 696 1304 744 pulo
1317 696 1430 733 dietus
1442 696 1490 732 est
1503 721 1511 735 ‚
1537 696 1657 732 Livius
1673 697 1729 732 lib.
1745 709 1801 739 50.
1817 698 1847 729 V
1851 696 1968 744 ellejus
1983 710 2012 734 2.
2028 698 2189 735 AEdilita-

1222 756 1293 780 tem
1302 744 1410 793 igitur
1423 746 1483 781 suo
1495 758 1588 781 anno
1602 757 1720 794 petens
1729 746 1855 781 Cicero
1867 772 1876 786 ,
1888 747 1984 794 prior
1993 746 2190 794 designatus

1222 793 1270 829 est
1292 794 1425 830 cunetis
1437 792 1605 841 suffragiis
1629 794 1770 840 populi,
1791 795 1830 830 in
1849 797 1947 831 Orat.
1971 795 2009 831 in
2023 795 2177 832 Pisonem
2184 808 2196 834 ,·

1222 841 1383 891 Suscepto
1407 843 1599 891 patrocinio
1622 842 1786 879 Siciliensi
1797 869 1806 884 ‚
1829 843 1958 880 exstitit
1969 845 2016 889 Q.
2030 845 2191 882 Caecilius

1224 891 1333 938 Niger
1343 917 1351 932 ‚
1366 891 1472 927 domo
1487 891 1621 927 Siculus
1632 916 1642 930 ‚
1667 903 1706 927 ut
1717 892 1882 928 Asconius
1893 893 2007 929 scribit
2018 916 2028 931 ,
2053 893 2188 931 Plutar-

1219 940 1304 975 chus
1316 940 1561 979 ait‚hominem
1572 940 1774 977 libertinum
1789 941 1897 982 fuisse,
1908 941 2097 989 &judaicae
2107 943 2188 979 reli-

1219 988 1318 1035 gioni
1330 989 1528 1025 obnoxium
1540 1015 1548 1028 ‚
1574 990 1667 1025 unde
1685 990 1810 1026 Cicero
1822 992 1858 1026 in
1870 1003 1953 1027 eum
1963 991 2053 1028 dixit
2066 1015 2076 1030 ‚
2091 992 2188 1040 Qid

1216 1037 1339 1085 Judaeo
1351 1049 1434 1074 cum
1445 1039 1553 1074 Verre
1565 1042 1576 1074 ?
1589 1040 1742 1075 Romani
1754 1050 1871 1076 autem
1881 1052 2027 1088 porcum
2042 1053 2115 1076 non
2129 1053 2187 1077 ca-

1219 1085 1361 1123 stratum
1373 1111 1380 1124 ‚
1397 1089 1545 1123 Verrem
1558 1090 1753 1124 nominant.
1776 1088 1812 1124 in
1827 1089 1998 1124 Plutarchi
2011 1089 2106 1125 libris
2119 1113 2127 1127 ‚
2150 1090 2187 1125 in

1219 1135 1343 1183 qulbus
1368 1136 1494 1182 legitur
1506 1161 1515 1174 ‚
1547 1133 1663 1184 Βέῥρἆυ
1685 1138 1714 1171 οἱ
1734 1132 1881 1181 Pwpoeoi‘oa
1904 1137 1933 1176 ⁴³?-
1957 1131 2188 1184 οὶιπἾμιψᾷἇσν

1217 1185 1320 1231 χοῖρ9ν
1331 1185 1454 1228 »wanga
1465 1211 1474 1226 ,
1497 1186 1634 1232 negatio
1648 1185 1739 1221 deest
1752 1212 1760 1227 ,
1773 1188 1808 1222 ὃς
1820 1185 1950 1222 restitui
1962 1186 2064 1223 debet
2076 1213 2085 1228 ‚
2098 1187 2127 1225 >i-
2138 1183 2187 1231 μὴ

1220 1225 1461 1279 ὠκπἹμηίέὶρὸν.
1474 1234 1604 1281 alioqui
1618 1234 1737 1282 falsum
1750 1235 1830 1270 esset
1842 1259 1851 1274 ‚
1875 1235 1972 1284 quod
1984 1235 2188 1273 Plutarchus

1220 1281 1334 1318 scribit
1346 1307 1355 1321 ‚
1378 1283 1482 1332 idque
1511 1282 1599 1318 duos
1621 1283 1824 1332 interpretes
1847 1284 1941 1320 viros
1959 1284 2186 1327 dofflffimos,

1220 1344 1292 1367 non
1306 1331 1583 1368 animadvertisse
1599 1333 1719 1368 miror.
1745 1333 1904 1369 Caecilius
1917 1333 2025 1381 igitur
2035 1344 2185 1370 conten-

1215 1380 1316 1416 debat
1327 1381 1358 1416 se
1371 1381 1483 1429 potius
1495 1381 1726 1418 accusatorem
1738 1381 1901 1418 constitui
1914 1393 2075 1431 oportere
2088 1406 2098 1420 ‚
2124 1384 2184 1419 has

1217 1428 1361 1465 afferens
1370 1430 1483 1466 ’causas
1495 1443 1502 1466 ε
1514 1443 1622 1466 unam
1634 1454 1644 1469 ,
1666 1431 1761 1480 quod
1770 1431 1790 1467 a
1803 1433 1911 1467 Verre
1922 1431 2017 1467 laesus
2030 1431 2185 1480 ,jureilli

1217 1478 1380 1514 inimicus
1387 1479 1472 1515 esset
1487 1492 1494 1514 2
1509 1479 1613 1516 altera
1625 1506 1633 1521 ‚
1658 1479 1754 1529 quod
1763 1492 1845 1516 cum
1856 1480 2006 1529 quaestor
2017 1479 2089 1528 ejus
2101 1480 2194 1517 suis--v

1219 1527 1264 1564 set
1281 1553 1289 1568 ‚
1301 1527 1447 1564 crimina
1457 1528 1556 1564 sciret
1568 1542 1575 1564 :
1589 1529 1726 1565 tertiam
1737 1529 1831 1577 quod
1843 1529 1977 1565 Siculus
1989 1542 2050 1578 pro
2062 1529 2185 1566 Siculis

1217 1587 1342 1623 ageret·
1367 1577 1462 1613 Hinc
1474 1603 1483 1619 ‚
1496 1577 1577 1627 quia
1589 1577 1625 1614 in
1642 1578 1789 1628 publicis
1801 1577 2047 1627 quaestionibus
2059 1604 2069 1620 ,
2084 1589 2124 1615 ut
2135 1578 2194 1615 est*

1217 1625 1293 1662 libr.
1313 1639 1338 1662 1.
1363 1626 1405 1662 ad
1417 1627 1656 1668 Herennium,
1682 1628 1814 1676 legibus
1828 1638 1970 1664 cavetur
1981 1653 1992 1667 ‚
2014 1638 2054 1664 ut
2064 1638 2144 1664 ante
2155 1626 2193 1664 fi,

1217 1688 1277 1711 reo
1300 1675 1534 1712 commodum
1555 1676 1596 1712 fit
1608 1703 1616 1716 ‚
1635 1676 1811 1724 judicium
1833 1676 1876 1713 de
1896 1677 2091 1713 accusatore
2109 1675 2182 1718 fiat,

1218 1735 1339 1760 uti-um
1359 1725 1408 1760 illi
1427 1725 1527 1761 liceat
1538 1727 1693 1762 accusare
1705 1750 1714 1763 ‚
1738 1738 1871 1762 necne:
1895 1726 2064 1762 divinatio
2077 1737 2182 1761 accu-

1218 1773 1369 1810 satorum
1383 1774 1562 1810 Ciceronis
1578 1777 1614 1812 ὃ(
1626 1775 1758 1811 Caecilii
1769 1774 1858 1811 facita
1869 1774 1917 1810 est
1929 1800 1938 1815 ‚
1962 1786 2040 1811 tum
2054 1774 2182 1810 Cicero

1218 1823 1367 1871 primam
1381 1823 1566 1859 Verrinam
1586 1823 1629 1860 de
1648 1824 1842 1860 accusatore
1859 1822 2104 1859 constituendo
2125 1823 2182 1858 di-

1220 1872 1273 1907 xit
1287 1885 1293 1908 :
1317 1873 1354 1907 in
1375 1885 1442 1921 qua
1453 1873 1516 1908 hac
1529 1872 1607 1908 usus
1620 1872 1667 1908 est
1679 1872 1848 1908 divisione
1861 1901 1868 1908 .
1891 1871 2115 1921 speffitandum
2127 1897 2137 1914 ,
2161 1872 2183 1908 εὶ

1219 1934 1288 1969 quo
1302 1922 1456 1958 maxime
1468 1921 1521 1969 agi
1535 1922 1642 1957 velint
1654 1922 1676 1956 ii
1690 1945 1699 1959 ‚
1716 1934 1869 1970 quorum
1882 1921 1924 1957 de
1936 1921 2072 1957 ultione
2084 1933 2182 1968 quae-

1218 1970 1306 2006 ritui·
1317 1995 1326 2008 ‚
1345 1972 1364 2007 a
1376 1983 1448 2018 quo
1460 1970 1606 2006 minime
1619 1971 1702 2006 velit
1713 1970 1741 2005 is
1753 1994 1762 2008 ,
1775 1971 1835 2018 qui
1849 1970 2024 2006 accusatur
2036 1994 2046 2008 ‚
2058 1970 2183 2006 austor

1216 2019 1456 2062 Quintilianus
1469 2020 1560 2064 lib.7.
1572 2032 1643 2066 cap.
1653 2031 1681 2059 ς.
1703 2019 1807 2055 Victo
1820 2018 1962 2054 Caecilio
1974 2044 1982 2058 ,
1997 2021 2033 2054 &
2044 2018 2180 2054 accusa-

1216 2067 1312 2102 tione
1324 2068 1365 2101 ad
1379 2068 1410 2101 se
1421 2068 1531 2101 delata
1542 2090 1553 2104 ,
1575 2068 1702 2101 Cicero
1715 2089 1725 2103 ‚
1749 2078 1830 2101 cum
1844 2065 2076 2113 inquisitionis
2088 2077 2181 2102 tem-

1215 2126 1277 2160 pus
1290 2114 1326 2148 in
1340 2114 1490 2149 Siciliam
1503 2113 1699 2162 postulasset
1711 2113 1781 2149 dies
1795 2125 1856 2149 cx.
1871 2116 1904 2149 δε
1916 2126 1999 2149 cum
2012 2115 2180 2200 LTqu

1213 2161 1317 2197 fratre
1329 2162 1483 2200 Patruele
1504 2172 1616 2197 totam
1627 2161 1844 2210 provinciam
1856 2162 2059 2210 colligendis
2071 2163 2131 2199 lite
2151 2177 2180 2200 is

1212 2210 1248 2245 in
1263 2212 1410 2246 Verrem
1425 2236 1434 2252 ,
1458 2213 1493 2247 &
1504 2210 1749 2246 denuntiandis
1763 2211 1965 2247 testimoniis
1978 2213 2182 2260 peragrasset

1212 2259 1331 2295 diebus
1343 2260 1617 2309 quinquaginta,
1630 2262 1783 2296 Romam
1797 2261 1949 2296 reversus
1959 2285 1968 2299 ‚
1982 2273 2065 2296 cum
2078 2261 2177 2298 vide-

1214 2319 1264 2344 ret
1276 2308 1310 2343 id
1323 2309 1375 2356 agi
1389 2332 1398 2347 ‚
1411 2319 1451 2344 ut
1463 2310 1481 2344 a
1494 2308 1738 2344 M.Glabrione
1751 2320 1896 2356 praetore
1910 2334 1919 2348 ‚
1929 2312 1963 2346 δε
1975 2310 2015 2345 ab
2031 2310 2069 2346 iis
2077 2309 2176 2358 judi-

1213 2357 1308 2393 cibus
1321 2381 1330 2396 ‚
1354 2358 1414 2404 qui
1434 2368 1520 2393 tunc
1539 2369 1636 2394 erant
1648 2382 1657 2396 ‚
1680 2358 1719 2393 ad
1733 2358 1840 2395 alium
1854 2371 1988 2395 annum
2001 2359 2178 2409 aliumque

1212 2417 1395 2455 praetorem
1407 2419 1459 2442 res
1472 2417 1544 2442 tota
1559 2407 1716 2443 transiret
1728 2432 1736 2445 ,
1751 2409 2010 2457 eripereturque
2027 2408 2087 2444 fibi
2098 2422 2176 2446 reus

1211 2455 1405 2504 patrocinio
1417 2456 1592 2492 Hortensii
1606 2469 1643 2492 ac
1656 2457 1788 2493 Metelli
1802 2484 1810 2499 ,
1833 2458 1893 2507 qui
1907 2469 1992 2494 tunc
2007 2457 2177 2495 Consules

1211 2505 1321 2540 futuri
1334 2516 1430 2541 erant
1440 2529 1449 2543 ‚
1472 2507 1540 2540 hoc
1552 2517 1774 2542 commentus
1786 2506 1834 2542 est
1846 2507 1988 2543 rationis
2001 2532 2010 2546 ,
2035 2517 2075 2543 ut
2096 2520 2176 2544 ora-

1210 2553 1345 2590 tionem
1358 2554 1501 2601 longam
1512 2556 1806 2603 praetermitteret,
1829 2568 1942 2605 neque
1960 2557 1997 2592 in
2016 2556 2175 2593 crimini-

1210 2603 1274 2639 bus
1296 2603 1547 2640 declamatione
1565 2604 1787 2642 ‘cumulandis
1811 2616 1949 2654 tempus
1970 2605 2174 2644 absumeret,

1210 2652 1266 2688 sed
1286 2652 1534 2688 tantummodo
1558 2653 1676 2690 citaret
1706 2654 1804 2690 testes
1829 2655 1870 2691 ad
1893 2655 2175 2705 unumquodque

1211 2701 1344 2740 crimen
1360 2701 1556 2748 expositum
1569 2727 1578 2740 ‚
1592 2705 1626 2739 ὃς
1637 2715 1694 2738 eos
1706 2703 1894 2740 Hortensio
1908 2703 2175 2752 interrogandos

1210 2750 1306 2787 daret
1319 2775 1328 2789 ‚
1350 2751 1463 2799 inquit
1476 2751 1653 2788 Asconius.
1681 2752 1784 2788 Unde
1797 2752 2039 2799 Qintilianus
2054 2753 2127 2789 libr·
2141 2755 2177 2792 6.

1209 2812 1283 2848 cap.
1297 2802 1330 2835 6.
1355 2800 1481 2835 Cicero
1494 2801 1628 2837 summo
1648 2800 1793 2837 consilio
1813 2801 1954 2838 videtur
1974 2802 2012 2838 in
2025 2803 2174 2838 Verrem

1211 2850 1266 2885 vel
1277 2850 1484 2885 contrahere
1495 2860 1651 2897 tempora
1662 2850 1800 2886 dicendi
1815 2850 1970 2886 maluisse
1982 2868 1992 2894 3
2040 2850 2173 2887 namin

1209 2910 1290 2933 eum
1301 2910 1434 2933 annum
1447 2911 1517 2946 quo
1530 2910 1601 2934 erat
1613 2901 1654 2942 Q.
1664 2899 1871 2936 Hortensius
1884 2899 2007 2935 consul
2060 2910 2174 2941 turus,

1208 2946 1371 2982 incidere.
1397 2946 1594 2983 Consilium
1609 2948 1709 2985 suum
1731 2949 1799 2996 ipse
1813 2948 1939 2984 Cicero
1953 2948 2099 2984 Verrina
2121 2948 2172 2984 se-

1207 2995 1322 3031 cunda
1345 2996 1482 3043 copiose
1502 2997 1658 3044 exponit.
1687 3010 1765 3046 quae
1778 3008 1940 3047 praeterea
1952 2997 2170 3034 exhortatio-

1209 3057 1289 3080 nem
1301 3044 1459 3080 continet
1465 3043 1629 3092 judicum
1642 3046 1683 3082 ad
1696 3059 1777 3082 vere
1783 3046 2017 3096 judicandum
2034 3059 2042 3081 :
2064 3058 2171 3084 minae

190 3091 223 3127 se
237 3117 246 3133 ,
269 3103 371 3129 avare
383 3117 392 3133 ‚
405 3091 660 3140 crudeliterque
673 3093 831 3129 versatu&
858 3106 964 3142 quare
980 3106 1063 3130 cum
1083 3104 1158 3129 tan·
1207 3093 1394 3142 quoquein
1407 3093 1615 3130 adversarios
1629 3095 1831 3143 diriguntur
1842 3122 1852 3138 ‚
1867 3095 1987 3132 omnia
1998 3105 2169 3133 tentantes

190 3141 272 3179 dem
283 3141 351 3184 hoe
364 3152 457 3178 anno
467 3143 508 3181 L.
520 3141 680 3180 Metellus
692 3142 723 3179 ei
732 3141 940 3184 succederet,
952 3142 1158 3193 repetunda·
1206 3142 1251 3180 ad
1262 3142 1830 3194 corrumpendumjudicium.qua
1841 3144 1999 3182 oratione
2009 3144 2183 3194 ipseVer÷v

2096 3194 2172 3240 rina

1666 3216 1783 3274 {a
