2295 3400
206 122 327 176 '232
657 104 1153 155 MTume

226 204 306 226 onus
322 201 426 224 mcum
445 190 602 222 vobiscum
619 186 676 220 esse
694 196 871 218 commune.
893 185 1034 226 putabam
1053 193 1116 215 non
1136 183 1184 214 so-

226 235 294 266 lum
306 238 385 266 notis
396 255 403 268 ‚
426 234 474 264 sed
483 235 573 263 etiam
585 231 697 273 ignotis
712 229 863 270 probatam
883 237 984 257 meam
1001 226 1094 256 fidem
1104 224 1161 256 esse
1173 245 1182 258 ‚

227 279 262 308 ὃ(
272 278 470 316 diligentiam.
491 273 572 316 quod
585 283 633 302 me
643 281 707 302 non
715 270 836 301 fefellit.
856 273 938 300 Nam
949 270 1084 299 comitiis
1095 269 1182 301 meis,

225 319 298 350 cum
318 311 370 349 illc
388 316 507 348 infinita
526 316 682 356 largitione
699 321 802 343 contin
821 322 870 342 me
890 319 1020 341 uteretur
1029 330 1038 344 ,
1055 310 1183 351 populus

226 359 535 399 Romanusjudicavit
544 377 552 390 ,
571 355 657 387 istius
666 356 823 395 pecuniam
835 373 842 386 ‚
865 363 930 395 quae
939 352 1016 393 apud
1027 362 1077 382 me
1088 360 1183 381 contra

218 403 307 441 fidem
318 411 416 431 meam
426 400 503 429 nihil
513 396 669 439 potuisset.
691 396 768 436 apud
786 397 813 425 se
830 403 926 424 contra
936 395 1060 424 honorem
1078 403 1182 423 meum

226 444 304 474 nihil
315 442 395 484 poss'e
406 442 522 472 debere.
573 450 612 469 uo
623 439 746 480 quidem
757 437 806 467 die
815 457 822 470 ‚
836 435 1094 477 primumjudices
1103 436 1183 465 citati

226 487 259 515 in
270 487 350 514 hunc
360 494 443 514 reum
454 482 575 513 consedi
590 481 629 511 lis
640 501 649 514 ‚
667 482 734 521 quis
752 488 811 510 tam
829 481 974 508 inimicus
992 479 1063 508 huic
1081 477 1182 507 ordini

225 526 286 557 fuit
295 547 303 559 ‚
315 528 381 567 quis
391 535 452 555 tam
464 534 610 555 novarum
622 532 721 553 rerum
735 542 743 554 ,
761 521 948 561 judiciorum
958 540 967 553 ,
984 520 1183 560 judicumque

225 568 353 608 cupidus
364 588 372 600 ,
393 570 444 608 qui
456 577 519 597 non
529 564 690 605 conspeftu
701 584 709 598 ‚
729 561 922 603 consessuque
932 561 1030 592 vestro
1041 571 1182 591 commo-

225 613 364 640 veretur?
382 610 503 639 cumin
513 618 550 638 eo
560 607 654 637 vestra
663 606 740 636 mihi
758 605 884 646 dignitas
902 603 1036 634 fruEtum
1054 603 1183 644 diligen-

226 654 274 682 tiae
286 651 422 681 referret:
444 650 475 681 id
495 651 560 680 sum
580 647 724 679 assecutus
735 667 743 681 ,
763 656 796 676 ut
805 657 864 676 una
873 647 944 676 hora
954 666 963 680 ‚
981 656 1039 686 qua
1047 647 1125 684 coepi
1135 644 1184 674 di—

225 703 291 723 cere
301 713 309 726 ,
322 703 373 723 reo
383 692 504 725 audaci,
517 691 680 732 pecunioso
693 710 700 723 ‚
713 688 835 729 profuso
847 709 854 721 ‚
867 688 983 728 perdito
995 708 1002 721 ‚
1014 687 1090 726 spem
1102 686 1184 725 judi-

225 735 266 763 diz
274 735 295 763 ii
304 735 490 776 corrumpendi
495 733 665 775 praeciderem
671 740 721 761 :ut
733 733 832 771 primo
842 730 889 759 die
900 729 1021 759 testium
1030 737 1114 759 tanto
1125 738 1183 757 nu-

226 787 314 807 rnero
332 778 425 806 citato
435 796 443 810 ‚
454 775 584 816 populus
593 777 752 805 Romanus
767 772 912 812 judicaret
926 791 934 804 ‚
963 771 1029 811 ipso
1047 770 1183 800 absoluto

225 818 390 860 rempstare
398 829 449 847 non
458 816 544 858 posse:
559 825 592 846 ut
601 816 673 846 alter
682 815 745 844 dies
755 816 858 844 amicis
870 812 965 846 istius,
975 823 1007 842 ac
1017 811 1183 842 defensori-

225 860 284 890 bus
294 870 357 890 non
369 859 464 890 modo
475 860 556 899 spem
566 857 699 888 vinoriae
713 877 719 888 ‚
742 855 790 885 sed
803 857 893 885 etiam
905 854 1082 882 voluntatem
1090 853 1183 892 defen-

220 901 304 943 fiom's
313 901 454 932 auferret:
473 909 506 931 ut
515 902 617 930 tertius
628 899 690 928 dies
699 896 736 927 fic
746 898 906 926 hominem
917 894 1125 935 prosterneret,
1138 903 1180 927 ut,

227 942 320 974 morbo
332 943 468 985 simulato
479 963 487 977 ,
507 952 572 972 non
581 961 589 974 ,
610 939 683 981 quid
693 938 885 978 responderet
894 957 902 971 ,
923 937 970 968 sed
980 936 1182 977 quemadmo-

229 985 304 1016 dum
316 995 380 1015 non
390 984 597 1024 responderet,
608 981 798 1012 deliberaret:
814 979 922 1009 deinde
933 979 1055 1019 reliquis
1063 977 1180 1010 diebus,

226 1028 276 1058 his
285 1027 465 1057 criminibus
475 1046 482 1060 ,
495 1027 540 1055 his
552 1024 675 1054 testibus
685 1042 694 1056 ‚
706 1023 739 1053 &
749 1021 868 1052 urbanis
878 1041 886 1054 ‚
906 1021 939 1050 &
948 1019 1183 1060 provincialibus

227 1067 266 1098 sic
277 1069 401 1098 obrutus
412 1088 419 1102 ‚
432 1077 517 1108 atque
529 1064 678 1106 oppreffus
689 1063 732 1094 est
740 1085 749 1097 ,
770 1064 857 1093 uthis
867 1062 1009 1092 ludorum
1019 1061 1124 1091 diebus
1136 1063 1184 1090 in-

227 1109 392 1150 terpositis,
411 1119 503 1139 nemo
520 1108 611 1138 istum
630 1105 919 1147 comperendinatum,
940 1104 987 1134 sed
997 1103 1183 1133 condemna-

200 1157 204 1163 '
229 1161 294 1182 tuin
302 1152 455 1192 judicaret.
479 1153 664 1193 Qapropter
672 1158 728 1189 ego
738 1168 747 1181 ,
763 1146 845 1189 quod
855 1146 889 1176 ad
900 1156 950 1176 me
960 1148 1065 1175 attinet
1076 1165 1084 1178 ,
1100 1144 1183 1184 judi-

229 1203 277 1223 ces
287 1214 295 1227 ‚
315 1195 387 1224 vici.
410 1203 474 1223 non
485 1195 568 1222 enirn
579 1191 672 1231 spolia
685 1193 718 1220 C.
728 1191 827 1220 Verris
838 1208 846 1222 ‚
867 1188 916 1218 sed
925 1186 1183 1217 existimationem

226 1235 436 1276 populiRom.
447 1235 618 1274 concupivi.
642 1235 748 1262 Meum
759 1230 816 1260 fuit
831 1240 894 1259 cum
910 1229 993 1268 causti
1003 1228 1139 1259 accedere
1149 1227 1183 1257 ad

226 1277 436 1307 accusandum.
468 1278 542 1318 Qae
553 1275 638 1306 causa
646 1272 818 1312 fuitjustior
828 1293 836 1306 ‚
857 1272 947 1312 quiim
965 1274 981 1301 ii
998 1280 1058 1301 tam
1076 1269 1184 1300 illustri

227 1320 382 1359 provincia
399 1317 587 1349 defensorem
605 1315 748 1347 constitui
767 1335 775 1348 ‚
805 1315 837 1345 δε
856 1314 946 1355 deligi
965 1317 976 1342 ?
999 1312 1185 1352 Reipublicae

227 1361 406 1390 commem?
426 1360 499 1401 quid
515 1360 577 1398 jam
589 1360 661 1398 reip.
676 1356 830 1387 honestius
840 1376 848 1389 ,
870 1358 961 1396 quarn
973 1357 1006 1384 in
1016 1363 1095 1384 tanta
1104 1355 1185 1383 invi-

227 1402 470 1442 diajudiciorum
482 1401 627 1431 adducere
637 1401 795 1429 hominem
808 1419 816 1431 ‚
837 1399 923 1438 cujus
932 1397 1125 1427 damnatione
1143 1403 1186 1423 ro-

228 1451 276 1473 rm
295 1444 355 1473 ordo
375 1454 443 1473 cum
463 1443 577 1483 populo
587 1445 680 1472 Rom.
697 1441 772 1470 &in
783 1439 868 1470 laude
881 1460 888 1472 ‚
912 1439 987 1469 &in
996 1439 1085 1479 gratia
1100 1435 1187 1477 poffit

227 1483 287 1515 esse
299 1489 310 1514 ?
327 1485 481 1515 ostendere
489 1495 520 1515 ac
528 1483 700 1524 persuadere
710 1503 718 1516 ‚
740 1483 901 1511 hominem
913 1490 1075 1510 nocentem
1093 1478 1185 1509 addu-

228 1526 315 1556 &um
325 1526 406 1557 ess'e?
425 1529 500 1568 Qis
511 1525 595 1556 estin
604 1525 718 1565 populo
729 1526 809 1554 Rom
817 1544 824 1552 .
837 1525 888 1563 qui
900 1523 957 1552 hoc
967 1532 1030 1552 non
1041 1531 1079 1551 ex
1089 1522 1186 1561 priore

227 1568 348 1599 afflone
358 1568 509 1599 abstulerit
521 1589 529 1601 ,
542 1570 685 1597 omnium
695 1565 763 1596 ante
774 1565 985 1595 damnatorum
995 1564 1112 1595 scelera,
1122 1562 1186 1592 fur-

229 1619 267 1643 ta,
279 1609 386 1651 flagitia
397 1631 405 1644 ‚
426 1609 447 1640 si
458 1612 490 1640 in
500 1619 596 1639 unum
607 1609 710 1638 iocum
720 1606 912 1637 conferantur
923 1626 931 1640 ,
951 1608 1005 1635 vix
1015 1615 1087 1635 curn
1098 1605 1186 1643 hujus

217 1661 315 1693 ‘parva
324 1661 402 1692 parte
412 1654 519 1693 aequari
530 1672 538 1686 ‚
558 1649 746 1690 conferrique
757 1647 859 1689 posse?
882 1651 962 1680 Vos⁷
983 1647 1064 1688 quod
1081 1646 1116 1676 ad
1133 1656 1186 1676 ve-

216 1702 217 1705 ’
230 1693 319 1724 stram
334 1693 447 1724 famam
458 1714 467 1727 ‚
485 1692 744 1723 existimationem
755 1711 763 1724 ‚
786 1690 970 1731 salutemque
986 1697 1184 1719 communem

228 1737 359 1776 pertinet
367 1757 377 1770 ,
398 1737 410 1776 J‘
415 1735 514 1766 udices
526 1755 533 1768 ‚
556 1734 714 1774 prospicite
723 1753 731 1766 ‚
754 1741 840 1772 atque
858 1732 1017 1762 consulite.
1047 1729 1186 1770 splendor

224 1776 325 1807 vester
340 1777 427 1811 facit,
442 1786 473 1807 ut
482 1786 600 1818 peccare
611 1774 671 1804 sine
680 1775 802 1805 summo
814 1774 928 1814 reipub.
940 1772 1123 1803 detrimento
1135 1792 1143 1805 ‚
1154 1782 1187 1802 ac

227 1819 362 1859 periculo
381 1829 444 1849 non
463 1816 584 1859 poffitis.
622 1818 697 1846 Non
715 1818 799 1846 enim
818 1815 914 1855 potest
930 1815 1040 1854 sperare
1058 1814 1186 1854 populus

230 1863 390 1891 Romanus
400 1859 541 1890 effealios
552 1861 584 1889 in
595 1859 694 1889 senatu
706 1878 715 1892 ‚
738 1860 790 1898 qui
807 1856 886 1887 reete
905 1855 1018 1896 possint
1033 1855 1163 1896 judicare
1175 1875 1183 1889 ,

228 1912 285 1932 vos
296 1901 317 1931 si
328 1913 389 1932 non
400 1903 565 1942 potueritis.
589 1898 715 1930 Necesse
725 1899 768 1929 est
779 1919 787 1933 ‚
807 1898 879 1929 cum
892 1899 927 1928 de
938 1906 1002 1928 toto
1012 1898 1118 1927 ordine
1134 1897 1186 1927 de-

219 1945 367 1984 sperarit,
385 1944 463 1974 aliud
475 1952 567 1984 genus
583 1943 766 1974 hominum,
786 1950 873 1981 atque
882 1941 970 1970 aliam
980 1941 1128 1969 rationem
1140 1940 1147 1977 J'
1154 1949 1186 1968 u-

226 1986 378 2015 diciorum
389 1994 526 2026 requirat.
558 1987 627 2014 Hoc
637 1982 658 2012 si
668 1983 754 2013 vobis
765 1982 834 2012 ideo
844 1983 939 2011 levius
950 1981 1066 2012 videtur
1075 2001 1084 2014 ‚
1103 1980 1185 2021 qued

226 2029 336 2068 putatis
345 2037 412 2056 onus
423 2027 528 2067 essegra
534 2037 565 2055 ve
574 2047 582 2059 ,
598 2023 1007 2063 (17incommodum,judicare:
1020 2023 1186 2064 intelligere

229 2069 345 2099 debetis
356 2090 364 2102 ‚
377 2071 454 2108 prim
461 2068 513 2098 um
523 2066 660 2098 interess'e
669 2086 677 2100 ‚
688 2064 788 2096 utrum
800 2065 830 2096 id
842 2076 918 2095 onus
928 2063 1100 2104 vosmetipsi
1110 2064 1185 2104 reje-

227 2113 329 2140 ceritis
341 2121 346 2139 :
365 2121 403 2140 an
414 2131 422 2144 ,
434 2110 514 2151 quod
525 2109 647 2150 probare
657 2109 771 2148 populo
780 2110 924 2137 Romano
935 2106 1025 2136 fidem
1036 2106 1161 2136 vestram
1173 2126 1181 2138 ‚

228 2152 264 2182 &
272 2152 451 2191 religionem
470 2162 534 2181 non
552 2151 709 2191 potueritis
719 2169 727 2183 ,
746 2147 783 2178 eo
795 2149 882 2178 vobis
896 2148 1050 2188 judicandi
1060 2147 1186 2186 potestas

227 2201 326 2233 erepta
335 2192 379 2222 sit.
396 2193 506 2224 deinde
514 2195 605 2222 etiam
615 2191 691 2221 illud
702 2192 838 2232 cogitate,
847 2198 959 2230 quanto
969 2189 1101 2229 periculo
1112 2199 1187 2219 ven-

227 2238 288 2265 turi
297 2233 387 2264 simus
398 2235 431 2265 ad
444 2235 706 2274 eosjudices‚quos
716 2241 834 2272 proprer
845 2231 951 2261 odium
961 2229 1049 2260 vestri
1059 2231 1186 2270 populus

229 2279 320 2307 Rom.
335 2276 372 2306 de
382 2277 470 2306 vobis
479 2277 609 2306 voluerit
622 2274 762 2313 judicare.
793 2272 909 2302 Verum
920 2272 1006 2302 vobis
1017 2271 1114 2301 dicam
1132 2272 1162 2300 id
1176 2291 1184 2304 ,

228 2318 311 2359 quod
330 2319 485 2352 intellexi,
508 2317 632 2356 judices.
663 2316 804 2345 homines
825 2315 927 2344 scitote
943 2312 1000 2343 esse
1018 2313 1160 2353 quosdam
1174 2333 1183 2346 ‚

229 2370 305 2401 quos
314 2368 431 2389 tantum
443 2359 550 2389 odium
560 2357 649 2388 vestri
658 2357 773 2387 ordinis
783 2365 880 2386 teneat
888 2375 896 2388 ‚
908 2364 941 2384 ut
950 2355 1007 2384 hoc
1017 2354 1113 2393 palam
1122 2355 1185 2393 jam

228 2400 370 2432 diEtitent
379 2422 386 2434 ,
397 2402 427 2441 fe
437 2400 519 2437 istum
530 2421 538 2434 ,
559 2410 650 2441 quern
662 2399 752 2429 sciant
761 2396 818 2428 ess’e
828 2398 988 2427 hominem
1000 2394 1186 2435 improbiss'i—

230 2453 318 2475 mum
329 2463 337 2477 ‚
358 2444 417 2473 hoc
427 2453 489 2473 uno
501 2444 629 2472 nomine
638 2440 752 2471 absolvi
761 2440 838 2469 velle
850 2459 858 2473 ‚
879 2447 913 2468 ut
921 2438 957 2468 ab
966 2438 1066 2468 senatu
1074 2437 1187 2476 judicia

227 2496 280 2526 per
290 2487 491 2527 ignominiam
503 2505 512 2518 ‚
530 2482 810 2523 turpitudinemque
820 2479 997 2511 auferantur.
1022 2481 1094 2509 Haec
1113 2488 1162 2508 me
1174 2498 1182 2511 ,

225 2528 343 2569 judices
353 2546 360 2559 ‚
377 2527 512 2566 pluribus
522 2526 620 2555 verbis
628 2545 636 2558 ,
655 2524 812 2554 vobiscum
823 2532 905 2564 agere
914 2522 1022 2563 co'e'git‚
1029 2530 1092 2550 non
1103 2521 1187 2549 timor

228 2578 305 2599 meus
315 2567 346 2596 de
356 2567 507 2607 vestrafide
516 2587 523 2601 ,
536 2567 584 2597 sed
595 2567 657 2606 spes
668 2566 794 2596 illorum
804 2574 893 2597 nova,
904 2572 970 2604 quae
979 2561 1050 2592 cum
1059 2565 1185 2592 Verrem

229 2611 246 2642 ὲ
262 2618 345 2651 porta
355 2609 453 2639 subito
471 2609 506 2639 ad
525 2609 674 2647 judicium
692 2604 872 2639 retraxisset,
892 2605 1036 2635 nonnulli
1052 2603 1187 2643 suspicati

230 2654 299 2684 sunt
309 2661 373 2681 non
384 2649 442 2681 fine
453 2651 535 2681 causa
545 2651 630 2680 illius
646 2648 807 2680 consilium
818 2657 878 2678 tarn
888 2645 1011 2686 repente
1020 2644 1077 2675 ess'e
1087 2653 1186 2675 muta-

186 2701 208 2734 9
230 2704 308 2725 tum.
341 2695 450 2726 Nunc,
472 2703 509 2722 ne
520 2702 603 2722 novo
613 2692 811 2732 querimoniae
821 2699 927 2730 genere
945 2690 988 2718 uti
1004 2684 1094 2728 poss'it
1104 2689 1185 2716 Hor—

230 2735 338 2767 tensius
350 2756 357 2768 ,
372 2733 405 2764 &
414 2744 446 2764 ea
455 2733 552 2763 dicere
562 2753 570 2767 ,
582 2734 712 2773 opprimi
724 2741 808 2761 reum
822 2751 830 2765 ‚
844 2731 880 2760 de
890 2740 950 2771 quo
962 2729 1042 2759 nihil
1052 2728 1129 2758 dicat
1138 2738 1186 2758 ac-

229 2778 343 2810 cusator
355 2788 360 2807 ;
377 2776 451 2805 mhi(
455 2774 504 2813 effe
513 2783 573 2805 tam
576 2774 763 2817 periculosum
764 2773 886 2813 fortunis
897 2765 1186 2811 mnocentiumqulrra

268 2897 292 2914 i.
314 2891 373 2914 Utar
389 2888 492 2913 oratione
506 2886 645 2920 perpetuat]
666 2884 788 2910 Lambini
808 2883 938 2911 editiones
950 2881 1103 2919 respuerunt
1114 2879 1181 2906 illud

225 2931 339 2958 perpetua
352 2943 358 2954 ‚
370 2921 439 2958 quod
452 2929 536 2948 tamen
549 2922 573 2947 in
585 2922 642 2947 aliis
653 2920 713 2946 edd.
726 2922 752 2946 ὃ(
764 2920 832 2946 Pall.

266 2969 294 2985 2.
314 2963 372 2986 Mea
381 2959 452 2991 causa
461 2957 523 2990 den]
535 2956 662 2983 Asconius
672 2955 761 2983 laudat
773 2975 781 2988 ,
792 2956 863 2982 dedit.
882 2954 951 2982 Pau.
962 2952 1055 2988 Cujac.
1067 2951 1182 2988 edd.que

228 3005 280 3023 non
290 2994 387 3022 abeunt
399 2995 413 3019 ἠ
427 2993 541 3027 vulgata.

267 3040 279 3063 ξ
287 3052 292 3057 .
312 3032 377 3056 mam
385 3031 488 3056 Aciliam
496 3031 563 3060 lectt-m
572 3027 688 3061 restitum]
709 3027 806 3053 Probat
816 3027 880 3054 hanc
891 3026 1034 3053 lettionem
1046 3025 1112 3051 Ant.
1124 3025 1182 3050 Au-

228 3063 324 3104 gustin.
336 3066 405 3092 libro
414 3064 447 3090 de
459 3063 572 3099 Legibus
586 3083 593 3096 ‚
605 3063 739 3098 exstatque
750 3064 775 3089 in
787 3063 844 3089 mss.
856 3063 948 3089 nostris
959 3063 985 3088 8<
997 3062 1062 3087 olim
1073 3060 1182 3096 impres-

228 3104 269 3130 fis.
289 3102 330 3128 scd
341 3102 411 3128 enim
425 3101 592 3127 Hotomanus
603 3099 759 3134 suppositum
770 3099 791 3124 it
803 3118 810 3130 ,
829 3101 893 3124 illam
903 3101 1028 3132 antiquam
1040 3117 1049 3132 ,
1066 3104 1111 3126 aut
1119 3099 1183 3124 Illam

227 3141 361 3174 Caeciliam5
372 3138 416 3174 qui
426 3135 576 3164 consulatur
586 3135 634 3164 lib.
649 3144 671 3162 i.
683 3134 812 3163 observat.
823 3144 878 3172 cap.
895 3142 937 3170 η..

1234 103 1762 179 Οῐοεκρκιε

1230 188 1318 213 tacere
1335 183 1524 224 adversarios:
1546 182 1629 213 &ne
1646 183 1749 217 aliter,
1767 181 1858 224 quarn
1875 190 1930 225 ego
1947 182 2072 219 velim‚'
2083 193 2188 218 meum

1231 224 1331 255 laudet
1339 227 1498 267 ingenium
1511 236 1518 255 :
1536 234 1608 256 cum
1618 225 1697 255 dicat
1707 244 1716 259 ,
1729 234 1779 255 me
1789 245 1798 259 ‚
1815 224 1835 255 si
1846 226 1939 256 multa
1948 224 2089 257 dixifl‘em
2098 247 2108 260 ‚
2120 227 2189 258 sub·

1231 266 1399 298 levaturum
1409 266 1497 298 fuiss'e
1507 277 1577 297 eum
1587 286 1595 300 ,
1609 277 1702 308 quem
1712 275 1814 297 contra
1822 267 1954 298 dicerem
1965 279 1971 297 τ
1990 270 2059 309 quia
2067 278 2133 299 non
2140 269 2187 300 di-

1229 310 1327 338 xerim
1342 329 1351 343 ,
1368 308 1542 350 perdidiffe:
1559 319 1680 339 morem
1690 309 1736 338 illi
1745 318 1845 350 geram
1857 319 1863 338 ;
1881 311 1894 328 ¹
1907 318 1970 339 utar
1979 312 2114 340 oratione
2121 319 2190 351 per-

1229 359 1333 390 petua:
1353 362 1416 381 non
1426 352 1573 392 quoniam
1590 352 1648 380 hoc
1658 348 1693 380 sit
1708 349 1839 380 necesse:
1860 349 1967 381 verum
1982 360 2015 381 ut
2034 354 2187 391 experiar,

1231 400 1332 422 utrum
1349 393 1401 423 ille
1419 393 1492 423 serat
1506 390 1664 422 molestius
1675 411 1683 425 ‚
1703 401 1752 421 rne
1762 400 1833 422 tunc
1843 390 1963 423 tacuiss‘e
1976 412 1985 426 ,
2002 402 2040 423 an
2051 403 2134 424 nunc
2142 393 2189 424 di-

1229 443 1304 464 cere.
1336 432 1395 465 Hic
1411 443 1443 464 tu
1453 432 1571 464 fortasse
1582 435 1639 463 eris
1649 433 1778 474 diligens
1787 452 1795 467 ‚
1816 443 1854 463 ne
1863 443 1954 474 quam
1964 445 2019 476 ego
2028 435 2134 465 horam
2150 434 2190 466 de

1231 477 1307 505 meis
1318 475 1460 517 legitimis
1470 477 1552 506 horis
1563 477 1723 505 remittam.
1755 473 1811 505 nisi
1827 477 1915 506 omni
1932 485 2067 516 tempore
2080 496 2088 510 ,
2106 475 2188 518 quod

1231 518 1309 547 mihi
1320 518 1383 559 lege
1392 516 1566 548 concessum
1577 516 1619 547 est
1628 537 1636 549 ‚
1647 516 1754 546 abusus
1765 527 1816 547 ero
1827 536 1836 550 ‚
1856 517 1994 558 querere:
2016 518 2109 550 deum
2118 538 2127 553 ‚
2143 526 2190 549 at-

1229 569 1286 599 que
1297 560 1460 590 hominum
1473 558 1566 589 fidem
1577 558 1768 598 implorabis:
1787 561 2002 590 circumveniri
2012 562 2186 594 C.Verrem,

1228 601 1311 641 quod
1330 602 1478 632 accusator
1495 601 1575 631 nolit
1593 599 1708 630 tamdiu
1730 620 1739 634 ‚
1766 601 1913 641 quamdiu
1930 601 2018 632 liceat
2037 622 2046 635 ,
2078 601 2187 632 dicere.

1229 646 1325 683 Qon
1345 653 1430 673 Mini
1450 643 1499 673 lex
1510 647 1524 662 2
1536 651 1603 673 mea
1611 642 1694 672 causa
1702 642 1753 672 det
1762 663 1771 675 ,
1792 652 1828 672 eo
1840 643 1917 672 mihi
1929 645 1972 673 uti
1989 653 2054 674 non
2064 643 2165 674 licebit
2174 646 2188 673 ,²

1231 687 1312 716 Nam
1322 684 1476 716 accusandi
1485 685 1564 714 mihi
1573 693 1690 724 tenipus
1700 693 1768 714 mea
1776 683 1860 715 causa
1868 685 1972 715 datum
1986 684 2028 715 est
2040 705 2048 718 .
2070 691 2104 715 ut
2120 686 2190 725 pos-

1229 726 1291 756 sem
1302 729 1438 757 oratione
1449 736 1516 756 mea
1523 727 1662 759 crimina,
1673 726 1848 766 causamque
1858 727 2014 766 explicare.
2025 728 2083 757 hoc
2092 725 2115 756 fi
2124 736 2190 758 non

1229 777 1298 798 utor
1308 788 1316 801 ‚
1338 778 1402 799 non
1412 768 1467 798 tibi
1481 769 1624 808 injuriam
1634 767 1711 797 facio
1721 787 1730 801 ,
1750 767 1800 797 sed
1811 767 1846 797 de
1858 778 1929 798 meo
1936 769 2003 808 jure
2011 767 2142 809 aliquid,
2154 768 2189 800 &¹

1227 810 1394 840 commodo
1405 810 1536 840 detraho.
1561 809 1683 839 Causam
1694 811 1779 838 enim
1789 829 1797 842 ,
1810 811 1926 850 inquit,
1947 811 2090 851 cognosci
2099 820 2190 850 opor-

1228 860 1277 880 tet.
1302 854 1343 882 Ea
1360 861 1390 882 re
1405 851 1528 892 quidem
1540 871 1548 885 ‚
1568 850 1650 892 quod
1668 850 1752 880 aliter
1769 851 1942 880 condemnari
1959 861 2020 881 rem
2029 872 2037 886 ‚
2058 853 2190 893 quamvis

1223 892 1265 933 sit
1274 903 1367 922 nocens
1375 913 1383 927 ‚
1402 904 1453 922 non
1461 892 1562 934 potest.
1595 892 1629 922 Id
1639 894 1730 934 igitur
1739 902 1771 922 tu
1781 892 1909 923 moleste
1920 893 2013 924 tulisti
2023 914 2032 928 ‚
2050 894 2068 924 ὲ
2076 903 2126 924 me
2134 894 2192 924 ali·

1229 935 1303 975 quid
1312 934 1427 965 sanstum
1437 933 1505 969 effe,
1516 944 1577 976 quo
1588 934 1691 964 minsis
1702 933 1756 964 iste
1766 935 1961 965 condemnari
1972 934 2088 976 poffet?
2102 938 2184 967 Nam

1231 979 1254 1006 C
1262 986 1284 1006 A
1293 986 1316 1006 u
1326 986 1338 1006 s
1348 986 1371 1006 A
1403 985 1422 1006 c
1430 986 1449 1007 o
1458 987 1478 1006 c,
1488 987 1511 1006 N
1520 987 1531 1006 1
1541 986 1561 1006 τ
1571 985 1593 1006 Α
1620 976 1712 1006 multi
1729 975 1850 1016 poss‘unt
1869 977 1985 1007 absolvi
2006 988 2012 1007 :
2034 978 2190 1019 incognita

1229 1018 1354 1059 quidem
1369 1018 1564 1049 condemnari
1583 1027 1677 1048 nemo
1692 1017 1799 1057 potest.
1831 1018 1945 1049 Adimo
1962 1021 2046 1050 enim
2064 1029 2189 1059 compe-

1229 1059 1423 1090 rendinatum
1435 1070 1441 1089 ;
1464 1060 1546 1101 quod
1557 1059 1644 1089 habet
1663 1060 1756 1089 lexin
1766 1060 1794 1090 se
1805 1058 2050 1091 molestissimum
2062 1080 2070 1094 ,
2090 1061 2137 1091 bis
2155 1068 2190 1092 ut

1228 1101 1311 1131 causa
1329 1102 1451 1132 dicatur.
1473 1101 1555 1142 quod
1572 1110 1621 1131 aut
1635 1111 1701 1131 mea
1709 1102 1794 1132 causa
1802 1104 1902 1142 potius
1912 1101 1956 1132 est
1965 1101 2164 1133 constitutum
2174 1121 2185 1136 ‚

1229 1144 1319 1184 quim
1330 1152 1394 1173 tua:
1415 1152 1465 1174 aut
1480 1143 1581 1173 nihilo
1600 1152 1648 1172 tua
1665 1142 1768 1182 potius
1779 1163 1787 1176 ‚
1801 1144 1891 1183 quain
1904 1153 1978 1173 mea.
2004 1146 2085 1174 Nam
2102 1143 2124 1174 fi
2139 1143 2188 1174 bis

1229 1186 1328 1215 dicere
1346 1184 1388 1215 est
1406 1184 1626 1215 commodum:
1647 1185 1726 1214 certe
1738 1186 1886 1225 utriusque
1897 1195 2062 1216 commune
2081 1184 2133 1216 est.
2155 1186 2188 1218 Si

1229 1238 1311 1270 eum,
1321 1229 1372 1267 qui
1380 1225 1508 1267 posterius
1516 1226 1604 1259 dixit,
1614 1235 1689 1265 opus
1699 1224 1743 1255 est
1749 1226 1896 1268 redargui:
1907 1228 2078 1258 accusatoris
2089 1228 2184 1261 causti,

1229 1278 1261 1299 ut
1272 1269 1317 1298 bis
1326 1278 1466 1309 ageretur,
1477 1267 1675 1298 constitutum
1686 1266 1737 1297 est.
1752 1270 1878 1302 Verum,
1891 1278 1922 1298 ut
1932 1271 2051 1308 opinor,
2063 1270 2188 1300 Glaucia

1230 1312 1346 1350 primus
1356 1311 1442 1344 tulit,
1454 1319 1486 1340 ut
1494 1309 1811 1349 comperendinaretur
1818 1320 1894 1340 reus.
1911 1320 1995 1341 antea
2004 1312 2051 1341 vel
2058 1310 2186 1351 judicari

1231 1351 1331 1392 primo
1339 1361 1463 1392 poterat,
1475 1351 1524 1382 vel
1533 1351 1662 1391 amplius
1671 1353 1870 1391 pronuntiari.
1890 1355 1996 1383 Utram
2005 1355 2096 1394 igitur
2103 1361 2189 1393 putas

1231 1395 1330 1435 legem
1349 1395 1546 1424 molliorem?
1567 1395 1676 1433 opinor
1684 1393 1769 1423 illam
1780 1403 1912 1424 veterem
1922 1414 1929 1427 ‚
1941 1405 1998 1435 qua
2006 1396 2053 1425 vel
2062 1393 2126 1425 citt>
2135 1394 2187 1425 ab-

1234 1437 1330 1470 solvi,
1347 1437 1396 1466 vel
1407 1435 1486 1466 tarde
1504 1435 1699 1465 condemnari
1716 1434 1830 1465 licebat.
1854 1439 1918 1476 Ego
1929 1438 1983 1466 tibi
1999 1440 2011 1463 3
2023 1437 2107 1466 illam
2117 1437 2188 1467 Aci-

1232 1478 1304 1508 liam
1323 1478 1420 1519 legem
1430 1476 1551 1507 restituo
1562 1497 1570 1510 ,
1591 1486 1648 1517 qua
1658 1477 1720 1516 lege
1731 1477 1821 1506 multi
1830 1477 1923 1507 semel
1933 1479 2055 1508 accusati
2064 1498 2073 1512 ‚
2093 1477 2187 1509 semel

1233 1519 1313 1549 dieta
1321 1519 1414 1553 causa,
1426 1519 1516 1549 semel
1527 1520 1634 1548 auditis
1645 1518 1974 1551 testibus‚condemnati
1985 1520 2064 1554 sunt,
2075 1529 2189 1561 nequa-

1231 1572 1322 1603 quam
1339 1570 1399 1591 tarn
1419 1559 1584 1590 manifestis
1597 1580 1605 1593 ‚
1624 1569 1722 1600 neque
1740 1562 1829 1590 tantis
1846 1561 2025 1591 criminibus
2039 1582 2047 1596 ,
2070 1563 2190 1602 quantis

1231 1614 1267 1634 tu
1278 1604 1477 1634 convinceris.
1500 1611 1570 1642 puta
1579 1611 1607 1632 te
1618 1611 1682 1631 non
1692 1603 1746 1631 hac
1756 1610 1817 1632 tam
1826 1605 1915 1632 atroci
1926 1624 1934 1635 ‚
1949 1603 1997 1633 sed
2006 1604 2055 1634 illa
2066 1609 2122 1644 lege
2130 1604 2189 1633 mi-

1231 1646 1339 1684 tiffima
1347 1645 1463 1676 causam
1475 1644 1581 1677 dicere.
1599 1643 1752 1674 Accusabo
1764 1654 1769 1673 :
1780 1644 1981 1684 respondebis.
1992 1644 2114 1675 testibus
2123 1645 2189 1675 cdi-

1231 1690 1287 1722 tis,
1301 1689 1340 1717 ita
1350 1689 1470 1717 mittam
1480 1688 1512 1716 in
1521 1685 1682 1719 consilium
1692 1705 1700 1719 2
1718 1694 1751 1715 ut
1759 1706 1767 1720 ,
1787 1685 1901 1716 etiamsi
1910 1687 1959 1717 lex
1969 1686 2133 1728 ampliandi
2142 1686 2190 1719 fa-

1230 1732 1287 1760 ciat
1297 1728 1471 1769 potestatem
1483 1749 1492 1761 ‚
1516 1737 1618 1758 tamen
1627 1727 1676 1761 isti
1685 1736 1768 1767 turpe
1777 1726 1830 1758 fibi
1841 1727 2016 1759 existiment
2024 1749 2033 1763 ‚
2055 1738 2118 1759 non
2126 1730 2188 1769 pri-

1234 1773 1287 1801 mo
1295 1771 1436 1810 judicare.
1455 1768 1571 1800 Verum
1582 1789 1590 1802 ,
1603 1768 1624 1799 fi
1632 1769 1748 1803 causam
1759 1770 1900 1811 cognosci
1909 1780 1984 1810 opus
1994 1770 2035 1801 est
2045 1791 2053 1805 ,
2066 1780 2186 1811 parum-
2208 1773 2250 1800 10

1233 1824 1271 1844 ne
1281 1815 1399 1855 cognita
1407 1811 1451 1842 est
1460 1814 1471 1841 ?
1481 1810 1714 1845 dissimulamus,
1725 1810 1866 1845 Hortensi
1874 1832 1886 1846 ,
1900 1812 1981 1853 quod
1991 1812 2065 1853 fiepe
2072 1813 2190 1853 experti

1233 1857 1267 1885 in
1277 1855 1405 1886 dicendo
1415 1854 1528 1885 sumus.
1547 1855 1614 1895 quis
1629 1862 1686 1882 nos
1696 1863 1877 1894 magnopere
1893 1854 2019 1884 attendit
2027 1865 2186 1896 umquam,

1234 1900 1267 1927 in
1278 1898 1336 1927 hoc
1345 1896 1467 1937 quidem
1477 1905 1585 1936 genere
1594 1895 1814 1927 causarum‚ubi
1823 1895 1937 1936 aliquid
1947 1905 2092 1936 ereptum,
2112 1901 2130 1925 4
2139 1905 2188 1928 aut

1234 1940 1366 1969 ablatum
1375 1938 1389 1968 a
1399 1947 1542 1979 quopiam
1552 1937 1680 1967 dicitur?
1694 1946 1798 1966 nonne
1808 1946 1857 1967 aut
1866 1940 1898 1967 in
1908 1935 2008 1969 tabula
2017 1958 2026 1972 ,
2044 1947 2094 1969 aut
2102 1941 2135 1969 in
2146 1946 2190 1969 re-

1226 1979 1316 2016 stibm
1332 1990 1434 2010 omnis
1444 1978 1624 2019 exspeehtio
1634 1978 1769 2015 iudicum
1780 1978 1821 2009 est
1833 1981 1843 2008 .>
1865 1981 1941 2010 Dixi
1949 1982 2047 2019 prima
2056 1980 2187 2015 actione,

1232 2033 1282 2052 me
1292 2023 1415 2062 planum
1428 2020 1483 2051 esse
1497 2020 1648 2051 facturum
1658 2040 1667 2054 ‚
1691 2023 1722 2050 C.
1734 2023 1858 2051 Verrem
1876 2031 1928 2051 11-s
1946 2022 2189 2064 quadringenties

1232 2074 1335 2094 contra
1344 2064 1442 2105 legem
1454 2083 1461 2097 ‚
1473 2061 1632 2093 abstulisse.
1652 2061 1732 2101 Qid
1744 2065 1754 2091 ?
1770 2064 1827 2093 hoc
1837 2062 1956 2102 planius
1964 2062 2086 2104 egiss'em
2095 2085 2104 2098 .
2117 2063 2138 2094 fi
2147 2065 2189 2096 ita

1232 2104 1388 2136 narrafl'em
1400 2108 1410 2134 ?
1420 2107 1483 2135 Dio
1493 2104 1615 2145 quidam
1623 2103 1682 2133 fuit
1691 2102 1849 2133 Halesinus
1861 2116 1866 2133 :
1877 2106 1942 2145 qui,
1953 2103 2024 2135 cum
2035 2106 2098 2145 ejus
2108 2104 2186 2140 filio,=

1231 2157 1354 2187 praetore
1365 2146 1519 2177 Sacerdote
1530 2165 1538 2179 ‚
1558 2145 1704 2175 hereditas
1714 2144 1730 2175 a
1738 2147 1909 2186 propinquo
1918 2156 2077 2187 permagna
2086 2148 2189 2179 venis·
2225 2147 2230 2150 ”

1231 2190 1273 2220 set
1283 2208 1292 2222 ,
1304 2189 1381 2218 nihil
1392 2187 1495 2217 habuit
1504 2196 1602 2227 neque
1611 2188 1743 2227 negotii,
1764 2196 1861 2228 neque
1871 2187 2086 2219 controverfiae.
2110 2191 2187 2220 Ver-

1230 2240 1275 2259 res
1286 2251 1294 2263 ,
1306 2228 1428 2259 simulac
1438 2230 1532 2269 tetigit
1541 2238 1741 2267 provrnmarn,
1753 2227 1853 2258 statim
1873 2233 1887 2256 5
1898 2228 2063 2260 Meflanam
2072 2231 2185 2262 litteras
2219 2243 2222 2245 ’
2244 2219 2247 2223 Δ
2278 2223 2284 2253 ἶ

1229 2271 1326 2301 dedit:
1345 2273 1481 2300 Dionem
1493 2270 1642 2300 evocavit:
1655 2270 1868 2299 calumniatores
1878 2271 1980 2312 exfhm
1986 2271 2037 2311 suo
2047 2273 2186 2314 appofin'r,

1231 2315 1283 2354 qui
1300 2312 1385 2342 illam
1397 2311 1590 2341 hereditatem
1603 2314 1713 2341 Veneri
1725 2314 1859 2351 Erycinae
1870 2312 2062 2344 commissam
2072 2313 2129 2344 effi?
2137 2314 2187 2345 di-

1231 2363 1340 2384 cerent.
1359 2355 1412 2384 hac
1431 2353 1467 2383 de
1485 2363 1515 2382 re
1533 2352 1662 2383 ostendit
1681 2354 1810 2393 seipsum
1828 2358 2031 2396 cogniturum.
2062 2354 2184 2387 Pofl'um

1232 2396 1373 2435 deinceps
1393 2404 1486 2425 totam
1507 2404 1571 2424 rem
1591 2395 1737 2434 explicare
1757 2406 1762 2425 ;
1785 2396 1894 2426 deinde
1912 2396 1947 2427 ad
1959 2406 2130 2428 extremum
2142 2398 2184 2432 id,

1228 2437 1309 2477 quod
1328 2437 1432 2467 accidit
1440 2456 1448 2470 ‚
1467 2437 1564 2466 dicere
1577 2447 1582 2465 :
1601 2439 1738 2467 Dionem
1757 2446 1811 2467 11-s
1829 2438 1927 2468 decies
1947 2447 2072 2471 centena
2087 2439 2186 2471 millia

1230 2477 1398 2508 numerass'e
1408 2498 1416 2511 ‚
1429 2487 1460 2508 ut
1469 2479 1584 2508 ciuiliim
1595 2477 1789 2509 certiss'imam
1798 2479 1962 2510 obtineret:
1973 2489 2111 2520 praeterea
2134 2491 2186 2511 re·-

1228 2530 1278 2560 ges
1290 2530 1431 2560 equarum
1442 2521 1504 2559 ejus
1515 2518 1605 2551 istum
1615 2520 1777 2561 abigendos
1785 2519 1895 2551 curafl‘e
1907 2531 1912 2550 :
1931 2524 2042 2562 argenti
2051 2542 2060 2556 ‚
2078 2532 2115 2552 ve
2147 2523 2185 2554 's-

1230 2572 1287 2602 que
1297 2561 1429 2603 stragulae
1438 2561 1519 2602 quod
1529 2561 1636 2595 fuerit,
1655 2561 1764 2592 curasse
1773 2562 1980 2593 auferendum.
2004 2566 2076 2595 Haec
2085 2574 2183 2605 neque

1230 2603 1301 2633 curn
1313 2614 1367 2644 ego
1375 2603 1506 2634 dicerem
1517 2623 1525 2637 ‚
1537 2613 1634 2644 neque
1644 2602 1716 2633 cum
1727 2613 1757 2634 tu
1768 2614 1887 2646 negares
1902 2625 1910 2638 ‚
1918 2607 2018 2647 magni
2028 2607 2182 2637 momenti

1229 2644 1329 2675 nostra
1338 2643 1410 2675 cffct
1418 2647 1523 2675 oratio.
1546 2647 1616 2686 Qo
1626 2653 1760 2686 tempore
1769 2647 1859 2688 igitur
1878 2644 1893 2666 ⁶
1902 2657 1989 2676 aurea
1996 2647 2086 2686 jadex
2096 2647 2183 2688 enge-

1230 2694 1271 2716 ret
1282 2707 1290 2720 ,
1309 2689 1507 2727 animumque
1516 2686 1699 2717 attenderet?
1723 2686 1796 2718 curn
1807 2689 1871 2717 Dio
1880 2688 1939 2727 ipse
1949 2689 2080 2728 prodiret
2091 2709 2099 2723 ‚
2110 2699 2181 2721 cum

1228 2730 1384 2769 ceteri‚qui
1394 2738 1458 2758 tum
1471 2731 1503 2758 in
1511 2729 1612 2758 Sicilia
1619 2731 1747 2770 negotiis
1755 2731 1868 2759 Dionis
1878 2728 2078 2760 interfuissent
2087 2733 2101 2761 ι’
2109 2729 2182 2761 cum

1228 2780 1281 2810 per
1290 2780 1340 2801 eos
1348 2770 1429 2811 ipsos
1440 2770 1503 2800 dies
1513 2790 1522 2804 ‚
1535 2780 1587 2811 per
1595 2780 1671 2811 quos
1679 2771 1795 2803 causam
1806 2773 1869 2804 Dio
1879 2770 2000 2806 diceret,
2010 2774 2183 2813 reperiretur

1965 2824 1970 2828 ·
2093 2824 2185 2854 pecu-

1263 2889 1291 2921 ς..
1311 2885 1376 2908 eAut
1385 2883 1492 2907 ablatum
1500 2883 1515 2907 ii
1526 2886 1631 2915 <pm-*iam
1641 2883 1753 2917 ditifica]
1767 2883 1834 2909 Pali.
1845 2883 2025 2914 duobus,iteni
2035 2883 2097 2910 edd.
2113 2885 2184 2911 anti·

1228 2926 1285 2979 Egi?
1291 2917 1513 2979 ἒίὶῖςίιὶίἒὲΐεεροέῑῑο
1523 2927 1548 2945 a.
1559 2918 1608 2945 fiee.
1618 2926 1744 2955 praetei·ea
1754 2918 1830 2946 habet
1839 2922 1965 2953 quoipiam.
1976 2920 2046 2955 quod
2058 2920 2182 2948 ultimum

1247 3024 1251 3028 ⁴
1267 2997 1291 3019 ς.
1312 2962 1446 3021 ΛΞι-[Ιάηαιη
1455 2990 1549 3015 litteras
1557 2989 1645 3024 dodim]
1660 2991 1762 3017 Anton.
1773 2990 1936 3026 Augustinus
1948 2992 2057 3026 Mtffana
2067 2991 2181 3023 volebat.

1229 3023 1351 3050 videatur
1361 3024 1482 3051 Ursinus.

1265 3060 1292 3085 6.
1311 3061 1609 3100 effi11·erj11dexea·{qerct.]
1621 3061 1781 3091 Gulielmius
1792 3062 1936 3092 inclinabat
1946 3063 2047 3100 legere,
2056 3065 2180 3097 arrigem.

1229 3095 1322 3124 eodeni
1333 3095 1419 3125 tendit
1431 3097 1548 3134 vulgata.
1725 3100 1731 3110 ‘

2090 3172 2183 3200 {Jer-

2282 945 2287 1204 Ι

2283 871 2288 944 ξ

2283 1208 2286 1237 l

2281 1411 2295 1480 {i

2279 1493 2295 1694 l

2286 1719 2295 1816 5
