2302 3353
495 160 570 190 nn
615 143 1032 191 Iuvnu'rmun
1079 145 1467 191 RHETontcA
1512 140 1735 189 L1n.11.

147 228 210 270 ipsa
218 227 290 270 quid
300 225 343 262 fit,
355 223 584 257 definitionibus
592 223 741 264 quaeritur.
772 220 883 251 Iisdem
893 230 994 251 autem
1002 232 1041 252 ex
1051 223 1099 251 lo-

133 273 192 301 'cis
210 269 369 301 omnibus,
396 265 507 307 quibus
524 263 681 295 definitiva
700 261 895 296 constitutio,
917 261 1097 292 tractabitur.

149 314 243 342 Nunc
253 331 262 343 ,
282 307 421 348 expositis
431 309 470 337 iis
477 305 788 346 argumentationibus
799 324 808 337 ,
829 313 894 344 quae
914 305 946 333 in
955 302 1098 341 judiciale

147 353 297 383 causarum
315 359 407 392 genus
424 346 691 379 accommodantur
700 366 709 379 ,
729 345 868 385 deinceps
888 347 920 374 in
929 344 1100 374 deliberati-

145 403 220 425 vum
238 402 331 433 genus
350 391 384 421 δε
401 388 671 420 demonstrativum
681 407 691 422 ,
718 386 946 429 argumentandi
963 385 1046 415 locos
1066 385 1099 415 &

144 442 288 476 praecepta
297 433 434 463 dabimus
446 452 454 465 ‚
475 440 539 461 non
556 428 619 470 quo
638 439 702 459 non
721 431 755 459 in
772 428 870 469 aliqua
881 426 1099 457 constitutione

146 477 249 506 omnis
267 474 383 514 semper
400 473 482 503 causa
489 472 619 502 versetur
631 483 640 505 3
658 470 707 501 sed
717 480 756 511 qu
761 472 785 500 ia
793 471 907 510 proprii
916 467 1036 499 tantum
1046 469 1099 498 ha-

146 526 215 547 tum
225 515 376 546 causarum
386 514 509 555 quidam
519 514 580 543 loci
590 512 658 543 sunt
665 533 679 545 ‚‚
691 522 755 542 non
765 511 781 542 a
790 510 1007 541 constitutione
1018 510 1099 550 sepa-

145 560 210 592 rati,
222 557 271 588 sed
281 556 316 587 ad
330 555 416 586 fineis
427 557 535 586 horum
544 564 688 595 generum
699 552 929 584 accommodati.
953 561 1025 581 nam
1035 552 1099 591 pla-

146 608 203 634 cet,
214 601 248 629 in
255 597 391 639 judiciali
399 607 507 638 genere
519 596 613 626 finem
623 593 681 625 esse
690 597 862 635 aequitatem
873 614 881 627 ‚
892 594 951 623 hoc
960 592 1014 625 est,
1031 603 1099 632 par-

147 649 208 672 tem
225 639 376 681 quandam
394 638 567 669 honestatis.
589 639 624 667 in
631 636 826 666 deliberativo
834 644 934 665 autem
944 633 1099 664 Aristoteli

144 683 241 724 placet
252 682 410 711 utilitatem
422 701 429 714 ‚
450 680 540 710 nobis
551 680 584 709 δε
593 677 779 708 honestatem
791 697 799 710 ‚
820 677 853 706 δε
871 677 1041 706 utilitatem.
1064 677 1098 705 in

146 723 383 754 demonstrativo
392 731 490 752 autem
503 742 512 754 ,
531 719 726 750 honestatem.
759 721 857 759 Qare
866 719 899 748 in
910 718 969 747 hoc
977 726 1098 758 quoque

145 774 252 807 genere
262 765 353 795 causae
363 763 499 805 quaedam
507 762 774 803 argumentationes
784 761 1008 791 communiter,
1019 768 1052 788 ac
1062 757 1098 787 s1-

147 807 262 836 militcr
281 805 482 836 t1·a‹?tabuntur
493 814 499 832 :
519 802 654 843 quaedam
673 802 828 841 separatius
846 801 882 831 ad
901 799 995 831 finem
1006 819 1014 833 ,
1034 799 1096 840 quo

145 847 249 878 referri
257 857 383 878 omnem
394 848 539 876 rationem
548 852 666 884 oportet
675 863 684 876 ,
707 842 914 883 adjungentur.
949 844 1046 882 Atque
1063 851 1098 871 u-

146 889 354 929 uiuscujusque
363 886 586 917 constitutionis
597 884 772 924 exemplum
782 884 947 924 supponere
958 893 1023 913 non
1032 892 1098 923 gra-

144 940 293 963 varemur,
303 927 441 959 nifiillud
449 927 630 961 videremus,
641 925 899 967 quemadmodum
910 935 954 961 res
965 924 1098 955 obscurae

147 971 275 1002 dicendo
287 969 391 1000 fierent
399 971 574 1010 apertiores:
589 966 627 998 fic
637 977 682 998 res
692 976 803 1008 apertas
814 987 822 1000 ‚
835 967 1022 997 obscuriores
1033 964 1095 995 fieri

81 1021 102 1053 5
108 1022 127 1048 2
147 1015 288 1055 oratione.
309 1015 340 1042 N
343 1022 401 1042 unc
409 1011 444 1042 ad
453 1011 675 1042 deliberationis
683 1018 828 1050 praecepta
834 1018 953 1049 pergam
959 1018 999 1037 us.
1029 1009 1096 1038 RE-

69 2024 114 2058 53

146 1065 218 1086 RuM
235 1053 468 1094 expetendarum
486 1055 541 1083 tria
559 1062 665 1094 genera
681 1052 760 1082 sunt.
784 1054 835 1082 Par
843 1059 941 1081 autem
952 1059 1096 1080 numerus

143 1097 334 1126 vitandarum
344 1105 382 1126 ex
393 1096 537 1125 contraria
545 1104 634 1135 parte.
654 1096 735 1124 Nam
745 1091 788 1123 est
796 1090 937 1133 quiddam
944 1090 1037 1132 ,quod
1049 1091 1065 1120 s
1063 1100 1098 1120 ua

143 1140 174 1168 vi
186 1148 242 1168 nos
253 1138 363 1168 alliciat
371 1137 407 1167 ad
418 1137 489 1171 sese,
499 1146 564 1166 non
573 1136 784 1166 emolumento
793 1142 911 1174 captans
922 1133 1033 1173 aliquo,
1046 1131 1095 1161 sed

140 1180 259 1210 trahens
269 1181 318 1210 sua
324 1179 481 1219 dignitate:
503 1177 584 1218 quod
594 1187 688 1219 genus
699 1198 708 1210 ‚
718 1178 811 1207 virtus
823 1196 832 1209 ,
844 1175 976 1208 scientia,
987 1175 1096 1204 veritas

144 1220 196 1256 est.
227 1221 320 1251 Aliud
330 1230 432 1250 autem
442 1230 506 1250 non
512 1228 636 1259 propter
644 1220 726 1250 suam
736 1221 801 1248 vim
817 1217 850 1247 &
868 1225 1003 1247 naturam
1016 1236 1024 1249 ,
1045 1214 1094 1245 sed

143 1272 261 1303 propter
263 1261 403 1301 frustum,
414 1271 501 1302 atque
511 1259 859 1301 utilitatem‚,petendum
873 1269 878 1287 z
897 1256 979 1299 quod
989 1266 1094 1299 genus,

142 1306 268 1345 pecunia
285 1303 339 1334 est.
369 1303 422 1334 Est
433 1301 529 1343 »porro
547 1302 690 1343 quiddam
702 1312 747 1333 ex
764 1302 874 1331 horum
884 1299 1016 1339 partibus
1022 1299 1095 1338 jun-

143 1345 229 1376 &utn
241 1366 248 1379 ‚
260 1345 342 1386 quod
353 1345 385 1375 &
397 1346 445 1375 sua
453 1346 503 1378 vi,
524 1344 557 1374 ὃς
566 1344 710 1384 dignitate
720 1353 776 1373 nes
786 1341 927 1373 induetos
937 1340 1021 1371 ducit
1030 1360 1038 1373 ,
1061 1340 1094 1370 Sc

141 1398 200 1428 prae
210 1388 238 1418 se
247 1387 396 1428 quandam
405 1388 480 1427 gerit
489 1386 651 1416 utilitatem
664 1405 673 1419 ‚
692 1395 753 1426 quo
763 1385 858 1425 magis
866 1391 1021 1424 expetatur
1032 1402 1040 1416 ,
1061 1390 1094 1411 ut

139 1429 291 1462 amicitia„
304 1428 383 1458 bona
392 1427 587 1458 existimatio.
611 1430 708 1468 Atque
718 1437 757 1457 ex
766 1427 814 1456 his
825 1427 937 1456 horum
947 1425 1093 1455 contraria

139 1470 227 1501 facile
237 1490 245 1503 ,
264 1469 427 1502 tacentibus
436 1469 526 1500 nobis
536 1489 545 1503 ,
566 1469 782 1510 intelligentur.
813 1467 871 1499 Sed
881 1476 914 1498 ut
922 1466 1090 1507 expeditius

139 1514 213 1543 ratio
223 1511 368 1545 tradatur,
389 1520 422 1541 ea
431 1531 439 1545 ,
459 1521 524 1552 quae
541 1511 698 1551 posuimus
708 1530 717 1545 ,
737 1510 821 1540 brevi
840 1509 1090 1539 nominabuntur.

142 1556 224 1585 Nam
235 1555 268 1583 in
282 1556 388 1593 primo
407 1563 514 1595 genere
531 1562 598 1593 quae
617 1553 702 1585 sunt,
723 1551 848 1581 honesta
855 1550 1090 1591 appellabuntur,

140 1605 206 1636 quae
215 1603 314 1625 autem
325 1594 498 1624 insecundo
508 1614 517 1628 ‚
529 1595 622 1624 utilia.
643 1595 706 1624 haec
715 1602 816 1623 autem
827 1596 910 1623 tertia
921 1613 929 1626 ,
948 1594 1017 1633 quia
1026 1601 1091 1632 par-

139 1645 203 1667 tem
214 1634 375 1667 honestatis
385 1638 544 1666 continent
553 1656 561 1669 ‚
582 1635 615 1665 &
623 1637 693 1676 quia
703 1637 761 1675 maj
766 1644 800 1665 or
809 1634 852 1665 est
860 1636 907 1665 vis
917 1632 1089 1667 honestatis,

137 1676 249 1718 Jundiae
259 1687 305 1708 res
314 1679 445 1708 omnino
454 1687 492 1707 ex
503 1677 617 1717 duplici
625 1687 734 1718 genere
742 1676 964 1717 intelligentur:
987 1674 1037 1705 sed
1056 1677 1090 1705 in

138 1720 299 1751 meliorem
307 1728 420 1760 partem
430 1719 570 1749 vocabuli
579 1717 771 1749 conferantur
779 1738 788 1752 ,
805 1718 843 1748 ὃς
860 1716 967 1753 honesta
985 1719 1090 1747 nomi-

136 1770 257 1793 nentur.
288 1764 334 1792 Ex
344 1762 391 1791 his
401 1760 476 1791 illud
487 1759 647 1791 conficitur
655 1781 664 1794 ,
686 1768 720 1791 ut
738 1759 969 1800 appetendarum
988 1769 1088 1789 rerum

135 1811 230 1844 partes
248 1801 318 1838 sint,
346 1801 465 1839 honestas
475 1803 509 1836 ἐν
518 1802 651 1832 utilitas:
669 1801 858 1832 vitandarum
870 1821 878 1835 ,
899 1800 1044 1844 turpitudo
1054 1800 1088 1833 όν

137 1845 283 1874 inutilitas
322 1846 379 1875 His
388 1846 479 1886 igitur
487 1844 600 1875 duabus
610 1844 695 1874 rebus
705 1843 771 1880 duae
781 1854 825 1873 res
833 1843 956 1885 grandes
968 1843 1036 1873 sunt
1046 1851 1087 1872 at-

136 1886 266 1920 tributae,
274 1883 467 1919 neceffitudo,
480 1886 512 1916 ὃς
522 1884 641 1916 affec'tio
653 1895 658 1914 :
669 1895 795 1926 quarum
804 1886 891 1915 altera
900 1894 938 1914 ex
948 1885 990 1918 vi,
999 1884 1089 1914 altera

136 1937 176 1957 ex
186 1937 216 1957 re
228 1927 261 1956 &
268 1927 403 1967 personis
412 1926 620 1958 consideratur.
631 1926 667 1957 de
676 1936 797 1968 utraque
806 1926 872 1966 post
882 1928 1010 1965 apertius
1020 1935 1088 1965 per—

137 1967 312 1999 scribemus.
331 1971 423 1998 Nunc
432 1967 594 1998 honestatis
602 1970 731 1998 rationes
740 1967 877 2007 primum
888 1967 1084 2006 explicemus.

139 2009 230 2080 Opspd
241 2018 290 2040 aut
298 2017 395 2039 totum
408 2029 416 2043 ‚
427 2018 477 2039 aut
485 2009 583 2049 aliqua
592 2019 630 2039 ex
639 2018 720 2049 parte
728 2018 849 2049 propter
859 2008 887 2038 se
895 2010 1015 2048 petitur,
1029 2008 1088 2037 ho-

138 2060 175 2080 ne
205 2060 256 2080 um
274 2050 465 2080 nominabim
470 2061 512 2080 us.
544 2052 640 2092 Qare
657 2048 730 2080 cum
749 2050 813 2090 ejus
828 2049 897 2080 edua:
913 2057 1007 2089 partes
1018 2047 1085 2082 fint,

135 2101 262 2133 quarum
272 2092 362 2122 altera
368 2090 496 2131 fiinplex
505 2111 514 2125 ‚
536 2092 623 2121 altera
628 2092 640 2131 j
645 2090 735 2121 unua
743 2090 776 2121 fit
787 2111 795 2125 ,
819 2090 985 2131 simplicem
1004 2092 1086 2130 prius

134 2131 366 2164 confideremus.
395 2133 446 2164 Est
462 2135 553 2173 igitur
568 2134 603 2162 in
620 2143 657 2162 eo
674 2143 781 2174 genere
791 2134 910 2162 omneis
921 2141 966 2162 res
975 2141 1034 2161 una
1043 2133 1085 2165 vi,

134 2183 221 2215 atque
230 2185 294 2204 uno
303 2176 430 2205 nomine
439 2175 576 2214 amplexa
584 2175 688 2204 virtus.
720 2183 791 2203 nam
801 2175 896 2203 vimu
908 2193 917 2207 ‚
938 2172 981 2203 est
991 2174 1086 2203 animi

132 2215 251 2247 habitus
262 2225 372 2246 naturae
380 2216 476 2247 modo
487 2236 495 2250 ‚
515 2217 626 2246 rationi
635 2215 864 2245 consentaneuS.
909 2214 1085 2245 uamobrem

134 2257 279 2288 omnibus
298 2258 324 2298 ej
329 2268 362 2288 us
382 2258 512 2298 partibus
522 2259 650 2299 cognitis
661 2277 669 2291 ‚
689 2265 750 2287 tota
759 2259 803 2287 vis
814 2259 870 2286 erit
879 2225 1021 2296 Emplicis
1030 2256 1084 2285 ho-

133 2298 252 2330 nestatis
261 2297 447 2330 considerata.
465 2299 561 2329 Habet
572 2301 664 2340 igitur
671 2300 778 2338 parteis
787 2307 928 2339 quattuor
938 2308 944 2327 t
955 2297 1086 2338 pruden-

134 2342 218 2374 tiam,
229 2340 384 2379 justitiam,
394 2339 606 2371 fortitudinem
617 2360 625 2374 ‚
638 2342 873 2381 temperantiam.
898 2343 908 2359 ¹
921 2339 1083 2373 Prudentia,

133 2380 177 2412 est
186 2392 286 2412 rerum
295 2381 443 2412 bonarum
454 2402 462 2416 ‚
485 2383 518 2412 δε
528 2382 675 2412 malarum
686 2402 694 2415 ‚
711 2382 744 2412 ὃς
754 2390 943 2423 utrarumque
954 2382 1084 2411 scientia.

133 2425 228 2454 Partes
237 2424 312 2464 ejus,
324 2425 483 2457 memoria,
493 2424 700 2464 intelligentia,
710 2423 906 2463 providentia.
934 2424 1086 2453 Memoria

134 2463 187 2498 est,
198 2474 250 2505 per
257 2475 347 2506 quam
358 2467 476 2496 animus
487 2465 672 2506 repe-titilla,
683 2476 747 2506 qua:
756 2464 887 2495 fuemnt.
909 2464 1085 2506 Intelligen-

133 2507 174 2536 tia
182 2505 233 2539 est,
245 2516 296 2546 per
303 2516 392 2548 quam
404 2517 435 2539 ea
444 2507 592 2547 perspicit,
604 2516 669 2549 quae
682 2508 757 2537 sunt.
777 2506 968 2537 Providentia
977 2505 1028 2540 est,
1034 2515 1087 2545 per

156 2557 223 2578 uam
232 2547 369 2578 futurum
379 2548 493 2589 aliquid
501 2548 619 2578 videtur
628 2547 696 2580 ante
717 2548 807 2589 quam
824 2547 938 2578 fanum
957 2546 999 2578 fit.
1022 2548 1086 2586 Ju-

126 2557 211 2625 ,zitia
221 2608 230 2623 ‚
252 2588 294 2621 est
311 2590 429 2620 habitus
446 2592 541 2620 animi
552 2611 561 2623 ,
581 2593 742 2620 communi
761 2590 888 2620 utilitate
904 2590 1086 2622 conservam,

132 2630 152 2660 s
149 2629 216 2660 ua'm
225 2633 332 2672 cuique
341 2631 474 2661 tribuens
486 2631 670 2672 dignitatem.
699 2633 773 2671 Ejus
792 2633 917 2661 initium
936 2630 979 2661 est
988 2631 1025 2661 ab
1035 2641 1086 2660 na—

134 2678 196 2702 tura
205 2671 374 2711 profectum
387 2683 392 2701 :
415 2672 523 2703 deinde
533 2672 670 2713 quaedam
681 2674 714 2702 in
722 2673 971 2703 consuetudinem
980 2682 1019 2702 ex
1028 2674 1088 2702 uti-

133 2711 224 2744 litatis
241 2715 355 2745 ratione
372 2721 521 2745 venerunt
532 2725 538 2743 2
560 2713 661 2755 postea
669 2724 714 2744 res
727 2714 760 2746 &
770 2715 806 2745 ab
815 2723 918 2745 natura
924 2713 1083 2760 profefilms,

175 2840 184 2857 1
192 2851 198 2857 .
217 2833 349 2859 Prudentis«
359 2853 366 2866 ,
377 2837 413 2860 cf?
422 2843 499 2859 rerum
509 2836 621 2860 hamarum
631 2834 660 2864 ἐφ’
669 2836 788 2860 malarum
800 2853 808 2866 ,
817 2834 846 2864 (15¹
855 2833 1091 2868 utrarumquefticn-

133 2867 197 2901 rim]
218 2867 277 2894 Mis.
289 2869 369 2895 nostri
380 2879 432 2896 non
441 2869 584 2905 agnoscunt
594 2869 712 2906 copulam
722 2871 752 2901 e}-
763 2889 771 2902 ,
793 2869 860 2896 unde
875 2868 975 2896 sactum
987 2877 1052 2905 puto
1063 2876 1092 2894 ut

136 2902 279 2930 Lambinus
290 2904 404 2931 ediderit
415 2925 423 2937 ,
433 2906 462 2936 όν
471 2908 589 2931 malarum
601 2925 609 2937 ,
619 2913 803 2940 neutrarumque
805 2906 918 2939 scienda.
929 2913 986 2938 erat
996 2906 1022 2931 in
1033 2904 1090 2931 Pal.

137 2936 186 2964 see.
199 2941 316 2965 malarum
324 2947 436 2966 utrarum
444 2941 686 2975 vitandumscientia.
704 2941 774 2977 quod
784 2942 922 2967 excutient
933 2941 1091 2967 scriatim-cs.

173 2982 202 3000 2.
221 2977 365 3009 Naturajm
374 2979 409 3002 ef?
418 2995 426 3008 ,
436 2977 504 3011 dra]
516 2977 573 3004 Pal.
583 2986 686 3009 omnes,
697 2978 762 3004 item
773 2978 896 3014 primitus
907 2977 971 3008 cusi,
982 2980 1090 3003 Natum.

138 3008 181 3035 sed
193 3011 346 3046 reciperem,
357 3011 403 3038 nifi
413 3011 566 3047 sequeretur
576 3022 652 3044 mox,
663 3014 868 3046 coqlhemdinejus
877 3016 921 3045 eft,
932 3014 983 3045 (Tyr.

177 3052 202 3079 3.
220 3049 335 3079 Sanguine
343 3049 468 3080 conjunm's
479 3067 487 3080 ‚
495 3049 622 3082 pa'triaeque
632 3049 770 3084 benivola]
785 3049 848 3075 Haec
859 3049 973 3076 mutavit
982 3047 1091 3075 Lambi-

138 3087 199 3111 nus,
209 3079 251 3106 sed
262 3081 336 3108 nullo
346 3091 477 3117 praeeunte
488 3084 675 3120 manuscripto.

174 3121 202 3156 4:
221 3118 377 3150 'Par-,quodin
386 3120 608 3155 omnesaequabilefl
619 3120 661 3148 sic
669 3119 743 3156 posui
753 3126 885 3157 praecunte
896 3118 954 3148 1²21.
965 3118 1015 3147 ste.
1027 3125 1091 3148 tert.

139 3149 166 3176 ὅ(
180 3151 313 3180 urevcnb.
325 3152 431 3190 vulgata
437 3157 502 3182 iuter
509 3164 596 3183 omnes.

2037 141 2102 201 65

1143 223 1176 252 &
1185 222 1221 253 ab
1229 222 1447 253 consuetudine
1458 220 1592 262 probatas
1601 241 1610 254 ,
1628 220 1732 262 legum
1742 226 1842 250 metus
1853 239 1861 253 ,
1875 218 1909 250 δε
1916 217 2022 261 religio
2033 219 2099 251 san·

1142 266 1196 293 xit.
1219 267 1233 283 ²
1246 267 1358 294 Natura
1370 264 1415 301 jus
1426 263 1479 296 est,
1491 263 1574 304 quod
1584 272 1650 293 non
1659 263 1766 303 opinio
1774 263 1889 303 genuit,
1901 260 1949 291 sed
1959 260 2096 302 quaedam

1141 306 1243 334 innata
1251 307 1298 334 vis
1309 305 1442 338 inseruit,
1455 313 1488 335 ut
1496 304 1686 345 religionem,
1698 304 1839 343 pietatem
1850 323 1857 336 ,
1870 304 1992 344 gratiam
2004 324 2013 336 ‚
2025 304 2097 333 vin·

1140 345 1321 376 dicationem
1331 366 1339 379 ‚
1361 346 1578 377 observantiam
1590 365 1598 379 ‚
1618 347 1785 376 veritatem.
1817 345 1938 386 Religio
1950 343 1993 374 est
2002 364 2011 378 ,
2029 354 2097 385 quz

1141 385 1298 425 superioris
1308 387 1461 425 cujusdam
1473 396 1583 418 naturae
1593 386 1695 428 (quam
1706 386 1843 417 divinam
1852 386 1972 426 vocant)
1981 395 2095 420 curam.

1139 428 1411 467 caeremoniatnque
1425 426 1519 459 affert.
1551 430 1662 461 Pietas,
1685 438 1736 468 per
1742 437 1835 469 quam
1848 430 1861 454 3
1871 428 2012 468 sanguine
2022 437 2097 458 con·

1137 466 1254 507 junzffis
1264 487 1273 501 ,
1292 470 1453 508 patriaeque
1462 469 1612 499 benivolis
1622 468 1760 500 officium
1772 469 1805 499 &
1814 468 1942 511 diligens
1953 468 2098 500 tribuitur

1138 509 1249 540 cultus.
1272 510 1383 542 Gratia,
1394 511 1427 538 in
1436 519 1493 549 qua
1502 511 1712 544 amicitiarum,
1725 511 1759 541 ἅτ
1769 509 1943 541 officiorum
1954 530 1962 543 ,
1974 510 2096 540 alterius

1140 551 1288 580 memoria
1297 569 1307 583 ,
1336 550 1370 580 &
1387 550 1504 580 alterius
1523 552 1733 582 remunerandi
1750 552 1891 582 voluntas
1910 553 2095 582 continetur.

1140 590 1312 621 Vindicatio
1324 590 1367 621 est
1376 610 1384 624 ‚
1404 600 1555 631 perquam
1565 594 1610 621 vis
1620 593 1652 622 δε
1663 595 1772 633 injuria
1781 613 1789 627 ‚
1802 593 1836 624 &
1844 595 1975 624 omnino
1986 603 2094 627 omne.

1138 632 1221 674 quod
1231 631 1410 662 obfuturum
1419 631 1472 665 est,
1484 631 1685 667 defendendo,
1702 644 1751 664 aut
1761 635 1929 666 ulciscendo
1938 635 2093 675 propulsa-

1137 684 1192 705 tur.
1225 674 1418 704 Observantia
1436 672 1478 703 est
1488 693 1497 706 ,
1516 683 1569 712 per
1585 684 1675 714 quam
1694 676 1835 706 homines
1845 677 1944 718 aliqua
1952 677 2097 717 dignitate

1136 715 1353 749 antecedentes,
1363 714 1446 745 cultu
1455 714 1599 755 quodam,
1613 716 1645 744 δε
1655 716 1770 746 honore
1779 717 1948 759 dignantur.
1977 719 2096 748 Veritas

1137 757 1189 790 est,
1201 767 1253 797 per
1261 767 1363 797 quam,
1376 755 1532 786 im'mutata
1543 766 1586 789 ea,
1598 766 1663 796 quae
1672 757 1689 786 s
1685 766 1749 789 unt,
1762 768 1811 788 aut
1819 759 1887 789 ante
1898 758 2031 793 fuerunt,
2043 767 2094 790 aut

1136 798 1236 829 futura
1245 798 1324 831 sunt,
1335 798 1486 828 dicuntur.
1510 797 1790 837 Consuetudinejus
1801 799 1852 832 est,
1862 800 1943 841 quod
1953 810 2003 831 aut
2014 802 2091 831 levi-
2107 809 2156 844 54

1137 850 1181 870 ter
1199 839 1215 870 a
1228 849 1330 870 natura
1340 838 1469 869 uastum
1477 838 1551 869 aluit
1560 859 1568 872 ‚
1591 839 1624 869 δε
1633 840 1728 878 majus
1738 839 1808 870 fecit
1819 842 1886 871 usus
1897 862 1905 875 ,
1929 851 1962 872 ut
1971 842 2092 884 religio-

1137 892 1210 912 nem
1222 891 1229 910 :
1246 890 1296 911 aut
1303 879 1398 921 siquid
1409 890 1514 910 eorum
1524 900 1532 913 ,
1546 890 1610 921 quae
1620 881 1688 912 ante
1698 880 1833 911 diximus
1845 902 1853 914 .
1865 883 1900 912 ab
1912 892 2014 913 natura
2022 894 2093 923 pro·

1137 922 1253 953 foetum
1265 942 1273 956 ‚
1295 923 1391 963 majus
1408 921 1524 952 faenum
1563 930 1660 962 roptei·
1678 923 1929 953 consuetudinem
1941 924 2091 960 videmus.

1137 973 1187 995 aut
1195 964 1277 1005 quod
1287 966 1321 994 in
1332 974 1451 994 morem
1460 973 1529 994 vetu
1544 973 1588 994 tas
1600 963 1684 1004 vulgi
1704 964 1917 1005 approbatione
1935 966 2092 1005 perduxit:

1136 1006 1217 1047 quod
1225 1016 1329 1047 genus,
1340 1004 1473 1045 paEtum,
1484 1015 1545 1045 par,
1555 1005 1732 1044 judicatum.
1756 1004 1877 1036 Paetum
1889 1005 1940 1040 est,
1951 1008 2031 1047 quod
2043 1010 2090 1038 in·-

1137 1057 1180 1078 ter
1198 1048 1313 1088 aliquos
1327 1049 1479 1077 convenit.
1502 1050 1519 1074 4
1529 1050 1582 1077 Par
1592 1067 1600 1080 ,
1621 1047 1702 1088 quod
1713 1049 1746 1078 in
1756 1050 1875 1078 omneis
1884 1050 2027 1089 aequabile
2038 1048 2090 1079 est.

1133 1089 1303 1132 Judicatum
1316 1109 1324 1122 ‚
1345 1089 1382 1119 de
1392 1099 1453 1130 quo
1465 1089 1588 1128 alicujus
1599 1108 1607 1122 ,
1625 1098 1675 1120 aut
1685 1089 1856 1130 aliquorum
1863 1090 1927 1129 jam
1938 1090 2092 1121 sententiis

1134 1130 1335 1161 constitutum
1346 1129 1398 1160 est.
1429 1132 1506 1170 Lege
1518 1131 1564 1169 jus
1572 1130 1624 1164 est,
1635 1129 1718 1172 quod
1728 1133 1761 1160 in
1771 1141 1807 1160 eo
1817 1131 1933 1171 scripto,
1945 1131 2026 1172 quod
2036 1142 2093 1172 po·-

1134 1173 1208 1213 pulo
1217 1171 1385 1213 expositum
1395 1171 1446 1205 est,
1460 1182 1491 1202 ut
1502 1172 1637 1202 observet
1648 1192 1656 1205 ‚
1669 1174 1848 1202 continetur.
1872 1173 2018 1202 Fortitudo
2029 1193 2036 1207 ‚
2049 1172 2091 1205 est

1135 1212 1313 1244 considerata
1330 1215 1534 1254 periculorum
1554 1213 1696 1254 susceptio
1706 1235 1715 1248 ‚
1736 1214 1769 1244 &
1788 1214 1926 1244 laborum
1935 1213 2088 1255 perpeffio.

1136 1257 1208 1296 Ejus
1217 1265 1323 1296 partes,
1336 1254 1569 1296 magnificentia,
1582 1254 1720 1289 fidentia,
1732 1257 1873 1295 patientia
1883 1276 1891 1288 ,
1901 1257 2092 1296 perseveran-

1135 1300 1182 1328 tia.
1216 1295 1440 1339 Magnificentia
1451 1317 1460 1330 ‚
1480 1296 1523 1327 est
1533 1307 1633 1327 rerum
1644 1307 1818 1338 magnarum
1831 1317 1839 1330 ‚
1863 1298 1896 1328 δε
1905 1298 2091 1330 excelsarum

1115 1327 1118 1350 ¹
1133 1349 1205 1369 cum
1215 1340 1310 1369 animi
1320 1339 1419 1378 ampla
1428 1338 1569 1379 quadam.
1585 1339 1780 1379 &splendida
1788 1337 1989 1379 propositione
1999 1341 2086 1381 agita—

1134 1383 1177 1411 tio
1186 1401 1195 1414 ,
1207 1390 1292 1421 atque
1303 1379 1529 1411 administratio.
1552 1380 1687 1411 Fidentia
1696 1379 1739 1411 est
1749 1400 1757 1414 ‚
1767 1390 1819 1421 per
1827 1390 1917 1421 quam
1928 1384 2045 1422 magnis
2056 1382 2090 1413 ἃς

1132 1422 1265 1453 honestis
1284 1424 1317 1453 in
1337 1422 1424 1452 rebus
1443 1423 1577 1453 multum
1596 1423 1658 1462 ipse
1675 1424 1796 1452 animus
1806 1424 1840 1452 in
1850 1423 1877 1452 se
1889 1421 2004 1452 fiduciae
2014 1433 2091 1455 certa

1131 1476 1201 1497 cum
1212 1466 1261 1506 spe
1270 1465 1440 1495 collocavit.
1473 1466 1631 1498 Patientia,
1653 1463 1695 1495 est
1704 1463 1864 1494 honestatis
1875 1483 1884 1497 ,
1896 1473 1944 1494 aut
1955 1464 2091 1494 utilitans

1130 1508 1213 1539 causa
1222 1527 1230 1541 ‚
1242 1517 1344 1537 rerum
1353 1506 1510 1536 arduarum
1521 1526 1529 1539 ‚
1541 1516 1573 1536 ac
1584 1504 1758 1536 difficilium
1769 1506 1938 1536 voluntaria
1949 1526 1958 1539 .
1978 1515 2011 1537 ac
2021 1505 2086 1536 diu-

1132 1559 1217 1580 turna
1225 1546 1378 1588 perpessio.
1402 1548 1628 1582 Pei-severantia,
1642 1547 1684 1578 est
1695 1550 1727 1577 in
1738 1549 1854 1578 ratione
1863 1547 1942 1577 bene
1951 1546 2086 1577 conside*

1130 1601 1190 1622 rata
1200 1590 1311 1621 stabilis
1322 1590 1354 1620 &z
1362 1598 1502 1630 perpetua
1510 1588 1688 1630 permansio.
1720 1590 1915 1630 Temperantia
1925 1609 1933 1622 ,
1944 1588 1987 1619 est
1997 1590 2087 1619 ratio-

1130 1635 1178 1663 nis
1189 1635 1222 1662 in
1232 1631 1394 1662 libidinem
1404 1651 1412 1664 ,
1433 1639 1519 1672 atque
1528 1633 1561 1661 in
1571 1632 1645 1661 alios
1656 1641 1721 1663 non
1732 1630 1828 1662 ῐεᾶοε
1839 1633 1969 1671 impetus
1978 1632 2086 1666 animi,

1131 1674 1217 1705 firma
1226 1674 1258 1704 &
1268 1672 1419 1704 moderata
1425 1672 1605 1703 dominatio.
1628 1674 1702 1713 Ejus
1711 1682 1804 1713 partes
1814 1673 1881 1703 sunt
1891 1693 1899 1706 ,
1919 1673 2085 1703 continen-

1129 1719 1178 1750 tia,
1190 1716 1369 1748 clementia,
1383 1713 1537 1745 modestia.
1561 1716 1755 1745 Continentia
1764 1713 1806 1745 est
1816 1733 1824 1748 2
1836 1724 1888 1754 per
1896 1724 1986 1755 quam
1997 1716 2084 1754 cupi-

1129 1758 1213 1792 ditas,
1226 1761 1240 1784 5
1250 1755 1366 1787 consilii
1375 1756 1590 1797 gubernatione
1600 1759 1719 1798 regitur.
1743 1757 1920 1789 Clementia,
1932 1766 1983 1797 per
1992 1766 2083 1797 quam

1129 1801 1226 1830 animi
1234 1797 1251 1819 ⁶
1259 1798 1371 1829 temere
1382 1800 1416 1828 in
1425 1798 1533 1828 odium
1545 1798 1669 1838 alicujus
1678 1797 1862 1828 {avenionis
1873 1800 2025 1831 concitati,
2032 1808 2085 1828 co·-

1130 1843 1232 1873 mitate
1248 1842 1424 1872 retinentur.
1455 1839 1603 1870 Modestia
1615 1860 1622 1872 .
1642 1850 1693 1880 per
1711 1850 1800 1880 quam
1819 1840 1915 1880 pudor
1927 1838 2084 1871 honestus.

1127 1884 1234 1914 claram
1248 1881 1280 1913 &2
1291 1880 1427 1912 stabilem
1435 1890 1586 1921 comparat
1602 1881 1820 1912 auctoritatem.
1851 1884 1949 1922 Atque
1969 1882 2032 1912 haec
2050 1891 2083 1911 o-

1131 1927 1214 1955 mnia
1220 1920 1363 1966 psoptersl·
1372 1921 1484 1955 solum,
1497 1932 1528 1952 ut
1537 1923 1615 1952 nihil
1624 1923 1799 1964 adjungatur
1806 1923 2019 1956 emolumenti,
2029 1932 2084 1962 pe-

1127 1966 1216 1996 tenda
1226 1966 1302 1996 sunt.
1330 1964 1412 2005 quod
1424 1972 1457 1993 ut
1466 1963 1686 1994 demonstretur
1696 1983 1704 1997 ‚
1723 1974 1820 2004 neque
1831 1963 1867 1994 ad
1877 1964 1934 1994 hoc
1944 1963 2085 1994 nostrum

1129 2006 1301 2037 institutum
1319 2007 1447 2045 pertinet
1458 2024 1466 2038 ‚
1488 2005 1522 2035 &
1539 2004 1555 2034 ὲ
1574 2005 1715 2035 brevitate
1725 2005 1919 2046 praecipiendi
1928 2014 2083 2037 remotum

1127 2048 1179 2078 est.
1203 2051 1323 2086 Propter
1332 2047 1360 2077 se
1370 2055 1470 2076 autem
1480 2045 1599 2077 vitanda
1608 2047 1676 2077 sunt
1684 2066 1692 2080 ‚
1707 2057 1771 2077 non
1781 2056 1814 2076 ea
1823 2045 1918 2076 modo
1929 2066 1937 2080 ‚
1959 2056 2024 2087 quae
2034 2047 2085 2076 liis

1126 2091 1270 2120 contraria
1281 2089 1358 2122 sunt,
1370 2098 1403 2118 ut
1410 2087 1582 2118 fonitudini
1592 2090 1709 2128 ignavia
1719 2108 1727 2122 ,
1741 2088 1774 2118 &
1788 2087 1909 2128 justitiae
1917 2088 2064 2127 injustitia
2076 2098 2085 2118 ε

1127 2130 1235 2162 verum
1244 2133 1336 2161 etiam
1346 2130 1397 2160 illa
1408 2149 1416 2163 ‚
1431 2139 1495 2170 quae
1506 2130 1672 2170 propinqua
1679 2130 1820 2160 videntur
1829 2130 1862 2160 &
1872 2128 2002 2160 finitima
2010 2128 2081 2163 effe.

1127 2173 1233 2203 absunt
1243 2181 1340 2202 autem
1349 2169 1518 2213 longiffime
1532 2181 1537 2199 2
1550 2172 1631 2211 quod
1641 2181 1744 2214 genuS‚
1757 2170 1887 2201 fidentiae
1898 2173 2082 2202 contrarium

1127 2213 1170 2244 est
1180 2212 1347 2243 diffidentia
1356 2233 1364 2246 ,
1389 2213 1422 2243 &
1442 2223 1475 2243 ea
1494 2222 1523 2242 re
1542 2214 1653 2243 vitium
1672 2212 1715 2243 est
1727 2224 1732 2242 :
1755 2213 1886 2243 Audacia
1895 2223 1958 2243 non
1967 2221 2085 2243 contra-

1128 2257 1223 2288 rium,
1234 2255 1282 2285 sed
1291 2252 1455 2294 appofitum
1465 2253 1508 2284 est
1516 2273 1524 2287 ‚
1536 2264 1568 2284 ac
1576 2256 1782 2296 propinquum
1793 2275 1802 2287 ‚
1817 2255 1849 2284 δε
1859 2263 1961 2286 tamen
1969 2256 2082 2285 vitium

1128 2296 1180 2327 est.
1203 2298 1250 2327 Sic
1261 2298 1424 2337 unicuique
1435 2297 1537 2325 virtuti
1549 2294 1719 2326 finitimum
1729 2298 1841 2327 vitium
1852 2298 2022 2336 reperietur,
2033 2304 2085 2327 aut

1128 2348 1209 2369 certo
1215 2338 1278 2378 jam
1289 2340 1418 2368 nomine
1428 2337 1608 2377 appellatum
1622 2348 1626 2366 :
1647 2347 1680 2368 ut
1690 2337 1808 2368 audacia
1819 2358 1828 2371 ‚
1847 2348 1913 2378 quae
1934 2336 2063 2368 fidentiae
2075 2347 2084 2367 τ

1126 2381 1296 2421 pertinacia,
1308 2390 1372 2421 quae
1381 2380 1602 2419 perseverantiae
1613 2377 1742 2409 finitima
1752 2378 1794 2409 est
1807 2389 1812 2407 z
1825 2378 2002 2419 superstitio,
2015 2389 2083 2419 quae

1127 2423 1268 2463 religioni
1285 2424 1454 2462 propinqua
1464 2419 1506 2450 est
1518 2430 1524 2449 ε
1544 2419 1662 2451 autsine
1673 2421 1828 2451 ullocerto
1837 2422 1974 2449 nomine.
2037 2430 2083 2450 uae

1128 2465 1233 2494 omnia
1240 2464 1314 2493 item
1324 2465 1369 2493 uti
1377 2463 1521 2493 contraria
1530 2471 1630 2492 rerum
1642 2462 1802 2495 bonarum,
1813 2463 1846 2491 in
1856 2461 1944 2491 rebus
1953 2463 2034 2492 vitan
2057 2462 2084 2492 ie

1127 2514 1322 2546 reponemus.
1354 2507 1397 2534 Ac
1415 2503 1451 2534 de
1469 2513 1506 2533 eo
1525 2503 1649 2543 quidem
1665 2513 1772 2543 genere
1787 2501 1948 2532 honestatis
1958 2523 1969 2536 ,
1998 2502 2081 2543 quod

1128 2549 1263 2577 omniex
1273 2555 1352 2587 parte
1362 2555 1482 2586 propter
1491 2545 1518 2574 se
1527 2546 1654 2583 petitur,
1675 2545 1742 2574 satis
1761 2543 1878 2574 dietum
1898 2543 1948 2575 est.
1988 2546 2082 2575 Nunc
2098 2556 2143 2588 55

1129 2589 1165 2619 de
1176 2599 1214 2619 eo
1225 2608 1234 2623 ‚
1247 2590 1278 2618 in
1289 2598 1349 2629 quo
1358 2588 1472 2616 utilitas
1482 2595 1601 2626 quoque
1611 2585 1784 2626 adjungitur
1793 2605 1801 2619 ,
1822 2585 1903 2626 quod
1914 2595 2015 2616 tamen
2026 2587 2083 2616 ho-

1129 2629 1248 2661 nestum
1258 2638 1400 2660 vocamus
1414 2649 1422 2661 ,
1442 2626 1604 2657 dicendum
1619 2627 1746 2657 videtur.
1779 2630 1854 2657 Sunt
1870 2629 1961 2668 igitur
1978 2629 2083 2662 multa,

1128 2682 1194 2712 qux
1205 2681 1262 2702 nos
1271 2669 1343 2701 cum
1354 2670 1506 2710 dignitate,
1519 2676 1585 2697 tum
1596 2667 1695 2698 fruEtu
1705 2678 1826 2709 quoque
1836 2669 1888 2698 suo
1898 2674 1911 2696 7
1922 2669 2037 2700 ducunt
2045 2670 2081 2700 ad

1129 2715 1158 2744 se
1170 2724 1176 2743 z
1199 2723 1260 2754 quo
1272 2715 1304 2743 in
1313 2721 1420 2754 genere
1430 2709 1471 2740 est
1478 2710 1581 2750 gloria,
1594 2709 1730 2751 dignitas,
1741 2710 1909 2751 amplitudo
1919 2730 1928 2745 ,
1940 2713 2079 2741 amicitia.

2007 2753 2086 2783 Glo-

1169 2843 1194 2867 5.
1215 2834 1306 2866 Consilii
1320 2834 1487 2866 gubernatione
1505 2831 1618 2865 regumn]
1640 2832 1696 2858 Pal.
1710 2832 1790 2868 prim.
1800 2832 1878 2858 initio
1890 2830 1978 2856 habuit
1985 2839 2086 2863 gens-a-

1131 2872 1208 2902 rionc5
1226 2868 1295 2896 unde
1313 2868 1345 2895 fit
1355 2876 1384 2896 ut
1394 2878 1445 2895 non
1455 2867 1608 2894 abhorream
1618 2869 1634 2894 a
1644 2867 1772 2904 scriptura
1781 2866 1917 2895 Grevenb.
1937 2869 2022 2900 tonsuri
2039 2875 2085 2891 ra-

1132 2908 1191 2931 tione
1202 2908 1300 2937 regitur.

1168 2941 1195 2967 6.
1214 2941 1336 2973 'Tema-eju
1344 2939 1421 2965 olium
1429 2940 1530 2972 alin-rjus
1538 2940 1675 2966 invem-‘onis
1685 2939 1819 2974 concitari]
1832 2937 1928 2964 Lessio
1940 2937 2026 2963 minus
2038 2945 2084 2962 ναν

1134 2985 1160 3002 ra
1172 2996 1179 3007 ,
1190 2976 1286 3011 ineptit
1296 2976 1366 3001 enim
1379 2976 1431 3000 h-:ec
1440 2974 1573 3007 definitio,
1584 2985 1668 3012 neque
1679 2977 1794 3010 iun-grat
1805 2984 1861 3001 eam
1874 2973 2030 3003 luinibinus,
2041 2982 2083 2998 re—

1087 3018 1091 3029 '
1133 3011 1252 3047 ponendo
1265 3030 1273 3042 ‚
1291 3011 1418 3044 infirm-it.
1439 3010 1643 3039 l‘a1.1'ec.habet
1654 3014 1755 3046 alicrajm
1763 3013 1862 3037 inrefiiv
1872 3013 1999 3036 concitata.
2020 3015 2084 3035 tert.

1132 3049 1234 3081 affcnjns
1244 3047 1369 3079 injctliunis
1378 3049 1497 3072 concitari.

1167 3091 1194 3117 7.
1214 3086 1307 3108 Ducum
1321 3082 1355 3107 ad
1365 3083 1417 3116 siu]
1438 3082 1583 3109 Lambinus
1593 3082 1701 3110 abscidit
1712 3083 1782 3116 adfi’.
1803 3082 1832 3108 δε·
1843 3082 1906 3107 vero
1916 3090 1969 3107 non
1980 3089 2036 3107 com
2057 3088 2084 3106 a·

1133 3125 1190 3144 rem
1204 3118 1228 3143 ὶιι
1240 3118 1324 3143 l‘alat.
1335 3116 1439 3146 secund.
1450 3127 1495 3147 aut
1505 3127 1569 3149 tert.
1580 3127 1626 3147 aut
1636 3119 1771 3147 Grexeub.
1791 3125 1940 3146 nontamen
1952 3117 1987 3144 est
2003 3115 2036 3142 de
2056 3116 2085 3141 ε’-

1133 3154 1188 3182 cori
1200 3152 1344 3181 (extremis.

1620 3191 1633 3217 1
1980 3195 1989 3214 1
1998 3207 2002 3211 .
2012 3187 2089 3212 Pa:-
