2295 3400
139 177 238 240 462
555 173 621 220 M.
706 169 1069 217 TULLII

145 261 295 300 impetum
318 265 420 286 metuo
441 266 445 283 z
479 254 598 294 explevi
617 254 738 284 animos
757 252 934 283 invidorum
955 262 961 280 z
990 250 1102 290 placavi

146 301 216 332 odia
227 299 435 339 improborum
448 308 452 325 :
472 296 596 326 saturavi
610 298 699 326 etiam
711 294 879 335 perfidiam,
893 294 924 324 ὃς
935 293 1027 324 scelus
1037 302 1106 332 pro-

147 343 282 373 ditorum
297 351 301 368 t
325 339 454 379 denique
471 338 508 368 de
522 348 590 368 mea
608 338 708 370 causa,
730 347 795 378 qua:
814 336 969 366 videbatur
983 334 1106 375 perditis

147 384 265 415 civibus
282 381 317 411 ad
345 380 493 410 invidiam
513 378 572 409 esse
591 377 738 420 proposita
756 398 764 412 ,
792 381 854 418 jam
876 386 984 407 omnes
1008 376 1106 409 urbes,

151 433 260 456 omnes
269 422 390 453 ordines
404 441 411 455 ,
431 431 540 452 omnes
557 421 618 455 dii,
636 430 722 462 atquc
741 421 882 450 homines
894 419 1106 459 judicaverunt.

153 462 381 505 vobismetipsis
392 484 400 497 ‚
411 461 570 504 pontifices
581 482 589 496 ,
604 463 636 493 Sc
646 462 748 492 vestris
760 462 861 492 liberis
872 482 880 494 ,
893 461 1054 501 ceterisque
1063 462 1106 489 ci-

153 508 241 538 vibus
253 527 260 541 ‚
272 516 325 546 pro
337 505 430 536 vestra
441 504 614 535 austoritate
624 525 632 538 ,
649 505 682 534 &
696 505 836 543 sapientia
852 503 1007 533 consulere
1015 501 1106 532 debe-

154 559 201 579 tis.
226 558 294 579 nam
309 568 317 581 ‚
336 547 408 577 cum
419 556 479 577 tam
495 546 764 586 moderatajudicia
777 546 883 586 populi
895 543 973 574 sintii
985 544 1107 582 majori-

153 592 208 622 bus
217 589 378 621 constituta
393 600 398 618 :
421 588 555 629 primurn
568 608 575 621 ,
595 598 627 618 ut
645 598 682 618 ne
691 597 778 628 poena
788 589 890 627 capitis
912 597 975 615 cum
989 586 1107 627 pecunia

151 634 368 672 conjungatur:
394 630 504 660 deinde
516 634 524 649 ¹
541 640 580 660 nc
592 649 599 663 ‚
612 628 666 660 nisi
675 629 810 670 prodifta
820 629 868 658 die
879 648 886 661 ‚
906 631 972 661 uuis
990 627 1107 657 accuse-

154 684 219 704 tur:
242 678 255 693 ²
268 683 298 703 nt
308 682 351 703 tcr
361 674 429 703 ante
444 671 628 714 magistratus
637 672 760 704 accuset,
773 663 935 701 intermissa
947 670 1005 703 dic,
1018 678 1108 709 quam

155 716 282 745 inultam
295 717 422 756 irroget,
442 723 492 744 aut
509 713 637 753 judicet:
661 723 760 754 quarta
781 712 814 743 sit
831 712 974 742 accusatio
993 709 1108 740 trinum

154 756 332 787 nundinum
343 755 477 797 prodieta
488 755 548 789 die,
560 765 617 797 qua
628 755 832 794 diejudicium
846 753 878 783 sit
887 753 1031 782 futurum:
1043 760 1108 781 tum

154 800 251 829 multa
263 801 353 828 etiam
368 797 403 828 ad
422 797 600 838 placandum
614 817 623 830 ‚
650 806 735 837 atque
755 796 791 826 ad
813 794 1047 825 mirericordiam
1066 792 1112 821 reis

154 840 273 878 comessa
284 841 369 870 sunt:
392 839 501 870 deinde
519 839 682 869 exorabilis
699 838 826 878 populus
838 857 845 870 ,
869 836 963 866 facilis
976 833 1110 875 suffraga-

156 884 199 913 tio
215 892 269 922 pro
288 882 398 913 salute:
423 881 552 921 denique
572 882 661 910 etiam
684 878 704 909 si
717 889 774 920 qua
791 889 836 908 res
856 878 944 907 illum
963 876 1045 906 diem
1065 884 1113 905 aut

156 924 312 964 auspiciis,
338 932 387 954 aut
397 923 590 953 excusatione
608 920 741 951 sustulit:
765 929 826 950 tota
842 920 925 949 causa
944 918 1113 957 judicium-

97 967 137 1001 1S
159 976 216 1007 que
228 965 376 996 sublatum
387 964 439 995 est.
466 966 538 993 Haec
547 973 618 992 cum
629 965 668 992 ita
678 961 731 992 sint
746 964 777 991 in
793 972 822 991 re
834 982 842 994 ,
863 961 914 991 ubi
926 962 1041 990 crimen
1052 958 1113 988 est?

161 1007 394 1038 ubiaccusator?
417 1006 467 1036 ubi
480 1004 584 1035 testes?
607 1007 699 1044 Qu)
715 1012 895 1033 mutemus
908 1022 915 1036 ,
937 1001 1027 1043 quam
1039 1022 1046 1034 ,
1063 1003 1115 1041 qui

161 1059 259 1090 neque
270 1047 362 1079 adesse
374 1046 508 1087 fitjuss'us
519 1067 526 1079 ,
542 1056 638 1086 neque
648 1048 752 1076 citatus
763 1065 771 1079 ‚
788 1055 884 1086 neque
900 1044 1047 1074 accusatus
1057 1063 1065 1075 ,
1077 1042 1114 1071 dc

159 1095 226 1130 ejus
236 1093 328 1130 capite
339 1110 347 1123 ‚
361 1090 461 1119 liberis
473 1108 480 1122 ‚
495 1087 625 1118 fortunis
635 1089 793 1120 omnibus,
805 1085 972 1117 concinnos
982 1105 990 1117 ,
1004 1085 1036 1115 &
1047 1083 1116 1113 sica-

159 1137 222 1163 rios
233 1153 241 1166 ‚
252 1133 383 1172 egenteis
396 1151 402 1163 ‚
416 1130 588 1170 &perditos
599 1127 769 1171 suffragium
782 1128 856 1159 ferre
867 1149 875 1162 ‚
897 1128 930 1157 ὃς
941 1137 1005 1157 eam
1018 1126 1115 1167 legem

156 1185 259 1215 putare
270 1176 280 1203 ?
302 1176 356 1206 At,
378 1171 397 1201 si
409 1173 466 1203 hoc
476 1172 511 1202 dc
523 1181 573 1201 me
584 1173 682 1211 potuit
695 1191 703 1205 ‚
723 1181 814 1212 quem
826 1171 924 1201 honos
936 1189 943 1203 ,
965 1178 1056 1209 quem
1072 1167 1116 1196 di—

157 1219 264 1257 gnitas,
276 1225 366 1255 quem
377 1214 460 1244 causa
471 1233 478 1247 ,
491 1223 580 1254 quem
594 1213 758 1253 respublica
769 1212 904 1242 tuebatur
914 1232 921 1244 ,
935 1213 1019 1250 cujus
1030 1209 1117 1239 deni-

156 1268 216 1298 que
232 1257 350 1297 pecunia
365 1266 429 1285 non
441 1255 648 1295 expetebatur,
669 1257 717 1284 cui
731 1255 807 1284 nihil
819 1254 920 1283 oberat
929 1261 1033 1292 practer
1043 1260 1117 1280 con-

156 1298 325 1329 versionem
338 1297 425 1327 status
440 1318 447 1331 ‚
469 1298 501 1327 &
515 1297 746 1336 inclinationem
763 1296 981 1326 communium
999 1302 1118 1332 tempo-

158 1350 246 1370 rum:
268 1339 342 1381 quid
354 1339 474 1369 tandem
486 1338 622 1368 futurum
642 1337 735 1368 estiis
748 1358 755 1370 ,
776 1347 907 1378 quorum
925 1339 984 1366 vita
1003 1342 1119 1364 remota

158 1383 195 1413 ab
206 1384 320 1414 honore
331 1381 465 1421 populari
480 1401 488 1414 ,
510 1380 542 1410 &
559 1380 594 1410 ab
613 1379 781 1410 hacillustri
793 1380 883 1421 gratia
900 1377 959 1407 est:
983 1377 1118 1416 pecunia:

158 1434 259 1455 autem
273 1432 360 1453 tantae
370 1424 446 1456 sunt,
462 1432 493 1452 ut
504 1433 550 1452 eas
560 1423 693 1451 nimium
705 1421 805 1454 multi,
819 1429 948 1462 egentes,
961 1415 1115 1450 sumtuosi,

161 1466 292 1496 nobileis
302 1465 525 1504 concupiscant?
539 1467 614 1494 Date
626 1465 701 1493 hanc
711 1463 832 1493 tribuno
842 1462 938 1502 plebis
954 1461 1119 1492 licentiam,

163 1508 196 1538 δε
210 1509 373 1537 intuemini
384 1507 529 1546 paulisper
539 1506 837 1544 animisjuventutem
848 1524 856 1538 ‚
869 1503 901 1533 δε
910 1513 961 1532 eos
973 1500 1121 1533 maxime,

162 1552 214 1590 qui
230 1550 392 1578 imminere
412 1549 474 1587 jam
489 1547 649 1587 cupiditate
658 1547 799 1576 videntur
817 1548 849 1575 in
860 1544 1048 1575 tribunitiam
1066 1552 1121 1583 po-

162 1590 313 1621 testatem:
337 1590 481 1631 collegia,
505 1589 622 1619 medius
634 1587 739 1622 fidius,
758 1588 950 1617 tribunorum
968 1585 1062 1625 plebis
1077 1592 1124 1614 to-

164 1642 191 1662 ta
210 1634 394 1671 reperientur
413 1652 421 1664 .
442 1632 499 1661 hoc
517 1632 582 1671 jure
602 1629 736 1663 firmam,
757 1640 822 1670 quae
838 1630 944 1658 co'e'ant
962 1627 997 1657 de
1018 1627 1122 1656 homi-

165 1683 241 1703 num
254 1671 553 1713 locupletiffimorum
564 1672 653 1701 bonis
664 1692 672 1705 ‚
693 1671 788 1711 praeda
798 1671 960 1711 praescrtim
971 1668 1119 1708 populari,

164 1716 198 1745 δε
212 1716 260 1755 spe
271 1715 438 1754 largitionis
450 1714 557 1743 oblata.
584 1717 622 1743 At
631 1714 704 1754 quid
720 1714 787 1743 tulit
798 1715 899 1754 legum
911 1711 1034 1750 scriptor
1043 1710 1122 1749 peri-

163 1767 211 1787 tus
223 1777 231 1791 ‚
253 1756 439 1786 &c-allidus?
462 1758 606 1784 VELi’rts
618 1775 626 1788 ,
647 1765 806 1793 JtJBEATts
818 1775 825 1788 ‚
857 1764 902 1784 ur
922 1755 965 1782 M.
981 1754 1118 1782 TULLIO

163 1807 277 1837 AQJA,
303 1807 342 1827 εἰ·
359 1807 434 1827 IGNI
453 1806 716 1826 mrannrcxrun
733 1799 743 1826 ?
763 1796 893 1829 crudele,
906 1793 1068 1826 nefarium,
1084 1802 1121 1821 ne

163 1842 197 1870 in
208 1837 425 1870 sceleratiffimo
440 1838 565 1879 quidem
576 1840 636 1868 civi
649 1837 834 1877 sinejudicio
842 1836 1018 1867 ferundum.
1045 1837 1120 1864 Non

164 1882 250 1915 tulit,
272 1890 302 1911 ut
324 1880 523 1910 interdicatur.
547 1880 620 1920 quid
643 1890 711 1922 ergo
726 1883 736 1909 ?
760 1888 791 1910 ut
812 1877 1008 1909 intermistum
1030 1876 1072 1906 sit.
1097 1878 1123 1905 Ο

164 1933 287 1954 coenum
301 1943 309 1955 ‚
331 1921 349 1952 ὃ
362 1931 536 1962 portentum
547 1941 554 1955 ‚
575 1920 595 1951 ὃ
605 1922 714 1951 scelus!
738 1923 813 1951 hanc
823 1921 878 1951 tibi
890 1921 986 1959 legem
999 1917 1123 1948 Clodius

165 1963 277 2005 scripsit
291 1985 299 1998 ‚
324 1967 334 1991 3
347 1964 528 2004 spurciorem
544 1963 645 2003 lingua
658 1964 708 1993 sua
722 1983 730 1997 ‚
752 1972 783 1992 ut
794 1961 990 1993 interdictum
1002 1959 1035 1990 sit
1049 1980 1057 1993 ‚
1071 1961 1124 1989 cui

165 2017 231 2037 non
246 2005 279 2036 sit
289 2005 485 2036 interditffmm
498 2008 508 2034 ?
529 2008 616 2036 Sexte
627 2004 752 2035 noster4
765 2005 845 2034 hona
854 2005 942 2033 ver-iia
955 2023 962 2035 ‚
978 2003 1125 2042 quoniam

163 2050 226 2090 jam
239 2047 423 2081 dialecticus,
438 2047 471 2077 &
486 2049 543 2077 hoc
553 2057 672 2087 quoque
682 2047 801 2087 ligurris
815 2057 820 2075 :
843 2044 924 2086 quod
935 2043 1049 2073 fa&um
1061 2052 1125 2072 non

167 2090 211 2121 est
222 2110 230 2123 ‚
248 2099 280 2119 ut
295 2088 328 2119 fit
338 2088 473 2122 factum,
489 2088 559 2119 ferri
570 2088 605 2118 ad
616 2089 764 2128 populum
777 2108 785 2121 ‚
805 2097 854 2118 aut
868 2086 966 2117 verbis
978 2086 1047 2115 ullis
1061 2085 1125 2115 san-

167 2134 243 2164 ciri,
265 2140 313 2161 aut
332 2130 475 2172 suffragiis
498 2129 671 2160 confirmari
689 2130 806 2170 potest?
829 2131 897 2159 Hoc
916 2137 948 2158 tu
972 2128 1125 2167 scriptore,

142 2190 147 2194 Α
166 2175 225 2205 hoc
236 2172 404 2203 consiliario
423 2192 431 2206 ‚
452 2173 508 2202 hoc
518 2171 657 2202 ministro
669 2192 677 2204 ‚
688 2173 831 2201 omniurn
848 2180 912 2200 non
923 2169 1067 2210 bipedum
1081 2169 1128 2199 so·

167 2212 233 2244 siim
246 2235 254 2248 ‚
270 2214 318 2244 sed
329 2216 419 2244 etiam
429 2213 659 2254 quadrupedum
671 2211 872 2252 impurissimo
884 2232 891 2245 ,
908 2211 1126 2251 rempublicam

168 2255 332 2297 perdidisti.
356 2266 454 2296 neque
465 2265 496 2285 tu
507 2266 567 2285 eras
579 2264 639 2284 tam
650 2264 755 2284 excors
767 2274 775 2287 ‚
790 2263 911 2294 tamque
929 2253 1057 2282 demens
1068 2272 1075 2285 ,
1097 2260 1129 2281 ut

166 2298 295 2328 nescires
307 2298 388 2326 hunc
399 2297 542 2327 Clodium
553 2295 610 2326 esse
621 2316 629 2329 ,
640 2298 693 2337 qui
702 2305 804 2326 contra
816 2296 892 2336 leges
902 2293 1025 2324 faceret:
1035 2294 1122 2325 alios,

168 2342 221 2381 qui
231 2340 308 2381 leges
319 2339 444 2369 scribere
455 2339 591 2369 solerent.
615 2339 663 2368 sed
675 2347 772 2378 neque
784 2346 890 2366 corum
903 2356 910 2368 ‚
930 2345 1025 2375 neque
1044 2343 1126 2364 cete-

169 2391 272 2412 rorum
285 2401 293 2414 ‚
308 2383 339 2410 in
349 2381 460 2421 quibus
470 2379 556 2413 ess'et,
575 2379 688 2420 aliquid
699 2377 853 2408 modestia:
866 2397 873 2410 ,
884 2377 1059 2416 cujusquam
1070 2375 1125 2404 tibi

170 2422 298 2463 potestis
309 2421 381 2452 fuit:
404 2432 500 2462 neque
511 2422 653 2462 tulegum
675 2419 865 2460 scriptoribus
883 2418 989 2450 iisdem
1003 2415 1128 2457 potuisti

171 2467 227 2498 uti,
242 2464 352 2505 quibus
362 2465 450 2493 ceteri
464 2484 472 2497 ‚
487 2473 585 2504 neque
596 2473 720 2502 operum
731 2460 897 2491 architeAEtis
911 2470 916 2488 :
942 2468 1040 2499 neque
1050 2468 1130 2497 pon-

173 2505 286 2536 tificem
297 2505 436 2536 adhibere
446 2515 539 2546 quem
549 2505 658 2534 velles:
681 2502 836 2544 postremo
849 2512 886 2532 ne
905 2503 938 2531 in
947 2500 1051 2541 praedae
1062 2501 1130 2540 qui-

173 2548 243 2577 dem
268 2548 403 2577 societate
423 2548 592 2586 mancipem
607 2567 615 2579 ,
634 2545 797 2586 autpraedae
809 2546 924 2575 socium
937 2563 945 2576 ,
968 2551 1048 2573 extra
1062 2550 1130 2571 tuo-

173 2599 241 2619 rum
252 2589 448 2629 gladiatorum
464 2598 628 2619 numerum
641 2599 647 2617 :
671 2591 684 2614 5
696 2597 747 2618 aut
762 2587 890 2628 denique
907 2582 1038 2626 suffragii
1053 2584 1128 2614 lato-
1147 2606 1149 2613 .

1150 169 1704 230 CicERoN1s·

1132 262 1136 282 ι
1151 259 1214 280 rem
1227 251 1257 279 in
1270 248 1323 278 ista
1336 258 1382 279 tna
1391 249 1604 289 proscriptione
1617 257 1798 292 quemquam
1808 269 1816 284 ‚
1829 247 1993 289 insisterem,
2006 247 2103 291 autfi-

1152 292 1270 324 carium,
1284 292 1408 329 reperire
1421 291 1554 330 potuisti.
1578 294 1679 333 Itaque
1690 302 1762 322 cum
1773 301 1803 322 tu
1816 291 1926 321 florens
1936 312 1944 325 ‚
1955 302 1988 322 ac
1997 300 2104 332 potens

1151 332 1165 354 ⁶
1179 343 1229 374 per
1239 332 1376 362 medium
1390 330 1492 362 forum
1505 333 1653 373 popularis
1663 334 1802 364 volitares
1814 345 1819 363 ς
1831 334 1919 366 amici
1937 333 1982 363 illi
2000 335 2042 363 tui
2056 352 2065 367 ,
2075 341 2104 363 te

1151 385 1214 405 uno
1225 377 1322 405 amico
1337 373 1405 404 tear
1418 394 1426 407 ‚
1441 374 1473 404 &
1484 374 1576 409 beati,
1589 377 1677 416 quise
1691 376 1804 416 populo
1813 376 2027 406 commiserant
2037 395 2045 409 ‚
2065 376 2106 406 ita

1153 416 1379 457 repellebantur,
1394 424 1426 445 ut
1442 417 1532 446 etiam
1546 418 1707 448 Palatinam
1727 427 1806 448 tuam
1819 418 1983 458 perderent.
2004 418 2056 458 qui
2071 417 2105 447 in

1148 459 1299 499 judicium
1319 466 1462 488 venerant
1475 468 1480 486 :
1505 457 1563 488 five
1581 459 1757 489 accusatores
1775 468 1856 489 erant
1876 480 1885 492 ,
1914 457 1972 489 sive
1993 461 2035 489 rei
2047 469 2053 488 ;
2077 467 2105 488 te

1152 501 1325 541 deprecante
1336 499 1560 530 damnabantur.
1577 500 1706 541 denique
1716 503 1805 530 etiam
1818 501 1869 530 ille
1881 506 1895 529 7
1905 502 2038 531 novitius
2052 500 2107 530 Li-

1152 553 1226 583 gur,
1249 541 1362 571 venalis
1372 541 1531 580 adscriptor
1541 562 1549 576 ,
1575 542 1608 572 &
1626 542 1804 582 subscriptor
1817 551 1883 572 tuus
1894 562 1901 575 ‚
1913 552 1984 571 cum
1995 544 2038 572 M.
2052 544 2104 572 Pa-

1153 587 1221 624 pirii
1233 605 1240 617 ,
1254 584 1296 613 sui
1307 583 1402 613 fratris
1417 604 1425 616 ,
1443 581 1512 614 ess'et
1522 583 1699 614 testamento
1711 604 1719 617 ‚
1739 584 1896 622 &judicio
1908 583 2105 623 improbatus,

1155 635 1283 656 mortem
1297 626 1358 665 ejus
1371 625 1398 654 se
1411 625 1489 654 velle
1499 625 1633 666 persequi
1656 625 1747 655 dixit:
1771 635 1886 654 nomen
1897 627 2111 664 SexciPtoper-

1154 670 1187 698 tii
1203 667 1319 697 detulit.
1342 667 1472 696 accusare
1481 669 1586 697 alienae
1596 668 1809 699 damnationis,
1821 666 1991 707 scelerisque
2000 668 2107 699 socios,

1132 723 1135 748 i
1154 719 1273 749 propter
1282 708 1426 738 calumnia
1440 718 1567 742 metum,
1580 719 1643 739 non
1656 708 1699 738 est
1711 709 1805 739 ausus.
1821 711 1868 738 De
1879 709 1931 738 hac
1941 710 2032 750 igitur
2046 708 2109 749 lege

1155 751 1285 780 dicimus
1297 771 1304 784 ,
1324 761 1388 791 qua:
1406 751 1472 789 jure
1496 760 1593 792 rogata
1611 751 1759 781 videatur:
1783 751 1867 790 cujus
1881 760 1970 791 quam
1987 750 2110 790 quisque

1154 802 1266 832 partem
1276 795 1371 833 tetigit
1382 812 1389 825 ‚
1402 793 1497 834 digito
1508 813 1515 826 ‚
1526 803 1610 825 voce,
1621 793 1728 832 praeda,
1741 790 1893 833 suffragio:
1917 801 2110 832 quocumque

1155 835 1249 867 venit,
1261 835 1427 873 repudiatus
1439 854 1447 868 ,
1460 833 1675 875 conviEfflsque
1685 832 1822 864 discessit.
1846 833 1926 874 Qd
1939 854 1947 867 ‚
1967 832 1987 862 si
1998 835 2034 862 iis
2044 841 2112 863 vei·-

1158 875 1203 905 bis
1214 876 1319 914 scripta
1327 874 1369 905 est
1382 875 1433 905 ista
1442 876 1631 916 proscriptio,
1643 885 1676 906 ut
1685 877 1711 906 se
1722 877 1781 916 ipsa
1790 873 1930 906 dissolvat
1940 878 1948 904 ?
1960 874 2002 904 est
2013 876 2107 907 enim,

1159 919 1279 958 Qon
1305 918 1349 946 M.
1369 919 1577 948 Turmus
1599 927 1779 947 FALSUM
1806 925 2111 947 senei-tuscon-

1161 969 1172 988 s
1183 969 1205 988 U
1215 969 1234 987 L
1245 969 1263 988 τ
1276 968 1298 988 U
1314 968 1338 988 M
1368 968 1389 987 R
1402 968 1480 988 ετυ
1492 969 1511 988 L
1521 969 1540 989 Ε
1553 969 1574 988 R
1587 970 1597 988 1
1609 971 1638 989 T.
1670 961 1700 990 Si
1719 961 1807 1000 igitur
1825 959 1926 988 retulit
1938 957 2045 988 falsum
2067 957 2112 987 se-

1159 1000 1415 1030 natusconsultum
1426 1020 1434 1034 ‚
1454 1009 1519 1032 turn
1540 1000 1582 1031 est
1601 1003 1713 1043 rogatio
1729 1012 1735 1029 2
1759 1000 1779 1030 si
1798 1010 1861 1031 non
1881 1000 1982 1030 retulit
1995 1019 2002 1033 ‚
2028 999 2111 1029 nulla

1160 1041 1210 1071 est.
1234 1042 1344 1071 Satisne
1355 1041 1411 1071 tibi
1423 1041 1563 1072 videtura
1574 1043 1672 1073 senatu
1683 1042 1849 1082 judicatum
1862 1063 1869 1075 ,
1882 1052 1930 1071 me
1941 1051 2004 1071 non
2015 1039 2110 1071 modi>

1160 1093 1224 1113 non
1241 1085 1423 1113 ementitum
1434 1082 1492 1113 effe
1505 1083 1712 1115 ati&oritatem
1723 1086 1785 1124 ejus
1805 1084 1923 1114 ordinis
1934 1104 1941 1117 ‚
1962 1083 2009 1113 sed
2021 1084 2110 1113 etiam

1161 1134 1256 1169 unum
1276 1124 1341 1164 post
1368 1125 1473 1155 urbem
1494 1126 1649 1156 conditam
1675 1125 1900 1167 diligentissime
1924 1126 2036 1155 senatui
2062 1133 2114 1164 pa-

1161 1165 1268 1196 ruisse?
1301 1168 1384 1207 Qiot
1401 1167 1500 1196 modis
1518 1166 1630 1201 doceo,
1655 1168 1750 1208 legem
1770 1167 1855 1197 istam
1868 1187 1876 1200 ‚
1894 1176 1983 1207 quam
2003 1175 2090 1196 vocas
2102 1185 2111 1198 ,

1162 1218 1226 1238 non
1241 1206 1332 1237 effele
1355 1211 1427 1237 em?
1450 1208 1530 1248 Qid
1545 1229 1552 1241 ,
1573 1208 1593 1238 fi
1604 1210 1692 1238 etiam
1704 1209 1838 1248 pluribus
1849 1208 1884 1238 de
1896 1208 1983 1237 rebus
1997 1207 2116 1246 unosbr-

1161 1250 1221 1279 tim
1239 1249 1340 1279 retulii
1356 1251 1386 1278 i?
1408 1257 1550 1279 tamenne
1568 1250 1713 1280 arbitraris
1725 1270 1732 1283 ,
1756 1250 1785 1280 id
1798 1270 1805 1283 ‚
1833 1249 1915 1290 quod
1939 1245 1954 1267 ⁴⁸
1973 1252 2020 1278 M.
2035 1251 2119 1278 Dru-

1163 1292 1209 1321 sus
1229 1293 1261 1321 in
1281 1291 1394 1332 legibus
1414 1291 1473 1320 suis
1489 1291 1654 1332 plerisque,
1684 1291 1781 1321 bonus
1799 1292 1851 1321 illc
1869 1292 1916 1320 vir
1931 1311 1939 1324 ‚
1965 1292 2009 1319 M.
2029 1292 2118 1320 Scau-

1161 1343 1211 1362 rus
1222 1335 1242 1366 ,'
1252 1333 1284 1363 δε
1295 1335 1331 1362 L.
1345 1331 1459 1363 Crass'us
1469 1333 1630 1363 consularis
1640 1343 1704 1363 non
1715 1334 1921 1365 obtinuerint,
1941 1332 1971 1361 id
1986 1341 2013 1361 te
2023 1329 2116 1371 poss'e,

1163 1377 1306 1405 omnium
1317 1374 1487 1405 facinorum
1497 1395 1505 1409 ‚
1529 1375 1561 1404 ὃς
1574 1374 1741 1415 stuprorum
1753 1377 1894 1405 omnium
1906 1376 2054 1403 Decumis
2064 1393 2072 1406 ‚
2085 1372 2119 1403 &

1165 1417 1279 1447 Clodiis
1298 1416 1470 1447 auctoribus
1484 1416 1619 1446 obtinere
1632 1419 1642 1446 ?
1659 1416 1771 1447 Tulisti
1785 1417 1820 1447 de
1832 1426 1880 1446 me
1892 1436 1899 1450 ‚
1916 1426 1954 1445 ne
1964 1417 2118 1454 reciperet,

1165 1468 1228 1488 non
1239 1468 1270 1488 ut
1280 1461 1394 1488 exirem
1409 1470 1413 1488 :
1434 1468 1526 1498 quem
1537 1459 1638 1498 tuipse
1648 1468 1711 1488 non
1725 1467 1838 1498 poteras
1849 1458 1945 1488 dicere
1956 1467 2021 1487 non
2030 1457 2120 1486 licere

1165 1499 1221 1530 effe
1232 1503 1350 1531 Romae.
1374 1501 1455 1542 Qid
1475 1502 1561 1530 enim
1578 1501 1706 1530 diceres:
1728 1500 1926 1531 damnatum?
1947 1499 2025 1528 certe
2045 1506 2120 1528 non.

1165 1543 1337 1582 expulsum?
1347 1542 1398 1583 qui
1409 1544 1506 1572 licuit?
1522 1542 1569 1572 sed
1580 1550 1680 1572 tamen
1691 1552 1728 1572 ne
1743 1542 1772 1572 id
1782 1541 1904 1582 quidem
1915 1539 1957 1571 est
1967 1541 2119 1580 scriptum,

1166 1593 1198 1614 ut
1208 1586 1320 1614 exirem
1336 1587 1346 1613 ?
1361 1594 1448 1624 poena
1458 1583 1499 1613 est
1510 1604 1518 1616 ,
1531 1585 1582 1624 qui
1593 1584 1721 1621 receperit
1736 1595 1746 1611 .·
1782 1594 1850 1614 uam
1861 1592 1968 1613 omnes
1979 1582 2122 1623 neglexe-

1166 1635 1245 1656 runt.
1270 1625 1380 1666 ejuffio
1400 1626 1547 1666 nusquam
1559 1625 1609 1656 est.
1634 1624 1749 1655 Verum
1761 1594 1804 1655 gt.
1822 1625 1894 1665 quid
1906 1628 1917 1653 ?
1929 1633 2053 1663 operum
2063 1632 2123 1662 pu-

1165 1668 1317 1698 blicorum
1338 1667 1456 1698 exafitio
1474 1677 1480 1696 :
1502 1667 1573 1708 quid
1587 1670 1596 1696 ?
1615 1668 1752 1697 nominis
1770 1667 1923 1705 inscriptio
1942 1685 1950 1699 2
1970 1665 2024 1695 tibi
2044 1674 2120 1694 num

1165 1710 1245 1740 aliud
1255 1708 1439 1740 videturesse
1450 1730 1458 1743 ‚
1480 1719 1512 1739 ac
1523 1718 1663 1738 meorum
1673 1709 1826 1738 bonorum
1844 1707 1983 1748 direptio:
2001 1714 2123 1746 praeter-

1168 1752 1257 1793 quam
1268 1751 1351 1793 quod
1360 1761 1398 1781 ne
1414 1751 1443 1781 id
1453 1750 1577 1792 quidem
1594 1760 1645 1790 per
1656 1751 1751 1790 legem
1763 1751 1913 1779 Liciniam
1924 1769 1932 1781 ‚
1954 1747 2053 1788 utipse
2063 1747 2121 1776 tibi

1168 1796 1355 1825 curationem
1365 1792 1455 1823 ferres
1466 1812 1474 1826 ,
1484 1792 1577 1822 facere
1585 1792 1709 1832 potuisti
1721 1797 1730 1822 ?
1749 1791 1830 1832 Qid
1841 1792 1901 1820 hoc
1910 1789 2007 1829 ipsum
2021 1808 2029 1822 ,
2041 1787 2125 1828 quod.

1168 1846 1250 1866 nunc
1264 1834 1340 1875 apud
1350 1833 1511 1874 pontifices
1520 1836 1590 1875 agis,
1605 1842 1631 1864 te
1643 1843 1742 1863 meam
1754 1833 1884 1862 domurn
1894 1829 2084 1863 consecrasse,
2095 1838 2125 1859 te

1171 1886 1410 1908 monumentum
1420 1874 1530 1909 feciss'e,
1543 1877 1577 1905 in
1588 1877 1665 1905 meis
1679 1875 1793 1905 aedibus
1804 1883 1831 1904 te
1842 1873 1958 1915 signum
1967 1869 2124 1904 dedicafl'e,

1168 1929 1258 1961 eaque
1273 1928 1300 1949 te
1310 1928 1347 1948 ex
1358 1928 1415 1948 una
1424 1917 1623 1958 rogatiuncula
1632 1914 1733 1946 fecisse
1745 1927 1750 1945 :
1776 1926 1871 1947 unum
1883 1935 1891 1949 ‚
1904 1914 2028 1944 &idem
2039 1912 2127 1943 vide-

1171 1971 1219 1991 tur
1232 1959 1288 1991 efl'e
1300 1980 1308 1994 ,
1332 1969 1418 2001 atque
1436 1960 1466 1990 id
1478 1980 1486 1993 ‚
1506 1959 1588 2000 quod
1605 1959 1641 1988 de
1656 1968 1705 1988 me
1724 1959 1789 1998 ipso
1808 1957 1994 1988 nominatim
2007 1954 2100 1985 tulisti
2113 1957 2126 1983 ἒ

1169 2006 1248 2033 Tam
1259 2003 1377 2031 hercule
1393 2001 1435 2032 est
1445 2011 1540 2031 unum
1552 2021 1561 2034 ‚
1583 2000 1672 2041 quam
1691 2000 1774 2040 quod
1784 1999 1866 2030 idem
1885 2007 1917 2029 tu
1935 1998 1998 2039 lege
2010 2006 2068 2027 una
2077 2005 2126 2026 tu-

1173 2044 1233 2075 listi
1245 2055 1250 2074 :
1268 2053 1301 2074 ut
1312 2045 1436 2084 Cyprius
1444 2053 1496 2073 rex
1507 2063 1514 2076 ,
1533 2044 1618 2082 cujus
1629 2044 1758 2081 majores
1770 2042 1841 2072 huic
1849 2039 1963 2081 populo
1978 2039 2070 2072 socii,
2082 2046 2127 2068 at-

1169 2096 1226 2127 que
1237 2086 1326 2116 amici
1340 2086 1453 2126 semper
1462 2084 1583 2115 fuerunt
1595 2104 1604 2118 ,
1621 2094 1691 2114 cum
1711 2083 1800 2114 bonis
1820 2081 1964 2113 omnibus
1982 2080 2034 2112 sub
2052 2089 2128 2120 pra:-

1170 2138 1247 2158 cone
1271 2127 1464 2166 subjiceretur
1478 2147 1486 2160 ,
1512 2127 1544 2156 &
1569 2126 1686 2156 exsules
1707 2127 1887 2165 Byzantium
1908 2122 2129 2153 reducerentur.

1173 2170 1293 2202 Eidem,
1312 2171 1431 2210 inquit,
1444 2178 1565 2209 utraque
1578 2167 1613 2198 de
1629 2178 1659 2198 re
1670 2169 1828 2208 negotium
1839 2165 1919 2196 dedi.
1943 2164 1992 2195 sed
2003 2163 2074 2204 quid
2085 2182 2093 2196 ‚
2105 2160 2126 2191 fi

1169 2212 1270 2242 eidem
1283 2213 1438 2252 negotium
1456 2208 1584 2240 dedisses
1594 2230 1602 2243 ,
1623 2218 1656 2239 ut
1666 2211 1699 2238 in
1710 2207 1774 2239 Afia
1787 2207 2000 2247 Cistophorum
2015 2204 2129 2244 flagita-

1173 2263 1226 2287 ret,
1240 2253 1309 2283 inde
1319 2255 1375 2283 iret
1385 2255 1417 2282 in
1428 2253 1605 2291 Hispaniam
1617 2261 1622 2279 :
1633 2249 1704 2281 cum
1716 2253 1816 2280 Roma
1826 2245 1984 2279 deceffiffet
1995 2266 2003 2280 ‚
2014 2246 2125 2275 consu-

1173 2297 1267 2325 latum
1287 2296 1313 2323 ei
1323 2303 1420 2333 petere
1434 2295 1551 2323 liceret:
1571 2292 1642 2322 cum
1659 2290 1753 2321 facitus
1767 2289 1854 2323 esset,
1874 2289 2061 2328 provinciam
2072 2290 2128 2327 Sy-

1171 2339 1246 2366 riam
1257 2335 1426 2365 obtineret?
1436 2336 1581 2374 quoniam
1592 2333 1629 2362 de
1644 2342 1705 2362 uno
1716 2334 1842 2361 homine
1853 2330 2002 2363 scriberes,
2016 2339 2072 2359 una
2082 2338 2129 2358 res

1174 2375 1267 2407 esset?
1286 2375 1378 2415 de
1394 2375 1485 2415 sijam
1504 2375 1634 2414 populus
1653 2375 1810 2404 Romanus
1827 2370 1928 2403 deisti
1940 2381 1969 2401 re
1986 2370 2126 2410 conficlrus

1172 2416 1253 2450 csl'et,
1271 2417 1303 2446 &
1315 2427 1382 2446 non
1398 2418 1502 2447 omnia
1515 2425 1567 2456 per
1576 2416 1674 2446 servos
1687 2436 1695 2449 ,
1707 2415 1893 2455 latronesque
1903 2411 2038 2454 gessisses,
2050 2421 2131 2442 non-

1175 2467 1213 2489 ne
1229 2457 1293 2488 fieri
1304 2467 1428 2498 poterat,
1439 2467 1472 2488 ut
1480 2457 1594 2498 populo
1605 2457 1640 2487 de
1652 2459 1762 2497 Cyprio
1772 2467 1839 2498 rege
1849 2456 1984 2495 placeret,
1996 2454 2032 2484 de
2041 2453 2132 2484 exsu-

1175 2501 1254 2531 libus
1266 2502 1439 2540 Byzantinis
1449 2500 1618 2540 displiceret
1636 2499 1646 2525 ?
1661 2502 1734 2539 Q
1754 2497 1796 2528 est
1816 2495 1894 2538 quasi
1911 2497 1968 2526 alia
1985 2498 2031 2526 vis
2042 2516 2050 2529 ‚
2064 2505 2132 2537 quae

1176 2544 1319 2573 sententia
1328 2543 1454 2572 Caeciliae
1469 2542 1540 2582 legis
1552 2561 1560 2574 ,
1574 2541 1606 2571 δε
1617 2540 1716 2571 Didiae
1728 2561 1736 2574 ‚
1749 2538 1804 2570 nisi
1815 2541 1886 2572 liaec‚
1900 2549 1938 2568 ne
1948 2537 2061 2578 populo
2077 2545 2132 2567 ne-

1175 2583 1249 2615 ccss'c
1262 2582 1337 2614 sitin
1349 2582 1495 2624 conjunc‘hs
1504 2581 1581 2613 rebus
1591 2582 1798 2623 compluribus
1808 2602 1817 2616 ‚
1829 2590 1879 2612 aut
1889 2580 1920 2611 id
1931 2600 1939 2614 ‚
1950 2579 2031 2621 quod
2041 2578 2132 2613 nolit,

1988 2629 2131 2661 accipere,

218 2711 241 2728 ι.
260 2706 302 2735 ‘NJ
312 2704 465 2735 nifiprodisla
475 2704 536 2736 die]
558 2702 707 2734 Vic'toriua,
718 2702 829 2735 pmdifla
840 2713 845 2726 ε
865 2701 935 2737 quod
947 2701 1038 2728 eodem
1053 2701 1133 2731 redit,
1152 2711 1155 2730 v,
1173 2698 1342 2726 adblanditur
1352 2698 1457 2734 scriptio
1468 2697 1565 2724 codicis
1577 2698 1604 2723 S.
1616 2696 1730 2724 Victorii
1744 2697 1960 2730 stiffi-qqulmorem.

177 2745 283 2765 atenim
299 2746 370 2763 retus
383 2738 507 2770 edium&
521 2738 587 2764 l’all.
597 2739 641 2774 plu
647 2748 697 2764 res.
708 2749 735 2764 nr
745 2740 875 2771 proindiffm
885 2739 930 2765 die.
945 2746 1028 2765 nonus
1039 2737 1134 2764 solum.

179 2772 275 2799 deinde
285 2775 460 2805 p1·ot'71«!i;.¹.zdic
471 2777 496 2800 S.
508 2774 579 2801 Vixit.
593 2786 620 2800 ne
629 2779 653 2800 in
662 2775 773 2807 pmdt'cla
783 2775 828 2801 die.

217 2819 244 2835 2.
259 2813 287 2849 tlt
297 2817 332 2834 ier
341 2817 395 2835 amc
405 2813 555 2843 mngistratm
565 2811 680 2844 accit-let]
694 2810 849 2841 Lambinus3
862 2819 921 2844 mag.
933 2811 997 2841 citet,
1009 2817 1134 2844 tauquam

179 2845 207 2872 id
221 2853 286 2871 ratio
304 2847 331 2871 ὅ(
345 2846 438 2872 vei-'itas
451 2846 554 2882 probet.
576 2855 667 2873 contra
687 2856 777 2873 omues
790 2846 890 2876 libros,
913 2845 1025 2881 ideoque
1036 2846 1134 2879 inepte.

181 2881 248 2921 ΑΜ.Ι
261 2882 352 2917 Nepos
373 2881 456 2908 edidit
469 2892 475 2911 ς
497 2884 598 2908 rcrtsout
610 2890 664 2908 ante
674 2892 735 2916 mag.
754 2884 852 2916 accuser.
874 2882 951 2908 nimis
965 2880 1088 2917 profecto
1102 2880 1134 2906 li-

181 2925 309 2943 cunnos-c.
331 2916 371 2943 scd
392 2928 450 2944 cuin
463 2919 555 2953 Angla:
566 2919 665 2945 stabulo
685 2919 748 2945 milii
769 2928 808 2945 rcs
828 2918 909 2945 fucrit
922 2938 930 2950 ,
950 2917 968 2944 ii
979 2917 1134 2944 criticorum

181 2953 336 2989 produxero
350 2954 431 2979 statuas
442 2955 619 2981 correctiones
631 2964 732 2981 omncs.

220 2999 246 3020 ζ.
264 2994 406 3021 spurciorem
424 2992 503 3022 lingua
515 2992 589 3025 fian]
612 2991 720 3017 Offendi
739 2992 765 3018 in
775 2990 878 3027 aliquot
889 2989 946 3017 mss.
960 2991 1136 3024 spnrciciorem,

184 3025 254 3061 quod
266 3025 421 3060 antiquariis
433 3026 502 3051 sorte
515 3037 565 3053 non
576 3027 733 3063 displicebit.

216 3070 246 3093 4.
268 3064 331 3086 Bona
340 3064 424 3091 venia,
435 3065 543 3095 qnoniam
554 3064 608 3095 jam
619 3064 766 3094 Amlcffism,
779 3064 808 3094 ὠ
818 3065 856 3088 lm:
867 3072 953 3097 tyrioque
963 3060 1084 3095 lt'gurri5.]
1097 3061 1138 3085 lta

184 3097 296 3123 Palatini
312 3098 367 3128 sex,
380 3107 430 3123 non
443 3104 471 3122 ut
483 3097 597 3131 vulgata,
609 3101 667 3124 bona
676 3103 749 3124 vrm'n
760 3100 806 3130 dic,
818 3103 928 3132 qnoniam
938 3099 997 3123 dial.
1009 3106 1031 3122 cs
1045 3116 1052 3127 ,
1063 3097 1091 3127 ὠ·
1100 3098 1138 3121 hoc

182 3143 269 3167 quoqm
279 3136 382 3166 Ligura.
405 3134 433 3158 Sc
445 3134 505 3159 vero
518 3133 589 3160 binas
602 3135 660 3160 illas
673 3135 775 3161 voculas
786 3135 835 3161 esst:
847 3136 862 3161 a
874 3135 983 3161 Criticis
997 3153 1004 3166 ,
1023 3131 1139 3169 produnt

184 3171 213 3195 ὃ(
224 3168 285 3195 cdd.
297 3170 398 3205 primm,
410 3179 466 3204 quzt
478 3178 519 3195 eas
532 3180 582 3196 uon
594 3169 702 3196 habeut.

1152 2734 1155 2756 Ι
1214 2736 1241 2761 6.
1251 2739 1298 2760 'Pcr-
1308 2736 1490 2769 mca'iumfhrum
1500 2733 1622 2767 popularis
1632 2734 1768 2766 volitans]
1784 2733 1879 2758 Lectio
1891 2733 1977 2758 minus
1989 2739 2059 2756 vcra.
2070 2738 2131 2756 nam

1180 2771 1246 2798 l'all.
1257 2773 1284 2797 S<
1296 2773 1322 2796 S.
1334 2771 1438 2797 Victor.
1454 2778 1498 2803 per
1509 2770 1714 2803 mm'iumscormm
1728 2770 1839 2802 populare
1856 2770 1981 2793 volitare-s.
2001 2765 2072 2802 quod
2085 2765 2134 2791 ad-

1179 2807 1247 2834 iuiiit
1258 2806 1402 2833 Lambinus
1415 2826 1423 2838 ,
1434 2805 1476 2832 sed
1487 2813 1612 2842 proetcrea
1625 2805 1721 2841 recepit
1732 2804 1891 2837 illudfiirum.
1914 2809 2008 2838 praeter
2020 2801 2088 2829 ullos
2099 2801 2135 2827 li-

1179 2843 1249 2870 bros.
1271 2853 1329 2870 iiam
1341 2844 1368 2869 δ’
1381 2842 1446 2869 editi
1459 2841 1557 2868 vetusti:
1575 2850 1582 2871 ἦ
1603 2841 1866 2874 permediumsbi-lilmn
1881 2840 2016 2871 popularem
2024 2838 2074 2862 vol.

1214 2889 1241 2914 7.
1268 2882 1378 2905 Noritim
1388 2878 1487 2912 Ligur]
1510 2877 1606 2904 Nihilo
1616 2877 1688 2913 pejus
1699 2875 1806 2902 Gembl.
1817 2884 1846 2901 ac
1856 2874 1911 2900 Pal.
1923 2882 2008 2900 nonus
2021 2892 2029 2905 ,
2039 2875 2113 2906 Lt'gus
2124 2881 2134 2904 ς

1182 2926 1232 2952 qua
1243 2916 1429 2942 terminatione
1440 2915 1465 2940 ἃ
1479 2913 1542 2940 alibi
1554 2912 1623 2939 usus.

1219 2952 1245 2980 8.
1268 2956 1307 2978 M.
1317 2952 1409 2985 Drusus
1417 2954 1442 2976 in
1453 2952 1537 2983 legibus
1549 2949 1668 2982 Jiaeisplcr(
1679 2957 1720 2982 que
1732 2967 1740 2980 ,
1761 2949 1833 2973 honus
1842 2948 1877 2972 ille
1887 2949 1929 2971 vir
1941 2965 1948 2976 ‚
1968 2949 2007 2971 Ill.
2017 2948 2136 2977 Scaurus,

1158 2997 1160 3021 Ι
1181 2989 1209 3019 ὠ·
1219 2991 1250 3013 L.
1261 2989 1359 3021 erffln
1369 2987 1495 3020 confidaris
1505 2996 1549 3011 non
1558 2984 1726 3017 obtinuerint]
1740 2983 1882 3009 Exauiinet
1892 2981 1977 3017 quaeso
1988 2981 2079 3006 critica
2090 2990 2137 3007 na-

1158 3023 1161 3053 Ι
1181 3024 1220 3050 tio
1231 3023 1383 3059 scripturam
1395 3024 1469 3049 hanc.
1490 3021 1547 3048 Pal.
1559 3030 1599 3056 pr.
1611 3022 1637 3046 S<
1658 3019 1706 3046 sec.
1727 3019 1772 3045 tuis
1787 3019 1901 3052 plerisque
1918 3021 1943 3043 in
1963 3017 2025 3043 bonis
2042 3019 2078 3042 illc
2095 3020 2139 3042 vir

1159 3058 1161 3069 ¹
1182 3064 1221 3086 Μ.
1231 3064 1318 3085 Scauro
1330 3079 1337 3091 ,
1348 3060 1377 3090 ὠ·
1387 3062 1417 3084 L.
1428 3059 1507 3092 Craffii
1516 3058 1573 3090 Coſjl
1583 3067 1628 3082 non
1636 3057 1770 3082 obtinuerit.
1791 3053 1875 3080 sensus
1887 3053 1943 3080 sanc
1956 3052 2016 3080 iude
2027 3051 2138 3079 resultat

1179 3096 1300 3131 egregius
1313 3095 1459 3122 reformato
1469 3094 1552 3120 tuis'in
1565 3094 1626 3126 ficis.
1646 3092 1844 3126 reiekioqueillc
1857 3093 1909 3115 viia
1930 3097 1958 3116 ut
1977 3089 2038 3115 bina
2057 3089 2138 3114 saciat

1183 3132 1271 3166 legum
1282 3141 1380 3167 genera
1390 3130 1486 3162 Drusi,
1508 3130 1575 3156 bona
1587 3149 1595 3160 ,
1619 3129 1645 3154 8<
1658 3128 1735 3154 mala.
1756 3137 1788 3154 ne
1808 3127 1834 3153 in
1845 3126 1920 3152 bonis
1931 3125 2038 3161 quidem
2050 3123 2138 3160 inquit

1183 3167 1300 3194 obtinuit
1318 3177 1375 3203 quae
1396 3166 1500 3198 voluit,
1519 3175 1587 3192 anno
1598 3174 1652 3200 quo
1671 3163 1758 3190 consul
1778 3170 1834 3189 crat
1845 3164 1955 3189 Scaurus
1969 3181 1976 3192 ,
1995 3170 2063 3197 anno
2084 3168 2139 3195 qno

219 3215 248 3240 5.
269 3210 331 3234 <Aut
341 3205 555 3240 deniqutsnffrngii
564 3207 687 3242 latorem]
711 3206 768 3234 Pal.
781 3215 863 3234 nonus
871 3205 1062 3241 figfsiagmorcm.
1073 3203 1142 3231 unde
1185 3202 1302 3232 Craffixs.
1323 3203 1423 3240 inspexi
1435 3202 1522 3230 obiter
1533 3195 1620 3229 F'astos
1633 3210 1641 3232 3
1664 3199 1705 3227 scd
1718 3199 1783 3226 nibil
1795 3197 1881 3226 statim
1893 3198 1965 3225 ultro
1976 3195 2101 3224 occurrit.

2047 3240 2057 3258 ι
2064 3251 2070 3257 .
2088 3231 2139 3258 mi

2127 296 2168 330 19
