2360 3400
488 127 558 160 na
604 112 880 159 quraus
926 110 1164 161 Bononi‘
1214 129 1292 162 aa·
1339 115 1506 166 MAL.
1554 119 1686 168 [ΑΒ.
1741 120 1797 169 V.

2001 138 2124 191 1039

172 201 285 244 majora
299 198 373 232 fint,
391 203 443 228 aut
462 196 594 226 minora.
617 196 721 236 Itaque
738 194 818 234 (jam
838 196 922 226 enim
932 195 1127 226 concludatur
1174 197 1353 237 rendispinas
1371 199 1525 239 probavit:
1543 200 1660 243 fuitque
1679 205 1712 233 in
1731 204 1824 235 altero
1834 211 1942 245 genere
1952 205 2073 240 mitior,
2092 207 2127 238 in

170 243 286 282 oratio)
304 242 363 271 hoc
381 248 443 268 uno
462 237 538 266 vitio
558 238 696 267 maxime
716 238 795 267 mihi
809 239 908 278 premi
927 237 1067 268 videntur
1081 238 1126 267 tui

170 285 264 317 Stoici
284 302 293 316 ‚
319 279 401 322 quod
431 280 461 310 se
488 275 570 318 pofl'e
598 287 703 318 putant
722 278 792 309 duas
809 279 962 309 contrarias
972 279 1125 319 sententias

169 325 300 358 abripiere.
326 322 400 363 quid
416 323 500 352 enim
518 318 562 350 est
579 329 640 351 tam
658 330 824 362 repugnans
845 341 854 354 ,
881 321 973 362 quam
991 319 1121 350 eundem

166 369 262 399 dicere
272 386 280 399 .
292 364 376 406 quod
385 361 549 394 honestum
560 360 604 395 fit,
615 362 713 392 solum
723 362 756 393 id
767 362 882 393 bonum
893 361 962 395 effe,
974 363 1026 402 qui
1037 361 1126 395 dicat,

165 408 382 450 appetitionem
403 414 503 435 rerum
521 403 556 434 ad
576 403 744 434 vivendum
760 403 1057 435 accommodatarum
1078 422 1086 436 ,
1109 402 1127 433 ὲ

167 446 465 488 naturaprofee‘kam?
486 449 530 476 Ita
539 445 611 476 cum
620 455 656 476 ea
665 445 774 476 volunt
783 448 912 476 retinere
928 465 937 479 ‚
957 455 1022 485 quae
1036 444 1126 493 supe-

166 493 240 523 riori
257 491 408 521 sententia:
418 490 606 519 conveniunt
616 507 625 521 ,
648 489 682 518 in
692 486 864 518 Aristonem
876 486 1032 517 incidunt:
1050 495 1122 517 cum

167 534 200 565 id
209 534 330 573 fugiunt
341 544 351 566 ς
375 535 427 561 ’τε
437 530 541 561 eadem
553 528 731 563 defendunt.
741 539 808 570 quae
818 530 1001 569 Peripatetici
1011 540 1021 563 3
1033 527 1124 559 verba

166 584 270 607 tenent
290 573 456 604 mordicus,
477 581 545 613 quae
562 571 662 601 rursus
681 571 757 601 dum
770 570 847 601 fibi²
858 571 947 601 evelli
958 580 996 600 ex
1006 580 1057 601 ore
1065 580 1123 600 no-

165 619 245 650 lunt.
258 615 440 646 horridiores
450 613 591 647 evadunt,
604 613 779 653 asperiores,
788 612 923 643 duriores
933 612 966 643 &
975 613 1123 645 emtione,

168 660 201 690 &
222 657 376 691 moribus,
395 667 485 697 quam
503 655 629 686 illorum
649 654 819 689 tristitiam,
839 663 926 696 atque
935 655 1121 695 asperitatem

1170 238 1263 269 altero
1272 240 1419 272 illustrior
1432 252 1438 271 :
1459 242 1634 284 semperque
1642 244 1746 276 habuit
1754 247 1788 276 in
1799 256 1850 276 ore
1862 247 2016 277 Platonem
2027 267 2038 282 ‚
2057 249 2129 278 Ari·

1170 278 1308 311 stotelem
1320 302 1329 316 ‚
1341 285 1542 315 Xenocratem
1554 305 1562 319 ,
1575 287 1818 327 Theophrastum
1830 308 1840 322 ‚
1853 289 2061 320 Dicaearchum
2073 309 2082 324 ‚
2093 293 2128 321 ut

1171 320 1258 360 ipsius
1277 325 1382 364 scripta
1402 325 1560 357 declarant.
1591 337 1668 368 quos
1691 329 1815 370 quidem
1836 330 1892 361 tibi
1911 329 2044 362 studiose
2062 350 2072 366 ‚
2090 331 2125 363 Be

1168 362 1329 404 diligenter
1345 366 1513 397 traistandos
1524 388 1533 402 ,
1557 379 1737 411 magnopere
1753 372 1874 402 censeo.
1905 372 1962 403 Sed
1980 375 2128 413 quoniam

1168 403 1379 445 advesperascit
1389 428 1397 440 ‚
1419 408 1451 438 &
1469 411 1547 440 mihi
1566 411 1601 441 ad
1622 412 1726 442 villam
1740 413 1949 444 revertendum
1958 414 2000 445 est
2013 424 2019 444 :
2042 424 2127 446 nunc

1170 446 1294 486 quidem
1305 448 1448 480 baffi-enus
1460 461 1466 479 :
1479 451 1586 482 verum
1604 454 1653 482 hoc
1662 454 1734 483 idem
1741 455 1966 496 skpefaciamus.
1991 457 2060 487 Nos
2072 466 2125 487 ve·

1170 485 1216 521 ro,
1229 489 1326 529 inquit
1337 491 1400 520 ille.
1427 501 1497 522 nam
1508 494 1581 533 quid
1591 493 1747 534 possumus
1756 495 1852 527 facere
1862 498 1972 527 melius
1984 500 1994 528 ?
2006 498 2039 528 δε
2049 499 2126 529 hanc

1168 529 1292 568 quidem
1302 534 1433 570 primam
1442 536 1557 575 exigam
1569 536 1583 566 a
1595 545 1621 566 te
1633 546 1766 577 operam,
1778 547 1810 569 ut
1822 539 1922 569 audias
1931 548 2061 580 me‚quae
2071 540 2087 570 a
2097 548 2126 570 te

1168 569 1246 601 dieta
1255 572 1335 605 sunt,
1346 573 1542 606 refellentem.
1566 577 1615 608 sed
1626 588 1795 614 memento,
1808 588 1837 610 te
1847 600 1856 614 ‚
1871 590 1936 622 quae
1948 590 2005 611 nos
2018 581 2126 612 sentia-

1169 622 1257 646 mus,
1273 616 1376 644 omnia
1386 615 1509 655 probare
1519 637 1527 651 ‚
1541 621 1572 649 ni
1581 620 1663 660 quod
1674 621 1773 652 verbis
1786 623 1872 652 aliter
1883 631 2022 653 utamur:
2045 623 2124 653 mihi

1166 663 1267 685 autem
1277 655 1444 687 vestrorum
1457 660 1535 689 nihil
1544 662 1670 700 probari.
1675 663 1848 705 simpulum,
1861 666 1996 705 inquam,
2007 663 2122 695 abeun-

165 700 284 743 fugiens
296 701 440 731 Panaetius
449 718 460 733 ‚
471 708 526 729 nec
534 696 722 728 acerbitatem
734 697 962 730 sententiarum,
978 706 1033 727 nec
1042 696 1071 725 di
1094 705 1122 725 e·
1142 682 1145 738 ἶ
1168 698 1200 727 ti.
1224 696 1273 727 sed
1284 697 1466 729 videbimus.
1489 703 1563 743 Qae
1573 702 1644 733 cum
1655 703 1748 735 efflent
1760 704 1852 739 dieta,
1862 704 2055 737 disceffimus.

206 799 231 816 1.
250 793 282 816 Re
288 791 368 815 eadem
378 788 513 820 detinemur,
523 797 572 821 quae
579 788 742 819 PeripatetIei5
751 786 828 812 verba
840 792 919 812 tenent
928 786 1069 820 mordicus]
1082 785 1126 811 Sic
1165 785 1220 811 dine
1229 787 1311 812 nolunt
1323 805 1331 818 ,
1351 786 1435 828 sicque
1448 788 1505 814 Pal.
1517 789 1605 825 quint.
1617 790 1684 817 sext.
1705 801 1763 818 nam
1775 793 1856 820 ceteri
1868 800 1919 819 tres
1933 812 1941 824 ,
1958 802 1987 819 ex
1995 793 2073 819 ordine
2081 803 2126 818 w»

167 825 226 852 mss‘.
237 826 308 852 Pali.
326 818 410 861 neque
421 833 485 860 opus
505 823 559 849 ulla
579 821 727 848 mutatione
745 830 805 847 cuin
816 821 946 848 Lambino
961 840 970 854 ,
988 822 1123 849 conti-ario
1164 823 1217 846 lunt
1229 841 1238 853 ,
1251 822 1461 857 quoinodoitem
1473 823 1549 851 fuisse
1559 826 1586 852 iii
1597 826 1720 853 omnibus
1739 827 1789 853 suis
1800 829 1910 855 testatur
1922 829 2075 856 Lambinus.
2095 831 2125 855 δι’

168 861 250 888 modo
259 861 343 888 isthaec
353 858 539 895 interpret-uiti
550 866 630 893 quain
641 855 764 883 debebat.

1167 856 1252 884 forsan
1265 858 1338 885 reSte
1350 870 1356 885 :
1379 866 1408 885 ut
1422 859 1485 886 velit
1496 879 1505 893 ,
1516 861 1620 889 nullum
1630 871 1674 890 eos
1684 872 1718 890 ex
1729 863 1783 891 istis
1797 865 1903 892 verbum
1912 864 2068 893 amissurum
2077 864 2127 892 niss

204 906 234 924 2.
253 898 329 924 Evelli
337 905 365 923 ex
373 905 410 923 ore
417 894 525 928 nolimu]
546 891 640 920 l’assim
650 892 689 919 ita
706 891 817 927 legitur.
836 899 864 920 at
875 892 939 920 olim
951 898 1009 920 erat
1020 911 1029 926 ,
1047 901 1076 919 ex
1084 902 1123 920 ar·
1169 894 1193 920 vi
1205 902 1277 922 mera
1287 902 1494 931 extorqueatur.

503 999 1086 1062 M.TULLM

1073 1109 1128 1162 D

1182 1002 1794 1068 CICERONIS

1167 1110 1214 1164 E

202 1154 634 1267 *FINIBUS
701 1203 1242 1265 BONORUM
1307 1204 1437 1264 ET
1502 1205 2063 1286 MALORUM‚

1088 1309 1130 1353 A

433 1351 1023 1460 Bau

1165 1307 1211 1352 D

1205 1382 1284 1460 T
1476 1385 1552 1463 U
1723 1387 1864 1465 .M.

587 1502 972 1557 LIBER
1086 1503 1702 1573 QUINTUS

362 1638 372 1647 x
381 1640 393 1651 ii
427 1624 459 1653 U
470 1631 497 1653 M
515 1620 697 1652 audivissem
720 1621 909 1651 Antiochum
929 1639 938 1654 ,
963 1622 1052 1651 Brute
1063 1641 1072 1655 ‚
1081 1624 1125 1651 'ut

365 1668 394 1715 [μ’
427 1664 539 1695 solebat
549 1684 558 1698 ‚
572 1667 582 1683 ¹
593 1673 662 1694 cum
674 1664 716 1693 M.
728 1663 836 1693 Pisone
849 1682 858 1695 ‚
869 1664 901 1692 in
913 1672 950 1692 eo
958 1661 1124 1702 gymnafio,

317 1719 327 1726 -
357 1697 398 1745 :J
427 1705 510 1746 quod
519 1705 733 1736 Ptolomaeium
744 1713 875 1736 vocatur,
891 1713 1010 1744 unaque
1020 1704 1125 1734 nobis-

366 1747 396 1761 “”
519 1749 570 1787 Q
580 1748 679 1778 Frater
688 1765 697 1780 ‚
719 1745 751 1776 &
762 1748 800 1776 T.
812 1746 1001 1785 Pomponius
1011 1765 1022 1779 ‚
1042 1746 1075 1776 &
1086 1748 1123 1776 L.

165 1927 267 1952 remus
276 1919 308 1947 in
320 1914 480 1946 Academia
491 1933 502 1948 ,
514 1913 649 1943 maxime
661 1912 744 1953 quod
755 1912 872 1942 islocus
886 1911 923 1942 ab
936 1913 1024 1941 omni
1038 1911 1123 1942 turba

166 1961 199 1993 id
216 1959 360 2000 temporis
379 1965 488 1987 vacuus
506 1954 586 1985 esset.
609 1957 713 1995 Itaque
728 1953 764 1984 ad
784 1962 904 1993 tempus
922 1952 958 1983 ad
977 1952 1121 1984 Pisonem

169 2010 291 2033 omnes.
310 1999 381 2031 inde
402 1999 486 2028 vario
506 1997 644 2027 sermone
666 1996 716 2026 sex
734 1995 937 2035 illaaDipylo
948 1994 1038 2026 stadia
1047 2005 1123 2027 con-

167 2044 307 2076 fecimus.
329 2040 401 2072 eum
419 2047 519 2070 autem
536 2037 721 2069 venissemus
739 2041 755 2057 ²
770 2039 804 2067 in
823 2037 1036 2071 Academiam,
1057 2047 1122 2068 non

166 2086 229 2117 fine
237 2084 320 2116 causa
330 2082 486 2113 nobilitata
497 2081 584 2120 spatia
594 2099 604 2114 ‚
619 2079 749 2110 solitudo
761 2088 821 2110 erat
829 2089 872 2113 ea,
883 2088 973 2120 quam
984 2080 1121 2110 voluera-

167 2137 250 2159 mus.
273 2129 357 2156 Tum
371 2124 438 2154 Piso
450 2143 458 2156 ‚
471 2124 624 2153 Naturane
637 2121 726 2152 nobis
735 2122 791 2152 hoc
800 2141 809 2155 ‚
821 2123 922 2162 inquit
935 2141 943 2154 ,
954 2120 1056 2152 datum
1073 2120 1122 2151 di-

167 2180 252 2203 cam,
276 2177 314 2198 an
334 2175 430 2196 errore
447 2164 596 2205 quodam:
617 2172 650 2193 ut
664 2183 673 2197 ,
694 2161 767 2193 cum
777 2171 820 2192 EA
831 2171 918 2194 LOCA
930 2171 1117 2198 vineamus,

165 2214 199 2243 in
219 2210 329 2252 quibus
346 2209 494 2238 memoria
501 2206 610 2247 dignos
619 2206 699 2236 viros
707 2206 908 2245 acceperimus
918 2206 1052 2236 multum
1065 2203 1124 2236 effe

165 2254 309 2286 versatos,
321 2251 414 2290 magis
425 2256 603 2278 moveamur
616 2267 625 2281 ,
646 2250 660 2274 3
671 2246 760 2287 quarn
772 2245 915 2288 srquando
925 2256 1032 2277 eorum
1042 2247 1122 2288 ipso-

165 2305 236 2326 rum
253 2302 302 2325 aut
313 2291 395 2322 faEta
412 2290 570 2321 audiamus
582 2309 591 2323 ,
607 2297 658 2320 aut
674 2289 816 2327 scriptum
835 2288 957 2330 aliquod
976 2289 1123 2331 legamus?

166 2337 253 2368 velut
279 2344 334 2377 ego
362 2342 444 2363 nunc
460 2340 598 2362 moveor.
633 2332 718 2361 venit
734 2331 818 2361 enim
842 2331 920 2361 mihi
937 2330 1071 2361 Platonis
1088 2333 1121 2361 in

168 2386 320 2409 mentem:
341 2384 432 2416 quem
444 2375 614 2413 accepimus
623 2373 757 2413 primum
770 2370 818 2402 hic
828 2371 973 2413 disputare
986 2373 1120 2403 solitum:

167 2421 255 2459 cujus
270 2420 361 2448 etiam
381 2416 427 2446 illi
450 2415 560 2446 hortuli
581 2416 818 2456 propinquinon
829 2416 1010 2445 memoriam
1019 2415 1120 2446 solum

166 2462 246 2492 mihi
265 2458 409 2491 afferunt:
430 2457 479 2488 sed
499 2457 596 2498 ipsum
617 2456 758 2487 videntur
778 2456 807 2485 in
827 2455 966 2496 conspessu
984 2467 1057 2488 meo
1074 2455 1124 2488 hic

165 2511 272 2545 ponere.
304 2499 354 2531 hic
368 2496 544 2540 Speusippus
556 2518 564 2532 ,
581 2497 629 2528 hic
641 2500 824 2529 Xenocrates
835 2518 845 2532 ‚
863 2497 911 2529 hic
927 2499 991 2535 ejus
1001 2499 1122 2530 auditor

165 2545 294 2576 Polemo
311 2553 316 2572 ;
332 2544 418 2581 cujus
435 2541 496 2580 ipsa
515 2538 658 2570 illaseffio
668 2540 744 2574 fuit,
763 2550 853 2611 tinam
862 2540 1012 2571 videmus.
1033 2543 1118 2583 equi-

166 2586 237 2616 dem
259 2586 347 2615 etiam
367 2583 481 2613 curiam
502 2581 634 2613 nostram
650 2602 658 2615 ‚
679 2581 766 2612 Hosti
782 2591 841 2612 iam
859 2581 928 2613 dico
940 2602 949 2616 ,
970 2592 1034 2613 non
1045 2585 1121 2614 hanc

166 2637 278 2658 novam
290 2646 298 2660 ‚
315 2635 381 2666 quat
393 2624 465 2654 mihi
472 2625 563 2653 minor
576 2623 624 2662 effi
635 2623 748 2652 videtur
759 2643 767 2656 ,
775 2622 952 2665 posteaquam
967 2624 1011 2654 eft‘
1019 2626 1120 2665 major3.

164 2668 297 2700 solebam
309 2669 429 2697 intuens
441 2667 614 2706 scipionem
628 2685 637 2699 ‚
650 2667 795 2696 Catonem
807 2685 816 2700 ,
828 2666 969 2700 Laelium,
981 2665 1118 2698 nostrum

163 2710 237 2744 vero
255 2712 287 2740 in
302 2711 409 2750 primis
424 2717 515 2740 avum
532 2709 669 2749 cogitare.
693 2715 808 2738 τΑΝτΑ
822 2716 880 2739 vrs
902 2716 1118 2740 Anmourrxo-

1173 1631 1234 1652 ms
1260 1632 1360 1654 rues-r
1382 1632 1420 1653 m
1440 1634 1537 1655 Locts
1547 1645 1555 1659 ‚
1576 1633 1609 1656 ut
1628 1635 1692 1656 non
1703 1624 1856 1658 fineeausa
1867 1636 1905 1659 ex
1915 1629 1964 1658 his
1973 1631 2131 1661 memoriae

1170 1663 1259 1695 du&a
1267 1663 1303 1695 fit
1309 1665 1475 1706 disciplina.
1499 1670 1583 1698 Tum
1592 1669 1736 1709 Qintus,
1748 1667 1791 1699 est
1800 1669 1888 1710 plane
1899 1671 1966 1701 Piso
1974 1690 1983 1704 ,
1999 1679 2032 1701 ut
2041 1669 2129 1705 dicis,

1169 1707 1279 1746 inquit.
1303 1717 1374 1737 nam
1393 1717 1446 1738 me
1463 1708 1561 1749 ipsum
1573 1709 1634 1740 huc
1641 1709 1737 1741 modo
1747 1712 1921 1742 venientem
1932 1721 1989 1742 con
1995 1713 2131 1743 vertebat

1166 1747 1202 1777 ad
1213 1748 1427 1780 seseCoioneus
1435 1749 1487 1780 ille
1497 1750 1643 1791 locus‚cuj
1649 1761 1682 1781 us
1693 1753 1791 1783 incola
1799 1754 1962 1793 sophocles
1974 1754 2016 1784 ob
2025 1755 2131 1785 oculos

1168 1790 1345 1820 versabatur.
1355 1800 1448 1832 quem
1457 1792 1511 1822 scis
1522 1792 1612 1833 quam
1623 1793 1764 1828 admirer,
1775 1794 1866 1835 quam
1892 1805 1930 1825 ue
1941 1805 1977 1825 eo
1988 1795 2130 1827 delei-fier.

1169 1839 1220 1860 me
1230 1831 1354 1870 quidem
1364 1833 1399 1863 ad
1409 1833 1549 1864 altiorem
1561 1836 1743 1865 memoriam
1754 1835 1870 1876 Oedipo
1896 1839 1919 1866 is
1930 1838 1989 1867 huc
2000 1840 2129 1869 venien-

1168 1873 1207 1902 tis
1221 1891 1229 1906 ,
1249 1873 1283 1902 &
1297 1873 1355 1903 illo
1374 1873 1554 1905 molliffimo
1565 1877 1698 1906 carmine
1710 1897 1718 1909 ‚
1741 1886 1881 1918 quaenam
1893 1876 2056 1919 effentipsa
2066 1881 2128 1911 haec

1168 1912 1384 1954 ioca‚requiren
1389 1917 1426 1946 tis
1436 1919 1455 1942 4
1463 1916 1481 1946 s
1475 1918 1572 1956 pecies
1581 1917 1717 1959 quaedam
1726 1921 1910 1954 commovit,
1915 1921 2001 1949 inanis
2007 1921 2129 1961 seilicet,

1164 1954 1212 1994 [bd
1222 1957 1375 1985 commovit
1385 1963 1488 1986 tamen.
1511 1960 1595 1988 Turn
1607 1962 1794 1999 Pomponius
1804 1981 1813 1995 ,
1825 1964 1865 1992 At
1875 1971 1940 2003 ego,
1953 1971 2044 2003 quem
2055 1972 2125 1998 vos,

1169 2006 1202 2027 ut
1211 1997 1351 2028 deditum
1362 2001 1491 2039 Epicuro
1501 2019 1510 2034 ‚
1531 1999 1668 2031 insectari
1679 2002 1781 2032 soletis
1791 2022 1800 2036 ‚
1819 2003 1886 2034 sum
1896 2003 2129 2046 multumequi-

1168 2038 1238 2069 dem
1259 2049 1330 2070 cum
1341 2040 1465 2071 Phaedro
1476 2060 1484 2076 ‚
1505 2051 1597 2082 quem
1608 2044 1698 2074 unice
1710 2043 1804 2085 diligo
1815 2065 1823 2079 ,
1846 2054 1878 2076 ut
1889 2047 1969 2076 scitis
1980 2066 1989 2080 ,
2009 2047 2041 2076 in
2051 2047 2127 2087 Epi-

1167 2083 1230 2111 curi
1248 2082 1344 2112 hortis
1357 2102 1366 2116 ,
1387 2092 1464 2123 quos
1488 2083 1583 2114 modo
1605 2085 1847 2124 praeteribamus:
1866 2087 1915 2118 sed
1937 2089 2044 2118 veteris
2053 2097 2126 2128 pro-

1166 2122 1264 2153 verbii
1276 2123 1433 2155 admonitu
1446 2144 1456 2158 ‚
1468 2126 1599 2155 vinorum
1607 2128 1742 2156 memini:
1751 2137 1807 2158 nec
1815 2134 1917 2160 tamen
1927 2131 2047 2170 Epicuri
2056 2130 2128 2161 licet

1166 2164 1305 2195 oblivisci
1317 2186 1327 2199 ‚
1350 2165 1370 2196 fi
1388 2168 1507 2207 cupiam
1521 2178 1527 2196 :
1544 2169 1630 2207 cujus
1651 2178 1836 2201 ιΜΑῡιΝΕΜ
1859 2180 1923 2201 non
1933 2170 2029 2202 modo
2040 2173 2073 2202 in
2081 2180 2126 2202 ta·

1168 2206 1249 2236 bulis
1259 2207 1353 2238 nostri
1365 2207 1542 2243 familiares,
1555 2210 1603 2240 sed
1615 2212 1704 2242 etiam
1716 2212 1748 2242 in
1759 2213 1875 2252 poculis
1889 2232 1898 2247 ‚
1911 2212 1986 2243 &in
1996 2215 2121 2243 annulis

1167 2248 1286 2279 habent.
1311 2248 1371 2280 Hic
1386 2260 1443 2291 ego
1452 2270 1461 2284 ,
1483 2253 1671 2292 Pomponius
1691 2254 1816 2294 quidem
1826 2274 1836 2288 ,
1855 2256 1978 2297 inquam
1991 2275 2000 2288 ,
2023 2254 2123 2286 noster

1164 2290 1256 2332 jocari
1268 2291 1396 2325 videtur,
1408 2292 1441 2323 δι’.
1450 2292 1567 2323 fortasse
1578 2294 1713 2334 suojure.
1737 2297 1778 2326 ita
1786 2297 1870 2326 enim
1883 2298 2010 2327 Athenis
2019 2297 2047 2327 se
2056 2297 2123 2327 col-

1167 2333 1280 2363 lucavit
1289 2353 1298 2367 ,
1320 2342 1352 2364 ut
1371 2332 1405 2365 fit
1426 2334 1512 2374 paene
1524 2345 1601 2366 unus
1611 2345 1649 2366 ex
1659 2337 1766 2367 Atticis
1775 2357 1784 2371 ,
1804 2341 1818 2365 5
1827 2347 1859 2369 ut
1868 2337 1898 2368 id
1907 2340 1997 2369 etiam
2008 2348 2125 2380 cogno-

1167 2375 1252 2404 mine
1264 2374 1396 2406 videatur
1406 2376 1568 2408 habiturus.
1592 2380 1657 2419 Ego
1665 2387 1764 2409 autem
1774 2379 1843 2413 tibi,
1871 2380 1939 2411 Piso
1950 2401 1957 2413 ,
1970 2378 2121 2411 ass'entior:

1168 2417 1222 2446 usu
1233 2418 1291 2448 hoc
1301 2419 1422 2448 evenire
1435 2439 1444 2452 ,
1468 2427 1501 2449 ut
1510 2418 1605 2450 acrius
1614 2420 1768 2461 aliquanto
1779 2441 1788 2456 ,
1811 2422 1844 2452 &
1852 2420 1992 2451 amentias
2003 2421 2035 2451 de
2044 2422 2123 2452 claris

1169 2458 1238 2487 viris
1247 2479 1255 2492 ‚
1278 2460 1399 2489 locorum
1416 2460 1563 2490 admonitu
1574 2481 1583 2495 ‚
1603 2464 1764 2502 cogitemus.
1796 2464 1853 2494 scis
1873 2466 1956 2493 enim
1974 2473 2024 2493 me
2041 2473 2123 2505 quo-

1167 2500 1237 2530 dam
1259 2509 1396 2542 tempore
1415 2504 1627 2544 Metapontum
1639 2503 1752 2534 veniffe
1763 2513 1863 2535 tecum
1877 2525 1885 2539 ,
1905 2515 1961 2536 nec
1970 2505 2007 2536 ad
2019 2506 2124 2546 hospi·

1167 2551 1228 2572 tem
1245 2542 1314 2574 ante
1322 2543 1473 2575 divertiss‘e
1484 2564 1493 2578 ‚
1513 2545 1603 2586 quam
1613 2546 1783 2586 Pythagorae
1793 2547 1891 2587 ipsum
1902 2547 1990 2577 illurn
2002 2547 2123 2582 locum,

1165 2583 1216 2614 ubi
1239 2586 1332 2616 vitam
1353 2585 1500 2620 ediderat,
1521 2587 1679 2628 sedemque
1699 2587 1836 2618 viderim.
1860 2589 1919 2618 hoc
1935 2597 2034 2619 autem
2045 2597 2123 2619 tem-

1165 2636 1236 2667 pore
1247 2646 1255 2660 ,
1275 2625 1325 2657 etfi
1343 2628 1439 2658 multa
1457 2630 1489 2658 in
1508 2630 1593 2658 omni
1613 2637 1692 2668 parte
1714 2631 1901 2660 Athenarum
1924 2631 1992 2661 sunt
2014 2631 2044 2660 in
2057 2630 2129 2675 ipsis·

1165 2669 1226 2698 locis
1245 2668 1352 2698 indicia
1366 2670 1545 2709 summorum
1563 2670 1711 2699 virorum:
1730 2679 1832 2702 tamen
1849 2681 1905 2712 ego
1926 2672 1977 2702 illa
1995 2681 2124 2704 moveor

1165 2709 1284 2741 exedra.
1307 2711 1403 2742 modo
1421 2713 1506 2743 enirn
1523 2713 1580 2743 tuit
1589 2712 1754 2744 Carneades
1768 2723 1774 2742 τ
1791 2722 1882 2756 quem
1896 2714 1996 2745 videre
2005 2713 2127 2787 vide-011*i

2082 2765 2097 2786 e

167 2841 180 2860 ι
224 2858 227 2860 ,
252 2835 292 2861 mn
300 2837 344 2862 M.
350 2834 440 2868 Pisi-nt,
450 2836 476 2860 iri
485 2834 650 2874 rossymnafio]
671 2832 829 2860 Lcc‘tioncm
850 2834 917 2861 hanc
935 2835 1005 2862 belle
1024 2845 1124 2873 propu-
1161 2837 1222 2864 nior
1233 2837 1366 2872 vulgarat,
1377 2839 1477 2871 qnamfi
1484 2845 1553 2869 anre,
1565 2836 1649 2873 licque
1660 2837 1728 2864 Pali.
1740 2837 1907 2866 afficimus
1916 2838 2039 2875 oggeffit‚
2049 2838 2124 2874 qaaaeim

221 2867 224 2871 ⁴
250 2877 332 2905 girant
351 2870 382 2897 i’.
393 2869 528 2897 vietor-ius
549 2868 595 2896 lib.
608 2879 677 2896 xxv.
696 2871 759 2897 Var.
781 2870 845 2897 lecti
868 2880 926 2906 cap.
940 2880 982 2907 19.
1003 2880 1122 2900 ceterum

165 2902 230 2932 dum
240 2909 365 2942 praztcrea
382 2906 530 2934 inclinati„
544 2925 552 2938 ,
561 2907 692 2940 utffilebasn
704 2925 712 2937 ,
732 2916 782 2933 non
794 2914 820 2932 m
832 2907 940 2941 filebas5
959 2906 1121 2935 adverlhrios

165 2939 212 2966 fibi
221 2940 298 2968 habet
305 2940 441 2969 Palatinos
453 2941 531 2969 codd.
542 2951 645 2969 omnes.
666 2942 804 2978 vulgatum
815 2943 887 2978 prius
901 2962 908 2974 ,
928 2952 979 2969 cnm
992 2947 1031 2971 M.
1041 2945 1123 2978 'Pfinc

164 2976 322 3038 ffspzanteu
332 2996 348 3015 ‚A
360 2981 386 3012 iti
396 2988 418 3015 tn
429 2979 502 3015 ιὼς.
521 2987 580 3014 qua:
590 2979 720 3015 striptura
737 2988 789 3006 nou
802 2978 953 3016 agnostitur
964 2981 980 3006 a
991 2979 1048 3007 mss.
1064 2990 1120 3007 mc-

177 3020 228 3039 tori
250 3022 288 3040 us.
309 3037 311 3041 ,
515 3021 517 3025 ’

200 3055 229 3074 2.
249 3051 278 3074 In
286 3039 449 3081 Abbdemiam,
459 3050 557 3084 nonsme
567 3051 639 3085 causti
647 3051 818 3086 mh.sparia.]
831 3052 873 3078 Sic
883 3051 962 3078 ctiam
975 3051 1043 3079 Pali.
1055 3061 1122 3088 prcc-

163 3089 206 3111 ter
216 3084 340 3119 quart.in
351 3093 425 3121 quo,
442 3088 468 3118 in
477 3086 624 3120 Academia5
643 3095 672 3114 ut
685 3087 804 3114 videatur
825 3087 952 3123 usurpass'e
970 3087 1120 3119 adicftive5

161 3118 248 3155 fitque
259 3120 344 3156 po'c'tae
353 3119 464 3154 alicujus
477 3121 627 3150 vei-licinius.
649 3122 721 3150 Visst.
733 3123 818 3150 edidit
828 3126 853 3150 in
864 3125 1121 3155 Ai·.1demie‚non,&c.

197 3163 225 3192 3.
240 3152 444 3193 Qamffquando
454 3165 531 3184 eorum
538 3157 666 3195 ipsorum]
685 3160 729 3188 lta
737 3159 816 3188 hodie
827 3160 928 3197 pallini.
949 3169 977 3189 at
987 3159 1072 3188 nidus
1085 3159 1123 3189 se-

1154 2875 1228 2907 staur
1239 2883 1314 2899 eorum
1327 2892 1335 2905 ,
1353 2873 1404 2904 ὡς.
1424 2874 1593 2900 Camerarius
1613 2873 1813 2901 controversum
1832 2875 1900 2902 illud
1913 2883 2000 2902 totum
2011 2876 2120 2908 omilim

1162 2919 1246 2945 neque
1257 2908 1379 2944 profecto
1394 2910 1539 2945 requiritur
1552 2908 1604 2943 ,sed
1616 2909 1680 2946 quid
1692 2917 1747 2938 tum
1759 2910 1889 2938 fietlibris
1900 2911 2023 2948 scriptia?

1196 2953 1224 2978 4.
1245 2950 1331 2978 spetiei
1344 2946 1447 2979 quedam
1459 2946 1603 2980 commovit]
1624 2945 1769 2974 Lambinus
1788 2948 1896 2978 coniicit
1906 2950 2040 2975 commonuit
2053 2967 2060 2979 ,
2079 2940 2122 2973 stri

1161 2990 1208 3007 cur
1218 2982 1344 3009 obsecro?
1368 2982 1481 3008 alterum
1492 2986 1564 3009 cert-L:
1576 2989 1685 3009 tuentur
1696 2983 1754 3010 mss.
1775 2993 1860 3020 neque
1869 2983 1933 3020 quid
1945 2984 2022 3011 habet
2043 2984 2100 3010 vitii
2113 2993 2121 3015 5

1163 3016 1208 3043 nisi
1220 3017 1289 3053 quod
1305 3038 1312 3049 ‚
1333 3018 1374 3044 stu
1387 3017 1549 3054 superfluum
1567 3025 1673 3055 poterat
1691 3018 1797 3052 deleri5
1818 3020 2026 3048 uti-annotatum
2040 3019 2124 3047 Scali-

1181 3062 1228 3080 ero
1241 3054 1338 3081 nostro.

1162 3063 1180 3089 g
1201 3099 1226 3123 5.
1249 3093 1278 3116 Ut
1295 3091 1402 3116 idetiam
1422 3090 1573 3125 cognomina]
1594 3091 1738 3118 Sicomnes
1749 3091 1817 3118 Pali.
1837 3099 1933 3128 praeter
1955 3091 2003 3119 sec.
2023 3091 2048 3119 in
2070 3101 2123 3127 quo

1164 3124 1263 3161 syllaba
1276 3126 1369 3152 ultima
1382 3133 1490 3152 exarata
1507 3135 1553 3161 per
1574 3133 1676 3154 notam.
1697 3127 1842 3154 Lambinus
1864 3128 1976 3157 obri-ulit
1995 3127 2070 3156 nubis
2089 3136 2124 3155 crs·

1162 3162 1176 3188 s
1176 3163 1214 3190 uis
1225 3171 1352 3196 cognomen,
1364 3169 1456 3191 contra
1465 3161 1592 3199 optimam
1603 3172 1735 3200 quamque
1745 3164 1901 3193 editionem.

2029 3208 2051 3225 a.
2066 3201 2130 3233 Qu-

2141 2277 2163 2300 ξ.)
