2337 3400
178 135 274 201 945
584 115 1087 167 M.TuLLir

181 215 250 246 stro.
271 217 384 252 gratum
396 205 576 237 hominem,
592 199 860 236 observantemque
869 190 1040 232 cognosces.
1057 191 1134 219 Tre-

183 257 296 287 batium
308 260 339 281 ut
349 249 433 280 valde
443 254 536 278 ames,
547 244 742 273 vehementer
751 248 777 269 te
790 246 871 277 rogo.
896 233 979 263 Vale.

377 287 589 319 MARCUS
612 279 893 324 QFRATR1‚
916 278 945 305 S.
982 316 987 320 .
1129 313 1133 319 Ι

314 336 356 363 D.
381 342 392 361 i
401 341 411 360 1
420 340 460 360 11.
473 331 556 359 Non.
566 328 638 368 Jun.
649 333 709 365 quo
719 322 767 352 die
777 323 911 351 Romam
921 326 991 347 veni
1004 335 1013 349 .
1037 323 1137 360 accepi

283 375 360 406 'tuas
370 374 480 403 litteras
490 390 499 403 ,
518 369 597 399 datas
614 365 769 398 Placentiae
783 373 787 391 :
799 361 909 392 deinde
919 360 1020 406 alteras
1030 355 1139 402 postri-

190 419 239 448 die
250 437 258 450 ,
281 420 290 435 ¹
310 416 388 446 datas
406 412 626 443 Blandenonae,
646 417 716 438 curn
737 405 858 435 caesaris
877 402 1005 447 litteris,
1026 400 1141 428 reiertis

190 460 279 490 omni
294 456 398 487 officio
409 476 417 490 ,
437 454 594 494 diligentia
604 471 612 485 ‚
626 450 775 481 suavitate.
798 442 934 490 Suntista
942 440 1067 483 quidem
1078 449 1141 469 ma-

189 511 246 543 gna
259 520 266 533 .
286 500 334 530 vel
351 496 453 538 potius
471 495 615 525 maxima.
642 491 761 522 Habent
779 489 862 518 enim
879 494 942 516 Vim
955 491 1095 535 magnam
1105 480 1141 511 ad

188 543 316 583 gloriam
340 560 348 574 ‚
370 539 402 570 &
420 540 455 568 ad
477 537 625 567 summam
645 533 829 572 dignitatem.
863 526 920 558 Sed
942 535 1020 573 mini
1040 522 1136 571 crede,

190 593 279 623 quem
291 581 369 612 nosti
381 602 388 615 ,
400 580 482 622 quod
493 581 524 608 iri
535 576 599 607 istis
609 575 696 606 rebus
706 583 760 614 ego
769 571 893 613 plurimi
901 566 1030 600 aestimo,
1041 565 1070 595 id
1079 574 1140 611 Jani

189 626 208 655 h
218 625 285 654 ilico
299 636 302 652 2
327 634 354 654 te
377 623 486 652 scilicet
506 617 644 659 primum
665 625 726 646 tam
744 614 959 644 inservientem
980 616 1142 639 communi

190 667 345 707 digiiitzir1;
364 662 473 693 deinde
491 661 613 691 Caesaris
631 666 749 689 tantum
771 657 804 686 in
814 663 865 684 me
874 660 1011 683 amorem
1028 660 1033 679 z
1050 657 1141 690 quem

190 708 336 738 omnibus
358 708 402 735 his
427 703 614 735 honoribus,
634 709 710 741 quos
728 707 776 728 me
794 696 811 727 a
828 695 857 726 se
878 691 1047 741 exspet‘hre
1066 690 1142 722 vult,

188 759 351 789 antepono.
376 749 494 777 Littera:
515 744 586 775 vero
598 744 662 783 ejus
673 740 732 771 una
750 739 822 769 datae
832 746 903 767 cum
915 744 972 766 tuis
983 753 991 768 ,
1002 777 1006 780 .
1016 740 1142 774 quarum

189 793 314 822 initium
325 788 367 820 est
379 809 386 822 ,
410 797 511 828 (ξπ-ΑΜ
522 795 587 816 SUA
599 794 652 815 vxs
663 784 690 813 ei
700 791 767 812 tuus
779 780 923 810 adventus
933 775 1023 806 fuerit
1033 793 1042 808 ‚
1054 774 1086 803 &
1099 782 1145 803 re-

190 832 322 863 cordatio
334 832 441 861 veteris
452 830 566 859 amoris
578 838 583 855 ·.
595 824 716 857 deinde,
729 832 764 853 sn
775 826 1000 867 serraca-unum
1012 836 1020 850 ,
1045 824 1078 846 ut
1088 824 1144 860 ego

192 877 224 904 in
244 873 346 904 medio
357 872 461 903 dolore
474 891 483 904 ‚
504 880 534 900 ac
546 867 689 899 desiderio
700 865 742 896 tui
756 884 764 898 ,
782 873 810 893 te
823 882 832 894 .
851 870 923 891 cum
935 870 951 889 a
963 868 1012 888 me
1022 855 1144 889 abesses‚

191 914 380 950 ootiffimsim
393 914 493 944 secum
509 910 565 940 effe
577 910 705 942 1aecarer,
719 903 933 936 incredibiliter
945 898 1143 931 delerem-unt.

193 952 289 999 Qare
298 956 408 987 facistu
419 954 540 995 quidem
554 949 679 981 fraterne
695 970 702 983 ,
713 947 796 989 quod
807 955 856 975 me
869 945 1006 991 hortariS,
1018 940 1066 971 sed
1078 949 1144 987 rne-

191 998 314 1029 hercule
332 1005 501 1028 currentem
521 1003 602 1023 nunc
611 991 734 1033 quidem
748 1010 756 1023 ,
777 993 998 1032 utomniadmea
1008 981 1145 1028 studiazin

190 1039 282 1071 istum
302 1048 400 1070 unum
410 1036 574 1068 conferam.
598 1037 662 1074 Ego
672 1030 744 1062 vero
754 1030 869 1074 ardenti
877 1026 1001 1076 quidem
1010 1027 1024 1044 ²
1037 1022 1145 1065 studio:

190 1092 222 1113 ac
232 1080 350 1112 fortasse
360 1078 487 1110 efficiam
500 1098 509 1112 ,
519 1075 600 1118 quod
615 1076 688 1115 saepe
699 1069 857 1103 viatoribus
868 1090 875 1104 ,
892 1077 963 1100 curn
975 1073 1143 1111 properant,

190 1126 310 1155 evenit:
330 1131 380 1156 ut,
402 1120 422 1150 s1
434 1118 525 1151 serius
535 1139 543 1153 ,
565 1117 656 1159 quam
669 1115 849 1146 voluerunt,
870 1111 949 1141 forte
956 1109 1145 1154 surreiteiint:

191 1164 378 1206 properando
387 1183 396 1197 ,
417 1163 507 1193 etiam
518 1161 608 1192 citius
619 1179 627 1193 ‚
641 1158 732 1200 quarn
744 1155 765 1186 si
774 1155 812 1185 de
823 1153 918 1184 multa
927 1148 1146 1198 noste-vigilas-

192 1208 279 1240 sent,
298 1206 474 1246 perveniant
482 1203 545 1244 quo
556 1202 668 1232 velint:
689 1198 726 1229 sic
738 1208 793 1239 ego
804 1216 812 1230 ,
823 1195 969 1236 quoniam
979 1201 1012 1241 iri
1023 1189 1079 1220 isto
1090 1190 1146 1218 ho-

194 1251 279 1279 mine
297 1246 427 1278 colendo
439 1249 500 1276 tam
511 1244 679 1275 indormivi
693 1241 746 1271 diu
762 1259 771 1274 ,
791 1247 818 1268 te
829 1234 1002 1282 mehercule
1013 1233 1084 1272 saepe
1095 1240 1148 1280 eit:

192 1293 302 1322 citante
312 1310 321 1323 ,
343 1289 427 1320 cursu
440 1288 586 1329 corrigam
597 1284 762 1315 tarditatem
776 1301 784 1314 ,
807 1288 871 1310 tum
881 1285 967 1323 equis
979 1296 988 1309 ,
1000 1284 1065 1305 tum
1078 1282 1148 1321 vero

191 1332 360 1374 (quoniam
375 1330 475 1361 scribis
485 1331 593 1369 po‘e'ma
601 1327 637 1357 ab
647 1336 683 1356 eo
693 1323 831 1355 nostrum
842 1320 960 1365 probari
970 1318 980 1357 )
1001 1315 1150 1357 quadrigis

192 1375 329 1415 poeticis.
351 1371 448 1402 modo
459 1372 536 1401 mihi
546 1370 612 1400 date
625 1368 820 1398 Britanniam,
832 1371 921 1404 quam
932 1367 1055 1400 pingam
1066 1358 1151 1404 ⁶⁰¹9?

194 1416 277 1446 ribus
300 1416 359 1445 tuis
382 1434 389 1448 ,
411 1413 557 1454 penicillo
583 1421 664 1441 meo.
687 1408 743 1439 Sed
761 1405 835 1447 quid
853 1413 908 1446 ago
931 1405 942 1431 ?
968 1399 1051 1442 quod
1073 1398 1151 1446 milii

195 1467 314 1498 tempus
334 1477 342 1492 ,
362 1459 472 1487 Romae
492 1454 652 1495 praesertim
667 1472 675 1485 ,
695 1460 727 1481 ut
745 1448 798 1480 iste
817 1456 867 1477 me
879 1452 984 1491 *roga-t,
1005 1448 1151 1473 manenti,

194 1508 325 1531 vacuum
353 1496 541 1529 ostenditur?
564 1494 614 1525 sed
632 1494 748 1524 videro.
777 1485 895 1520 fortasse
913 1494 999 1533 enim
1019 1483 1076 1522 (ut
1095 1480 1149 1522 fit)

194 1543 298 1572 vincet
315 1548 385 1570 tuus
403 1548 481 1568 amor
491 1546 599 1568 omnes
608 1534 809 1566 difficultates.
830 1527 1008 1575 Trebatium
1021 1522 1103 1572 quod
1113 1523 1149 1572 ad

197 1582 227 1612 se
236 1581 385 1614 miserim,
393 1578 533 1621 persalse,
544 1578 577 1608 δε
588 1577 760 1608 humaniter
771 1573 861 1603 etiam
873 1578 977 1615 gratias
991 1567 1070 1617 mi¹h¹
1081 1575 1149 1611 agit.

197 1632 285 1664 negat
303 1624 387 1653 enirn
399 1641 408 1656 ,
429 1622 551 1651 intanta
560 1616 755 1649 multitudine
763 1622 869 1644 eorum
882 1630 890 1645 ,
913 1620 968 1651 qui
978 1619 1037 1639 una
1045 1606 1152 1654 efflent,

196 1673 382 1706 quemquam
402 1659 509 1696 fuisse,
531 1662 584 1702 qui
602 1658 816 1691 vadimonium
826 1654 982 1700 concipere
990 1648 1094 1696 poster.
1106 1650 1151 1696 M.

199 1708 304 1737 Curtio
322 1705 509 1736 tribunatum
527 1704 564 1734 ab
573 1712 610 1732 eo
619 1701 715 1742 petivi
725 1699 806 1738 (nam
819 1699 976 1741 Domitius
987 1692 1015 1722 se
1025 1690 1153 1738 derideri

197 1746 322 1789 putass'et
331 1767 340 1780 ,
360 1744 381 1776 si
392 1743 462 1776 effet
473 1746 489 1776 a
499 1755 549 1775 me
560 1752 678 1784 rogatus
691 1753 696 1771 z
717 1742 776 1771 hoc
784 1740 869 1769 enirn
878 1735 920 1766 est
927 1744 992 1782 ejus
1001 1732 1152 1780 quotidia-

197 1799 273 1820 num
285 1808 295 1823 ,
308 1789 336 1819 se
347 1798 384 1819 ne
394 1787 553 1818 tribunum
565 1785 631 1815 mil.
642 1783 766 1824 quidem
778 1780 873 1810 facere
885 1787 891 1806 :
905 1785 997 1806 etiam
1006 1784 1038 1804 in
1051 1774 1152 1820 senat-u

198 1830 264 1862 lusit
273 1831 408 1871 Appium
419 1829 564 1870 collegam
577 1846 586 1861 ,
605 1820 820 1866 proptereaifl'e
833 1819 870 1851 ad
879 1818 1025 1849 caesirem
1036 1836 1044 1849 ,
1057 1824 1090 1863 ut
1099 1815 1153 1844 ali-

198 1882 289 1914 quem
308 1872 494 1902 tribunatum
511 1868 658 1908 auferret)
680 1866 729 1896 sed
750 1866 782 1894 in
791 1863 918 1893 alterum
930 1867 1054 1889 annum.
1079 1856 1153 1886 id&

198 1915 318 1946 Curtius
337 1915 378 1944 ita
385 1912 514 1943 volebat.
538 1913 587 1942 Tu
599 1931 608 1943 ‚
625 1904 885 1951 quemadmodum
898 1911 946 1932 me
954 1900 1055 1945 censes
1064 1908 1153 1939 opor-

197 1966 257 1988 tere
265 1954 326 1991 ,ess'e
335 1957 367 1986 in
378 1964 438 1995 rep.
452 1953 524 1984 &in
535 1951 646 1983 nostris
656 1949 827 1981 inimicitiis
841 1957 848 1979 3
859 1954 899 1974 ita
909 1944 941 1973 &
951 1941 1019 1975 este,
1033 1941 1065 1971 &
1076 1942 1152 1974 iore,

195 1991 329 2029 auricula
351 1995 458 2028 infima
475 1996 547 2026 scito
567 1993 753 2024 molliorem.
778 1992 839 2019 Res
850 1989 999 2033 Romana:
1011 1983 1038 2014 se
1052 1981 1090 2013 fic
1103 1983 1153 2013 ba-

197 2040 320 2071 bebant.
344 2042 410 2069 Erat
421 2036 567 2067 nonnulla
577 2036 638 2076 spes
648 2034 847 2065 comitiorum
863 2048 872 2062 ,
893 2027 1154 2058 redinceita1eiat

197 2083 296 2122 aliqua
315 2081 443 2120 suspicio
460 2077 625 2110 cristatum,
651 2086 690 2106 ne
714 2085 747 2105 ea
756 2071 880 2114 quidem
891 2078 982 2116 certa:
996 2068 1152 2117 summum

199 2126 298 2153 otium
316 2121 433 2153 forense
448 2141 456 2154 ‚
477 2121 526 2151 sed
538 2119 716 2150 senescentis
727 2116 820 2156 magis
836 2114 965 2143 civitatis
976 2130 985 2144 ,
1003 2119 1092 2157 quam
1107 2118 1154 2156 ac-

198 2165 387 2206 quieseentis.
412 2163 565 2193 Sententia
585 2169 687 2191 autem
707 2156 806 2188 nostra
824 2157 856 2185 in
882 2155 982 2198 senatu
992 2151 1154 2199 ejusmodi,

201 2207 295 2247 magis
307 2215 339 2235 ut
347 2205 398 2235 alii
409 2204 497 2234 nobis
505 2200 800 2241 assentiantur,q¹;am
813 2192 995 2235 nosmetipsi·
1016 2194 1156 2227 πιοιῦπι

197 2249 363 2291 ὀτλὴμων
377 2244 546 2290 π’λε,ιιΘ·’
560 2241 782 2289 ὲξερροέζεπκ.
806 2245 982 2279 calamo,&
992 2250 1158 2288 atramento

200 2304 364 2336 temperato
375 2315 384 2327 ‚
408 2295 505 2325 charta
526 2295 618 2323 etiam
635 2291 754 2321 dentata
763 2299 807 2319 res
816 2297 926 2329 agetur.
950 2285 1059 2316 Scribis
1071 2292 1154 2331 enin-i

200 2347 228 2369 te
246 2347 328 2368 meas
338 2338 448 2367 litteras
459 2336 622 2375 superiores
631 2336 684 2363 vix
695 2333 789 2372 legere
798 2328 927 2371 potuiss'e
940 2339 945 2357 :
967 2329 999 2357 in
1008 2335 1069 2367 quo
1081 2324 1158 2355 nihil

199 2389 305 2411 eorum
318 2398 326 2412 ,
339 2380 382 2409 mi
393 2377 480 2408 frater
490 2396 499 2410 ,
512 2376 569 2406 suit
582 2395 594 2408 ‚
603 2384 669 2415 qua:
678 2383 770 2413 putas.
795 2382 893 2412 neque
902 2371 985 2400 enim
997 2375 1158 2411 occupatus

201 2431 281 2452 eram
296 2441 304 2454 ,
324 2429 422 2461 neque
433 2418 617 2459 perturbatus
630 2436 638 2450 ,
657 2425 712 2446 nec
722 2417 810 2444 iratus
821 2414 911 2444 alicui
927 2422 932 2441 ε
950 2409 1000 2441 sed
1011 2410 1070 2439 hoc
1080 2411 1158 2456 racio

202 2465 318 2503 semper
330 2482 339 2495 ,
350 2471 391 2495 ut,
402 2463 587 2502 quicumque
598 2457 723 2487 casuram
733 2458 765 2486 in
777 2464 884 2485 manus
895 2461 976 2483 meas
985 2459 1110 2498 venerit,
1122 2459 1159 2479 eo

205 2504 239 2535 fic
252 2514 313 2535 utar
322 2524 330 2538 ,
342 2512 493 2544 tamquam
506 2501 598 2532 bono.
622 2498 737 2529 Verum
749 2496 865 2527 attende
876 2504 967 2528 nunc,
979 2502 1023 2540 mi
1032 2501 1158 2532 optime,

202 2548 239 2580 ,δε
250 2544 416 2577 suaviffime
426 2544 532 2578 frater,
547 2543 583 2574 ad
594 2552 627 2573 ea
638 2541 712 2572 dum
722 2538 850 2570 rescribo
862 2557 871 2572 ‚
883 2547 948 2578 qua:
963 2545 992 2565 tu
1003 2544 1035 2564 in
1048 2535 1101 2568 hac
1111 2542 1162 2563 ea-

201 2595 273 2626 dem
292 2595 374 2625 brevi
390 2592 514 2634 epistola
524 2582 770 2626 πξοιγρωίῖικῶς
781 2587 867 2619 valde
876 2584 1020 2625 scripsisti.
1041 2585 1091 2631 'De
1101 2592 1162 2629 quo

208 2638 296 2678 pem,
309 2645 341 2667 iit
351 2636 386 2666 ad
401 2645 439 2669 te,
451 2634 529 2664 nihi]
539 2633 702 2665 occultans,
715 2627 1001 2660 nihildiffimulans,
1015 2625 1095 2655 nihil
1107 2624 1161 2653 tibi

205 2675 529 2720 indulgensfgenuine,
538 2674 724 2715 fraterneque
734 2671 902 2703 rescribam.
925 2669 957 2700 id
967 2667 1020 2702 est,
1035 2671 1047 2695 3
1059 2675 1163 2697 utrum

1169 112 1710 159 Cicenouis

1170 190 1263 224 voles,
1276 199 1308 220 ut
1318 189 1543 224 dixe1·imus,ad
1558 193 1781 232 expediendum
1797 203 1825 226 te
1838 205 1844 225 t
1855 194 1874 225 si
1887 194 1970 226 causa
1981 192 2024 229 fit,
2034 203 2135 225 σοῦ-ιιι.

1175 241 1300 262 morere·
1310 275 1314 279 .
1324 233 1365 264 Si»
1382 233 1424 260 mi
1435 233 1558 271 Qiffle,
1569 243 1657 273 parva
1665 236 1762 276 aliqua
1771 247 1816 267 res
1825 236 1905 271 ess'et,
1922 240 1954 267 in
1963 247 2019 278 qua
2028 237 2126 267 scisci-

1176 284 1234 320 tare
1247 293 1254 307 ‚
1265 273 1338 313 quid
1350 273 1478 302 vellem:
1491 281 1593 303 tamen
1604 293 1612 307 ,
1623 275 1694 306 curn
1705 278 1759 307 ribi
1769 277 1960 318 permissurus
1971 278 2061 309 ess‘em
2072 298 2080 312 ,
2094 287 2127 308 ut

1176 319 1284 346 taceres
1296 336 1304 349 ,
1316 315 1398 355 quod
1408 315 1500 345 velles
1513 325 1518 344 τ
1533 325 1589 355 ego
1600 317 1660 355 ipse
1671 336 1679 350 ,
1700 319 1771 358 quid
1780 320 1889 351 vellem
1901 341 1910 355 ,
1925 320 2129 351 ostenderem,

1179 361 1215 389 In
1235 359 1287 387 hac
1305 355 1376 387 vero
1395 366 1425 386 ie
1436 357 1491 386 hoc
1500 356 1637 396 protest&
1648 362 1754 397 quaeris
1764 379 1772 393 ,
1792 363 1962 400 cujusmodj
1974 363 2062 392 ulum
2073 371 2128 392 an„

1183 409 1256 429 num
1269 418 1277 432 ‚
1295 400 1348 439 qui
1366 398 1497 444 sequitur
1513 418 1523 431 ,
1544 398 1714 438 exspefitem
1734 410 1740 429 :
1759 402 1846 441 plane
1865 413 1913 433 aut
1932 403 2128 445 tranquillum

1182 441 1290 473 nobis,
1315 449 1364 470 aut
1385 449 1464 470 certe
1483 438 1736 471 munitiffimum:
1755 443 1835 482 quod
1854 445 1988 484 quotidie
2006 445 2130 477 domus,

1181 483 1262 524 quod
1279 481 1382 512 forum
1395 501 1403 515 ‚
1422 481 1503 522 quod
1516 482 1618 511 theatri
1628 481 1857 522 significationes
1868 486 2015 517 declarant
2033 498 2037 516 z
2049 493 2065 513 4
2076 496 2132 519 nec

1181 526 1315 554 laborant
1328 522 1412 564 quod
1426 533 1492 554 mea
1502 524 1684 554 conscientia
1691 527 1846 564 copiarum
1858 526 2035 562 nostrarum,
2047 527 2131 569 quod·

1181 566 1313 599 Caestiris,
1324 564 1405 606 quod
1417 567 1554 605 Pompeji
1566 568 1686 606 gratiam
1697 575 1845 597 tenemus.
1866 568 1927 598 haec
1937 578 1986 598 me
1997 589 2004 603 ,
2018 579 2050 599 ut
2059 579 2135 599 con-2

1181 607 1271 638 fidam
1282 606 1403 637 faciunt.
1425 605 1468 637 sin
1478 608 1597 647 aliquis,
1610 617 1744 648 erumpet
1753 611 1881 639 amentis
1894 610 2029 640 hominis
2039 610 2134 640 furor:

1181 651 1284 680 omnia
1299 649 1366 679 sunt
1383 648 1418 679 ad
1439 648 1716 690 eumfrangendum
1727 650 1873 690 expedita.
1898 652 2018 681 Haecita
2028 652 2134 685 sentio,

1177 692 1282 731 judico
1293 711 1301 724 ‚
1329 690 1365 720 ad
1378 699 1405 720 te
1415 691 1566 730 explorate
1578 691 1686 721 scribo.
1708 691 1842 722 dubitare
1856 701 1894 726 te,
1905 702 1969 722 non
1980 690 2139 723 ass'entato-

1181 734 1223 762 rie
1236 752 1245 766 ,
1266 732 1316 762 sed
1334 732 1463 764 fraterne
1481 742 1561 762 veto.
1585 734 1683 774 Qare
1704 733 1853 764 suavitatis
1869 733 2010 774 equidem
2030 733 2138 764 nostra:

1179 774 1314 805 fruendae
1337 774 1438 808 causa,
1459 783 1599 814 cuperem
1618 784 1646 804 te
1670 774 1707 805 ad
1725 775 1756 805 id
1775 784 1893 816 tempus
1915 778 2036 808 venire,
2056 776 2138 816 quod

1181 817 1297 847 dixeras
1312 826 1317 845 :
1330 820 1343 843 ἵ
1357 815 1403 846 sed
1416 816 1492 847 illud
1506 817 1588 847 malo
1602 825 1703 847 tamen
1713 836 1721 850 ,
1738 817 1819 858 quod
1829 826 1912 858 putas
1925 829 1934 852 5
1947 819 2039 858 magis
2048 819 2136 847 etiam

1184 866 1234 896 illa
1244 864 1369 905 (etenim
1383 867 1477 906 magis
1488 864 1605 895 aestimo
1616 869 1683 902 me)
1702 859 1934 902 οἰμφιλιιφίαν
1947 866 2031 896 illam
2045 875 2143 898 tuam,

1183 907 1216 937 δε
1236 906 1492 947 exspestationem
1511 906 1682 937 debitorum
1704 915 1835 937 tuorum.
1859 908 1939 938 Illud
1959 907 2085 949 quidem
2103 906 2142 937 fic

1182 949 1289 979 habeto
1303 969 1310 982 ,
1322 949 1400 978 nihil
1415 949 1504 978 nobis
1518 948 1666 989 expeditis
1680 968 1689 982 ,
1700 947 1720 978 si
1732 949 1900 979 valebimus
1912 969 1920 982 ,
1932 949 1996 980 fore
2005 948 2143 979 fortuna*

1181 992 1251 1021 tius.
1274 1000 1359 1031 parva
1369 990 1437 1020 sunt
1450 1010 1458 1024 ‚
1479 1000 1545 1031 quae
1560 990 1683 1023 desunt,
1695 990 1804 1021 nOstliS
1812 990 1935 1031 quidem
1951 989 2092 1024 moribus,
2108 990 2142 1020 &2

1182 1042 1215 1062 ea
1234 1032 1301 1062 sunt
1321 1032 1355 1062 ad
1378 1032 1592 1071 explicandum
1611 1031 1828 1071 expeditiffirna
1841 1053 1850 1065 ,
1871 1032 1966 1062 modo
1977 1033 2137 1062 valeamus.

1179 1074 1320 1105 Ambitus
1332 1072 1570 1102 reditimmanis.
1593 1082 1761 1114 numquam
1770 1073 1830 1104 fuit
1844 1084 1903 1114 par.
1920 1072 1934 1094 ⁶
1945 1074 2021 1104 idib.
2033 1076 2140 1113 Qinn

1181 1114 1277 1145 saenus
1286 1114 1344 1144 fuit
1354 1115 1417 1143 ZZ.
1427 1124 1466 1144 ex
1479 1115 1512 1143 Z.
1526 1116 1661 1144 coitione
1672 1116 1830 1148 Memmii,
1841 1125 1931 1155 quam
1943 1126 2013 1145 cum
2024 1115 2141 1145 Domi-

1183 1159 1227 1187 tio
1245 1155 1350 1186 habuit
1371 1158 1515 1190 Scaurus,
1536 1165 1632 1185 unum
1642 1158 1770 1186 vincere.
1795 1156 1929 1188 Messalla
1938 1157 2049 1188 fliccet.
2074 1166 2142 1188 non

1185 1206 1255 1237 dico
1278 1196 1502 1240 ὑπερβολικῶς
1517 1210 1525 1233 ·.
1542 1205 1593 1235 vel
1613 1206 1787 1237 ii-scenties
1797 1205 1984 1237 constituunt
1996 1216 2022 1237 te
2032 1216 2143 1246 praero-

1185 1249 1282 1288 gaxiva
1299 1247 1502 1286 pronuntiare.
1525 1249 1586 1277 Res
1601 1247 1684 1278 ardet
1703 1248 1828 1279 invidia.
1853 1248 2022 1282 Tribunitii
2041 1248 2145 1278 candi-

1186 1291 1248 1320 dati
1260 1288 1555 1328 compromiserunt,
1576 1298 1630 1319 ivs
1643 1289 1844 1330 quingenisin
1855 1288 1986 1332 singulos
2010 1289 2086 1329 apud
2097 1291 2144 1319 M.

1190 1334 1336 1362 Catonem
1359 1328 1499 1369 depofitis
1510 1351 1520 1364 ,
1539 1340 1637 1371 petere
1657 1332 1721 1370 ejus
1730 1332 1867 1362 arbitratu
1880 1351 1888 1365 ,
1910 1341 1958 1365 ut,
1981 1334 2034 1372 qui
2043 1330 2146 1362 contra

1189 1370 1352 1405 feciss'et‚ab
1361 1380 1398 1401 eo
1406 1370 1665 1404 condemnaretur.
1682 1383 1748 1414 quae
1755 1374 1879 1414 quidem
1890 1375 2014 1404 comitia
2021 1373 2146 1415 gratuita

1189 1413 1210 1446 si
1220 1414 1346 1446 fuerint,
1372 1422 1404 1443 ut
1416 1422 1567 1453 putantur,
1581 1415 1647 1455 plus
1657 1424 1735 1445 unus
1746 1418 1816 1446 Cato
1826 1414 1926 1449 fuerit,
1937 1425 2028 1456 quarn
2038 1422 2147 1445 omnes

1188 1457 1270 1497 leges,
1282 1454 1448 1496 omnesque
1460 1455 1585 1494 judices.

1390 1498 1600 1528 MARCUS
1622 1500 1874 1539 QFRATRI
1891 1518 1900 1532 ‚
1921 1501 1950 1529 S.

1193 1537 1334 1614 CUM
1346 1538 1360 1568 ὲ
1373 1547 1422 1568 me
1432 1538 1541 1568 litteras
1555 1539 1666 1569 librarii
1677 1542 1772 1570 manu'
1784 1542 1941 1579 acceperis,
1953 1550 1991 1570 ne
2002 1539 2139 1580 paullum

1276 1582 1331 1611 otii
1346 1589 1396 1610 me
1412 1578 1544 1610 habuisse
1555 1580 1699 1618 judicato:
1713 1581 1786 1611 cum
1796 1589 1896 1612 autem
1909 1591 1975 1612 mea
1990 1601 1998 1614 ,
2010 1581 2142 1610 nullutn.

1188 1621 1226 1653 fic
1234 1624 1318 1652 enim
1330 1621 1437 1652 habeto
1452 1641 1460 1654 ‚
1481 1631 1649 1663 numquam
1665 1632 1716 1653 ine
1725 1621 1840 1653 acausis
1852 1643 1860 1656 ,
1871 1623 1903 1653 &
1918 1623 2036 1658 judiciis
2047 1621 2148 1652 distri-

1190 1664 1315 1695 &iorem
1328 1661 1430 1693 fuisse:
1450 1672 1535 1705 atque
1546 1666 1576 1694 id
1587 1674 1659 1694 anni
1669 1673 1801 1704 tempore
1810 1662 1980 1704 graviffimo
1992 1684 1999 1697 ‚
2022 1663 2054 1694 ὃς
2065 1663 2148 1694 calo-

1187 1707 1267 1736 ribus
1285 1706 1439 1735 maximis.
1460 1705 1518 1736 Sed
1535 1707 1595 1736 haec
1613 1706 1777 1746 (qubniam
1799 1715 1832 1736 tu
1846 1708 1884 1736 ita
1894 1705 2078 1746 praescribis)
2098 1703 2148 1735 fe-

1191 1746 1280 1777 renda
1291 1747 1359 1777 sunt
1371 1757 1376 1775 ;
1389 1756 1486 1787 neque
1499 1748 1756 1777 committendum
1769 1766 1778 1780 ,
1790 1756 1879 1777 utaut
1889 1749 1961 1788 spei,
1972 1755 2021 1777 aut
2030 1747 2145 1788 cogita-

1191 1791 1268 1819 tioni
1279 1786 1380 1818 vestrae
1392 1797 1446 1828 ego
1456 1787 1556 1818 videar
1566 1786 1691 1818 defuisse
1704 1788 1881 1828 :praesertim
1890 1799 1971 1822 cum,
1987 1786 2100 1818 tametfi
2109 1787 2144 1818 id

1192 1828 1347 1860 difficilius
1365 1827 1455 1859 fuerit
1467 1848 1475 1863 ,
1496 1838 1598 1860 tamen
1613 1839 1652 1860 ex
1671 1831 1729 1860 hoc
1746 1830 1848 1860 labore
1866 1840 2006 1870 magnam
2024 1831 2148 1870 gratiam

1192 1880 1391 1912 magnamque
1410 1869 1588 1912 dignitatem
1610 1869 1665 1902 sitn
1684 1871 1876 1902 comesturus.
1898 1875 1999 1913 Itaque
2014 1891 2023 1905 ,
2043 1879 2075 1901 ut
2090 1871 2148 1901 tibi

1191 1914 1302 1955 placet,
1315 1912 1419 1943 damus
1430 1923 1552 1953 operam
1563 1933 1573 1948 ,
1583 1923 1620 1943 ne
1629 1915 1676 1954 cuj
1682 1924 1714 1943 us
1723 1915 1860 1944 animum
1872 1914 2050 1955 aff'endamus,
2061 1921 2148 1953 atque

1194 1965 1227 1986 ut
1245 1956 1336 1985 etiam
1356 1955 1393 1985 ab
1411 1953 1544 1995 iisipsis‚
1563 1956 1761 1996 quinoscum
1771 1953 2147 1994 Caesareramconjiin&os

1193 1997 1316 2031 dolent,
1328 1996 1489 2037 diligamur
1499 2008 1512 2031 5
1520 1997 1555 2027 ab
1564 1998 1656 2037 aequis
1666 1997 1749 2031 vero,
1760 2000 1907 2028 autetiam
1923 1997 1939 2028 Ξι
1952 1994 2104 2037 propenfis
2114 1997 2149 2025 in

1194 2042 1269 2070 hanc
1278 2048 1390 2080 partem
1403 2039 1637 2069 vehementer&
1648 2040 1744 2070 colam
1750 2049 1783 2069 ur
1792 2039 1843 2073 ,‚&
1853 2049 2000 2070 amemur.
2023 2041 2070 2068 De
2083 2047 2148 2068 arn-

1196 2082 1260 2112 bitu
1272 2091 1343 2112 cum
1354 2079 1536 2110 atrocissime
1547 2089 1680 2122 ageretur
1689 2083 1722 2111 in
1734 2081 1836 2112 senatu
1847 2081 1960 2111 multos
1970 2081 2033 2111 dies
2044 2100 2052 2114 ,
2064 2078 2147 2120 quod

1189 2126 1227 2155 ita
1245 2132 1326 2153 erant
1336 2120 1477 2163 progrefli
1487 2122 1813 2154 candidaticonsulares
1825 2143 1834 2157 ,
1855 2132 1959 2153 utnon
1970 2119 2154 2152 efl'etferen-⁴

1192 2166 1267 2196 dum
1280 2175 1286 2194 2
1306 2167 1339 2194 in
1349 2164 1448 2194 senatu
1460 2174 1522 2194 non
1536 2164 1591 2194 fui.
1614 2167 1706 2195 Statui
1717 2164 1752 2195 ad
1763 2165 1881 2195 nullam
1894 2164 2060 2194 medicinam
2069 2163 2142 2202 reip.

1193 2206 1253 2237 sine
1264 2216 1375 2247 magno
1383 2205 1518 2246 praesidio
1530 2206 1674 2237 accedere.
1699 2209 1769 2248 Qio
1780 2206 1827 2236 die
1841 2207 1903 2236 haec
1915 2204 2020 2245 scripii‚
2033 2204 2150 2234 Drusus

1194 2257 1252 2279 erat
1261 2249 1297 2279 de
1308 2249 1549 2288 praevaricatione
1560 2248 1575 2279 {i
1586 2248 1714 2279 tribunis
1726 2250 1834 2279 aerariis
1848 2248 2009 2280 absolutus,
2022 2246 2054 2276 in
2066 2245 2150 2276 sum—

1195 2301 1241 2321 ma
1253 2311 1260 2323 ,
1287 2299 1428 2331 quattuor
1445 2290 1601 2320 sententiis
1621 2289 1693 2321 cum
1707 2290 1856 2321 senatores
1869 2309 1878 2323 ,
1899 2289 2054 2329 &equites
2064 2287 2150 2317 darn-

1194 2331 1319 2363 nassent.
1343 2335 1407 2373 Ego
1427 2331 1535 2362 eodem
1554 2332 1602 2362 die
1622 2331 1689 2372 post
1701 2331 1857 2362 meridiem
1870 2333 2025 2360 Vatinium
2034 2329 2152 2360 aderam

1193 2373 1378 2404 defensurus.
1402 2383 1434 2404 ea
1458 2383 1503 2408 res
1519 2373 1616 2404 facilis
1637 2373 1690 2404 est.
1713 2375 1848 2410 Comitia
1865 2375 1898 2402 in
1917 2372 2052 2402 mensem
2072 2373 2151 2410 Sept.

1194 2413 1302 2454 rejusta
1323 2414 1399 2445 sunt.
1423 2416 1522 2446 Scauri
1536 2415 1686 2454 judicium
1698 2414 1796 2445 statim
1809 2414 2013 2446 exercebitur:
2033 2413 2083 2444 cui
2095 2419 2159 2442 nos

1195 2473 1261 2494 non
1279 2462 1439 2494 deerimus.
1461 2451 1641 2492 emacim—ase
1664 2457 1862 2499 Σοφοκλέὸς
1879 2482 1887 2495 ,
1907 2460 2115 2505 quamquama
2127 2468 2154 2492 te

1196 2505 1291 2536 aftam
1312 2504 1453 2536 fabellam
1473 2504 1562 2535 video
1582 2503 1641 2535 ess'e
1659 2504 1764 2535 festive
1778 2525 1787 2538 ,
1806 2504 1893 2535 nullo
1914 2505 2010 2536 modo
2020 2503 2153 2544 probavi.

1196 2549 1297 2577 Venio
1320 2557 1401 2577 nunc
1418 2546 1453 2577 ad
1472 2547 1500 2576 id
1511 2566 1520 2579 ,
1542 2546 1624 2587 quod
1634 2546 1733 2577 nescio
1744 2557 1786 2581 an,
1794 2548 1871 2587 prim
1879 2557 1930 2578 um
1941 2545 1998 2577 esse
2009 2545 2155 2577 debuerit.

1198 2588 1377 2629 Ojucundas
1389 2589 1466 2619 milii
1476 2598 1539 2619 tuas
1550 2588 1587 2619 de
1598 2590 1748 2619 Britannia
1759 2589 1869 2619 litteras
1882 2592 1887 2618 !
1909 2588 2053 2621 timebam
2064 2588 2157 2616 Ocea-

1202 2640 1277 2661 num
1291 2650 1299 2664 ,
1320 2630 1465 2660 timebam
1485 2630 1557 2660 litus
1575 2630 1688 2660 insulae.
1711 2630 1841 2671 Reliqua
1860 2641 1922 2660 non
1933 2629 2071 2670 equidem
2082 2637 2158 2657 con—

1203 2682 1309 2704 temno
1322 2691 1331 2707 ,
1342 2672 1390 2703 sed
1399 2673 1467 2713 plus
1479 2672 1592 2703 haberit
1601 2681 1703 2703 tamen
1715 2672 1795 2713 spei,
1806 2682 1895 2713 quam
1907 2672 2038 2703 timoris,
2050 2669 2159 2709 magis-

2103 2720 2161 2750 que.

248 2807 269 2823 i.
288 2801 366 2823 Daras
383 2796 562 2830 Blandenone]
578 2797 622 2823 Sic
634 2805 739 2831 quoque
758 2794 827 2822 Pali.
847 2795 893 2821 niti
912 2794 983 2830 quod
998 2802 1052 2820 tres
1072 2800 1163 2819 eorum

212 2834 384 2858 maurit-mmm.
405 2834 528 2869 Sigonius
539 2830 694 2859 emendabat
708 2831 791 2857 Laud.-
801 2833 866 2857 nonis
879 2851 887 2863 ,
898 2830 968 2867 quod
980 2829 1054 2857 ‘illico
1063 2828 1092 2857 iii
1102 2838 1165 2855 coii-

210 2875 314 2894 textuua
326 2870 425 2905 recepit
434 2868 594 2902 Lambinus,
603 2877 703 2905 gnavus
714 2868 851 2904 accipiter..

247 2925 274 2941 2.
293 2920 381 2943 smisso.
401 2927 430 2943 ac
451 2919 574 2954 sorraffe]
595 2917 713 2945 Pal.sec.
725 2924 790 2945 tert.
803 2917 882 2951 studio
898 2918 937 2943 hoc
948 2915 1064 2951 fhrtqffi5
1082 2922 1169 2950 neque

212 2953 288 2980 aliter
298 2953 379 2978 editio
393 2955 454 2980 Aldi
467 2962 552 2981 vetus.

249 3004 274 3031 3.
296 2999 376 3034 Ufrum
388 2998 448 3022 voles
461 3017 469 3028 ‚
486 3005 512 3022 nr
523 2999 652 3024 dixerimus
663 3017 670 3030 ‚
691 2999 723 3023 ad
733 2997 898 3031 expediendum
906 3004 928 3023 te
939 3007 944 3021 :
958 2998 982 3031 fi
989 2997 1060 3030 causa
1066 2997 1098 3029 sit
1107 3004 1166 3021 com-

211 3033 323 3065 morere.)
347 3033 375 3057 P.
390 3034 522 3060 Manutius
533 3035 650 3061 tentabat
661 3053 670 3067 ,
691 3042 771 3060 utrum
781 3037 846 3060 vulfs
860 3036 897 3070 (ut
906 3033 1015 3066 dixerim)
1029 3042 1061 3058 an
1071 3032 1104 3057 ad
1112 3038 1166 3064 exp.

210 3069 272 3101 1:¹11*
280 3068 361 3102 causa,
371 3068 422 3098 (Ξνε.

246 3122 275 3148 4.

1384 2773 1391 2775 .
1520 2772 1538 2775 r,
1546 2772 1554 2774 r
1703 2766 2118 2775 *cm
2128 2770 2172 2775 i*

1186 2792 1187 2796 ’
1203 2790 1279 2817 binus
1290 2790 1464 2824 coujet‘stando
1475 2810 1485 2823 ,
1504 2798 1606 2817 tautum
1627 2789 1718 2826 prodit
1730 2787 1906 2825 ignorantiam
1916 2786 1991 2813 artis.
2012 2786 2079 2813 Pau.
2095 2786 2161 2813 nihii

1206 2835 1320 2854 variant.

1244 2871 1268 2897 ς.
1289 2863 1334 2889 Sed
1342 2865 1401 2889 malo
1411 2869 1500 2894 tamen,
1511 2861 1648 2896 quodpuras
1655 2871 1666 2893 ‚-
1683 2859 1755 2893 magis
1765 2861 1836 2884 m'asn
1845 2858 1887 2884 illa
1898 2859 1908 2889 ζ
1908 2861 1990 2884 etenim
2002 2858 2073 2891 magis
2081 2859 2162 2890 estimo

1204 2906 1247 2931 me)
1260 2901 1426 2932 διμςιλκφὶω,
1435 2899 1502 2932 [lya]
1525 2898 1569 2923 Sic
1580 2896 1610 2922 P'.
1621 2895 1757 2922 Manutius
1767 2894 1811 2920 alii
1833 2903 1875 2920 ue.
1886 2901 1960 2930 patei·
1970 2894 2056 2920 Aldus
2069 2904 2076 2923 3
2091 2895 2163 2928 magia

1202 2937 1335 2968 etii1m‚llla
1347 2937 1418 2961 eriam
1427 2936 1506 2967 magni
1513 2934 1593 2965 ‚estimo
1603 2932 1667 2963 ἶιμφ.
1687 2929 1782 2966 quibus
1792 2929 1823 2956 ad
1844 2938 1928 2956 atreut
1942 2929 2009 2956 Pali.
2029 2930 2076 2956 nisi
2089 2929 2161 2965 quod

1204 2971 1323 3008 qnidam,
1334 2979 1418 3004 magna
1426 2971 1514 3002 aestimo,
1526 2976 1591 2994 uuus
1601 2975 1710 3000 magnam
1719 2968 1807 2999 aestImo.
1827 2965 1877 2992 sec.
1887 2966 1967 2993 etiam
1980 2972 2043 2994 tert.
2054 2967 2070 2993 ἐι
2081 2973 2160 2994 manu

1207 3009 1291 3044 prima
1302 3016 1310 3038 3
1332 3007 1420 3039 magnii·
1428 3007 1500 3030 eu'am
1510 3004 1551 3030 illa
1561 3011 1645 3035 magna
1654 3004 1703 3028 aff.

1242 3043 1269 3069 6.
1291 3042 1382 3068 ldihm.
1393 3039 1605 3073 Qintfoenusfiait
1613 3049 1659 3065 zm.
1670 3047 1699 3064 ex
1707 3048 1735 3064 κ..
1746 3037 1802 3072 ὀνο]
1822 3038 1960 3065 variantes
1971 3037 2098 3065 lessionea
2110 3037 2161 3065 hi:-

1202 3078 1246 3114 jus
1258 3078 1307 3104 loci
1321 3097 1330 3109 ,
1349 3075 1410 3102 sitis
1428 3074 1506 3100 habui
1516 3081 1644 3101 annotare
1661 3073 1692 3100 ad
1704 3083 1776 3100 oram
1788 3073 1885 3101 :odicis
1895 3074 2079 3101 Gulieliniaui.
2098 3082 2160 3100 nairi

292 3119 381 3150 Ἶριῃιε
391 3116 513 3146 lac-oram,
524 3118 642 3149 quodmm
653 3119 790 3151 conformia
800 3119 920 3150 copiarum
929 3119 1062 3150 nostrarum·
1074 3134 1082 3148 ‚
1099 3115 1169 3149 &cs-'j
1207 3114 1318 3141 nimium
1338 3109 1516 3173 discrepabant
1536 3109 1604 3136 Pali.
1623 3119 1707 3145 neque
1717 3109 1862 3146 quidquam
1881 3111 1956 3146 potui
1976 3118 2069 3138 eruere
2086 3109 2161 3137 boni,

213 3151 306 3179 Laudo
317 3152 349 3178 1¹.
360 3153 509 3180 Mamurium
523 3171 530 3184 ‚
542 3154 586 3187 qui
598 3156 612 3179 (i
623 3154 682 3180 ioco
692 3153 829 3190 desperato
839 3162 934 3182 manus
945 3152 1068 3181 abstinet.
1087 3150 1170 3179 Laiii-
1208 3147 1294 3178 Consti
1300 3148 1369 3175 latur
1379 3148 1422 3174 Tu

1436 3146 1487 3174 lius
1497 3145 1567 3174 libro
1578 3155 1618 3173 iv.
1629 3146 1661 3175 ad
1671 3146 1794 3174 Atticum
1806 3145 1887 3183 Epist.
1902 3155 1944 3182 ¹5·

2100 3189 2110 3206 i
2117 3199 2123 3206 .
2132 3181 2161 3206 17»

2128 1496 2209 1547 ,ις
