2337 3400
107 504 152 538 68

147 2945 181 2969 71

570 116 639 164 M.
712 112 1080 159 TULL11

296 215 328 236 ut
339 204 371 235 δε
382 209 504 232 menon
515 197 575 230 sine
585 197 668 228 causa
678 194 810 226 laborate
825 192 1006 232 intelligeres
1017 209 1025 224 ‚
1048 189 1080 219 ὃς
1094 199 1125 220 tu

333 247 461 286 dignum
482 241 613 281 hospitio
633 248 686 269 tuo
701 236 859 277 judicares.
900 234 1015 263 Feceris
1033 233 1124 274 igitur

167 294 245 326 mihi
255 285 453 332 gratissimum
465 304 473 319 ‚
483 283 503 313 si
515 286 542 313 ei
556 282 723 313 declararis,
732 278 836 319 quanti
849 286 898 306 me
911 274 1000 305 facias
1016 276 1062 305 :id
1071 273 1124 307 est,

169 336 190 366 fi
216 332 361 371 receperis
379 337 449 358 eum
467 328 500 356 in
518 323 610 355 fidem
629 332 710 353 tuam
730 322 762 351 δε
780 318 1019 360 quibuscumque
1039 316 1128 347 rebus

169 373 295 408 honeste
306 393 313 406 2
325 381 356 402 ac
367 369 427 401 fine
436 366 575 398 molestia
586 376 632 397 tua
643 366 754 405 poteris
764 361 945 406 ,adjuver-is.
971 361 1039 389 Hoc
1051 359 1128 388 mihi
1152 359 1154 379 l

168 421 224 449 erit
240 418 436 445 vehementer
453 418 568 452 gratum
586 419 591 438 :
612 407 701 448 idque
719 414 751 435 ut
767 405 873 436 facias,
904 410 932 432 te
942 403 1032 432 etiam
1043 409 1130 441 atque

171 468 259 492 etiarn
273 467 305 487 ro
326 466 355 486 o.

201 467 341 532 M.T.gC.
366 494 653 528 P-SERVILIO
675 488 950 520 lsAUR1C0‚
967 486 1110 518 PROC.

460 535 717 567 COLLEGAE
733 551 742 565 2
763 533 845 562 s.D.

263 586 372 614 erffl
386 579 668 610 mihivehementer
679 584 735 605 tuae
747 573 852 603 litterae
863 570 1001 602 fuerunt:
1019 578 1057 599 ex
1067 570 1133 608 qui-
1154 577 1155 591 i

265 627 318 655 bus
334 623 464 664 cognovi
477 620 576 650 cursus
590 618 818 658 navigationum
829 622 957 643 tuarum.
981 612 1133 653 Significa—

174 670 224 700 bas
239 670 322 698 enim
334 665 516 695 memoriam
528 671 608 691 tuam
622 658 727 690 nostrae
739 655 960 699 necessitudinis
973 664 1046 694 :qua
1056 653 1135 682 mihi

174 711 253 741 nihil
276 715 391 749 poterat
409 703 466 735 effe
485 702 659 745 jucundius.
684 699 773 741 Qod
786 699 935 737 reliquum
947 694 990 726 est
1003 715 1011 728 ‚
1035 693 1134 724 multo

174 755 263 783 etiam
284 753 340 781 erit
348 750 458 791 gratius
469 767 476 781 ‚
497 744 518 776 si
532 745 568 775 ad
585 754 633 774 me
645 743 681 773 de
693 741 794 781 repub.
809 739 838 769 id
851 738 891 768 est
904 759 911 772 ‚
933 738 968 767 de
981 737 1054 767 statu
1065 745 1136 776 pro-

174 796 282 825 vinciae
293 813 300 827 ,
321 792 358 823 de
376 788 522 821 institutis
531 788 590 817 tuis
605 785 792 815 familiariter
803 781 919 811 scribes.
945 782 1019 820 Qae
1029 788 1137 819 quam-

176 846 266 877 quam
278 844 316 864 ex
327 832 431 864 multis
440 840 494 871 pro
510 839 559 860 tua
569 829 698 858 claritate
708 824 826 855 audiam
844 842 851 855 ‚
865 831 966 852 tamen
981 817 1136 850 libentissi-

175 880 227 909 me
248 887 285 908 ex
297 878 356 907 tuis
367 875 473 904 litteris
482 871 672 913 cognoscam.
697 869 760 907 Ego
772 865 808 895 ad
820 874 848 894 te
859 884 866 897 ,
886 864 923 894 de
934 864 1006 902 reip.
1019 862 1138 892 summa

175 920 248 954 Quid
260 920 381 949 sentiam
397 936 404 950 ,
433 925 496 945 non
508 915 579 952 saepe
591 911 714 941 scribam
729 928 737 941 2
749 916 868 948 propter
880 906 1049 945 periculum
1060 903 1138 942 ejus-

176 954 264 994 modi
289 961 463 990 litterarum.
501 954 582 997 Qid
601 961 699 994 agatur
719 958 820 980 autem
843 969 852 982 ,
879 948 1003 978 scribam
1023 947 1137 985 saepius.

175 1008 293 1045 Sperne
307 1010 408 1032 tamen
421 998 525 1028 videor
536 1017 544 1030 ,
570 995 677 1026 Caesati
689 1013 697 1026 ,
709 992 831 1032 collegae
841 989 960 1022 nostro,
976 988 1040 1018 fore
1050 997 1136 1020 curae,

177 1047 210 1077 ὃς
221 1044 278 1076 esse
290 1065 299 1077 ,
320 1052 352 1073 ut
363 1041 525 1072 habeamus
542 1038 673 1077 aliquam
687 1035 822 1074 rempub.
833 1033 919 1072 cujus
930 1029 1063 1061 consiliis
1074 1039 1138 1059 ma—

175 1090 228 1130 gni
248 1085 391 1117 referebat
412 1092 440 1112 te
463 1078 609 1111 interess'e.
632 1077 705 1111 Sed,
727 1075 746 1106 si
765 1075 821 1106 tibi
842 1075 947 1105 utilius
956 1072 998 1103 est
1013 1092 1020 1105 ,
1043 1072 1072 1101 id
1085 1070 1137 1115 ei’t,

175 1126 332 1174 gloriosius
345 1147 352 1159 ,
379 1122 451 1155 Asiae
464 1120 581 1163 pi‘aeesl'e
594 1141 602 1154 ‚
613 1118 742 1150 &istam
756 1127 867 1159 partem
879 1115 994 1155 reipub.
1008 1114 1087 1143 male
1097 1118 1139 1142 ar-

175 1170 287 1202 tesiam
304 1169 397 1204 tueri:
417 1167 496 1195 mihi
506 1173 625 1205 quoque
638 1162 718 1192 idem
730 1181 738 1194 ‚
757 1159 839 1201 quod
851 1158 907 1188 tibi
919 1178 928 1191 ,
949 1157 980 1187 &
993 1155 1139 1186 laudituae

175 1212 370 1254 profuturum
391 1207 450 1240 est,
473 1207 604 1246 optatius
621 1204 711 1234 debet
731 1201 798 1232 esse.
832 1203 914 1241 Ego,
936 1209 1000 1239 quae
1013 1197 1139 1227 adtuam

158 144 257 197 754

163 209 260 252 scripsi
275 228 284 241 ι

163 254 226 295 ipse
246 258 316 280 eum

176 1255 354 1296 dignitatem
365 1251 512 1290 pertinere
524 1246 700 1279 arbitrabor,
714 1245 836 1275 summo
849 1241 959 1274 studio,
972 1240 1142 1280 diligentia-

178 1307 237 1338 que
247 1294 374 1325 curabo:
389 1302 419 1321 in
431 1291 594 1331 primisque
606 1288 712 1319 tuebor
723 1287 811 1316 omni
825 1284 1014 1315 observantia
1024 1278 1143 1325 clarissi-

180 1347 271 1375 mum
282 1339 381 1366 virum
395 1354 403 1368 ‚
415 1342 529 1373 patrem
542 1341 647 1362 tuum:
668 1329 750 1371 quod
760 1329 792 1358 ὅ(
802 1337 858 1368 pto
869 1324 1011 1357 vetustate
1021 1320 1142 1353 necesti-

180 1381 298 1412 tudinis
310 1398 318 1412 ‚
340 1377 372 1407 &
390 1385 448 1416 pro
470 1373 626 1405 beneficiis
643 1370 748 1403 vestris
769 1390 778 1405 ,
797 1371 893 1410 &pro
903 1367 1048 1409 dignitate
1057 1363 1145 1406 ipsius

180 1422 275 1454 facere
284 1419 392 1450 debeo.

240 1459 711 1495 M.T.C.P.SERV1LIO.
735 1453 1001 1486 COLLEGAE,
1025 1451 1102 1480 S.D.

303 1506 456 1534 Cup-’ruis
469 1521 478 1534 ‚
501 1501 628 1530 Mithres
640 1519 648 1533 ‚
660 1498 702 1529 est
715 1498 765 1528 ille
779 1496 923 1538 quidem,
933 1494 965 1524 ut
975 1493 1040 1525 scis,
1056 1491 1147 1521 liber-

187 1504 342 1582 C’tus
360 1542 496 1574 Postumi
508 1562 525 1575 ,.
539 1539 762 1572 familiariffimi
782 1540 861 1569 mei:
882 1535 931 1566 sed
943 1545 991 1565 me
1002 1534 1095 1567 colit,
1115 1532 1147 1562 δε

185 1588 340 1619 ohservat',
353 1585 439 1626 aeque
452 1593 538 1625 atque
549 1583 638 1613 illum
650 1582 748 1622 ipsum
761 1588 924 1622 patronum
935 1577 1035 1607 suum.
1060 1573 1147 1615 Apud

186 1640 259 1661 eum
268 1639 322 1670 ego
333 1627 369 1659 sic
380 1624 485 1667 Ephesi
497 1626 555 1658 fui,
566 1624 817 1666 quotiescumque
826 1621 881 1654 fui,
894 1628 1047 1659 tamquam
1062 1616 1148 1647 domi

186 1681 272 1703 meae.
296 1670 452 1710 Multaque
471 1667 662 1711 acciderunt,
687 1668 718 1696 in
737 1664 847 1706 quibus
867 1660 1147 1692 &benivolentiam

186 1716 249 1753 ejus
265 1722 332 1752 erga
342 1722 391 1741 me
403 1711 576 1751 experirer,
601 1709 633 1739 δε
644 1706 747 1738 fidem.
770 1709 872 1746 Itaque
883 1703 901 1734 si
916 1703 988 1744 quid
999 1711 1048 1732 aut
1059 1701 1147 1733 mihi,

185 1764 235 1786 aut
256 1763 398 1785 meorum
417 1753 548 1792 cuipiam
567 1752 599 1780 in
620 1749 687 1781 Asia
711 1757 786 1788 opus
797 1747 859 1789 ests,
880 1747 1010 1776 adhunc
1025 1742 1150 1773 scribere

188 1796 332 1828 consuevi
345 1806 350 1824 z
363 1795 452 1834 hujus
464 1802 533 1823 cum
548 1801 566 1821 o
590 1802 653 1825 era,
666 1791 698 1820 &
710 1790 768 1820 fide
780 1810 788 1823 ‚
802 1796 866 1819 turn
880 1788 974 1818 domo
987 1806 995 1820 ‚
1009 1786 1041 1815 ὃς
1053 1795 1082 1814 re
1094 1786 1149 1817 uti,

186 1847 340 1879 tamquam
353 1846 431 1866 mea.
457 1837 534 1865 Haec
546 1802 587 1864 ad³
594 1843 622 1863 te
634 1832 671 1863 eb
681 1832 816 1872 pluribus
828 1828 924 1869 scripsi
934 1849 942 1862 ,
956 1838 986 1858 ut
995 1827 1149 1867 intellige-

186 1891 230 1911 res
243 1900 252 1914 ,
273 1884 283 1899 ¹
294 1889 344 1910 me
355 1888 418 1910 non
429 1877 549 1918 vulgare
560 1896 568 1910 ‚
582 1885 638 1906 nec
648 1873 810 1905 ambitiose
821 1892 830 1906 ,
851 1871 901 1902 sed
911 1880 943 1900 ut
955 1880 1008 1910 pro
1022 1870 1149 1898 homine

186 1925 319 1956 intimo,
341 1931 374 1951 ac
395 1916 698 1959 mihipernecess'ario
711 1936 719 1950 ,
739 1915 875 1946 scribere.
898 1916 970 1944 Peto
982 1910 1097 1953 igitura
1110 1919 1148 1942 te,

188 1974 220 1995 ut
242 1966 274 1994 in
295 1974 327 1993 ea
340 1959 540 1993 controversia
551 1980 558 1994 ‚
579 1969 669 2001 quam
680 1958 767 1989 habet
782 1956 819 1987 de
830 1954 927 1986 fundo
938 1964 1006 1984 cum
1017 1952 1150 1993 quodam

188 2007 386 2046 Colophonio
400 2004 475 2034 &in
487 2003 590 2033 ceteris
600 2001 698 2034 rebus,
710 2008 857 2041 quantum
869 1996 942 2027 fides
952 2005 999 2026 tua
1014 1996 1151 2035 patietur,

187 2056 395 2088 (mantumque
417 2055 470 2076 tuo
489 2043 657 2075 commodo
679 2043 792 2083 poteris
804 2061 811 2075 ,
835 2049 952 2070 tantum
976 2038 1008 2067 &
1026 2037 1152 2066 honoris

188 2086 251 2120 niei
271 2090 355 2120 causa
374 2086 572 2119 commodes:
598 2083 648 2115 etsi
661 2105 669 2118 ,
691 2094 723 2114 ut
740 2085 804 2123 ejus
816 2080 995 2112 modestiam
1007 2079 1151 2119 cognovi,

188 2133 284 2173 gravis
303 2131 359 2161 tibi
379 2130 502 2160 nullain
511 2138 540 2158 re
551 2129 616 2158 erit.
640 2129 669 2157 Si
685 2127 717 2157 &
733 2136 799 2156 mea
810 2122 1079 2155 commendatione
1090 2140 1098 2154 ‚
1120 2119 1153 2150 ὃς

190 2175 240 2204 sua
259 2173 406 2213 probitate
416 2169 558 2202 assecutus
569 2171 642 2203 erit,
665 2171 710 2199 uti
721 2168 756 2198 de
767 2168 794 2198 se
808 2167 884 2197 bene
893 2164 1068 2195 existimes:
1083 2172 1152 2192 om-

190 2218 240 2246 nia
262 2215 290 2245 se
308 2213 449 2252 adeptum
468 2211 668 2242 arbitrabitur.
719 2213 762 2240 Ut
779 2210 871 2250 igitur
888 2217 959 2238 eum
981 2206 1103 2244 recipias
1124 2206 1155 2234 in

193 2256 287 2288 fidem
308 2276 317 2289 ‚
345 2255 508 2295 habeasque
528 2256 561 2283 in
582 2262 712 2283 numero
733 2261 854 2282 tuorum
876 2270 884 2284 ,
913 2258 940 2278 te
959 2249 1154 2278 vehementer

192 2301 283 2329 ctiam
303 2307 390 2338 arque
402 2298 492 2327 etiam
506 2305 586 2336 rogo.
613 2297 677 2336 Ego
688 2314 696 2328 ‚
715 2302 820 2334 quaetc
828 2292 906 2323 velle
918 2310 926 2323 ,
946 2298 1073 2330 quaeque
1081 2288 1116 2318 ad
1127 2297 1154 2318 te

191 2343 341 2381 pertinere
358 2338 539 2371 arbitrabor,
560 2340 666 2367 omnia
689 2335 820 2365 studiose
833 2353 841 2368 ,
863 2333 1083 2374 diligenterque
1103 2340 1155 2359 cu-

193 2383 275 2414 ribo.

271 2426 314 2453 M.
326 2425 365 2453 T.
379 2424 416 2452 C.
439 2424 471 2452 P.
482 2421 675 2452 SERVILIO
685 2439 694 2453 ‚
716 2419 920 2449 COLLEGAE
930 2435 938 2449 2
960 2417 990 2445 S.
1002 2417 1031 2444 P.
1044 2416 1084 2443 D.

289 2469 361 2495 UrA
380 2474 443 2494 non
463 2463 506 2493 est
519 2462 641 2493 obscura
652 2471 700 2491 tua
710 2462 742 2490 in
755 2470 804 2490 me
814 2457 1021 2489 benivolentia
1034 2475 1042 2489 ,
1064 2453 1101 2485 sic
1112 2452 1154 2487 fit,

291 2518 323 2537 ut
346 2507 435 2536 multi
446 2515 498 2545 per
508 2504 622 2535 metibi
631 2504 728 2533 velint
736 2499 957 2532 commendari.
983 2501 1046 2539 Ego
1055 2505 1154 2527 autem

197 2551 296 2579 tribuo
309 2557 543 2588 nonnumquam
557 2548 589 2576 iri
599 2547 708 2586 vulgus
723 2544 787 2574 :sed
799 2544 976 2584 plerumque
988 2537 1156 2570 necessariis

194 2601 226 2621 in
251 2593 306 2621 hoc
318 2600 462 2631 tempore.
487 2592 568 2619 Nam
585 2598 658 2617 cum
670 2590 709 2618 T.
721 2588 835 2626 Ampio
847 2584 937 2615 Balbo
951 2583 1028 2612 mihi
1039 2581 1157 2612 summa

195 2634 379 2663 {imiliamas
389 2653 397 2667 ‚
419 2630 664 2671 neccss‘itudoque
675 2628 727 2659 est.
752 2630 826 2668 Ejus
836 2627 980 2656 libertum
991 2644 999 2658 ‚
1027 2625 1067 2653 T.
1080 2626 1157 2652 Am-

195 2685 282 2716 pium
300 2674 507 2704 Menandrum
525 2693 534 2707 ,
556 2674 719 2702 hominem
738 2670 837 2711 frugi,
865 2669 897 2699 δε
912 2665 1105 2699 modestum,
1124 2664 1157 2694 &

198 2727 336 2756 patrono,
349 2717 381 2746 &
392 2715 482 2746 nobis
497 2712 862 2753 vehementer‘probatum
873 2731 882 2745 ,
903 2710 959 2740 tibi
969 2706 1157 2739 commendo

200 2761 346 2794 niaioi‘em
364 2769 397 2788 in
420 2757 558 2787 modurn.
583 2757 785 2786 Vehementer
797 2754 874 2784 mihi
885 2760 1000 2793 gratum
1010 2749 1125 2782 feceris,
1137 2747 1157 2778 si

199 2801 437 2840 quibuscumque
447 2799 544 2829 rebus,
558 2797 618 2828 sine
629 2807 679 2828 tua
688 2795 827 2827 molestia
836 2796 959 2835 poteris,
976 2793 1004 2822 ei
1013 2801 1159 2822 commo-

201 2844 291 2871 diris.
314 2844 404 2874 Ouod
428 2850 461 2872 nt
478 2840 566 2871 facias
583 2861 591 2873 ‚
613 2849 642 2869 te
660 2840 857 2869 vehementer
867 2838 958 2868 etiam
970 2844 1056 2875 atque
1067 2835 1159 2864 etiam

338 2876 361 2883 κ

205 2894 288 2955 miii.
301 2885 394 2955 {⁹²ko
410 2927 438 2954 P.
452 2925 722 2956 SERVILIO,
742 2919 995 2953 c‘oLLEGAE
1009 2939 1018 2952 .
1037 2921 1064 2950 s.
1077 2921 1117 2948 D.

316 2969 424 2995 ULTos
446 2966 500 2995 tibi
510 2966 730 2995 commendem
744 2962 859 2995 necess'e
871 2963 913 2994 est
923 2983 931 2996 2
949 2971 1045 3003 quum
1054 2961 1160 2992 omni-

317 3007 372 3036 bus
383 3017 451 3037 nota
461 3006 560 3037 nestra
572 3005 757 3038 necessitudo
766 3006 809 3039 cst
820 3026 829 3041 ‚
847 3015 956 3046 tuaque
967 3013 1034 3046 erga
1043 3013 1094 3033 me
1108 3002 1161 3033 be-

239 3130 260 3147 1..
284 3125 377 3147 Menon
387 3122 487 3152 vulpam
497 3130 536 3146 rie:
547 3121 692 3154 ambroise]
716 3121 758 3146 Sic
769 3119 839 3146 edidi
851 3128 885 3146 ex
898 3119 1037 3150 Palatinis,
1050 3117 1160 3144 Hirro:-

201 3158 288 3188 ιῐωῡ,
299 3156 503 3185 stewechia2103
520 3163 646 3190 notatque
658 3165 713 3181 cam
726 3155 869 3182 leifliouem
882 3155 914 3181 ad
926 3155 1037 3191 primam
1049 3152 1159 3190 impres-

203 3192 296 3220 jem-m
305 3202 338 3221 ex
356 3192 484 3220 Medieaeo
495 3192 623 3228 Egnatius
635 3200 649 3222 3v
667 3191 892 3225 quemadmodum
904 3192 1041 3219 Victorius
1052 3198 1158 3223 quoque
1180 3188 1181 3197 ¹

1150 112 1687 161 CicERonts

1170 193 1349 224 nivoicntia.
1373 192 1430 224 Sed
1443 202 1542 224 tamen
1554 195 1603 225 etsi
1618 199 1761 228 omnium
1772 197 1866 230 causa,
1878 205 1955 239 quos
1967 205 2132 229 commen·-

1170 236 1208 267 do
1219 256 1227 269 ,
1250 235 1326 269 velle
1351 234 1466 265 debeo:
1487 244 1588 267 tamen
1612 249 1684 269 cum
1702 240 1846 270 omnibus
1858 249 1922 269 non
1934 238 2037 268 eadem
2049 240 2128 269 mihi

1170 278 1252 308 causa
1271 275 1322 307 est‹
1343 279 1381 307 T·
1407 275 1553 317 Agufiu⁵›
1572 278 1714 310 &comes
1726 292 1811 312 meus
1822 281 2142 312 fuitiilomiserrimo

1170 329 1306 359 tempore
1317 338 1325 353 ,
1339 318 1372 348 &
1384 321 1528 349 omnium
1539 320 1683 352 itinerum
1697 343 1705 356 ,
1719 326 1946 365 navigationum
1960 344 1968 356 ,
1981 322 2130 355 laborum,
2169 339 2176 345 ·

1169 361 1371 408 periculorum
1384 371 1523 391 meorum
1536 361 1743 404 sociustneque
1755 366 1810 395 hoc
1821 375 1955 406 tempore
1965 362 2135 395 discessisset

1171 409 1186 434 a
1198 414 1243 433 mc
1259 423 1266 436 2
1291 401 1346 432 nisi
1368 413 1423 444 ego
1441 404 1470 433 ei
1488 402 1697 442 permisissem.
1751 416 1816 437 uare
1837 405 1874 437 sic
1897 406 1952 437 tibi
1967 416 2036 436 eum
2046 416 2134 436 com-

1172 445 1286 490 mendo
1300 465 1308 478 ,
1330 453 1362 474 ut
1386 454 1482 476 unum
1502 443 1539 474 de
1552 447 1628 475 meis
1652 446 1742 477 dome
1774 450 1825 478 icis
1841 469 1849 482 ,
1873 449 1906 479 &
1926 451 2062 478 maxime
2079 458 2131 477 ne—

1172 486 1310 518 cessariis.
1342 489 1512 528 Pergratum
1533 489 1611 517 mihi
1621 487 1727 518 feceris
1739 509 1748 522 ‚
1766 488 1784 518 si
1795 500 1867 519 eum
1878 492 1918 520 ita
1931 489 2061 520 [meraris
2075 510 2082 523 ‚
2103 498 2135 519 ut

1174 530 1338 569 intelligat,
1361 530 1435 559 hanc
1448 529 1752 561 commendationem
1762 530 1813 561 sibi
1826 541 1936 572 magno
1947 533 2032 566 usui,
2048 541 2135 572 atque

1178 572 1354 611 adjumento
1367 569 1466 600 fuiffe.

1218 615 1310 643 M.T.
1325 615 1356 642 C.
1381 613 1698 648 P.SERVIL10‚
1719 616 1990 648 COLLEGAE‚
2010 618 2089 645 S.D.

1250 665 1253 669 ’
1267 658 1448 685 AERELLIAE
1465 675 1474 688 2
1493 653 1657 686 necessari'ae
1670 667 1746 687 meae
1758 677 1766 690 ,
1780 667 1843 686 rem
1857 677 1864 690 ‚
1876 658 2012 689 nomina,
2022 655 2136 696 posses-

1268 696 1363 726 siones
1384 695 1522 727 Asiaticas
1540 699 1758 729 commendavi
1782 698 1838 729 tibi
1854 699 1981 738 praesens
1999 700 2032 728 in
2041 699 2137 729 hortis

1178 741 1250 772 tuis,
1262 740 1352 780 quam
1365 741 1448 779 potui
1462 738 1690 779 diligentissime
1704 750 1812 781 :tuque
1823 741 1900 769 mihi
1917 760 1925 774 ‚
1937 750 1993 780 pro
2006 748 2054 769 tua
2062 750 2139 770 con-

1180 782 1334 811 suetudine
1350 801 1358 814 ‚
1370 791 1480 822 proque
1495 784 1552 810 tuis
1565 783 1597 811 in
1608 792 1658 812 me
1671 785 1840 822 perpetum,
1853 782 2057 822 maximisque
2067 780 2139 811 offi-

1179 825 1253 868 ciisq,
1278 825 1383 853 omnia
1406 832 1432 853 te
1453 822 1604 854 fafilzurum
1623 823 1829 855 liberalissime
1850 822 1995 864 recepisti.
2025 824 2140 853 Memi-

1180 863 1255 895 nifle
1277 875 1304 895 te
1323 865 1354 894 id
1375 865 1461 906 spero.
1489 865 1550 894 scio
1573 868 1656 896 enim
1680 866 1781 897 solere.
1805 865 1861 897 Sed
1883 875 1984 896 tamen
1996 865 2140 895 Caerelliae

1178 916 1382 947 procuratores
1395 907 1580 947 scripserunt,
1595 917 1622 938 te
1632 918 1752 948 propter
1762 907 2003 949 magnitudinem
2015 909 2142 947 provin-

1178 952 1242 983 ciae,
1256 949 1546 989 multitudinemque
1558 953 1765 991 negotiorum,
1778 959 1867 980 etiam
1883 959 1968 990 atque
1977 951 2067 979 etiam
2084 947 2141 978 esse

1180 990 1531 1021 commonefaciendum.
1555 994 1627 1022 Peto
1643 994 1732 1034 igitur
1750 1012 1758 1025 ‚
1779 1001 1812 1021 ut
1824 993 2000 1022 memineris
2013 1011 2021 1024 ‚
2032 1000 2059 1020 te
2071 1000 2143 1020 om-

1182 1036 1249 1066 nia,
1273 1043 1338 1074 quae
1358 1043 1406 1063 tua
1429 1031 1502 1062 fides
1524 1042 1671 1072 pateretur
1691 1055 1699 1068 ,
1721 1035 1798 1064 mihi
1819 1033 1970 1063 cumulate
1989 1031 2140 1072 recepisse.

1183 1075 1331 1115 Equidem
1356 1073 1522 1107 existimo,
1544 1076 1649 1105 habere
1673 1086 1701 1105 te
1719 1086 1859 1116 magnarii
1875 1075 2044 1105 facultatem
2071 1073 2143 1112 (sed

1183 1118 1239 1146 hoc
1255 1115 1298 1146 est
1318 1118 1361 1145 tui
1379 1114 1496 1146 consilii
1521 1135 1530 1149 ‚
1557 1117 1590 1146 &
1609 1117 1732 1157 judicii)
1755 1127 1793 1147 ex
1814 1127 1851 1146 eo
1873 1116 2154 1147 senatusconsulto,v

1182 1158 1262 1198 quod
1274 1160 1306 1187 in
1315 1157 1437 1187 heredes
1451 1159 1646 1188 C-Vennonii
1656 1158 1768 1189 factum
1783 1158 1836 1191 est,
1849 1159 1990 1188 Caerelliae
2002 1167 2146 1188 commo-

1184 1200 1283 1230 dandi.
1305 1199 1336 1229 id
1357 1200 1646 1230 senatusconsultum
1664 1210 1694 1231 tu
1713 1200 1945 1240 interpretabere
1964 1209 2018 1239 pro
2042 1209 2090 1229 tua
2102 1199 2145 1228 sa-

1185 1244 1310 1282 pientia.
1333 1244 1402 1271 Scio
1411 1244 1507 1276 enim,
1523 1242 1589 1282 ejus
1598 1242 1714 1272 ordinis
1724 1241 1932 1272 aufi'toritatem
1943 1242 2058 1280 semper
2066 1240 2145 1280 apud

1186 1293 1213 1314 te
1233 1285 1335 1323 magni
1352 1282 1448 1313 fuiss'e.
1473 1284 1563 1326 Qiod
1586 1284 1805 1325 rehquumest,
1824 1282 1861 1313 sic
1872 1284 1965 1313 velim
1978 1281 2145 1314 existimes,

1186 1325 1426 1366 quibuscumque
1450 1327 1537 1357 rebus
1560 1328 1704 1357 Caerelliae
1723 1325 1854 1368 benigne
1873 1324 2000 1358 fecem,
2018 1325 2097 1355 milii
2115 1332 2146 1354 te

1188 1366 1391 1410 gratissimum
1401 1365 1458 1397 effe
1470 1368 1629 1398 fafturum.

1260 1412 1354 1439 M.T.
1368 1412 1400 1439 C.
1423 1412 1743 1450 QPHILIPPO,
1763 1411 1965 1440 PROCOS.
1988 1410 2016 1439 S.
2033 1410 2074 1438 D.

1278 1454 1445 1483 RATULOR
1463 1453 1537 1486 tibi,
1558 1452 1641 1493 quod
1653 1463 1691 1482 ex
1700 1454 1855 1492 provincia
1866 1452 1980 1481 salvum
1996 1460 2023 1481 te
2033 1450 2067 1480 ad
2079 1459 2146 1480 tuos

1278 1493 1411 1533 recepisti
1430 1493 1687 1527 incolumifama,
1717 1494 1748 1524 &
1761 1503 1827 1534 rep.
1847 1491 1969 1534 Qodfi
1984 1495 2095 1523 Romae
2118 1500 2147 1522 te

1188 1536 1338 1569 vidissem,
1350 1545 1512 1577 coramque
1521 1539 1624 1577 gratias
1634 1535 1767 1576 egissem,
1783 1534 1863 1576 quod
1877 1536 1931 1565 tibi
1944 1537 1978 1565 L.
1991 1535 2146 1575 Egnatius,

1192 1576 1441 1609 familiarissimus
1452 1587 1537 1607 meus
1549 1599 1558 1611 ,
1578 1577 1681 1608 absens
1694 1598 1702 1611 ‚
1720 1580 1753 1607 L.
1766 1579 1880 1617 Oppius
1891 1597 1898 1610 ,
1911 1577 2037 1616 praesens
2047 1595 2055 1609 ‚
2069 1583 2148 1605 cura:

1193 1619 1304 1651 fuisset.
1328 1622 1406 1650 Cum
1425 1622 1583 1659 Antipatro
1602 1620 1738 1656 Derbete?
1753 1620 1832 1648 mihi
1857 1629 1920 1649 non
1933 1616 2033 1648 solum
2045 1617 2148 1656 hospi—

1193 1665 1271 1693 tium
1283 1682 1291 1696 ,
1313 1660 1419 1692 verum
1440 1663 1529 1692 etiarn
1550 1662 1668 1692 summa
1685 1662 1870 1691 familiaritas
1883 1659 2048 1690 intercedit.
2073 1661 2108 1689 Ei
2119 1667 2149 1688 te

1191 1706 1386 1735 vehementer
1406 1701 1601 1734 succensuisse
1621 1703 1800 1736 audiv-12&
1822 1701 2036 1732 molestetuli.
2060 1703 2107 1730 De
2116 1710 2150 1730 re

1192 1746 1270 1776 nihil
1284 1744 1403 1785 possum
1412 1745 1544 1785 judicare
1556 1765 1564 1778 ,
1576 1744 1630 1774 nisi
1640 1745 1715 1774 illud
1732 1746 1807 1774 mihi
1818 1745 1897 1773 certe
1908 1743 2066 1783 persuadeo
2078 1762 2087 1776 ‚
2107 1751 2148 1775 te,

1191 1788 1282 1818 talem
1293 1789 1391 1818 virum
1405 1807 1413 1819 ,
1430 1788 1508 1817 nihil
1522 1787 1633 1816 temere
1643 1785 1753 1816 feciffe.
1777 1789 1803 1815 A
1814 1795 1842 1815 te
1856 1794 1979 1818 autem,
1988 1794 2041 1824 pro
2051 1793 2150 1814 vetere

1192 1829 1290 1860 nostra
1304 1826 1530 1862 necessitudine,
1542 1830 1633 1858 etiam
1643 1838 1730 1869 atque
1739 1829 1828 1858 etiam
1839 1836 1921 1867 peto,
1938 1836 1968 1858 ut
1978 1828 2041 1866 ejus
2053 1825 2149 1859 filios,

1192 1873 1244 1913 qui
1257 1874 1287 1900 in
1299 1880 1347 1900 tua
1358 1870 1499 1910 potestate
1510 1871 1576 1901 sunt
1590 1890 1598 1904 ,
1613 1871 1690 1900 mihi
1701 1868 1892 1910 potissimum
1902 1869 2059 1899 condones
2074 1878 2079 1896 τ
2094 1864 2154 1897 nist

1192 1913 1263 1955 quid
1273 1911 1426 1943 existimas
1436 1915 1467 1942 in
1479 1923 1511 1942 ea
1521 1922 1551 1942 re
1561 1913 1668 1943 violari
1680 1911 1938 1942 existimationem
1950 1919 2040 1941 tuam.

1193 1966 1247 1997 ego
1259 1954 1278 1984 si
1288 1955 1441 1985 arbitrarer
1450 1975 1460 1988 ‚
1478 1964 1643 2000 numquam
1656 1964 1682 1984 te
1697 1964 1832 1994 rogarem
1846 1964 1851 1982 z
1864 1954 2002 1993 mihique
2012 1961 2061 1982 tua
2071 1951 2149 1981 fama

1196 1995 1295 2028 multo
1307 1997 1460 2036 antiquior
1470 1995 1539 2026 esset
1551 2016 1558 2030 ,
1571 1996 1662 2037 quam
1672 1996 1724 2026 illa
1733 1993 1919 2026 necessitudo
1932 1994 1982 2025 est.
2006 1993 2062 2025 Sed
2073 1993 2166 2023 mihi.

1194 2042 1232 2070 ita
1257 2039 1418 2079 persuadeo
1439 2037 1553 2078 (potest
1573 2038 1659 2072 fieri,
1682 2048 1712 2068 ut
1732 2037 1834 2077 fallar)
1852 2046 1991 2067 eamsem
2003 2035 2084 2066 laudi
2095 2034 2165 2065 tibi.

1195 2081 1296 2122 potius
1308 2101 1316 2114 ‚
1328 2081 1421 2121 quam
1431 2082 1642 2120 vituperationi
1652 2079 1727 2110 fore.
1751 2080 1832 2119 Qid
1847 2077 1911 2110 fieri
1929 2099 1937 2112 ‚
1961 2079 1992 2109 ὃς
2002 2077 2074 2119 quid
2084 2085 2157 2107 mea.

1192 2124 1275 2154 causa
1284 2122 1379 2152 facere
1390 2121 1476 2162 poffis
1501 2128 1510 2161 r
1523 2132 1591 2152 nam
1608 2142 1616 2156 ‚
1635 2123 1707 2163 quid
1720 2123 1806 2155 velis,
1818 2131 1883 2152 non
1892 2121 2021 2159 dubito)
2037 2119 2145 2152 velim,

1197 2165 1216 2196 si
1229 2165 1282 2196 tibi
1292 2174 1378 2206 grave
1390 2175 1454 2194 non
1464 2167 1529 2198 erit,
1541 2167 1698 2195 certiorem
1712 2174 1760 2194 me
1770 2163 1867 2194 facias.

1265 2209 1565 2246 M.T.C.QPH1
1581 2209 1751 2240 LIFPO,
1769 2206 1973 2236 PROCOS.
1997 2203 2079 2233 S.D-

1273 2252 1333 2279 Tsr
1352 2258 1417 2284 non
1437 2249 1542 2279 dubito
1554 2269 1562 2282 ‚
1582 2258 1636 2289 pro
1646 2250 1736 2278 tuain
1747 2257 1796 2277 me
1806 2247 1992 2277 observantia
2005 2264 2013 2279 ‚
2036 2253 2152 2285 proque

1275 2289 1373 2320 nostra
1391 2289 1624 2323 neceffitudine,
1643 2291 1718 2330 quin
1737 2287 2038 2324 commendationem
2050 2294 2152 2315 meam

1196 2335 1344 2363 memoria
1353 2341 1452 2362 teneas
1465 2342 1470 2360 :
1492 2341 1594 2362 tamen
1607 2333 1697 2361 etiam
1707 2340 1795 2371 atque
1806 2332 1895 2360 etiam
1906 2328 2037 2359 eundem
2050 2328 2104 2358 tibi
2114 2329 2152 2357 L.

1196 2376 1328 2414 Oppium
1341 2393 1349 2407 ‚
1374 2373 1555 2403 familiarem
1581 2383 1685 2402 meum
1705 2372 1878 2413 praesentem
1895 2392 1904 2404 2
1925 2371 1956 2400 δε
1971 2372 2008 2400 L.
2021 2373 2152 2411 Egnatu,

1196 2413 1417 2446 familiariffimi
1438 2417 1519 2448 mei,
1537 2415 1665 2445 absentis
1674 2435 1682 2448 ,
1702 2416 1821 2455 negotia
1830 2412 2031 2444 commendo.
2055 2414 2155 2442 Tanta

1196 2459 1274 2503 mihi
1284 2467 1354 2488 cum
1365 2466 1402 2487 co
1413 2455 1598 2487 necessitudo
1608 2456 1650 2487 est
1662 2477 1670 2491 ,
1681 2454 1935 2496 familiaritasque,
1948 2462 1991 2487 ut,
2003 2453 2022 2483 fi
2033 2463 2099 2484 mea
2109 2462 2154 2482 res

1197 2498 1279 2532 estet,
1293 2509 1357 2529 non
1371 2500 1464 2540 magis
1474 2499 1649 2529 laborarem.
1674 2501 1858 2539 Qapropter
1867 2495 2066 2538 gratissimum
2077 2495 2155 2524 mihi

1197 2541 1321 2575 feceris,
1343 2540 1363 2571 fi
1382 2543 1512 2573 curaris,
1534 2550 1564 2570 ut
1577 2542 1602 2570 is
1612 2541 1758 2582 intelligat
1771 2561 1779 2574 ‚
1799 2540 2035 2570 meatetantum
2046 2538 2151 2569 amari,

1196 2583 1344 2624 quanti‘m‘i
1364 2583 1423 2623 ipse
1437 2582 1590 2613 existimo.
1616 2585 1684 2613 Hoc
1697 2583 1773 2612 mihi
1784 2584 1894 2623 gratius
1903 2580 1997 2611 facere
2007 2578 2088 2609 nihii
2097 2587 2155 2618 po-

1200 2635 1253 2656 tes.
1277 2625 1370 2666 quue
1382 2634 1415 2655 ut
1423 2624 1512 2655 facias
1523 2645 1531 2658 ‚
1553 2633 1581 2654 te
1591 2625 1698 2655 vehem
1704 2634 1787 2655 enter
1796 2634 1880 2664 rogo.

1265 2669 1308 2697 M.
1323 2670 1361 2698 T.
1377 2670 1409 2698 C.
1433 2669 1474 2697 T.
1487 2669 1623 2701 T1T10‚
1645 2669 1736 2697 T1T1
1760 2669 1790 2696 F.
1802 2666 1987 2696 LEGATO,
2005 2665 2033 2693 S.
2046 2664 2086 2692 D.

1278 2713 1338 2740 Tsi
1350 2719 1415 2740 non
1425 2709 1533 2740 dubito
1544 2729 1552 2743 ‚
1571 2711 1647 2750 quin
1656 2709 1734 2749 apud
1745 2717 1772 2738 te
1783 2718 1850 2738 mea
1858 2704 2084 2737 commendatio
2092 2705 2155 2743 pri-

1281 2761 1332 2782 ma
1340 2772 1350 2785 ,
1364 2751 1430 2782 satis
1441 2752 1547 2785 valeat,
1557 2760 1657 2781 tamen
1665 2751 1814 2790 obsequor
1827 2748 1947 2779 homini
1958 2744 2158 2777 familiarissi-

1204 2804 1258 2824 mo
1272 2815 1280 2827 ,
1301 2796 1333 2824 C.
1357 2795 1489 2824 Avianio
1506 2793 1627 2823 Flacco:
1647 2794 1733 2832 cujus
1750 2791 1833 2821 causa
1849 2799 1955 2820 omnia
1974 2790 2155 2828 tumcupio2

1200 2845 1265 2866 tum
1288 2835 1459 2866 mehercule
1478 2836 1568 2864 etiam
1592 2834 1697 2864 debeo.
1721 2836 1768 2863 De
1785 2841 1846 2872 quo
1868 2831 1900 2862 &
1919 2830 2045 2870 praesens
2054 2839 2156 2860 tecum

1202 2879 1248 2919 egi
1267 2878 1447 2919 diligenter,
1464 2875 1579 2906 cumtu
1590 2872 1893 2905 mihihumanissime
1903 2871 2100 2912 respondisti:
2121 2871 2155 2902 &1

1201 2918 1299 2959 scripsi
1309 2920 1344 2950 ad
1359 2927 1386 2950 te
1395 2917 1527 2949 accurate
1538 2916 1622 2947 antea
1633 2927 1638 2945 t
1655 2916 1702 2946 sed
1713 2925 1794 2956 putat
1805 2913 1941 2945 interesse
1952 2916 1970 2944 s
1968 2924 2012 2948 ua,
2024 2923 2074 2944 me
2083 2914 2119 2943 ad
2129 2922 2158 2944 te

1200 2958 1472 3002 q·.i'an1„1}tpiflinie
1491 2959 1622 2989 scribere·
1647 2960 1745 2999 Qare
1762 2958 1855 2987 velim
1875 2958 1954 2986 mihi
1963 2956 2096 2997 ignoscas
2106 2975 2115 2988 ,
2136 2953 2159 2984 fi

1203 3004 1285 3034 illius
1304 3003 1453 3033 voluntati
1473 3000 1683 3041 obtemperans
1693 3020 1703 3034 ,
1723 2999 1826 3030 minus
1846 3000 1971 3031 videbor
1984 2994 2159 3028 meminifi'e

2078 3048 2155 3069 con-

1295 3102 1310 3105 -.
1329 3102 1334 3105 γ
1349 3097 1978 3106 ..u-fflss—-f-

1203 3117 1227 3142 in
1241 3114 1362 3141 omuibus
1375 3112 1424 3140 suis
1437 3113 1489 3148 legi
1502 3111 1623 3139 testatur.
1637 3112 1716 3146 vulgo
1729 3114 1874 3144 vressamaer,
1885 3110 1955 3145 quod
1966 3112 2060 3136 contra
2070 3118 2161 3135 omnes

2058 1908 2159 1951 Qod.

2181 632 2214 656 21

2166 1413 2210 1446 73.

2173 2213 2227 2245 74-

2174 2665 2227 2702 7³²

1201 3151 1283 3176 libi-0<
1298 3151 1375 3186 recipi
1401 3159 1452 3178 non
1472 3147 1572 3182 debet,
1591 3157 1676 3184 neque
1696 3147 1766 3177 illud
1785 3147 1855 3185 quod
1872 3146 1991 3185 ignotius
2003 3165 2011 3179 ‚
2031 3144 2092 3173 idei)
2111 3153 2162 3171 ex·-
2183 3160 2191 3174 ¹.

1201 3196 1227 3214 tu
1234 3188 1312 3214 xlv-tri,

2053 3225 2063 3245 ι
2073 3238 2076 3243 .
2087 3216 2164 3245 (Adi-
