2379 3400
265 112 384 171 ¹048
667 96 1166 149 M.Tur„t.11

261 189 507 236 praeclarislimam
520 183 674 215 omnium,
686 181 881 218 maximeque
891 174 1082 207 laudandam,
1096 174 1217 215 penitus

263 236 400 265 vuit-rent
413 243 421 264 ¹,
443 235 574 268 quonam
593 223 701 265 gaudio
711 220 933 259 complerentur
945 237 953 251 ,
973 217 1045 247 cum
1065 224 1219 254 tantopere

266 277 329 315 ejus
340 271 511 302 adumbrata
530 268 675 306 opinione
695 263 852 292 laetentur?
874 268 965 300 quem
977 259 1061 288 enim
1081 256 1218 287 deditum

266 312 471 353 voluptatibus
484 329 492 342 ,
504 306 700 347 cupiditatum
712 303 862 334 incendiis
872 300 1098 331 inflammatum
1111 318 1120 332 ,
1139 300 1172 328 in
1184 300 1222 343 iis

267 354 499 396 potiendis,quae
509 347 651 379 acerrime
663 342 972 385 concupiviss'et,tanta
981 341 1083 370 latitia
1091 339 1221 381 perfunda

267 398 463 428 arbitramur,
482 399 592 432 quanta
603 397 653 419 aut
669 388 853 428 superiorem
873 383 1048 414 Africanum
1070 381 1222 412 Annibale

268 437 369 468 viclo:
392 444 441 465 aut
453 431 648 474 posteriorem
657 429 838 469 Karthagine
856 427 974 456 eversa?
996 434 1087 465 quem
1104 427 1113 443 ¹
1129 422 1224 454 Tibe-

268 482 331 510 1ina
342 474 479 508 diffenfio
491 494 500 509 ,
518 472 595 504 festo
607 473 661 502 illo
671 471 721 501 die
731 491 741 503 ,
762 478 844 500 tanto
856 467 965 509 gaudio
975 465 1072 499 affecit
1084 486 1092 499 ‚
1113 474 1225 505 quanto

270 523 304 552 L.
316 519 452 551 Paullum
467 537 474 550 ‚
489 512 561 546 cum
573 524 671 556 regem
685 513 789 543 Persen
799 519 919 549 captum
929 508 1085 539 adduceret
1095 527 1104 540 ,
1115 506 1224 536 eodem

270 562 398 592 flumine
408 557 586 589 inretitum?
609 556 671 596 Age
684 563 782 586 nunc,
804 553 880 582 Luci
899 549 1014 583 noster,
1029 548 1148 579 exstrue
1160 549 1226 578 ani-

269 613 324 634 mo
337 600 542 632 altitudinem,
553 597 824 636 excellentiamque
835 596 998 623 virtutum:
1022 591 1084 629 jam
1095 600 1159 620 non
1169 589 1225 619 du·

1234 91 1787 143 Cicanon1s

1234 169 1237 194 1

1234 195 1238 287 ἶ
1256 256 1454 298 principibus,
1465 255 1555 296 digna
1565 264 1624 296 tegi

1237 300 1238 307 ¹
1257 295 1428 332 institisset,

1240 182 1334 206 sunt.
1358 176 1401 204 Ita
1410 172 1589 213 relinquitur
1599 172 1658 204 sola
1667 174 1731 205 haec
1742 175 1899 216 disciplina
1910 175 1999 217 digna
2017 172 2153 206 studiofis
2161 174 2212 206 in-

1255 224 1417 258 genuarum
1428 216 1536 245 artium
1548 233 1557 247 ,
1569 213 1793 285 digffiruditis
1803 237 1813 251 ,
1826 218 1915 258 digna
1923 220 2008 248 claris
2017 219 2091 252 viris
2101 237 2109 251 ,
2122 217 2212 258 digna

1618 258 1623 261 '
1637 259 1648 263 ”
1687 277 1694 283 ·
1709 259 1783 294 Quae
1793 258 1862 293 cum
1876 258 2006 293 dixiss'et,
2018 259 2214 300 paullumque

1238 340 1239 343 Ἴ
1448 296 1530 338 Qid
1543 295 1585 326 est
1596 316 1605 330 ,
1618 298 1716 337 inquit
1729 301 1742 327 ἓ
1757 298 1858 330 satisne
1868 300 1955 330 vobis
1964 301 2069 330 videor
2079 310 2131 340 pro
2143 308 2215 329 meo

1238 347 1239 350 ’
1254 342 1321 381 jure
1341 344 1356 368 7
1367 341 1399 369 in
1410 338 1515 369 vestris
1527 337 1647 368 auribus
1662 347 1908 371 commentatus?
1929 344 1967 372 Et
1977 352 2042 384 ego.
2065 345 2114 372 Tu
2130 339 2214 374 vero,

1239 394 1240 415 1
1259 385 1396 422 inquam,
1408 380 1488 414 Piso,
1502 389 1535 410 ut
1546 380 1620 419 saepe
1629 380 1713 413 alias,
1726 379 1763 410 fic
1773 381 1864 410 hodie
1874 383 1914 412 ita
1922 382 1976 413 ista
1985 383 2068 413 nosse
2080 384 2161 413 visus
2171 391 2214 415 es,

1239 432 1241 461 ς
1260 433 1293 454 ut
1305 443 1314 456 ,
1337 421 1356 452 fi
1367 424 1412 452 tui
1430 423 1517 462 eopia
1527 421 1617 451 nobis
1633 422 1750 462 semper
1760 421 1861 456 fieret,
1881 432 1945 453 non
1957 424 2087 455 multum
2104 426 2217 454 Graecis

1240 490 1241 493 ,
1260 463 1488 504 supplicandum
1506 471 1652 503 putarem.
1674 463 1758 504 quod
1775 463 1900 504 quidem
1914 473 1951 493 eo
1967 465 2089 503 probavi
2109 466 2217 505 magis,

1240 509 1242 514 '
1260 508 1330 548 quia
1353 507 1504 539 memini,
1524 504 1652 535 Staseam
1673 507 1930 545 Neapolitanum,
1949 505 2105 537 duetorem
2122 508 2213 536 illum

1241 547 1243 584 ζ
1261 558 1359 581 tuum,
1371 547 1508 577 nobilem
1518 546 1585 577 sane
1596 548 1837 586 Peripateticum,
1848 547 2001 587 aliquanto
2014 546 2067 577 ista
2077 549 2157 578 secus
2167 547 2215 578 di-

1241 593 1245 622 ?
1261 599 1325 620 cere
1336 590 1456 619 solitum
1469 608 1478 621 ,
1494 585 1703 618 assentientem
1716 589 1752 618 iis
1764 608 1773 622 ,
1793 591 1845 629 qui
1856 588 1987 618 multum
2003 587 2031 616 in
2046 588 2218 629 fortunas&-

268 644 377 675 bitabis
391 664 399 677 ,
419 645 494 682 quin
513 649 613 670 earum
629 645 786 677 compotes
804 636 946 664 homines
958 653 966 667 ,
987 642 1098 674 magno
1107 634 1224 664 animo,
1242 623 1244 654 ἶ

269 685 427 725 erectoque
443 686 577 713 viventes
587 701 596 714 ,
609 681 724 719 semper
735 677 790 707 sint
802 677 878 707 beati
893 686 899 705 ε
922 677 973 716 qui
984 676 1106 705 omneis
1120 681 1226 703 motus
1242 675 1244 707 ζ
1264 681 1380 703 nerent.
1404 671 1455 702 Est
1465 681 1498 701 ut
1509 672 1595 706 dicis,
1612 673 1729 711 inquit:
1754 671 1801 701 sed
1812 672 1873 702 haec
1882 671 1918 701 ab
1928 671 2100 704 Antiocho,
2115 671 2217 702 nostro

265 727 407 759 fortunae,
420 723 660 763 mutationesque
671 729 769 751 rerum
786 739 794 753 ‚
816 718 848 748 &
859 725 1032 757 temporum
1046 736 1054 749 ,
1066 715 1168 748 c'eveis,
1191 714 1226 746 (⁷9-
1262 714 1424 747 familiari,
1446 713 1587 745 dicuntur
1600 713 1700 743 multo
1717 712 1848 746 melius,
1871 711 2022 743 &fortius
2035 732 2045 746 ,
2073 706 2185 753 8quatri
2202 714 2219 744 ὶ

270 768 419 799 imbecillos
430 767 493 806 fore
511 766 689 805 intelligant,
705 761 769 791 siin
779 761 897 791 virtutis
918 768 1067 789 certamen
1079 758 1225 787 venerint.
1244 763 1246 801 ἰ
1263 756 1356 787 Stasea
1365 755 1547 785 dicebantur.
1569 764 1753 795 quamquam
1770 764 1826 796 ego
1836 764 1900 785 non
1909 761 2009 795 quaero
2023 774 2032 787 ‚
2049 754 2122 795 quid
2138 753 2219 785 tibia

269 810 323 841 illa
336 812 431 842 enim,
441 805 507 849 quae
517 807 585 837 sunt
594 806 610 836 a
621 804 710 835 nobis
720 803 799 834 bona
807 803 941 841 corporis
953 808 1107 829 numerata
1118 818 1126 832 ,
1140 807 1227 828 com-
1244 806 1246 856 Ι
1264 808 1314 828 me
1324 797 1481 838 probatum
1493 795 1544 830 fit,
1563 796 1610 826 sed
1621 797 1692 826 huic
1703 798 1844 827 Ciceroni
1854 795 1957 826 nostro
1968 816 1975 829 ,
1987 805 2077 836 quem
2088 795 2223 835 discipu--

269 853 352 892 pient
365 861 397 881 ea
419 849 544 890 quidem
556 845 751 878 beatiffimam
763 846 854 874 vitam
867 862 874 876 ,
896 842 995 872 sedita
1005 861 1013 874 ,
1036 850 1068 871 ut
1087 839 1148 869 fine
1167 840 1228 869 illis
1245 858 1246 870 1
1264 841 1328 870 lum
1341 840 1432 879 cupio
1443 839 1458 869 a
1468 847 1496 869 te
1505 838 1661 868 abducere.
1684 841 1768 869 Tum
1779 840 1891 868 Lucius
1904 857 1913 871 ,
1924 838 2002 867 Mihi
2015 837 2086 867 vero
2098 836 2149 867 ista
2158 837 2219 866 val-

268 891 446 934 poffitbeata
456 892 518 921 vita
537 887 681 922 exfistesg.
705 889 744 916 ita
757 887 840 916 enim
853 893 948 924 parvae
961 903 968 916 ,
992 883 1024 913 &
1036 885 1152 923 exigua:
1161 881 1229 911 sunt
1244 872 1246 913 l
1267 881 1304 912 de
1314 881 1436 921 probata
1445 881 1530 910 sunt:
1553 880 1634 920 quod
1649 882 1723 910 item
1739 879 1820 910 fratri
1839 888 1921 919 puto.
1945 882 2028 909 Tum
2050 880 2126 908 mihi
2139 879 2218 909 Piso.

270 934 332 965 istae
344 932 518 964 acceffiones
528 932 691 963 bonorum,
705 936 757 962 ut,
770 925 1031 967 quemadmodum
1042 923 1131 954 stellae
1142 926 1173 952 in
1185 932 1227 953 ra·
1244 918 1247 961 l
1266 922 1348 964 Qid
1356 932 1425 963 ergo
1434 942 1443 956 ‚
1466 923 1577 962 inquit,
1589 921 1678 952 dasne
1689 921 1870 951 adolescenti
1881 923 2000 951 veniam
2013 923 2024 949 ?
2037 931 2072 951 an
2084 930 2153 950 eum
2174 919 2221 950 di-

271 976 324 1007 dio
337 976 407 1006 solis
420 996 427 1007 ,
449 973 486 1004 fic
496 973 557 1003 istae
566 974 598 1002 in
610 973 753 1002 virtutum
767 967 919 1008 splendore
939 976 977 996 ne
994 974 1152 995 cernantur
1162 965 1230 1005 qui·
1244 966 1247 1013 i
1265 965 1344 995 scere
1355 974 1388 993 ea
1398 965 1504 998 mavis,
1514 974 1579 1004 quae
1591 962 1654 992 ciam
1661 962 1787 1004 praclar&
1797 963 1936 996 didicerit,
1945 962 2096 1001 niln'lfi-:at
2108 966 2118 990 ?
2131 965 2145 989 9
2157 965 2223 1003 Ego

272 1018 352 1049 dem.
377 1021 391 1036 2
404 1020 500 1057 Atque
513 1016 570 1045 hoc
580 1034 589 1047 ,
608 1022 640 1043 ut
655 1011 722 1042 vere
734 1011 859 1043 dicitur,
881 1018 967 1049 parva
977 1006 1035 1038 esse
1044 1007 1079 1037 ad
1090 1006 1171 1036 beate
1182 1007 1229 1035 vi-
1245 1017 1246 1045 j
1265 1005 1337 1036 vero
1349 1005 1397 1036 isti
1411 1007 1546 1045 inquam,
1557 1008 1710 1045 permitto.
1731 1004 1779 1034 sed
1791 1014 1893 1034 nonne
1902 1003 2085 1037 meministi,
2095 1005 2171 1034 mihi
2184 1006 2225 1033 li-

272 1060 409 1090 vcndum
422 1064 578 1088 momenta
595 1054 648 1085 ista
663 1053 797 1092 corporis
815 1049 1051 1081 commodorum
1061 1069 1069 1082 ,
1091 1047 1128 1078 sic
1137 1049 1231 1077 nimis
1245 1049 1246 1075 1
1264 1058 1329 1078 cere
1339 1047 1463 1087 probare
1477 1045 1541 1080 ista,
1552 1056 1617 1086 quae
1627 1046 1695 1076 sunt
1706 1046 1722 1075 a
1732 1055 1759 1075 te
1772 1045 1873 1075 dista?
1895 1048 1960 1085 quis
1977 1048 2059 1075 enim
2071 1045 2167 1086 potest
2176 1055 2220 1079 ea,

269 1101 442 1132 violentum
454 1098 496 1129 est
509 1118 518 1132 ,
538 1097 621 1127 nulla
629 1094 688 1125 effe
708 1095 816 1124 dicere.
839 1094 892 1133 qui
911 1094 994 1121 enirn
1009 1089 1047 1120 fic
1064 1089 1226 1129 disputant,
1244 1100 1246 1130 ἐ
1263 1099 1330 1130 quae
1345 1088 1510 1128 probabilia
1527 1088 1683 1117 videantur
1693 1089 1720 1116 ei
1732 1106 1741 1120 ,
1761 1096 1826 1116 non
1839 1087 1982 1126 probare?
2001 1090 2058 1116 ,An
2071 1088 2152 1120 verb,
2175 1088 2223 1116 in-

271 1143 360 1173 obliti
374 1140 623 1178 mihi'videntur,
648 1141 660 1165 3
673 1146 738 1178 quae
750 1133 802 1176 ipsi
819 1135 933 1176 egerint
949 1133 1096 1173 principia
1106 1140 1227 1161 naturae.
1244 1131 1246 1161 l
1265 1133 1331 1171 quit
1342 1150 1350 1164 ,
1372 1129 1528 1170 quisquam
1546 1128 1643 1168 potest
1663 1128 1787 1168 probare
1799 1148 1808 1162 ,
1827 1129 1909 1169 quod
1927 1137 2098 1169 perceptum
2109 1148 2118 1162 ,
2139 1128 2222 1169 quod

271 1183 467 1215 tribuendum
487 1182 577 1222 igitur
595 1179 637 1210 est
655 1179 702 1209 his
721 1176 835 1217 aliquid
853 1173 1026 1205 dummodo
1046 1193 1055 1206 ,
1083 1181 1229 1213 quantum
1244 1165 1247 1207 l
1267 1171 1520 1211 comprehensum
1532 1190 1540 1204 ,
1553 1170 1635 1211 quod
1645 1172 1800 1210 cognitum
1814 1171 1997 1200 nonhabet?
2019 1173 2093 1200 Non
2105 1169 2221 1202 estista.

271 1224 466 1256 tribuendum
477 1222 523 1256 fit,
536 1221 693 1262 intelligas.
719 1218 770 1250 Est
781 1227 880 1248 tamen
888 1216 1060 1257 philosophi
1072 1234 1080 1248 ‚
1092 1223 1228 1244 nontam
1245 1211 1247 1236 =¹
1266 1216 1405 1254 inquam,
1417 1212 1494 1245 Piso,
1506 1222 1612 1252 magna
1620 1210 1771 1242 diffensio.
1783 1212 1862 1241 nihil
1876 1210 1918 1242 est
1926 1213 2011 1252 enim
2021 1211 2224 1252 aliud,quam-

270 1267 417 1310 gloriosa,
437 1265 527 1306 quam
538 1273 606 1294 vera
615 1263 776 1303 quaerentis
789 1280 797 1293 »
817 1268 934 1299 necpro
946 1258 1045 1287 nihilo
1059 1265 1161 1296 putare
1183 1265 1228 1287 ea,
1267 1255 1373 1285 obrem
1387 1254 1465 1284 nihil
1483 1256 1597 1294 percipi
1612 1254 1690 1283 mihi
1703 1251 1786 1293 poss‘e
1798 1253 1949 1286 videatur,
1971 1252 2025 1283 nisi
2035 1251 2116 1293 quod
2130 1254 2224 1293 perci-

269 1319 338 1350 quae
352 1308 515 1338 secundum
527 1314 661 1336 naturam
672 1303 717 1333 illi
727 1300 779 1343 ipsi
788 1299 909 1343 gloriosi
918 1298 976 1329 effe
994 1298 1160 1329 fatebantur
1170 1316 1178 1331 ,
1196 1297 1229 1327 δε
1268 1296 1371 1337 piendi
1381 1298 1427 1325 vis
1438 1297 1477 1325 ita
1488 1294 1630 1325 definitur
1640 1295 1655 1325 a
1664 1297 1772 1325 Stoicis
1785 1315 1793 1328 ‚
1805 1304 1839 1325 ut
1848 1304 1956 1335 negent
1966 1296 2130 1335 quidquam
2140 1292 2222 1334 posse

271 1351 372 1381 videre
386 1359 497 1380 tantam
509 1349 571 1377 vim
584 1346 700 1375 virtum
709 1364 718 1378 ,
730 1352 900 1383 tantamque
911 1349 943 1371 ut
953 1343 993 1370 ita
1003 1340 1101 1370 dicam
1113 1359 1122 1372 ,
1133 1337 1232 1367 ιιιιίέο-
1246 1358 1248 1378 ;
1266 1339 1378 1378 percipi
1390 1358 1398 1371 ‚
1415 1335 1469 1367 nisi
1480 1337 1537 1366 tale
1550 1347 1648 1366 verum
1659 1356 1667 1370 ,
1686 1337 1769 1378 quale
1772 1337 1881 1376 falsam
1900 1335 2005 1374 ffnon
2013 1335 2101 1377 poffir,
2126 1337 2224 1376 itaque

1262 630 1363 663 cunda,
1378 638 1432 659 ant
1441 630 1559 670 adverfiz
1570 650 1578 663 ‚
1591 628 1725 660 multum
1738 630 1767 659 in
1782 628 1867 664 bonis,
1880 637 1933 660 aut
1945 630 2027 658 matis
2037 631 2151 670 corporis
2161 641 2218 669 po-

216 1607 261 1638 25
276 1599 356 1630 culas
374 1599 499 1639 arripere
519 1597 636 1628 conati,

271 1400 388 1421 ritatem
398 1389 543 1426 honestatis
554 1409 562 1423 ,
574 1397 606 1418 ut
615 1388 727 1427 reliqua
741 1395 803 1415 non
814 1384 864 1414 illa
873 1382 998 1424 quidem
1011 1381 1095 1411 nulla
1104 1401 1113 1415 ,
1133 1381 1233 1410 sedita
1247 1390 1249 1413 l

272 1443 360 1474 parva
381 1431 456 1466 sint,
478 1431 603 1462 utnulla
628 1427 685 1458 ess'e
696 1427 863 1458 videantur.
884 1427 986 1454 4Haec
995 1423 1039 1454 est
1057 1433 1113 1453 nec
1127 1419 1249 1452 omnia*

273 1475 439 1515 spernentis
450 1494 457 1507 ‚
474 1482 579 1513 praeter
586 1472 729 1501 virtutem
741 1489 749 1503 ,
763 1469 796 1498 &
805 1469 947 1497 virtutem
961 1466 1056 1505 ipsam
1067 1464 1125 1494 suis
1137 1463 1233 1494 laudi-

272 1516 330 1547 bus
347 1513 561 1555 amplificantis
572 1514 677 1543 oratio.
701 1511 833 1550 denique
853 1510 917 1538 haec
938 1507 981 1537 est
1001 1506 1135 1546 undique
1146 1515 1235 1535 com-

273 1558 361 1599 pleta,
374 1557 406 1587 ἃ.
416 1554 545 1596 perfidia
555 1554 712 1594 explicatio
733 1552 846 1582 summi
856 1549 940 1579 boni.
963 1550 1035 1578 hinc
1046 1547 1136 1577 ceteri
1145 1548 1232 1588 parti-

656 1594 738 1624 suam
761 1592 885 1634 quisque
903 1589 998 1620 videri
1017 1589 1115 1619 voluit
1132 1586 1235 1618 afferre

276 1641 467 1672 sententiam.
490 1640 572 1677 Saepe
585 1637 620 1667 ab
632 1634 801 1667 Aristotele,
813 1633 829 1663 a
838 1630 1047 1672 Theophrasto
1058 1629 1237 1659 mirabiliter

276 1681 320 1712 est
330 1681 442 1711 laudata
460 1690 511 1719 per
522 1679 620 1718 seipsa
641 1686 741 1707 rerum
754 1676 886 1706 scientia.
911 1675 969 1703 lioc
982 1682 1044 1702 uno
1058 1680 1159 1711 captus
1171 1673 1236 1700 He-

277 1724 373 1756 rillus,
392 1721 542 1761 ftietztiam
552 1739 560 1754 ,
576 1720 731 1750 summum
743 1718 860 1747 bonum
871 1713 928 1746 esse
941 1713 1093 1746 defendit,
1108 1722 1163 1742 nec
1172 1721 1236 1741 rem

275 1765 369 1795 ullam
378 1764 466 1793 aliam
484 1772 536 1802 per
546 1762 573 1791 se
583 1760 791 1800 expetendam.
816 1757 913 1787 Multa
923 1756 990 1786 sunt
1001 1754 1081 1785 duaa
1096 1753 1133 1794 ab
1157 1755 1236 1783 anti-

275 1808 344 1848 quis
363 1805 399 1835 de
427 1802 645 1836 contemnendis,
668 1812 702 1829 ac
719 1798 891 1839 despiciendis
909 1795 987 1826 rebus
1005 1796 1145 1825 humanis.
1177 1795 1237 1824 hoc

275 1857 373 1878 unum
385 1845 482 1876 Aristo
493 1846 599 1875 tenuit.
621 1851 727 1883 praeter
740 1841 816 1869 viria
827 1860 836 1873 ,
855 1848 943 1880 atque
953 1839 1076 1867 virtutes
1089 1856 1098 1870 ,
1118 1845 1155 1866 ne
1176 1838 1236 1865 avit

275 1899 340 1919 iem
351 1886 409 1918 ess'e
428 1887 520 1917 ullam
532 1894 581 1916 aut
592 1883 763 1925 fugiendam
779 1902 787 1916 ,
810 1890 860 1911 aut
870 1879 1078 1920 expetendam.
1103 1880 1143 1908 Po
1158 1886 1233 1907 itum

276 1930 319 1961 est
329 1931 344 1960 ὲ
355 1929 461 1960 nostris
472 1930 505 1958 in
514 1929 551 1957 iis
561 1927 661 1959 rebus,
671 1935 736 1966 quae
747 1923 913 1955 secundum
924 1930 1059 1952 naturam
1068 1918 1172 1953 essent,
1185 1930 1235 1948 non

276 1972 372 2002 dolere.
397 1972 456 2001 hoc
475 1971 683 2008 Hieronymus
704 1967 859 1996 summurn
876 1964 993 1993 bonum
1014 1961 1073 1992 efl‘e
1084 1962 1171 1991 dixit.
1197 1964 1237 1991 At

274 2013 348 2044 vero
362 2013 511 2052 Callipho,
523 2011 555 2041 δε
564 2009 631 2050 post
640 2018 710 2039 eum
723 2006 888 2039 Diodorus,
897 2005 966 2035 cum
979 2005 1050 2035 alter
1061 2003 1236 2044 voluptatem

275 2053 468 2086 adamaviss‘et
480 2073 488 2087 ,
497 2054 570 2084 alter
579 2051 758 2080 vacuitatem
768 2048 867 2077 dolam
878 2059 886 2081 ;
910 2056 1013 2077 neuter
1023 2044 1175 2075 honestate
1189 2054 1237 2075 ca-

276 2107 338 2127 rere
349 2097 448 2136 potuit
457 2115 465 2129 ,
487 2104 552 2136 quae
563 2093 605 2124 est
613 2094 629 2123 a
639 2091 749 2122 nostris
759 2090 872 2120 laudata
889 2089 1035 2119 maxime.
1059 2088 1236 2128 Qinetiam

275 2137 330 2178 ipsi
342 2138 503 2178 voluptarii
514 2134 693 2166 deverticula
712 2141 842 2173 quaerant
854 2151 862 2165 ,
884 2131 917 2161 &
932 2132 1056 2160 virtutes
1068 2128 1194 2158 habeant
1204 2129 1237 2157 in

277 2190 331 2210 ore
340 2188 420 2210 totos
438 2179 501 2208 dies
513 2198 522 2211 ,
543 2177 788 2216 voluptatemque
808 2171 909 2213 primo
920 2171 1065 2202 duntaxat
1079 2171 1179 2210 expeti
1190 2169 1236 2199 di-

275 2230 361 2252 cant:
387 2219 495 2250 deinde
506 2223 520 2246 5
529 2217 720 2259 consuetudine
730 2235 738 2251 ,
758 2213 838 2256 quasi
847 2215 967 2245 alteram
978 2222 1113 2243 naturam
1124 2231 1132 2245 ,
1145 2209 1234 2244 effici,

276 2273 336 2304 qua
345 2260 467 2302 impulsi
478 2261 573 2291 multa
591 2258 704 2290 faciunt
722 2258 837 2287 nullam
856 2264 1022 2297 quaerentes
1042 2254 1235 2294 voluptatem.

276 2306 374 2336 Stoici
382 2303 501 2334 restant.
524 2303 556 2332 hi
569 2301 691 2342 quidem
704 2309 767 2329 non
777 2308 869 2329 unam
880 2299 1021 2339 aliquam,
1032 2305 1081 2326 aut
1090 2296 1212 2325 alteram
1221 2294 1238 2325 a

277 2346 368 2378 nobis
380 2365 388 2380 ‚
410 2344 459 2376 sed
480 2352 573 2376 totam
586 2342 621 2373 ad
642 2343 670 2372 se
691 2340 823 2371 nostram
844 2338 1068 2379 philosophiam
1081 2335 1237 2368 transtule-

278 2397 358 2419 runt.
383 2396 470 2428 atque
479 2395 512 2416 ut
530 2385 638 2425 reliqui
657 2383 756 2416 fures,
777 2380 904 2411 6earum
916 2390 1015 2410 rerum
1029 2399 1038 2413 ,
1060 2388 1131 2419 quas
1150 2388 1237 2418 cepe-

276 2439 367 2463 runt,
388 2427 679 2470 signacommutant:
703 2423 742 2454 sic
759 2423 825 2456 illi,
847 2422 1045 2453 utsententiis
1056 2419 1166 2450 nostris
1182 2428 1237 2459 pro

277 2472 337 2502 suis
350 2479 502 2501 uterentur
513 2490 522 2504 ,
542 2469 670 2500 nomina
682 2486 691 2501 2
709 2474 851 2507 tanquam
862 2473 961 2495 rerum
972 2471 1056 2493 notas
1071 2482 1081 2497 ,
1099 2470 1237 2492 mutave-

1268 1383 1329 1410 haec
1339 1380 1483 1410 cumillis
1494 1378 1536 1409 est
1549 1377 1770 1412 diffenfio‚cum
1780 1380 1980 1418 Peripateticis
1991 1379 2074 1408 nulla
2085 1378 2161 1407 sane.
2174 1376 2224 1407 sed

1269 1423 1331 1453 haec
1341 1423 1532 1454 omittamus,
1543 1421 1655 1452 habent
1664 1422 1749 1450 enim
1762 1420 1794 1450 &
1807 1420 1883 1450 bene
1893 1420 2029 1460 longam,
2041 1420 2073 1449 δε
2085 1419 2150 1449 satis
2162 1419 2226 1448 liti-

1269 1464 1383 1504 giosam
1394 1462 1637 1502 disputationem.
1665 1461 1744 1491 Illud
1754 1463 1833 1491 mihi
1844 1462 1859 1491 a
1870 1470 1898 1491 te
1907 1460 2042 1491 nimium
2051 1459 2227 1490 festinanter

1270 1504 1387 1535 dia-um
1397 1504 1517 1534 videtur
1527 1523 1537 1536 ,
1558 1512 1755 1532 εΑΡιΕΝτειε
1774 1512 1902 1533 οΜΝειε
1922 1511 1995 1532 ESSE
2003 1511 2133 1532 samana
2144 1511 2226 1531 BEA-

1270 1556 1336 1577 Tos.
1360 1545 1462 1576 nescio
1480 1554 1541 1586 quo
1552 1544 1646 1575 modo
1655 1545 1874 1584 praetervolavit
1887 1545 1992 1573 oratio.
2015 1543 2098 1585 quod
2115 1542 2169 1573 nisi
2183 1546 2225 1573 ira

1271 1586 1417 1618 efficitur:
1440 1596 1505 1628 quae
1527 1585 1750 1625 Theophrastus
1769 1586 1805 1615 de
1826 1585 1946 1616 fortuna
1955 1605 1963 1618 ‚
1983 1584 2020 1615 de
2040 1584 2144 1614 dolore
2155 1605 2164 1618 ,
2187 1584 2225 1614 de

1269 1630 1399 1659 cruciatu
1409 1630 1540 1668 corporis
1551 1627 1638 1661 dixit,
1649 1637 1719 1657 cum
1732 1628 1841 1668 quibus
1850 1628 1995 1667 conjungi
2006 1627 2120 1656 beatam
2131 1625 2225 1655 vita'm

1272 1670 1358 1700 nullo
1367 1670 1461 1700 modo
1472 1668 1554 1710 poss'e
1565 1671 1680 1708 putavit
1690 1689 1698 1702 ‚
1720 1679 1826 1699 vereor
1846 1678 1883 1698 ne
1894 1678 1961 1698 vera
1973 1667 2039 1698 fint.
2065 1677 2133 1698 nam
2148 1666 2225 1698 illud

1271 1713 1464 1742 vehementer
1476 1709 1763 1751 repugnat,eundem
1775 1710 1809 1742 &
1819 1708 1933 1738 beatum
1943 1709 1999 1747 effix,
2011 1709 2045 1742 ὼ·
2053 1709 2151 1738 multis
2161 1719 2225 1745 mar

1271 1753 1306 1782 lis
1316 1751 1539 1794 oppreffiaemhaec
1548 1761 1610 1792 quo
1620 1751 1713 1781 modo
1722 1752 1985 1784 conveniant,non
1997 1750 2064 1780 sane
2075 1751 2223 1791 intelligo.

1273 1795 1385 1824 Utrum
1395 1795 1485 1834 igitur
1495 1793 1549 1823 tibi
1559 1803 1623 1822 non
1632 1793 1743 1833 placet,
1765 1793 1866 1833 inquit
1876 1812 1884 1826 ,
1905 1794 2024 1823 virtutis
2038 1800 2148 1822 tantam
2158 1794 2226 1821 vim

1273 1833 1332 1866 ess‘e
1342 1855 1351 1869 ,
1373 1844 1404 1865 ut
1416 1834 1450 1865 ad
1469 1833 1554 1865 beate
1573 1833 1778 1874 vivendumsk
1791 1834 1852 1876 ipsit
1868 1833 2066 1875 contenrafit?
2088 1843 2126 1864 an
2136 1853 2145 1868 ,
2163 1831 2184 1862 si
2194 1831 2226 1863 id

1271 1876 1377 1918 probas
1388 1896 1396 1910 ,
1414 1878 1453 1906 ita
1463 1875 1525 1906 fieri
1543 1875 1624 1916 poss'e
1633 1886 1721 1917 negas
1734 1896 1742 1909 ,
1765 1881 1798 1906 u't
1807 1879 1829 1905 ii
1840 1895 1849 1909 ,
1875 1877 1928 1916 qui
1941 1877 2057 1906 virtutis
2067 1883 2226 1916 compotes

1274 1918 1349 1952 sint,
1371 1920 1461 1948 etiam
1472 1919 1559 1948 malis
1570 1918 1749 1959 quibusdam
1760 1917 1859 1948 affecti
1869 1937 1876 1951 ,
1889 1919 1966 1948 beati
1975 1916 2031 1948 fint
2045 1920 2056 1946 ἓ
2079 1920 2148 1958 Ego
2154 1915 2228 1946 verb

1271 1961 1346 1991 volo
1355 1962 1387 1989 in
1397 1962 1506 1990 virtute
1515 1962 1581 1989 vim
1592 1958 1648 1990 esse
1660 1960 1750 1999 quam
1770 1960 1939 1990 maximam
1952 1970 1957 1988 :
1980 1959 2030 1989 scd
2041 1979 2049 1992 ,
2060 1967 2168 1999 quanta
2182 1955 2228 1991 fit,

1272 2003 1359 2032 alias:
1383 2012 1465 2032 nunc
1479 2011 1610 2034 tantum,
1621 2000 1747 2041 poffitne
1758 2000 1815 2031 effe
1825 2011 1904 2032 tanta
1914 2021 1922 2035 ,
1936 1999 1958 2030 si
1970 2001 2136 2042 quidquam
2147 2007 2230 2029 extra

1274 2046 1417 2075 virtutem
1432 2043 1576 2073 habeatur
1585 2045 1618 2072 in
1631 2043 1730 2073 boni-s.
1754 2045 1866 2084 Atqui,
1880 2045 1994 2084 inquit,
2008 2041 2143 2072 fistoicis
2153 2050 2229 2072 con-

1272 2085 1363 2119 cedis,
1375 2094 1408 2115 ut
1419 2085 1579 2125 virtmfin'a
1590 2105 1598 2118 ,
1608 2084 1637 2125 fi
1643 2084 1716 2126 adsit
1726 2104 1734 2118 ,
1747 2085 1842 2114 viram
1852 2085 1955 2126 efficiar
1967 2083 2098 2113 beatam:
2121 2092 2231 2114 conce-

1273 2129 1320 2158 dis
1332 2129 1422 2158 etiam
1432 2128 1640 2167 Peripateticis.
1664 2137 1727 2167 quae
1739 2128 1823 2156 enim
1834 2127 1911 2156 mala
1924 2127 1971 2156 illi
1983 2136 2046 2156 non
2057 2125 2166 2156 audent
2178 2133 2230 2164 ap-

1272 2169 1381 2210 pellare
1390 2189 1399 2202 ‚
1419 2169 1516 2208 aspera
1525 2177 1624 2198 autem
1637 2188 1646 2202 ,
1658 2169 1691 2198 &
1704 2168 1903 2198 incommoda
1914 2188 1923 2202 ,
1945 2168 1977 2197 &
1995 2165 2156 2205 rejicienda
2166 2184 2186 2202 „
2195 2165 2230 2196 &

1274 2211 1371 2242 aliena
1381 2219 1492 2240 naturae
1504 2230 1513 2243 ,
1533 2208 1591 2240 effe
1603 2209 1776 2240 concedunt
1787 2230 1796 2243 ,
1811 2220 1844 2240 ea
1855 2219 1910 2240 nos
1922 2209 1998 2239 mala
2007 2208 2159 2243 dicimus,
2178 2206 2229 2237 sed

1274 2254 1380 2294 exigua
1392 2272 1400 2286 ,
1422 2252 1455 2282 &
1473 2251 1562 2291 porro
1575 2254 1714 2282 minima.
1738 2254 1835 2292 Ql‘e
1856 2250 1877 2281 fi
1890 2249 1986 2291 potest
1995 2248 2053 2280 esse
2070 2249 2172 2279 beatus
2191 2250 2230 2282 is,

1274 2298 1326 2335 qui
1338 2293 1380 2324 est
1399 2295 1431 2323 in
1445 2294 1570 2333 asperis,
1589 2293 1815 2333 rejiciendisque
1829 2293 1916 2323 rebus
1927 2313 1935 2326 ‚
1961 2290 2057 2332 potest
2070 2292 2095 2320 is
2111 2299 2233 2331 quoque

1276 2334 1333 2366 effe
1346 2356 1354 2369 ,
1377 2336 1429 2376 qui
1440 2334 1482 2365 est
1494 2336 1529 2366 in
1538 2337 1635 2375 parvis
1645 2336 1742 2365 malis.
1767 2337 1804 2365 Et
1813 2345 1867 2376 ego
1879 2335 1946 2365 Piso
1957 2353 1965 2368 ‚
1986 2335 2107 2374 inquam
2121 2353 2129 2366 ,
2150 2330 2170 2361 sl
2189 2329 2233 2362 est

1275 2378 1430 2419 quisquam
1443 2397 1452 2411 ,
1463 2378 1515 2418 qui
1526 2377 1610 2408 acute
1621 2379 1654 2407 in
1667 2375 1758 2408 causis
1769 2377 1871 2406 videre
1882 2376 1985 2408 soleat,
1996 2378 2027 2394 ¹0
2036 2385 2101 2415 quae
2112 2383 2156 2403 res
2166 2382 2232 2414 aga-

1278 2429 1324 2449 tur
1334 2438 1342 2451 ,
1368 2420 1394 2447 is
1405 2428 1434 2447 es
1443 2418 1580 2457 prestito
1595 2428 1636 2448 tu.
1658 2428 1746 2459 quare
1757 2417 1874 2448 attende
1884 2436 1892 2450 ,
1913 2416 2021 2458 quaeso.
2043 2425 2114 2446 nam
2126 2415 2234 2448 adhuc,

1279 2470 1350 2491 meo
1361 2458 1479 2492 fortaffe
1487 2461 1565 2490 vitio
1576 2479 1586 2494 ,
1604 2461 1677 2502 quid
1688 2470 1743 2502 ego
1754 2468 1884 2501 quaeram
1897 2478 1905 2493 ,
1917 2469 1982 2489 non
1991 2459 2141 2500 perspicis.
2155 2455 2234 2529 ἕως

2170 2507 2233 2530 um,

320 2601 329 2618 1
338 2612 344 2619 .
364 2593 473 2617 Tiberina
483 2590 606 2626 decursim]
624 2590 666 2616 Sic
676 2588 729 2615 dno
740 2590 770 2615 Ρ.
782 2589 886 2615 Manut.
896 2587 957 2615 ‘msl‘⁴
968 2588 1028 2615 cod.
1042 2588 1074 2614 fic
1084 2588 1140 2614 Pal.
1152 2595 1242 2623 quart.

280 2639 334 2655 non
345 2629 443 2662 drffinfio
455 2647 463 2659 ,
482 2635 511 2654 ut
522 2626 623 2653 invenit
635 2626 661 2652 in
674 2626 723 2651 suis
734 2624 805 2651 Vic't.
826 2624 956 2660 restatque
967 2625 992 2651 in
1005 2624 1114 2659 reliquis
1126 2624 1241 2656 nostri55
1263 2639 1264 2644 =

281 2666 394 2699 ideoque
412 2662 600 2690 excutiendum
621 2662 714 2688 critico
724 2661 850 2695 collegio.
871 2670 903 2687 an
915 2661 1020 2694 descenfio
1033 2680 1040 2691 ,
1052 2660 1126 2687 fuit?

319 2709 345 2725 2.
365 2704 456 2733 eArque
465 2701 515 2731 hoc,
525 2706 551 2724 ut
560 2699 616 2723 vere
625 2697 737 2731 elicitum]
762 2697 803 2723 Est
815 2706 829 2722 a
842 2696 899 2722 Pal.
909 2703 996 2732 quart.
1007 2697 1035 2722 &
1046 2695 1114 2723 sext.
1126 2695 1242 2731 vulgati,

282 2736 337 2760 kas.
357 2735 442 2761 nescio
452 2744 552 2766 tamen,
561 2744 592 2761 nn
604 2734 663 2760 huic
673 2732 792 2769 praeferri
803 2732 896 2758 debeat
907 2731 988 2758 leetio
1002 2732 1058 2758 Pal.
1070 2731 1118 2758 see.
1132 2732 1157 2758 in
1169 2742 1239 2768 qno:

283 2774 361 2803 Atque
370 2773 412 2796 haec
423 2778 449 2795 ut
457 2772 515 2796 vere
524 2771 612 2798 dicitur
625 2789 632 2801 ,
646 2778 730 2803 parra
740 2770 780 2803 ‘'ff-¹
789 2768 822 2794 ad
837 2770 902 2794 beate
910 2769 1042 2794 vivendum
1051 2775 1166 2794 momenta
1175 2780 1184 2800 ‚-
1195 2770 1242 2802 fic,

285 2806 337 2836 (ἶῑε.
357 2806 455 2832 omiffis
466 2805 642 2833 intermediis.

323 2849 348 2874 3.
369 2843 588 2876 inpfiegcrint]
610 2842 652 2868 Sic
663 2841 730 2868 Pau.
742 2840 821 2868 etiam
832 2848 905 2867 omn.
918 2839 1064 2867 Lambinus
1076 2840 1243 2876 recepitfi’ce-

285 2877 346 2900 rint.
366 2885 395 2901 an
409 2876 480 2903 fuit?
505 2880 620 2911 elegerint.

323 2917 348 2942 4.
372 2914 420 2936 ΗΜ
431 2915 512 2937 crine:
529 2913 631 2947 omnim]
652 2913 762 2939 Secutus
781 2911 837 2938 siim
849 2911 973 2939 Lambini
985 2911 1063 2938 codd.
1082 2911 1179 2946 quibus
1200 2920 1243 2937 re-

284 2944 445 2980 spondebant
457 2947 512 2973 Pal.
524 2956 612 2981 quart.
625 2958 653 2975 ac
664 2948 732 2975 sext.
753 2957 810 2974 narn
824 2947 895 2974 vra.
916 2952 962 2973 Hoc
980 2950 1066 2973 eft‘mn
1076 2950 1153 2973 omnia
1164 2967 1172 2979 ‚
1191 2947 1242 2977 (fr.
1263 2954 1264 2958 ¹

285 2982 463 3021 amplificantis.
481 2991 554 3007 araizo
564 2985 670 3018 denique,
680 2986 730 3015 &aa
742 2985 773 3010 P.
786 2985 848 3010 Man
855 3004 860 3010 .
871 2987 922 3009 Haec
932 2986 967 3009 ef?
974 2994 1019 3009 non
1028 2986 1117 3015 omnia,
1127 2984 1178 3014 dre.
1190 2993 1243 3009 am-

279 3019 412 3050 ‘pltjficanm
422 3026 441 3041 ω
449 3020 495 3042 atio
505 3018 600 3051 denique
611 3031 617 3043 .·
634 3022 678 3045 liaec
686 3023 730 3051 eff,
741 3021 793 3050 dyc.
811 3027 922 3055 uterque
933 3019 1011 3045 nimis
1023 3018 1126 3045 maeste.

283 3088 292 3094 ἢ
324 3061 350 3084 5.
368 3053 533 3092 Cmsicetudine
543 3056 608 3085 quast
616 3056 727 3086 alteram,
742 3055 809 3088 dyc]
831 3056 873 3082 Sic
885 3055 985 3082 Visstor.
999 3055 1026 3082 &
1039 3055 1125 3081 Pauli.
1136 3056 1241 3081 Manut.

285 3095 350 3113 item
363 3087 450 3114 Aldus
461 3087 530 3127 filius
542 3097 574 3114 ex
597 3089 652 3113 mss‘.
674 3090 766 3124 quibus
787 3091 906 3118 &nostri
925 3092 1028 3126 aliquot
1039 3090 1178 3117 accedunt.
1199 3090 1242 3117 sed

280 3130 373 3152 tamen
383 3133 435 3152 uon
445 3125 566 3159 alpcrner
577 3123 646 3159 quod
657 3125 692 3151 cst
703 3126 729 3152 in
744 3125 835 3154 iisdem
847 3127 915 3156 Pau.
933 3127 1090 3156 melioribus
1104 3146 1112 3162 ,
1123 3127 1242 3162 conficetu-

1263 2597 1265 2612 l
1282 2587 1369 2618 dinem,
1387 2587 1458 2623 quod
1469 2588 1495 2613 St
1508 2587 1534 2613 in
1549 2587 1646 2613 vetuste
1658 2587 1733 2613 cufis.

1263 2622 1265 2638 ¹
1318 2623 1346 2648 6.
1366 2627 1458 2649 Earum
1469 2633 1546 2648 rerum
1555 2633 1616 2657 quas
1626 2622 1760 2657 ceperunt]
1782 2623 1884 2650 Muret-
1893 2622 1931 2649 ait
1940 2621 1987 2648 lib.
1999 2630 2042 2648 lx.
2052 2629 2109 2656 cap.
2123 2628 2165 2654 19.
2183 2620 2237 2646 Va·

1284 2659 1346 2685 riar.
1360 2658 1423 2686 lct‘t.
1437 2667 1529 2686 extare
1539 2660 1565 2686 in
1577 2659 1624 2685 lib.
1636 2666 1702 2684 vett.
1713 2659 1852 2692 cltpfi‘runt.
1870 2658 1928 2684 fieri
1938 2658 2031 2694 potest.
2042 2655 2086 2682 sed
2093 2656 2156 2681 cum
2167 2655 2237 2681 Pan.

1283 2695 1363 2721 nostri
1375 2705 1425 2722 non
1437 2694 1604 2722 diverterent
1615 2696 1631 2721 it
1645 2694 1830 2730 vulgato,niliil
1842 2694 1915 2721 ausus
1926 2694 1965 2721 sui
1977 2700 2087 2719 mutare.
2099 2691 2155 2726 plus
2166 2691 2239 2717 enim

1283 2730 1361 2757 semel
1373 2739 1498 2767 expertus
1509 2730 1564 2757 sum
1575 2731 1601 2757 in
1615 2732 1712 2757 Seneca
1722 2729 1881 2766 Philosopho
1893 2750 1902 2762 ,
1920 2730 2020 2756 Muret-
2030 2726 2144 2753 habuisse
2155 2726 2238 2753 libros

1263 2767 1265 2786 ¹
1283 2766 1313 2793 ad
1325 2768 1478 2802 patientiam
1491 2767 1570 2802 usque
1582 2767 1702 2792 ultimam
1714 2765 1897 2801 obsequentes.

1320 2811 1346 2837 7.
1368 2807 1395 2829 In
1406 2804 1488 2836 vesti-bs
1497 2804 1599 2828 auribus
1609 2802 1801 2835 commentatum]
1822 2803 1889 2828 Fere
1899 2800 1934 2826 est
1945 2819 1954 2831 ,
1968 2806 1998 2825 ut
2009 2797 2119 2833 suspicer
2131 2797 2239 2825 verbum

1283 2838 1422 2871 ultimum,
1434 2848 1466 2865 ex
1477 2838 1674 2865 adnotamentis
1685 2837 1844 2864 Scholiastis.
1866 2835 1972 2871 quidam
1983 2834 2105 2861 divinant
2115 2843 2242 2860 commora-

1283 2882 1333 2905 tm,
1345 2883 1375 2902 ut
1384 2882 1539 2902 annotatum
1553 2874 1701 2908 scaligero.

1319 2910 1345 2936 8.
1365 2912 1442 2943 Qum
1451 2911 1466 2936 ἃ
1485 2911 1568 2942 Stasea
1587 2909 1750 2942 dicebantur]
1771 2908 1807 2933 Et
1817 2907 1872 2932 haec
1888 2905 1978 2933 omnia
1998 2904 2082 2932 videri
2101 2912 2200 2941 queant
2210 2905 2243 2932 ab

1283 2946 1438 2983 interpretis
1449 2946 1608 2981 adjeEHone.

1319 2991 1347 3017 9.
1368 2986 1479 3015 ligavero
1495 2984 1534 3015 :sti
1550 2980 1673 3015 inquam]
1694 2977 1848 3004 Diffionem
1858 2978 1914 3010 isti,
1936 2977 2030 3004 reduxi
2041 2976 2111 3004 suasu
2123 2975 2183 3003 edd.
2194 2985 2242 3004 :m-

1286 3018 1354 3054 tiqq.
1366 3020 1393 3043 δε
1412 3017 1479 3044 l‘all.
1491 3019 1506 3043 ’.ὶ
1517 3015 1656 3043 neotericis
1668 3013 1811 3039 exclusam.

1325 3063 1366 3080 10.
1384 3056 1440 3087 ἂμ
1450 3062 1488 3079 res
1501 3051 1611 3084 agnum]
1626 3048 1720 3075 hamb.
1729 3050 1767 3075 ait
1776 3048 1801 3075 se
1816 3057 1943 3084 reponere
1953 3047 2027 3074 libris
2038 3048 2162 3075 omnibus
2173 3048 2245 3074 invi-

1285 3090 1319 3116 tis
1332 3108 1339 3121 ‚
1351 3099 1399 3124 qua
1409 3090 1435 3114 de
1445 3098 1469 3113 re
1478 3093 1575 3119 agatur.
1594 3093 1640 3120 per
1652 3093 1692 3110 me
1703 3083 1766 3113 licet
1779 3096 1785 3113 :
1806 3084 1852 3112 scd
1871 3084 1968 3113 vellem
1986 3083 2121 3113 indican‘et
2135 3104 2143 3115 ,
2163 3093 2210 3110 cur
2220 3083 2244 3110 ei

1262 3128 1267 3158 l
1285 3135 1337 3154 non
1348 3128 1422 3161 aeque
1432 3121 1561 3160 placuerit
1573 3121 1720 3157 vulgatum.

2151 3164 2174 3183 x.
2186 3155 2250 3189 §luia

2240 874 2285 909 26
