2295 3400
214 134 310 200 376
615 133 1127 182 MTuntii

214 215 320 244 omnia
336 211 464 253 denique
477 211 598 253 insignia
612 211 736 252 reipubl.
758 211 937 242 sustulerunt
948 231 955 244 ‚
976 220 1072 251 neque
1088 208 1168 240 aliud

215 254 393 293 quidquam,
407 253 457 282 nzf‘i
476 257 563 283 inane
575 263 688 283 nomen
701 256 805 292 Capua:
816 254 999 294 reliquerunt
1012 263 1016 281 :
1029 262 1092 282 non
1101 261 1167 281 cru-

217 293 337 325 delitate
356 295 448 335 (quid
461 297 542 324 enirn
560 295 619 325 illis
629 294 885 328 fuitclementius,
896 297 947 335 qui
966 296 1056 324 etiarn
1072 303 1169 324 eXtcr—

218 339 266 366 nis
285 335 412 365 [vallibus
431 336 509 365 viciis
525 335 737 376 suaficpiffime
755 336 984 375 reddiderunt?)
1005 335 1052 366 sed
1072 333 1167 366 consi-

217 377 277 406 lio:
299 378 379 418 quod
392 377 544 411 videbant,
557 376 576 407 si
591 378 671 419 quod
685 380 756 417 reip,
767 377 926 418 vestigium
938 378 998 407 illis
1015 376 1167 407 moenibus

215 421 420 449 contineretur
436 440 443 452 ‚
468 419 572 450 urbem
591 420 683 459 ipsam
703 421 831 458 imperio
848 419 1023 448 domicilium
1041 419 1168 459 praebere

215 458 308 500 poss'e.
332 463 394 490 Vos
406 462 476 495 haec,
489 460 541 490 nisi
551 470 681 491 evertere
692 471 784 500 remp.
795 464 941 499 cuperetis
953 481 960 495 ,
971 471 1004 491 ac
1014 461 1101 491 vobis
1113 470 1166 490 no-

219 511 286 531 vam
307 501 551 533 dominationem
565 512 750 542 comparare,
769 503 858 533 credo
870 523 877 536 ‚
895 504 986 543 quam
1004 501 1169 542 perniciosa

219 541 327 576 clii-nt,
341 554 404 574 non
416 544 567 574 videretis.
594 548 603 563 ¹
624 544 704 585 Qd
715 545 799 574 enirn
810 545 976 574 cavendum
991 544 1032 574 est
1044 546 1074 573 in
1084 544 1167 573 colo—

217 586 278 614 niis
298 584 502 616 deducendis?
522 584 541 614 s1
559 585 691 616 luxuries
711 586 912 616 Hannibalem
929 587 1027 625 ipsum
1047 589 1061 605 2
1073 588 1167 625 Capua

217 629 360 666 corrupit.
381 626 401 659 sl
415 627 562 666 superbia:
579 636 645 658 nata
657 627 735 657 inibi
745 626 801 657 esse
811 637 848 657 cx
857 630 1076 667 Campanorum
1088 626 1169 656 fasti-

218 667 271 697 dio
288 668 415 698 videtur.
439 668 458 699 fi
469 667 634 708 praesidium
648 679 653 697 :
671 679 734 699 non
743 671 925 708 praeponitur
936 671 1005 699 huic
1017 670 1101 701 urbi,
1118 668 1171 698 ista

217 709 339 739 colonia
351 729 358 743 ‚
379 710 426 740 sed
438 712 620 750 opponitur?
644 714 681 740 At
691 711 951 751 quemadmodum
961 715 1109 741 armatur?
1127 710 1169 740 dii

217 751 438 782 iinmoitaleis!
457 762 526 782 narn
546 752 626 782 bello
639 755 771 785 Punico,
791 753 937 793 quidquid
956 755 1053 792 potuit
1063 754 1169 792 Capua,

217 794 316 833 potuit
332 793 391 833 ipsa
402 803 455 834 per
467 794 537 824 sese.
560 803 642 824 nunc
651 796 771 824 omneis
782 794 869 823 urbes
880 814 888 826 ,
907 804 971 834 quse
989 795 1101 824 circum
1116 797 1170 824 Ca-

215 843 308 874 puam
320 834 387 865 sunt
399 855 407 869 ,
425 836 440 866 ἓι
457 835 574 865 colonis
587 835 766 875 pei-eosdem
779 835 964 865 decemviros
982 836 1170 876 occupabun-

216 885 273 906 tur.
296 877 372 908 hanc
386 878 468 907 enim
479 877 518 907 ob
534 877 650 907 causam
663 879 809 918 permittit
820 877 878 916 ipsa
888 877 938 906 lex
949 898 956 909 ,
983 887 1020 906 m
1042 887 1169 911 οΜΝιΑ,

217 925 300 957 QAE
325 928 452 948 νεωκτ
463 938 470 952 ‚
494 928 616 949 OPPIDA
628 938 636 951 ,
662 928 805 948 coLoNos
829 928 873 948 υτ
895 928 1090 949 ῡεεεΜνηυ
1113 929 1170 948 οε-

215 968 356 990 DUCANT
367 980 375 994 ,
401 969 480 998 Qtos
505 970 641 990 vtum-r.
665 963 762 1000 Atque
774 961 820 989 his
837 960 954 995 colonis
965 971 1066 1001 agrum
1081 963 1168 991 Cam-

214 1010 329 1042 panum
341 1021 349 1033 ‚
368 1001 400 1031 δε
418 1002 570 1032 Stellatem
587 1011 727 1041 campum
745 1000 946 1041 dividijubet.
969 1004 1043 1031 Non
1064 1012 1171 1042 queror

215 1042 456 1073 diminutionem
470 1042 662 1084 vectigalium
673 1063 680 1076 ‚
701 1053 763 1073 non
783 1040 931 1083 flagitium
943 1043 1169 1083 hujusjaclurae,

214 1093 302 1125 atque
311 1084 431 1114 damni:
451 1085 712 1124 praetermittoilla‚
726 1094 792 1124 quae
803 1094 895 1114 nemo
907 1084 949 1114 est
959 1104 967 1117 ‚
978 1087 1051 1125 quin
1062 1085 1172 1126 gravis-

215 1124 304 1158 sime,
315 1125 347 1156 &
357 1124 505 1156 veriflime
515 1127 658 1166 conqueri
669 1124 755 1166 possit
764 1146 772 1160 ,
784 1135 839 1155 nos
848 1134 933 1183 caput
942 1127 1107 1167 patrimonii
1117 1135 1170 1167 pu-

213 1165 300 1200 hirci,
321 1167 552 1207 pulcherrimam
565 1168 811 1208 populiRomani
830 1166 1037 1207 poii'effionem
1050 1189 1058 1202 ,
1079 1167 1170 1198 subsi-

215 1208 304 1238 dium
314 1218 451 1242 annonae,
463 1210 603 1242 horreum
614 1209 686 1240 belli
695 1229 702 1243 ,
724 1209 778 1239 sub
788 1209 871 1250 ligno
882 1229 890 1243 ‚
909 1208 1097 1250 claustrisque
1111 1211 1169 1239 rei-

214 1250 301 1291 publ.
320 1249 450 1289 positum
462 1250 598 1292 veffigab
609 1251 720 1282 servare
729 1260 793 1283 non
800 1249 928 1290 potuiss'e
941 1260 1029 1281 :eum
1040 1251 1169 1292 denique

214 1301 273 1322 nos
290 1301 394 1332 agrum
415 1295 445 1322 P.
456 1292 551 1322 R'ullo
570 1290 756 1326 concessisse,
775 1294 827 1332 qui
844 1302 911 1332 ager
922 1292 1042 1332 ipseper
1061 1293 1120 1322 sese
1136 1293 1169 1323 ὃς

212 1333 343 1363 Sullanae
353 1333 573 1367 dominationi,
586 1334 618 1364 &
628 1334 829 1364 Gracchorum
844 1334 994 1373 largitioni
1011 1332 1168 1364 restitisset.

213 1384 282 1405 non
292 1373 359 1405 dico
369 1395 377 1408 ,
399 1375 497 1405 solum
514 1377 613 1406 hocin
623 1375 737 1416 republ.
747 1374 872 1415 vectigal
883 1373 950 1409 effe,
961 1375 1054 1416 quod,
1063 1376 1168 1414 amiffis

213 1416 288 1451 asiis,
300 1426 464 1450 remaneat:
484 1415 668 1451 intermissis,
686 1426 749 1446 non
759 1417 965 1457 conquiescat:
980 1419 1013 1446 in
1030 1426 1100 1456 pace
1119 1419 1168 1447 ni-

214 1466 294 1491 teat,
315 1459 349 1488 in
366 1458 447 1488 bello
465 1468 528 1491 non
539 1458 714 1489 obsolescat:
736 1459 868 1490 militem
880 1457 1035 1492 sustentet,
1047 1457 1166 1490 hostem

213 1509 280 1531 non
298 1500 494 1539 pertimescat.
513 1501 708 1540 praetermitto
721 1509 848 1531 omnem
859 1500 934 1530 hanc
945 1503 1123 1534 orationem,
1135 1501 1168 1531 &

213 1543 359 1572 concioni
372 1542 504 1571 reservo:
524 1542 560 1572 de
579 1542 711 1583 periculo
723 1541 822 1572 salutis
832 1561 841 1574 ,
852 1551 883 1571 ac
893 1541 1036 1572 libertatis
1046 1542 1163 1583 loquor.

213 1582 299 1625 Qid
317 1585 401 1612 enim
411 1582 589 1614 existimatis
599 1585 746 1624 integrum
756 1583 843 1613 vobis
859 1584 892 1612 in
908 1584 1010 1623 repub.
1022 1583 1086 1613 fore
1097 1604 1105 1618 ,
1119 1593 1170 1614 aut

213 1625 248 1654 in
266 1624 358 1654 vestra
368 1625 499 1655 libertate
508 1645 516 1658 ‚
530 1628 542 1654 3
553 1635 584 1655 ac
594 1625 737 1666 dignitate
747 1623 951 1658 retinendum,
963 1623 1035 1655 cum
1047 1626 1169 1660 Rullus,

211 1674 301 1707 atque
311 1667 332 1695 ii
347 1687 355 1700 ,
367 1676 443 1707 quos
455 1667 552 1696 multo
564 1669 656 1708 magis
667 1687 675 1700 ‚
696 1666 786 1707 quam
798 1666 925 1696 Rullum
937 1686 946 1700 ‚
957 1668 1067 1697 timetis
1080 1687 1088 1701 ‚
1100 1678 1170 1698 cum

214 1709 465 1749 omniegentium
478 1728 486 1742 ‚
497 1717 583 1749 atque
593 1708 802 1747 improborum
813 1718 904 1737 manu
917 1727 925 1741 ,
942 1718 1012 1738 cum
1023 1709 1170 1739 omnibus

212 1751 329 1789 copiis,
349 1759 420 1779 cum
439 1752 526 1779 omni
539 1759 677 1790 argento,
697 1749 729 1779 &
747 1759 835 1783 auro,
857 1752 986 1789 Capuam
1000 1771 1008 1783 ,
1029 1751 1061 1780 &
1073 1750 1170 1780 urbeis

213 1792 290 1827 circa
300 1793 428 1830 Capuam
439 1794 631 1830 occuparint?
652 1792 709 1820 His
717 1800 772 1831 ego
782 1792 879 1824 rebus,
891 1794 920 1821 P.
932 1793 965 1820 C..
979 1790 1105 1823 resistam
1117 1803 1169 1822 ve-

213 1833 389 1866 hementer,
409 1841 496 1876 atque
511 1834 632 1862 acriter:
650 1842 747 1873 neque
763 1834 870 1872 patiar,
887 1834 1028 1863 homines
1048 1844 1099 1868 ea,
1120 1844 1170 1864 me

213 1874 350 1908 consule,
361 1883 538 1914 expromere
548 1894 557 1908 ‚
577 1884 643 1916 quae
660 1883 754 1903 contra
765 1883 847 1915 remp.
870 1874 922 1904 diu
932 1877 1097 1915 cogitarint.
1115 1878 1168 1906 Er-

213 1914 297 1946 rastis
307 1935 315 1949 ,
336 1916 427 1946 Rulle
439 1936 448 1950 ‚
468 1915 703 1949 vehementer&
714 1924 744 1945 tu
755 1935 764 1949 ‚
782 1916 814 1945 &
825 1916 966 1947 nonnulli
981 1917 1103 1959 collegae
1113 1919 1168 1951 tui,

213 1959 267 2000 qui
283 1957 414 1997 sperastis
425 1977 433 1991 ,
444 1967 498 1987 vos
509 1966 610 1987 contra
621 1957 774 1988 consulem
785 1977 794 1992 ‚
813 1960 933 1987 veritate
943 1978 951 1991 ‚
969 1968 1032 1988 non
1051 1958 1169 1995 ostenta·

213 2000 289 2028 tione
297 1999 482 2039 popularem,
493 1997 574 2039 poss'e
589 2001 621 2028 in
631 1999 789 2029 evertenda
800 1999 914 2038 republ.
923 2001 1093 2039 populareis
1104 2003 1168 2030 exi-

216 2039 338 2072 stimari.
362 2039 469 2070 lacess'o
479 2050 552 2075 vos3
569 2042 600 2070 in
613 2042 794 2071 concionem
813 2050 910 2074 voco,
928 2042 1042 2081 populo
1053 2044 1169 2074 Roma-

174 2086 193 2119 8
216 2091 258 2113 no
268 2081 461 2122 disceptatore
471 2083 515 2112 uti
529 2082 612 2112 volo.
637 2083 757 2112 Etenim
769 2102 777 2116 ‚
799 2084 1115 2123 utcircumspiciarnus
1133 2094 1169 2114 o-

215 2125 317 2157 mnia,
330 2134 394 2165 qua:
412 2124 524 2163 populo
534 2132 621 2164 grata,
631 2123 854 2163 atquejucunda
866 2124 950 2158 sunt,
971 2134 1074 2154 mei,
1094 2135 1168 2155 TAM

215 2174 394 2195 POPULARE
404 2185 412 2198 ‚
452 2166 518 2194 uam
529 2175 644 2206 pacem3
653 2164 743 2205 quam
755 2164 958 2199 concordiam,
970 2167 1058 2206 quam
1069 2168 1167 2197 otium

211 2207 407 2246 reperiemus.
427 2176 586 2236 pollicitam
598 2207 675 2235 mihi
689 2208 840 2236 civitatem
857 2206 1036 2245 suspicione,
1050 2208 1169 2247 suspen-

213 2247 276 2279 sam
294 2256 376 2279 metu
387 2268 395 2282 ,
406 2248 605 2289 perturbatam
615 2247 717 2280 vestris
728 2247 852 2289 legibus,
866 2247 898 2277 &
910 2249 1122 2284 concionibus,
1135 2250 1168 2281 &

179 550 197 582 N)

1210 130 1758 180 Cxcznouis

1210 208 1407 240 seditionibus
1416 210 1576 242 tradidistis
1588 221 1593 240 z
1612 211 1693 251 spem
1704 209 1851 252 improbis
1860 210 2030 244 ostendistis
2042 221 2049 243 τ
2069 213 2165 246 time-⁷

1209 261 1271 280 rem
1285 252 1373 282 bonis
1391 252 1534 288 injecistis
1546 264 1551 282 ;
1566 251 1658 283 fidi-m
1672 253 1708 283 de
1718 252 1796 287 foro,
1807 253 1982 295 dignitatem
1994 255 2030 285 de
2046 256 2162 296 republ.

1207 291 1375 323 sustulistis.
1401 296 1470 324 Hoc
1483 305 1579 327 m0tu,
1589 303 1674 334 atque
1682 296 1735 325 hac
1745 296 1963 335 perturbatione
1974 298 2161 331 animorum,

1207 344 1293 374 atque
1303 345 1401 365 rerum
1411 334 1482 366 cum
1493 337 1606 375 populo
1615 338 1744 366 Roman.
1757 346 1832 370 vox,
1844 336 1876 367 &
1885 336 2043 368 auctoritas
2051 339 2162 369 consu·

1208 375 1244 404 lis
1256 376 1374 415 repente
1385 379 1417 406 in
1427 379 1515 406 tantis
1524 377 1653 407 tenebris
1670 378 1820 407 illuxerit:
1837 377 1909 409 cum
1920 378 2083 410 ostenderit
2093 399 2102 413 ‚
2112 381 2162 410 ni-

1208 417 1250 446 hil
1269 417 1324 447 esse
1335 419 1529 448 metuendum
1543 439 1551 453 ‚
1562 418 1682 448 nullum
1693 421 1858 449 exercitum
1870 439 1879 453 ,
1891 421 2006 451 nullam
2023 430 2161 455 manum,

1208 459 1303 488 nullas
1320 460 1454 490 colonias
1465 480 1473 493 ,
1493 460 1608 490 nullam
1627 460 1839 490 venditionem
1858 461 2050 502 ve6tigalium
2062 482 2071 497 ,
2091 462 2162 494 nul-

1209 500 1273 529 lum
1292 503 1453 539 imperium
1467 511 1596 535 novum,
1609 501 1729 531 nullum
1748 512 1863 542 regnum
1871 503 2070 544 decemvirale,
2092 505 2162 534 nul·

1209 541 1267 570 lam
1284 542 1404 572 alteiam
1415 545 1546 573 Romam
1559 562 1567 576 ,
1584 552 1681 584 neque
1696 543 1784 573 aliam
1798 543 1897 574 sedem
1916 546 2036 584 imperii
2047 559 2062 579 ,r
2072 546 2163 576 nobis

1208 583 1380 613 consulibus
1392 603 1401 616 ,
1421 583 1552 614 futuram
1564 603 1572 617 ,
1591 585 1800 625 summamque
1815 586 2059 627 tranquillitatem
2069 588 2161 627 pacis,

1208 633 1296 664 atque
1306 626 1377 654 otii:
1396 625 1560 656 verendum
1571 646 1578 659 ,
1591 626 1690 659 credo,
1703 627 1791 656 nobis
1801 629 1867 659 erit,
1878 637 1916 656 ne
1927 626 2020 658 vestra
2028 628 2080 658 illa
2086 638 2162 667 prae-

1209 666 1282 696 clara
1301 666 1350 696 lex
1360 669 1478 706 Agraria
1487 686 1495 700 ‚
1513 670 1606 708 magis
1616 667 1766 707 popularis
1775 666 1831 698 effe
1839 668 1983 699 videatur.
2006 669 2077 699 cnm
2088 670 2162 700 vero

1209 707 1314 738 scelera
1330 706 1526 739 consiliorum
1539 708 1709 740 vestrorum
1719 729 1728 743 ‚
1740 708 1925 751 fraudemque
1939 709 2020 751 legis,
2039 711 2072 741 δε
2089 710 2161 741 insi·

1208 748 1287 783 dias,
1304 759 1369 790 quae
1387 748 1438 789 ipsi
1454 751 1570 791 populo
1581 753 1724 781 Romano
1740 751 1756 781 a
1769 752 1963 791 popularibus
1973 753 2100 783 tribunis
2117 753 2160 793 pl.

1210 789 1297 824 fiant,
1314 790 1472 821 ostendero
1482 812 1490 826 ‚
1512 793 1743 832 4pertimescam
1756 813 1763 826 ‚
1782 792 1890 826 credo,
1911 803 1949 823 ne
1960 795 2038 824 mihi
2048 805 2112 825 non
2122 795 2162 824 li·

1209 841 1270 862 ceat
1279 841 1381 863 contra
1390 842 1444 863 vos
1452 835 1485 863 in
1495 836 1644 864 concione
1652 833 1818 865 consistere:
1827 835 1989 874 praesertim
2000 835 2072 866 cum
2081 837 2160 866 mihi

1209 873 1418 908 deliberatum,
1429 875 1462 904 &
1471 874 1724 917 constitutumsit,
1735 878 1773 906 ita
1781 886 1879 917 gerere
1890 877 2089 911 consulatum,
2098 887 2160 919 quo

1209 925 1271 945 uno
1283 916 1377 946 modo
1385 918 1448 958 geri
1458 916 1748 988 gravjrerbsslibere
1755 917 1850 957 potest
1859 938 1868 950 ,
1888 927 1919 948 ut
1928 928 2026 959 neque
2035 922 2161 959 provin-

1207 959 1282 987 ciam
1295 977 1304 990 ,
1319 967 1416 998 neque
1429 959 1596 992 honorem-3
1617 969 1638 988 n
1658 968 1939 1001 quo-ornamentum
1951 960 2072 1001 aliquod
2084 981 2092 995 ‚
2110 969 2160 991 aut

1208 999 1409 1029 commodum
1420 1019 1428 1033 ,
1447 1010 1544 1040 neque
1563 1010 1627 1030 rem
1646 1001 1739 1031 ullam
1750 1021 1758 1034 ,
1776 1010 1842 1042 qua:
1853 1000 1869 1030 a
1879 1002 1999 1031 tribuno
2009 1003 2048 1042 pl.
2062 1004 2160 1042 impe-

1208 1039 1266 1069 diri
1284 1039 1370 1079 possit
1379 1060 1387 1073 ,
1407 1044 1588 1080 appetiturus
1597 1040 1671 1071 =s1m.
1703 1044 1788 1072 Dicit
1803 1041 2040 1083 frequentissimo
2056 1044 2158 1074 senatu

1208 1082 1312 1111 consul
1324 1101 1332 1115 ,
1352 1082 1649 1123 KalendisJanuai¹ii,
1666 1084 1724 1114 sese
1735 1104 1744 1117 ,
1763 1082 1783 1113 fi
1794 1083 1882 1114 status
1899 1085 1948 1115 hic
1965 1085 2076 1125 reipub.
2092 1095 2169 1115 ma*

1208 1132 1275 1152 neat
1285 1143 1294 1156 ,
1312 1133 1411 1164 neque
1422 1125 1502 1154 aliud
1513 1127 1668 1165 negotium
1678 1125 1826 1155 exstiterit
1834 1145 1841 1159 ,
1862 1126 1943 1166 quod
1954 1125 2078 1157 honeste
2089 1126 2161 1157 sub-

1208 1163 1352 1205 terfugere
1372 1175 1434 1195 non
1454 1165 1556 1204 poffit‚
1575 1168 1608 1195 in
1618 1168 1805 1206 provinciam
1815 1177 1880 1197 non
1889 1169 2013 1198 iturum.
2042 1170 2091 1198 Sic
2108 1177 2159 1198 me

1207 1209 1221 1233 5
1230 1207 1262 1235 in
1279 1207 1336 1236 hoc
1351 1205 1521 1247 magistratu
1534 1217 1633 1248 geram
1651 1209 1764 1247 populo
1774 1210 1867 1238 Rom.
1884 1217 1916 1239 ut
1933 1207 2042 1248 poffim
2063 1209 2158 1240 tribu-

1208 1257 1283 1277 num
1294 1248 1333 1287 pl.
1344 1248 1457 1287 reipub.
1472 1250 1581 1279 iratum
1591 1250 1740 1279 coercere:
1757 1250 1834 1280 mihi
1844 1251 1964 1284 iratum,
1979 1256 2156 1281 contemne-

1207 1299 1246 1319 re.
1269 1290 1476 1329 antnobrem
1488 1311 1496 1323 ,
1507 1300 1558 1330 per
1568 1290 1639 1320 deos
1649 1291 1864 1324 immortaleis,
1875 1292 2010 1334 colligite
2018 1302 2073 1323 vos
2083 1312 2091 1327 ‚
2104 1293 2158 1323 tri-

1207 1331 1281 1361 buni
1291 1331 1332 1370 pl.
1344 1330 1468 1361 deserite
1477 1342 1529 1362 eos
1537 1353 1545 1366 ,
1557 1331 1573 1361 a
1582 1332 1690 1373 quibus
1699 1353 1708 1366 ,
1724 1331 1778 1362 nifi
1786 1333 1953 1372 prospicitis
1963 1353 1971 1367 ‚
1983 1333 2067 1364 brevi
2077 1343 2155 1365 tem-

1206 1382 1278 1412 pore
1287 1373 1467 1403 deseremini
1476 1384 1482 1402 :
1491 1375 1655 1413 conspirate
1664 1374 1833 1404 nobiscum:
1843 1375 2011 1406 consentite
2020 1385 2091 1406 cum
2102 1375 2159 1406 bo-

1207 1416 1270 1443 nis:
1283 1424 1482 1444 communem
1492 1415 1630 1455 rempub.
1642 1417 1782 1445 communi
1782 1414 1875 1451 studio
1886 1436 1894 1449 ,
1909 1425 1996 1458 arque
2004 1427 2096 1447 amore
2105 1416 2160 1448 de-

1207 1455 1332 1486 fendite.
1357 1457 1453 1487 muita
1469 1457 1536 1490 sunt
1555 1457 1668 1487 occulta
1681 1457 1797 1497 reipub.
1811 1458 1950 1492 vulnera,
1971 1459 2066 1489 multa
2075 1457 2161 1490 nefa-

1207 1499 1322 1527 riorum
1330 1499 1447 1528 civium
1457 1499 1621 1538 perniciosa
1629 1508 1685 1528 con
1691 1497 1751 1528 filia
1762 1509 1767 1528 :
1781 1499 1900 1529 nullum
1911 1509 2068 1530 externum
2081 1503 2162 1540 peri-

1206 1539 1310 1569 culum
1321 1539 1363 1569 est
1373 1559 1381 1573 ‚
1393 1549 1458 1570 non
1467 1550 1531 1575 rex,
1543 1550 1605 1570 non
1615 1550 1687 1582 gens
1697 1541 1766 1574 ulla,
1782 1551 1846 1570 non
1856 1543 1938 1571 natio
1947 1542 2160 1582 pertimescen-

1208 1580 1244 1611 da
1254 1581 1312 1611 est:
1331 1581 1480 1612 inclusum
1491 1582 1624 1615 malum,
1645 1581 1821 1613 intestinum
1832 1602 1842 1616 ‚
1862 1593 1895 1612 ac
1911 1582 2088 1618 domesticum
2105 1583 2160 1614 est.

1209 1623 1280 1653 huic
1288 1633 1343 1663 pro
1355 1623 1383 1652 se
1392 1623 1515 1664 quisque
1526 1622 1661 1658 nostrum
1672 1623 1788 1657 mederi
1801 1644 1810 1657 ,
1829 1633 1913 1665 atque
1926 1626 1984 1654 hoc
1995 1635 2103 1655 omnes
2117 1626 2164 1656 sa-

1209 1674 1279 1694 nare
1287 1665 1364 1695 velle
1377 1664 1533 1695 debemus.
1556 1668 1676 1699 Erratis,
1691 1665 1711 1696 fi
1721 1665 1855 1696 senatum
1866 1666 1988 1705 probare
1998 1677 2031 1697 ea
2039 1676 2105 1707 quae
2113 1666 2162 1697 di-

1209 1706 1342 1736 cuntura
1351 1716 1401 1735 me
1411 1725 1420 1740 ‚
1431 1708 1539 1746 putatis
1550 1728 1558 1740 ,
1571 1708 1719 1747 populum
1730 1716 1830 1738 autem
1841 1706 1898 1737 ess'e
1911 1709 1944 1737 in
1954 1708 2010 1738 alia
2021 1708 2162 1739 volunta·

1210 1757 1247 1778 te¹
1271 1751 1406 1781 Omnes,
1423 1749 1475 1788 qui
1487 1749 1515 1778 se
1524 1749 1680 1778 incolumeis
1689 1749 1814 1782 volunt,
1833 1749 1992 1788 sequentur
2000 1749 2163 1781 auotorita-

1213 1799 1272 1820 tem
1290 1789 1440 1823 consulis,
1459 1790 1547 1820 soluti
1565 1790 1581 1820 a
1597 1790 1826 1830 cupiditatibus,
1858 1789 1872 1809 ⁶
1883 1789 1970 1820 liberi
1986 1790 2003 1822 ὲ
2019 1789 2161 1825 dehetis,

1209 1834 1286 1861 cauti
1296 1834 1328 1861 in
1337 1831 1477 1870 periculis
1487 1851 1496 1865 ,
1514 1841 1578 1862 non
1589 1832 1689 1862 timidi
1699 1833 1730 1861 in
1747 1831 2008 1863 contentionibus.
2039 1831 2130 1875 Qod
2139 1831 2162 1863 fi

1208 1875 1275 1914 quis
1285 1870 1416 1903 vestrum
1430 1872 1477 1912 spe
1487 1873 1623 1907 ducitur,
1636 1874 1663 1903 se
1674 1871 1752 1913 posse
1763 1873 1934 1904 turbulenta
1943 1877 2056 1904 ratione
2066 1873 2162 1905 honori

1210 1914 1348 1954 velificari
1364 1914 1436 1943 suo:
1454 1914 1609 1954 primum,
1630 1925 1679 1944 me
1690 1915 1828 1949 consule,
1848 1914 1879 1946 id
1898 1915 2010 1956 sperare
2027 1914 2160 1946 desistat:

1208 1957 1317 1987 deinde
1327 1955 1430 1986 habeat
1439 1965 1489 1985 me
1498 1957 1596 1996 ipsum
1609 1955 1661 1986 sibi
1672 1956 1867 1990 documento,
1876 1967 1967 1998 quem
1976 1957 2102 1998 equestri
2112 1966 2164 1988 or-

1208 2008 1274 2028 tum
1284 1999 1352 2028 loco
1361 1998 1517 2028 consulem
1528 1998 1607 2028 videt
1619 2019 1627 2032 ,
1638 2008 1705 2039 quae
1718 1999 1784 2027 vita
1797 2000 1849 2028 via
1858 1999 2004 2029 facillime
2015 2001 2094 2029 viros
2105 1998 2162 2029 bo-

1207 2050 1264 2070 nos
1274 2040 1309 2071 ad
1318 2041 1466 2071 honorem
1479 2060 1487 2073 ,
1500 2039 1736 2081 dignitatemque
1745 2040 1893 2080 perducat.
1917 2039 2007 2080 de
2018 2039 2039 2070 fi
2048 2050 2102 2070 vos
2111 2050 2165 2071 ve·-

1208 2081 1302 2112 strum
1314 2082 1392 2111 mihi
1401 2080 1534 2112 studium
1546 2101 1555 2115 ,
1570 2085 1601 2112 P.
1613 2084 1644 2111 C.
1654 2083 1689 2112 ad
1697 2091 1896 2112 communem
1915 2082 2092 2122 dignitatem
2110 2081 2164 2112 de-

1208 2123 1389 2153 fendendam
1400 2121 1599 2162 profitemini,
1609 2123 1761 2163 perficiam
1773 2122 1909 2163 profecto
1921 2124 1962 2158 id,
1973 2123 2053 2164 quod
2065 2124 2163 2153 maxi·
2190 2143 2193 2146 -

1209 2165 1259 2195 me
1269 2164 1341 2205 resp.
1353 2163 1513 2197 desiderat,
1531 2174 1564 2195 ut
1573 2166 1662 2202 hujus
1671 2165 1786 2195 ordinis
1806 2164 1982 2198 angroritas,
2000 2175 2066 2205 quae
2082 2164 2160 2203 apud

1209 2208 1266 2243 mai
1272 2216 1336 2236 ores
1346 2204 1463 2237 nostros
1473 2205 1530 2235 fuit
1541 2226 1549 2239 ‚
1569 2206 1673 2237 eadem
1682 2216 1765 2237 nunc
1774 2206 1868 2246 longo
1877 2207 2036 2238 intervallo
2045 2205 2159 2246 reipub.

1210 2247 1342 2280 restituta
1354 2247 1411 2279 effe
1423 2247 1565 2280 videatur.

1888 2302 1956 2348 M.
1994 2301 2044 2348 T
2061 2318 2093 2348 υ
2108 2317 2160 2351 L-

254 2426 263 2443 ι
273 2437 278 2443 .
296 2418 361 2450 QiJ
369 2421 429 2443 cm'm
439 2418 567 2443 emendum
576 2417 688 2452 e.-7‚&e.]
708 2418 771 2443 Non
782 2427 847 2454 opus
858 2418 997 2453 negatione
1007 2418 1077 2444 ouod
1090 2420 1171 2445 Lani-
1208 2417 1254 2444 stit
1263 2429 1308 2444 non
1319 2430 1324 2444 :
1334 2420 1361 2445 8:
1372 2426 1475 2455 poterat
1484 2419 1578 2445 abesse.

215 2452 277 2479 bino
289 2453 404 2479 videtur.
423 2453 590 2479 distinetione
602 2454 712 2480 clariore
722 2463 785 2491 opus
797 2461 851 2480 erat
863 2473 871 2486 ,
882 2463 959 2490 quain
970 2446 1087 2486 adlii'bui,
1099 2454 1169 2481 steu-

215 2496 258 2516 tus
273 2489 376 2524 vestigia
389 2490 419 2515 P.
432 2489 556 2515 Manutii.

251 2533 279 2549 ι..
298 2528 383 2557 Capua
399 2525 527 2559 corrupit.]
549 2524 666 2561 Expreffi
678 2524 747 2561 quod
759 2532 816 2552 crat
825 2525 851 2552 in
864 2525 930 2552 Pali.
945 2533 1018 2552 retro
1028 2526 1096 2553 enim
1109 2526 1168 2552 vul—

214 2566 277 2595 gati
286 2563 378 2591 Capax.

254 2603 280 2630 3.
299 2599 347 2622 ως
364 2596 477 2628 lignitate
495 2596 666 2631 retinenduhr]
688 2596 798 2624 Erfurd.
809 2598 941 2624 retinenda.
961 2598 1002 2624 cui
1013 2596 1113 2625 accedit
1124 2605 1168 2624 ut-

215 2639 318 2665 eunque
330 2632 385 2656 i'ai.
396 2634 445 2658 lec.
457 2633 482 2658 iii
494 2642 546 2667 quo
558 2651 566 2662 ‚
578 2633 732 2659 renuendam.

249 2673 278 2701 4.
298 2668 460 2703 Yaeru'mescam
470 2677 488 2694 ο
495 2669 544 2704 edo,
553 2677 581 2694 nc
590 2670 648 2696 mihi
654 2679 699 2695 nm
708 2670 790 2703 lit-ear,
799 2669 865 2708 σα]
878 2669 936 2697 Pal.
946 2669 996 2698 sec.
1007 2668 1074 2697 haud
1085 2678 1167 2706 agno-

933 2721 953 2740 Ο

980 2812 1006 2872 N

1247 2464 1273 2488 ς.
1293 2458 1320 2481 In
1329 2457 1367 2480 hoc
1376 2457 1512 2488 magistram
1519 2464 1598 2487 geram
1610 2457 1690 2488 populo
1697 2457 1761 2480 Rom.
1771 2462 1799 2480 ut
1806 2455 1906 2489 poffim]
1926 2453 2040 2490 Recepit
2051 2453 2162 2481 Lambi-

1208 2499 1255 2516 nus
1267 2490 1444 2524 coniciturain
1456 2490 1605 2517 Lauredani
1618 2510 1625 2523 ‚
1640 2500 1720 2524 geram
1732 2509 1739 2522 ‚
1758 2494 1789 2517 P.
1799 2495 1827 2517 C.
1836 2493 1923 2526 utpqss.
1942 2491 1985 2518 scd
1995 2498 2082 2518 tamen
2094 2489 2161 2518 nihil

1209 2526 1267 2552 vitii
1278 2526 1313 2552 cst
1324 2526 1349 2552 iii
1364 2526 1480 2561 vulgata.

1242 2562 1270 2588 6.
1281 2564 1372 2602 eLiberi
1381 2561 1396 2587 ἃ
1407 2562 1520 2596 delii-755]
1551 2561 1673 2589 Lambini
1693 2560 1845 2596 conjeiffira
1857 2581 1865 2593 ‚
1883 2561 1899 2588 ἃ
1910 2563 2004 2590 delitiis.
2025 2561 2066 2589 sed
2078 2569 2160 2599 quor-

1206 2596 1261 2623 sum
1282 2605 1318 2623 ita
1337 2597 1442 2624 tandem
1454 2599 1464 2624 ?
1482 2607 1513 2624 aii
1526 2608 1577 2624 uon
1588 2598 1637 2624 hoc
1647 2597 1733 2634 palum
1743 2598 1779 2624 est
1792 2617 1800 2629 ,
1819 2598 1976 2625 Ciceronem
1987 2598 2094 2628 dicere-3
2115 2596 2159 2624 sibi

1206 2632 1349 2695 :intumi-ps
1361 2653 1369 2663 ‚
1384 2635 1429 2671 qui
1441 2643 1525 2672 neque
1538 2642 1625 2661 rerum
1636 2643 1764 2662 novarum
1774 2633 1874 2672 cupidi,
1884 2644 1969 2672 neque
1978 2633 2104 2662 scelerum
2116 2632 2160 2664 sibi

1208 2673 1258 2697 lint
1269 2678 1316 2696 con
1330 2670 1373 2699 cii.

2038 2984 2052 3006 t
2059 2997 2066 3005 .
2075 2978 2164 3006 this
