2360 3400
485 146 558 178 niz
605 132 885 178 Fuimus
931 130 1166 178 Boi-zon.
1215 147 1296 182 ET
1344 134 1510 183 Mn..
1561 137 1818 185 L1n.1V.

2000 155 2121 207 1033

104 227 145 253 ῃ
168 219 352 244 extremum.
378 211 442 251 Age
462 206 611 240 nunc-'isti
627 209 756 241 doceant
770 229 780 244 ,
805 210 853 240 vel
871 219 903 241 tu
914 209 1015 250 potius
1039 209 1125 258 (quis
1168 213 1227 243 risu
1244 213 1367 254 potitis,
1389 214 1481 256 quarn
1499 217 1635 247 oratione
1653 215 1863 257 ejiciendum?
1887 218 2019 260 ampulla
2037 222 2124 252 enim

169 257 254 285 enim
274 252 326 283 i'sta
347 251 506 292 melius-³)
523 260 657 292 quonam
677 251 772 282 modo
791 252 827 282 ab
846 253 954 283 iisdem
965 253 1124 292 principiis

163 290 293 337 profesti
305 314 314 328 ,
335 292 472 323 efficiatis
482 312 490 327 ‚
502 301 535 323 ut
545 292 669 334 honeste
681 294 784 324 vivere
792 313 802 328 ,
820 293 868 333 (id
878 293 921 325 est
931 294 1014 323 enim
1025 293 1122 323 velex

164 339 296 369 virtute7
309 335 357 365 vel
366 336 478 365 naturae
487 335 688 376 congr'uenter
696 336 817 375 vivere)
837 336 993 366 summum
1004 334 1122 364 bonum

165 376 200 408 fit
210 397 218 412 ‚
229 377 262 408 &
272 385 406 418 quonam
415 376 510 407 modo
523 396 532 410 ‚
546 385 664 418 autquo
674 378 741 408 loco
752 386 861 417 corpus
875 375 974 407 subite>
985 375 1122 406 deserue-

162 421 234 451 ritis
244 439 252 452 .
263 420 429 460 omniaque
437 427 470 448 ea
483 437 492 452 ,
504 428 569 460 quae
577 418 649 449 cum
659 418 824 450 secundum
835 427 970 449 naturam
982 416 1037 447 fint
1047 437 1058 451 ‚
1070 417 1121 448 ab·

163 459 223 491 fint
241 458 366 490 anostra
382 459 525 500 potestate
549 471 556 490 z
575 460 673 500 ips-'um
692 459 823 500 denique
838 458 986 489 officium.
1016 468 1120 500 quaero

165 503 258 545 igitur
271 523 281 536 ,
303 505 313 521 ¹
334 511 395 543 quo
413 502 506 532 modo
526 503 575 532 hae
595 511 681 532 tantae
698 500 1119 532 commendationesanatura

163 543 306 585 profe&
317 563 327 577 ,
350 543 448 574 subitb
471 543 486 573 ὲ
496 544 635 583 sapientia
648 543 758 573 1·eli8tae
769 541 835 573 sint.
858 541 948 585 Qod
956 541 976 572 si
986 552 1049 572 non
1062 542 1119 572 ho-

162 587 260 616 minis
285 586 440 616 summum
460 586 576 615 bonum
587 594 808 626 quaereremus,
833 585 881 615 sed
891 584 1042 624 cujusdam
1054 585 1119 617 ani-

164 629 294 658 mantis:
316 629 340 657 is
361 637 462 658 autem
481 625 551 657 esset
570 627 667 660 nihil,
687 626 741 657 nifi
761 629 896 657 animus:
917 626 1011 666 (licet
1032 627 1116 656 enim

154 669 265 710 fingere
277 669 396 710 aliquid
406 669 554 709 ejusmodi
566 688 574 700 2
598 678 660 709 quo
671 677 779 698 verum
793 667 910 699 facili-us
923 667 1118 708 reperiamus)

164 720 265 742 tamen
285 712 330 741 illi
351 713 457 741 animo
478 720 543 740 non
560 709 632 740 esset
651 711 726 740 ²hic
739 709 833 740 vester
844 709 923 740 finis.
944 707 1119 740 desideraret

161 756 247 783 enim
265 753 465 783 valitudinem
476 771 486 786 ‚
503 755 682 782 vacuitatem
705 751 836 782 doloris:
859 759 1010 791 appeteret
1027 752 1118 781 etiam

160 795 420 826 conservationem
439 794 491 824 sui.
515 803 680 834 earumque
697 803 796 823 rerum
806 792 972 824 custodiam
987 812 995 826 ‚
1008 790 1119 822 finem-

161 846 220 877 que
232 836 285 866 fibi
293 835 497 867 constitueret,
510 843 687 864 sscuNDuM
698 844 866 865 NAruRAM
881 843 1010 865 vivzuiz
1020 845 1025 862 z
1037 833 1118 874 quod

161 878 207 908 est
217 898 226 912 ‚
250 887 283 909 ut
291 878 355 908 dixi
365 896 374 911 ‚
387 877 491 906 habere
500 885 533 905 ea
547 885 628 916 ‚quae
641 876 804 906 secundum
816 886 951 908 naturam
962 875 1030 905 sunt
1039 894 1049 909 ‚
1069 875 1117 905 vel

162 922 281 953 omnia,
291 919 339 949 vel
350 919 488 958 plurima,
500 917 533 946 δε
542 918 687 946 maxima.
709 917 924 957 cujuscumque
933 919 1017 946 enim
1031 916 1116 946 modi

160 961 275 991 animal
290 959 480 990 constitueris
492 978 501 991 ‚
523 956 637 987 neceffe
654 956 713 991 est,
738 960 828 988 etiam
848 956 910 988 fiid
925 957 984 988 fine
993 968 1118 998 corpore

162 1001 198 1032 sit
207 1022 217 1035 ,
235 1000 422 1043 utfingirnus
435 1019 445 1033 ,
456 1008 556 1030 tamen
569 997 628 1029 effe
638 1001 670 1029 in
680 1001 786 1029 animo
797 1000 935 1041 quaedam
946 997 1054 1031 similia
1065 1009 1115 1030 eo-

161 1053 230 1074 rum
241 1063 250 1077 ‚
261 1053 328 1084 quae
340 1041 397 1072 sint
406 1044 572 1081 incorpore
584 1051 589 1070 :
603 1051 635 1071 ut
644 1042 732 1071 nullo
742 1042 848 1076 modo,
860 1041 915 1072 nisi
931 1050 963 1072 ut
975 1042 1114 1082 exposui,

155 1083 304 1115 constitui
322 1081 407 1124 poffit
428 1082 498 1113 finis
516 1083 678 1113 bonorum.
702 1082 880 1123 Chrysippus
896 1093 996 1114 autem
1021 1093 1115 1124 expo-

160 1136 241 1156 nens
258 1124 442 1156 differentias
459 1126 660 1155 animantium
671 1144 680 1159 ‚
699 1126 740 1155 ait
752 1126 823 1155 alias
834 1135 934 1156 earum
945 1134 1050 1167 corpore
1059 1135 1116 1156 ex-

157 1167 288 1202 cellere,
306 1169 376 1197 alias
396 1175 496 1197 autem
517 1167 611 1195 animo
623 1186 632 1198 ,
651 1167 816 1197 nonnullas
836 1168 1065 1208 valeremraque
1075 1177 1114 1198 re:

159 1208 272 1240 deinde
288 1209 435 1248 disputat,
455 1208 537 1249 quod
556 1209 697 1249 cujusque
717 1210 834 1249 generis
848 1210 1011 1239 animantis
1027 1208 1114 1239 statui

158 1251 261 1281 deceat
278 1259 461 1281 extremum.
480 1249 555 1279 vcum
566 1259 664 1280 autem
677 1251 837 1280 huminem
850 1252 883 1280 in
896 1260 933 1280 eo
941 1260 1048 1291 genere
1057 1260 1112 1291 po—

158 1291 260 1323 suisset
277 1312 286 1326 ,
315 1301 349 1322 ut
365 1293 393 1322 ei
410 1291 552 1321 tribueret
566 1294 662 1321 animi
686 1292 896 1323 excellentiam
914 1302 926 1322 -:
955 1292 1110 1322 summum

160 1333 279 1364 bonum
298 1333 328 1364 id
338 1332 494 1364 constituit
505 1353 514 1367 ‚
537 1342 602 1363 non
619 1334 764 1363 excellere
774 1336 880 1363 animo
893 1354 904 1368 ‚
921 1335 970 1365 sed
981 1336 1024 1364 uti
1032 1334 1112 1364 -nihil

101 1385 144 1411 12
157 1373 236 1409 effe,
257 1384 361 1415 praeter
373 1377 511 1405 animum
525 1394 533 1408 ‚
558 1374 715 1404 videretur.
739 1378 810 1405 Uno
824 1385 923 1406 autem
943 1375 1039 1405 modo
1061 1385 1073 1405 1
1089 1386 1108 1405 N

160 1425 364 1447 Vtar-urz
401 1425 511 1446 somn.
550 1425 741 1445 summum
778 1427 928 1447 nouum
962 1426 1109 1447 nnc-rt:

158 1468 207 1488 Po
219 1466 390 1488 Nssssssru
402 1467 446 1491 n,
470 1455 488 1485 fi
512 1457 593 1497 quod
607 1455 679 1486 ess'et
697 1458 829 1490 animal,
853 1459 934 1498 quod
953 1467 1050 1488 totum
1069 1469 1108 1489 ex

157 1508 260 1530 mente
273 1496 422 1529 constaret
435 1508 441 1527 :
459 1497 592 1537 idipsum
603 1507 701 1527 tamen
712 1496 750 1528 fic
761 1518 769 1532 ‚
784 1507 815 1528 ut
825 1509 857 1528 ea
869 1509 955 1529 mens
967 1500 1043 1529 nihil
1056 1501 1118 1533 har

156 1540 238 1572 beret
255 1542 287 1569 in
306 1539 334 1570 se
345 1559 354 1573 ,
372 1538 455 1580 quod
475 1538 545 1569 effet
557 1539 721 1569 secundum
742 1550 876 1570 naturam
890 1551 895 1569 :
916 1550 949 1571 ut
972 1541 1107 1571 valitudo

151 1581 205 1613 est.
227 1581 275 1612 sed
286 1580 315 1611 id
324 1590 363 1611 ne
372 1583 493 1621 cogitari
504 1579 627 1622 quidem
638 1580 744 1620 porest‚
755 1582 840 1622 quale
850 1579 894 1615 fit,
906 1591 938 1612 ut
948 1591 1010 1612 non
1020 1592 1108 1622 repu-

151 1623 329 1664 gnetipsum
340 1620 402 1652 fibi.
423 1620 468 1652 sin
479 1622 552 1653 dicit
569 1622 717 1653 obscurari
737 1623 873 1664 quadam
884 1644 893 1658 2
914 1633 970 1654 nec
986 1632 1105 1664 appare-

149 1675 183 1695 re
193 1685 202 1698 ,
214 1666 283 1706 quia
293 1664 378 1694 valde
388 1673 476 1705 parva
488 1663 546 1694 sint
556 1675 565 1698 ς
574 1673 634 1694 *nos
647 1674 771 1706 quoque
784 1665 985 1696 concedimus
995 1685 1006 1699 ‚
1025 1666 1106 1707 quod

110 1735 114 1740 ,
151 1705 228 1737 dicit
239 1707 382 1746 Epicurus
392 1706 429 1736 de
439 1707 590 1745 voluptate
602 1726 611 1740 ‚
629 1716 695 1747 quae
714 1708 853 1738 minimae
865 1706 921 1738 sint
929 1708 1106 1747 voluptates,

148 1757 199 1779 eas
215 1748 363 1779 obscurari
385 1749 459 1787 siepe
471 1768 480 1781 ,
502 1748 534 1779 &
553 1747 651 1778 obrui.
674 1748 727 1778 sed
749 1758 814 1779 non
833 1750 944 1780 suntin
954 1759 991 1778 eo
997 1759 1104 1790 genere

149 1799 238 1821 tantae
247 1786 481 1820 commoditates
489 1791 623 1829 corporis
635 1810 644 1823 ,
665 1799 785 1830 tamque
795 1790 947 1830 produEtae
958 1799 1018 1821 tem
1022 1793 1103 1831 pori-

148 1831 206 1862 bus
220 1851 229 1865 ‚
248 1840 369 1872 tamque
388 1831 501 1861 multae.
523 1833 625 1871 Itaque
635 1851 644 1864 ,
667 1833 700 1861 in
715 1831 826 1872 quibus
835 1851 843 1866 ‚
862 1842 981 1872 propter
1000 1842 1102 1863 earum

147 1876 355 1914 exiguitatem,
368 1872 537 1902 obscuratio
549 1872 759 1913 conse-quitum
776 1873 850 1913 saepe
859 1872 978 1906 accidit,
989 1882 1022 1904 ut
1031 1874 1104 1903 nihil

145 1913 270 1952 ἔπιεν-ψ
289 1913 377 1950 nostra
395 1913 540 1944 fateamur
552 1933 561 1947 ,
574 1912 635 1954 sint
652 1914 722 1948 illa,
742 1924 822 1944 necne
835 1914 917 1955 sint:
942 1924 1016 1945 utin
1026 1916 1099 1950 sole,

145 1957 229 1997 quod
238 1959 293 1986 ate
305 1956 457 1986 dicebatur
467 1975 476 1989 ,
493 1956 646 1986 lucernam
657 1955 797 1986 adhibere
811 1957 888 1986 nihil
900 1956 1021 1987 interest
1030 1977 1038 1991 ‚
1051 1966 1101 1988 aut

144 2000 311 2033 teruntium
334 1997 441 2028 addere
458 1995 548 2027 Croefi
564 1998 708 2037 pecuniae.
731 1997 849 2038 Qtibus
861 2007 959 2028 autem
971 2000 1003 2029 in
1012 1999 1099 2029 rebus

143 2039 312 2070 obscuratio
329 2047 409 2069 tanta
427 2038 531 2069 nonsit
542 2058 551 2072 ,
573 2037 855 2079 fieritamen-potest
870 2059 878 2073 ‚
900 2048 932 2070 ut
942 2039 972 2070 id
985 2040 1096 2080 ipsum,

140 2081 223 2122 quod
234 2080 359 2112 interest
368 2101 377 2114 ,
389 2090 452 2110 non
462 2079 494 2111 stt
504 2090 660 2122 magnum.
682 2090 716 2111 ut
725 2082 772 2115 ei,
782 2084 833 2122 qui
841 2081 975 2120 jucunde
986 2084 1098 2113 vixerit

140 2133 238 2154 annos
247 2121 387 2156 decermsi
397 2124 479 2163 atque
492 2124 552 2152 vita
557 2122 692 2162 jucunda
701 2123 851 2153 menstrua
859 2122 990 2158 addatur;
1003 2127 1016 2151 3
1028 2125 1097 2165 quia

140 2174 338 2201 momentum
349 2165 469 2204 aliquod
481 2163 584 2194 habeat
592 2164 628 2195 ad
634 2164 804 2203 jucundum
815 2162 936 2195 acceffio
946 2184 955 2198 ‚
977 2165 1092 2196 bonum

140 2204 175 2237 fit
186 2217 192 2236 τ
207 2205 249 2237 sin
260 2216 360 2237 autem
375 2207 404 2236 id
415 2215 478 2236 non
489 2205 668 2236 concedatur
678 2226 687 2239 ,
702 2215 766 2236 non
775 2205 923 2236 continue
934 2207 994 2236 vita
1006 2206 1090 2237 beata

139 2248 265 2279 tollitur.
289 2251 479 2278 Bonaautern
489 2247 622 2287 corporis
633 2267 642 2281 ‚
664 2248 735 2277 huic
745 2248 832 2281 sunt,
854 2247 935 2289 quod
946 2247 1093 2288 posterius

136 2290 236 2330 posui,
248 2288 398 2320 similiora.
423 2289 531 2319 habent
540 2291 625 2318 enim
637 2286 830 2319 acceffionem
844 2289 978 2331 dignam,
991 2292 1023 2320 in
1034 2300 1090 2331 qua

137 2331 321 2362 elaboretur:
339 2341 372 2362 ut
390 2332 468 2360 mihi
487 2331 520 2360 in
543 2331 601 2360 hoc
619 2332 711 2361 Stoici
729 2331 820 2368 jocari
833 2332 1090 2362 videanturinter-

136 2372 210 2403 dum
221 2392 230 2407 ‚
247 2372 319 2403 cum
338 2375 379 2403 ita
396 2372 497 2402 dicant
510 2393 519 2405 ,
536 2371 606 2412 fiad
614 2373 693 2402 illam
702 2373 799 2402 vitam
809 2392 818 2407 ‚
839 2382 897 2413 qua
906 2383 971 2402 cum
981 2373 1091 2403 virtute

135 2414 254 2454 degatur
262 2434 271 2447 ,
282 2415 408 2456 ampuHa
418 2412 728 2453 ,Autstrigtlrasaccedat
735 2434 744 2448 ‚
760 2414 928 2452 fimaturam
934 2415 1088 2456 fizpiemem

135 2466 197 2485 eam
211 2456 307 2485 vitam
319 2454 434 2498 potiin,
455 2459 472 2482 4
490 2455 551 2496 quo
571 2457 632 2486 haec
643 2455 755 2494 adjecta
764 2455 840 2490 fim,
860 2466 914 2486 nec
924 2456 1084 2487 beatiorem

131 2504 235 2529 tamen
253 2497 295 2529 ob
312 2507 379 2529 eam
397 2497 513 2529 causam
530 2497 606 2527 fore.
629 2499 698 2529 Hoc
716 2495 814 2529 simile
839 2498 960 2528 tandem
970 2497 1087 2529 estnon

1168 253 1201 284 fit
1210 274 1220 288 ,
1244 265 1339 286 necne
1351 255 1384 286 fit
1393 276 1402 291 ‚
1413 259 1481 298 quis
1493 259 1632 298 nonjure
1642 261 1763 299 optimo
1774 259 1928 291 irrideatur
1939 281 1948 294 ,
1970 259 1990 291 s1
1999 261 2126 292 laboret.»

1165 304 1195 326 at
1212 296 1284 327 vero
1302 306 1507 329 cantii-Art.
1517 300 1744 336 membrorum,
1764 302 1936 333 &cruciatu
1945 302 2088 334 dolorum
2101 303 2122 334 fi

1164 339 1236 378 quis
1245 348 1337 379 quem
1348 340 1436 374 levet,
1446 350 1588 382 vmagnam
1601 344 1825 385 ineatgratiam:
1840 343 1933 377 nemsi
1942 344 1995 374 ille
2006 345 2124 384 sapiens

1165 378 1200 409 ad
1216 382 1337 410 tortoris
1346 382 1482 412 eculeum
1496 386 1510 412 a
1523 391 1649 423 tyranno
1659 386 1702 414 ire
1716 394 1836 427 cogatur
1847 406 1856 420 ‚
1876 384 2005 416 similem
2017 386 2122 418 habeat

1165 421 1286 451 vultum
1300 425 1313 449 5
1323 432 1355 452 ac
1365 421 1389 453 ‘fi
1399 424 1563 464 ampullam
1574 425 1744 465 perdidisset
1756 437 1762 455 ε
1774 427 1823 457 sed
1833 446 1844 461 ,
1855 436 1887 458 ut
1901 437 2044 469 magnum
2057 448 2065 462 .
2087 429 2122 458 δε

1162 460 1288 492 difficile
1298 473 1346 493 cer
1352 472 1451 494 tamen
1465 467 1565 495 iniens
1577 487 1585 499 .
1598 477 1667 497 cum
1675 465 1731 498 ‘sibi
1740 478 1810 498 cum
1822 469 1939 509 capitali
1948 469 2118 510 adversario.
2132 484 2134 486 >

1162 502 1287 537 dolore,
1309 504 1541 546 depugnandum
1556 508 1689 541 videret,
1711 512 2118 542 excitaretonineisrationes

1161 543 1370 580 fortitudinis.
1390 556 1423 577 ac
1442 549 1611 587 patientiae:
1633 560 1759 590 quarum
1781 550 1915 591 praesidio
1932 553 2024 582 iniret
2039 552 2117 583 illud

1162 585 1305 620 difficile,
1328 595 1362 618 ut
1380 587 1444 618 dixi
1459 608 1467 622 ,
1491 599 1695 632 magnumque
1711 594 1865 632 proelium.
1888 593 1997 623 deinde
2015 592 2032 613 ⁶
2051 605 2116 625 non

1161 637 1350 668 quaeremus,
1372 629 1446 670 quid
1456 629 1644 666 obscuretur,
1665 636 1866 668 autintereat,
1885 637 1955 675 quia
1964 634 2115 666 fitadmo·

1160 669 1235 699 dum
1246 679 1369 709 parvum
1382 681 1389 700 2
1410 671 1458 701 scd
1468 672 1541 712 quid
1553 674 1608 703 tale
1624 673 1656 705 fit
1666 694 1675 708 ‚
1695 680 1710 703 7
1721 683 1755 705 ut
1764 677 2033 717 expli-arsiammum.
2057 687 2115 707 uma

1160 710 1298 751 voluptas
1315 711 1333 741 ὲ
1353 712 1459 742 multis
1475 713 1647 745 obscuratur
1666 718 1698 745 in
1717 718 1767 747 illa
1784 721 1845 748 vita
1863 718 2030 759 voluptaria
2045 728 2050 747 :
2063 719 2114 750 sed

1160 760 1261 782 tamen
1269 762 1301 783 ea
1310 755 1450 793 quamvis
1462 763 1549 793 parva
1561 754 1594 785 sit
1603 775 1611 789 ‚
1632 766 1696 796 pars
1706 758 1748 788 est
1761 760 1824 797 ejus
1832 761 1901 790 vitae
1911 779 1920 794 ,
1945 770 2011 801 quae
2022 759 2116 800 posue

1160 792 1203 824 est
1222 796 1255 824 in
1274 795 1437 835 voluptate.
1469 805 1617 827 nummus
1636 801 1668 827 in
1688 799 1775 830 Croefi
1795 801 1911 831 divitiis
1929 801 2112 832 obscuratur.

1158 845 1223 875 pars
1241 835 1284 865 est
1307 844 1408 866 tamen
1427 835 1613 868 divitiarum.
1637 849 1724 879 quare
1733 841 1926 873 obscurentur
1934 845 2025 873 etiam
2034 844 2109 877 haec,

1159 887 1225 917 quae
1247 877 1411 908 stcundum
1433 888 1567 909 naturam
1590 879 1648 910 effe
1664 881 1795 912 dicimus
1807 902 1814 916 ,
1836 886 1866 913 in
1877 886 1936 915 vita
1945 883 2112 916 beata:fint

1157 918 1254 949 modo
1262 928 1356 959 partes
1368 920 1457 950 beatae
1467 922 1545 951 vitae.
1569 924 1671 962 Atqui,
1685 922 1716 957 li,
1726 927 1927 955 utcouvenire
1935 926 2024 956 debet
2034 928 2111 957 inter
2132 938 2137 959 1
2156 940 2168 965 g

1158 970 1214 990 nos
1227 980 1235 994 ‚
1257 960 1300 991 est
1316 961 1451 1001 quaedam
1469 963 1604 1004 appetitio
1625 965 1759 994 naturales
1775 976 1806 996 ea
1820 986 1828 999 ‚
1847 961 1936 1007 8qua:
1946 967 2109 999 secundum

1159 1011 1293 1033 naturam
1304 1003 1383 1036 sunt.
1396 1013 1535 1043 appetens
1547 1014 1669 1036 :eorum
1680 1009 1823 1037 omnium
1833 1007 1876 1038 est
1886 1009 1983 1048 aliqua
1993 1009 2111 1041 summa

1157 1042 1301 1074 facienda.
1319 1055 1381 1085 quo
1391 1045 1555 1076 constituto
1569 1065 1576 1080 ,
1598 1056 1664 1077 tum
1676 1048 1779 1080 licebit
1789 1049 1889 1080 Otiose
1899 1049 1952 1080 ista
1964 1060 2107 1091 qux-rere.

1155 1085 1192 1116 de
1214 1086 1423 1127 magnitudine
1432 1097 1529 1117 rerum
1544 1109 1552 1121 ,
1572 1088 1608 1119 de
1618 1091 1814 1124 excellentia,
1832 1094 2108 1133 quantainquoque

1156 1125 1190 1158 fit
1199 1127 1236 1158 ad
1248 1128 1330 1158 beate
1342 1128 1509 1159 vivendum
1523 1149 1531 1162 ‚
1551 1129 1588 1160 de
1598 1130 1661 1161 istis
1672 1130 1738 1171 ipsis
1746 1133 2006 1164 obscurationibus
2021 1153 2029 1167 ,
2042 1144 2108 1175 qua:

1156 1179 1274 1210 propter
1292 1171 1484 1212 exiguitatem
1504 1172 1557 1201 vix
1575 1191 1583 1205 ,
1604 1181 1653 1203 aut
1671 1183 1709 1203 ne
1726 1175 1780 1204 vix
1797 1174 1920 1215 quidem
1940 1184 2106 1215 appareant.

1156 1214 1171 1238 9
1190 1211 1272 1253 Qid
1281 1231 1291 1245 ‚
1314 1211 1350 1241 de
1368 1222 1430 1253 quo
1451 1213 1533 1242 nulla
1543 1212 1681 1244 dissensio
1692 1214 1754 1244 est?
1773 1226 1866 1245 nemo
1876 1218 1958 1246 enim
1971 1216 2013 1246 est
2026 1237 2035 1250 ,
2056 1218 2108 1258 qui

1151 1253 1364 1287 aliterdixerit,
1374 1255 1449 1294 quin
1457 1254 1586 1284 omnium
1595 1257 1859 1297 naturarumfimil'e
1866 1257 1928 1295 effic
1940 1258 1976 1291 id,
1986 1258 2023 1287 asi
2032 1259 2107 1299 quod

1153 1294 1247 1323 omnia
1258 1294 1414 1334 referuntur
1422 1306 1434 1323 .·
1453 1296 1534 1336 quod
1544 1296 1586 1326 est
1598 1298 1741 1328 ultimum
1752 1308 1851 1329 rerum
1863 1300 2103 1340 appetendarum⁴

1153 1346 1201 1366 OM
1208 1346 1262 1366 ms
1270 1339 1355 1366 enim
1365 1336 1408 1367 est
1416 1347 1518 1367 natura
1527 1338 1655 1380 diligens
1665 1339 1718 1370 sui.
1740 1350 1807 1381 quae
1819 1340 1861 1370 est
1871 1343 1952 1371 enim
1968 1361 1976 1375 ‚
1997 1351 2067 1382 quse
2076 1343 2106 1372 se

1154 1387 1299 1418 umquam
1310 1378 1424 1409 deserat
1437 1398 1447 1412 ‚
1466 1388 1515 1409 aut
1532 1389 1645 1419 partem
1655 1381 1783 1422 aliquam
1795 1383 1839 1413 sui
1852 1402 1860 1416 ‚
1880 1392 1930 1413 aut
1940 1385 2005 1420 ejus
2015 1386 2105 1423 partis

1151 1419 1300 1453 habitum,
1311 1429 1359 1450 aut
1368 1421 1443 1454 vim,
1455 1430 1504 1451 aut
1513 1422 1604 1452 ullius
1615 1433 1717 1453 earum
1727 1433 1827 1454 rerum
1840 1445 1849 1458 ‚
1860 1434 1925 1464 quae
1936 1424 2100 1456 secundum

1152 1469 1287 1492 naturam
1296 1460 1419 1495 fint‚aut
1429 1471 1560 1496 motum,
1572 1473 1621 1494 aut
1630 1463 1737 1495 statum
1748 1468 1825 1505 ?quae
1835 1472 2044 1496 autem'natura
2050 1467 2104 1505 [αι

1145 1502 1242 1543 primae
1260 1503 1440 1537 institution&
1461 1502 1549 1532 oblita
1567 1504 1611 1534 es}
1621 1525 1629 1538 ‚
1649 1506 1732 1536 nulla
1755 1506 1892 1545 profecit>
1904 1527 1912 1540 ,
1932 1510 2007 1547 quin
2018 1508 2105 1538 suam·

1150 1546 1214 1572 vim
1223 1545 1348 1574 retineat
1356 1545 1372 1574 'a
1383 1546 1485 1584 primo
1494 1547 1529 1574 ad
1538 1555 1722 1576 extremum.
1732 1550 1763 1567 ¹0
1770 1558 1833 1587 quo
1847 1550 1938 1589 igitur
1947 1547 2058 1581 evenit,
2070 1557 2104 1578 tit

1150 1586 1287 1614 hominis
1299 1594 1402 1615 natura
1410 1585 1471 1616 sola
1480 1584 1562 1620 esset.
1574 1597 1639 1628 quae
1655 1588 1815 1618 hominem
1826 1591 2024 1629 relinqueret,
2033 1599 2103 1629 quae

1150 1625 1516 1667 obliviscereturcotporis
1526 1647 1535 1661 ,
1555 1638 1619 1669 quae
1630 1628 1785 1659 summum
1797 1630 1914 1660 bonum
1924 1640 1986 1660 non
1995 1632 2028 1661 in
2037 1639 2101 1661 toto

1149 1668 1276 1698 homine
1287 1688 1295 1701 ,
1308 1668 1400 1698 sedin
1408 1678 1486 1708 parte
1498 1669 1635 1700 hominis
1644 1674 1789 1710 poneret?
1807 1681 1869 1713 quo
1878 1671 1973 1702 modo
1982 1681 2097 1705 autem„

1148 1708 1231 1750 quod
1240 1708 1294 1750 ipsi
1304 1712 1394 1740 etiam
1408 1709 1540 1741 fatentur
1548 1732 1558 1746 ,
1569 1711 1740 1753 constatque
1751 1715 1829 1744 inter
1839 1715 1971 1747 omneis,
1979 1713 2102 1744 conset—

1148 1751 1267 1782 vabitur
1278 1772 1286 1785 .
1303 1761 1337 1782 ut
1353 1751 1452 1782 simile
1459 1751 1494 1783 fit
1512 1755 1656 1784 omnium
1666 1757 1675 1773 ¹
1685 1758 1695 1773 ¹
1708 1755 1840 1785 natura-le
1850 1754 1926 1785 illud
1939 1755 2097 1790 ultimum,

1147 1792 1184 1822 de
1194 1803 1257 1834 quo
1264 1796 1425 1834 quaeritur?
1445 1803 1510 1824 tum
1519 1796 1603 1825 enim
1613 1793 1685 1826 esset
1694 1794 1792 1826 simile
1800 1816 1809 1829 ,
1829 1794 1850 1825 fi
1860 1798 1893 1826 in
1901 1798 2007 1827 ceteris
2017 1806 2097 1838 quo-

1145 1844 1204 1874 que
1219 1837 1331 1865 naturis
1347 1835 1378 1866 id
1395 1838 1504 1876 cuique
1512 1834 1585 1867 efl‘et
1594 1837 1737 1867 ultimum
1749 1857 1758 1871 ‚
1778 1837 1859 1877 quod
1870 1839 1901 1867 in
1913 1847 2031 1879 quaque
2043 1848 2098 1868 ex-

1144 1875 1272 1906 celleret.
1298 1876 1352 1906 tale
1370 1879 1455 1907 enim
1467 1877 1564 1908 visum
1575 1876 1647 1908 esset
1657 1879 1802 1909 ultimum
1811 1881 1994 1909 Stoicorum.
2014 1880 2097 1921 Qid

1143 1916 1259 1947 dubitas
1269 1918 1358 1958 igitur
1367 1927 1482 1948 mutare
1489 1921 1636 1959 principia
1646 1928 1756 1950 naturae
1767 1923 1777 1950 ?
1791 1920 1900 1961 ¹²*quid
1911 1922 1994 1951 enim
2005 1920 2094 1955 dicis.

1143 1967 1240 1988 οΜΝε
1250 1967 1391 1988 ΑΝιΜΑι,
1401 1979 1410 1993 ,
1431 1958 1613 2001 simulatque
1621 1959 1656 1991 sit
1665 1970 1767 1992 ortum
1777 1981 1786 1995 ,
1797 1962 1977 2002 applicatum
1987 1960 2045 1993 effe
2057 1963 2094 1994 ad

1143 1999 1172 2029 se
1203 1999 1392 2041 diligendum
1414 2011 1420 2030 ε
1439 2000 1557 2042 esseque
1578 2003 1612 2032 in
1630 2002 1660 2032 se
1670 2003 1884 2034 *conservando
1901 2007 2095 2044 occupatum?

1140 2042 1214 2081 quin
1224 2041 1327 2081 potius
1340 2043 1378 2072 ita
1386 2041 1474 2077 dicis,
1484 2053 1580 2073 OMNE
1590 2052 1731 2074 ANtMAL
1739 2046 1918 2084 applicatum
1931 2044 1988 2075 effe
1998 2045 2033 2076 ad
2047 2045 2090 2079 id.

1140 2083 1221 2123 quod
1244 2085 1277 2113 in
1291 2093 1329 2113 eo
1342 2082 1376 2114 sit
1385 2086 1536 2124 optimum
1550 2105 1558 2118 ‚
1583 2085 1661 2115 &in
1671 2087 1734 2125 ejus
1747 2088 1836 2117 unius
1846 2095 2022 2128 occupatum
2034 2085 2094 2118 effe

1139 2124 1272 2155 custodia
1285 2138 1296 2160 ς
1311 2126 1496 2167 reliquasque
1516 2135 1630 2157 naturas
1639 2128 1717 2157 nihil
1727 2128 1809 2159 aliud
1864 2139 1912 2158 ere
1924 2150 1933 2162 ,
1954 2127 2008 2159 nisi
2019 2138 2052 2159 ut
2062 2129 2093 2160 id

1138 2167 1316 2198 conservent
1334 2187 1343 2200 ‚
1373 2169 1456 2209 quod
1475 2170 1508 2198 in
1528 2177 1643 2209 quaque
1660 2171 1814 2209 optimum
1846 2179 1868 2200 it
1886 2172 1898 2199 ?
1916 2181 1977 2210 quo
1996 2171 2093 2201 modo

1138 2217 1236 2238 autem
1254 2210 1408 2249 optimum
1420 2229 1429 2244 ‚
1451 2208 1471 2239 fi
1480 2210 1596 2240 bonum
1607 2219 1743 2250 praeterea
1751 2212 1874 2242 nullum
1883 2211 1925 2242 est
1934 2215 1946 2238 ?
1961 2210 1980 2242 s1
1991 2221 2093 2243 autem

1140 2251 1251 2291 reliqua
1259 2250 1421 2291 appetenda
1429 2251 1508 2285 sunt,
1520 2261 1582 2285 cur,
1591 2252 1673 2292 quod
1683 2251 1725 2282 est
1736 2253 1880 2283 ultimum
1892 2263 1956 2283 reru
1963 2263 1993 2283 m
2003 2263 2092 2294 appe—

1136 2291 1292 2322 tendarum
1303 2312 1312 2326 ‚
1326 2292 1355 2322 id
1366 2302 1430 2322 non
1440 2301 1489 2323 aut
1498 2302 1536 2323 ex
1547 2295 1689 2323 omnium
1701 2304 1803 2324 earum
1813 2314 1821 2328 ‚
1833 2303 1882 2325 aut
1893 2305 1929 2324 ex
1942 2295 2090 2335 plurima-

1135 2342 1201 2362 rum
1211 2352 1220 2366 ,
1240 2333 1274 2363 δε
1294 2335 1497 2364 maximarum
1508 2336 1691 2374 appetitione
1697 2336 1909 2366 concluditur?
1928 2346 1958 2366 ut
1967 2336 2089 2367 Phidias

1133 2373 1228 2414 potest
1243 2375 1259 2405 Ξι
1268 2377 1417 2416 principio
1427 2375 1581 2406 instituere
1590 2376 1716 2416 signum,
1725 2377 1813 2418 idque
1825 2376 1964 2418 perficere
1978 2389 1982 2406 :
1992 2378 2088 2418 potest

1133 2416 1169 2445 ab
1178 2417 1238 2446 alio
1248 2418 1427 2448 inchoatum
1439 2419 1569 2457 accipere
1579 2437 1587 2451 ‚
1608 2419 1641 2449 ὅς
1650 2419 1811 2449 absolvere.
1839 2420 1910 2448 huic
1919 2418 1962 2449 est
1973 2420 2090 2460 sapien—

1133 2459 1172 2488 tia
1194 2456 1311 2489 similis.
1334 2469 1399 2489 non
1419 2461 1503 2489 enim
1524 2460 1583 2499 ipsa
1593 2463 1698 2501 genuit
1707 2462 1864 2491 hominem
1876 2480 1884 2494 ‚
1906 2461 1954 2490 sed
1964 2464 2086 2502 accepit.

1129 2499 1145 2530 a
1156 2508 1258 2532 natura
1267 2501 1453 2533 inchoatum.
1464 2504 1492 2529 ¹3
1505 2502 1579 2533 hanc
1588 2502 1810 2537 intuens,debet
1819 2501 1987 2533 institutum
1999 2503 2088 2537 illud.

1982 2543 2088 2595 *quast

173 2607 181 2623 ι
191 2617 196 2623 .
217 2598 328 2630 Quomodo
336 2599 369 2623 he
376 2603 448 2623 rante
456 2587 687 2632 commendationes-Q
707 2597 765 2624 Pal.
775 2604 840 2624 tert.
853 2597 882 2624 δῖ
892 2606 982 2635 quart.
991 2599 1035 2634 qul,
1044 2600 1088 2632 ba,

130 2632 173 2659 cui
185 2633 317 2669 scripturae
328 2635 353 2659 8<
367 2632 424 2661 liius
434 2632 470 2659 est
481 2631 578 2659 sensus.

167 2678 196 2695 2.
214 2672 259 2695 Hic
266 2669 429 2703 vesterfinis.]
449 2667 534 2694 tidem
544 2669 597 2695 duo
609 2687 618 2700 ,
627 2676 657 2696 ut
667 2669 695 2695 St
705 2668 750 2695 alii
761 2676 815 2696 tres
827 2688 835 2702 ‚
852 2671 935 2703 noster.
954 2679 1012 2707 quae
1022 2679 1087 2698 con-

131 2704 227 2732 stantia
239 2715 290 2732 non
301 2705 337 2732 est
352 2705 474 2731 fortuita.

173 2749 186 2776 3
195 2761 201 2768 .
218 2743 283 2774 Εἶρα
292 2748 428 2766 momentum
439 2739 533 2774 aliquod
541 2741 628 2766 habuit
636 2740 671 2765 ad
670 2741 804 2774 jucundum
812 2741 925 2776 aemffm]
944 2742 990 2769 :Est
1000 2742 1015 2768 ii
1025 2741 1089 2769 scri-

131 2777 184 2810 ptis
195 2776 332 2807 Lambini.
342 2785 420 2812 quem
432 2776 520 2803 firmat
532 2776 586 2802 Pal.
598 2775 664 2803 sext.
677 2778 704 2802 δε
717 2777 909 2803 δαιὶἰσιεηηυς.
920 2778 1045 2812 Vulgata,
1056 2779 1089 2804 ad

126 2812 258 2844 jucundam
267 2815 418 2846 actqffionem.
433 2821 487 2848 quo
498 2811 578 2838 modo
588 2820 676 2839 tamen
688 2812 773 2847 paucii
786 2813 832 2839 imi
841 2816 858 2838 d:
870 2813 1010 2840 Pall.-nam
1020 2822 1085 2842 tert.

133 2847 222 2882 quint.
233 2849 400 2882 adjuc-undum
409 2849 559 2881 accffomm.

165 2889 197 2916 4.
216 2885 322 2915 Qubbe:
331 2883 450 2919 asfefla]
473 2884 515 2909 An
528 2883 655 2914 nonfuit,
673 2887 728 2918 quoi
735 2886 779 2910 hac
788 2883 890 2919 aeijeffa.

170 2925 197 2951 5.
216 2922 252 2944 A:
251 2921 276 2953 fi
282 2921 407 2954 ampullam
411 2919 570 2954 perdidzffinj
593 2920 686 2946 Petrus
696 2919 769 2946 Vici.
787 2920 852 2946 hanc
864 2919 1006 2947 lectionem
1026 2930 1085 2948 mu-

131 2953 201 2980 tavit
210 2953 236 2981 in
253 2955 284 2986 ὰ
293 2956 460 2989 stapedum.
477 2956 570 2991 procul
589 2954 672 2982 dubio
693 2956 852 2982 αυξὶοτίῐειῑε
870 2956 1084 2984 membranaceo-

131 2997 203 3016 ruiu.
223 2990 251 3015 δε
263 2989 374 3026 νεπᾲΑἱςι
396 2999 483 3027 noque
494 2991 562 3017 Pall.
571 2991 690 3027 quinque
700 3003 706 3018 :
728 2991 793 3017 adeo
804 2999 833 3018 ut
841 2992 907 3026 (lysi,
919 2992 1003 3019 valeat
1013 2992 1083 3019 'idem

130 3024 204 3061 quod
214 3026 284 3058 acfi‚·
301 3025 386 3053 aut‘fe
417 3025 556 3054 rmaudum
570 3027 657 3054 veniat
669 3027 696 3053 in
707 3030 770 3061 utss.

166 3061 186 3087 6
191 3081 197 3086 .
214 3063 266 3087 Nou
273 3061 426 3096 quma-h]
437 3062 532 3098 Nuper
542 3062 608 3094 cufi,
614 3066 750 3098 quai-imur,
759 3063 803 3089 sed
813 3071 906 3090 contra.
915 3063 1083 3091 Vitstorianos

129 3095 156 3124 iu
168 3105 222 3133 quo
234 3096 315 3123 haeret
323 3097 436 3123 alterum
448 3106 458 3128 ς
470 3098 564 3133 quibus
573 3098 702 3126 accedunt
711 3108 802 3126 omnes
814 3100 881 3126 1²:111.

164 3140 191 3164 7.
211 3133 352 3166 [lt-expleat
362 3133 506 3166 sunnam]
527 3134 645 3162 Sici-alim
664 3134 716 3162 cufi
725 3144 879 3162 aiitcannos
900 3136 1043 3171 nonaginta
1054 3136 1082 3162 &

121 3168 236 3206 amplius
248 3186 258 3202 ,
276 3167 458 3202 flevisset-iun
466 3187 477 3203 ‚
486 3167 521 3199 fic
528 3168 674 3206 Lambinus
684 3189 695 3205 ,
713 3171 748 3200 fic
757 3171 826 3206 Pau.
839 3182 866 3201 0.
875 3171 941 3201 ade&
953 3179 984 3201 ut
998 3173 1080 3201 mirer

1129 2598 1208 2626 hodie
1219 2599 1276 2626 fere
1288 2601 1377 2637 reponi
1389 2602 1516 2635 fiaemnmm.

1162 2636 1190 2662 8.
1209 2637 1396 2670 gluaesecundaeem
1406 2637 1730 2672 naturamficntfflppeeexs]
1741 2637 1770 2664 N
1774 2637 1870 2674 uspiam
1880 2638 1970 2665 inveni
1980 2639 2007 2666 in
2018 2639 2086 2667 meis

1128 2671 1331 2698 Lambinianum
1338 2693 1345 2704 ,
1355 2675 1493 2706 appetent-ir.

1162 2716 1191 2742 9.
1211 2708 1275 2739 Qid
1285 2727 1293 2739 ,
1313 2709 1339 2733 de
1348 2718 1391 2742 quo
1399 2711 1465 2734 nulla
1473 2710 1562 2743 affinfio
1571 2712 1605 2735 ef!
1615 2710 1648 2744 ἒ]
1670 2710 1835 2736 invexerunt
1853 2709 1919 2737 istud
1931 2713 1945 2737 i:
1957 2710 2014 2737 tnss‘.
2033 2710 2084 2738 suis

1127 2743 1233 2769 Paullus
1245 2744 1358 2778 primuni
1375 2745 1511 2772 Manutius
1524 2764 1532 2777 ,
1550 2754 1579 2771 ac
1590 2745 1671 2772 Dion.
1684 2746 1838 2772 Lambinus.
1856 2754 1933 2774 autea
1942 2753 1999 2774 crat
2007 2749 2084 2774 multa

1126 2779 1239 2812 deſjknfio,
1252 2779 1385 2814 quomodo
1397 2781 1461 2806 item
1473 2781 1550 2808 restat
1559 2781 1586 2807 in
1599 2782 1665 2808 Pau.
1675 2781 1802 2822 quinque.

1164 2823 1204 2841 to.
1222 2816 1271 2847 Qu
1280 2818 1352 2848 igitur
1361 2820 1439 2842 evenit
1450 2835 1458 2848 ,
1477 2817 1545 2851 ἀνι]
1570 2817 1647 2842 Haud
1658 2817 1737 2843 aliter
1754 2816 1839 2844 edidit
1849 2816 1995 2845 Vi6torius.
2018 2827 2078 2846 nam

1125 2851 1225 2885 priores
1236 2851 1453 2888 posterioresque,
1463 2861 1506 2887 qno
1514 2853 1575 2879 modo
1586 2855 1668 2886 igitur.
1685 2852 1728 2879 sed
1739 2862 1768 2880 ea
1779 2863 1831 2881 vox
1840 2852 1955 2882 ascititia
1964 2855 1991 2882 in
2003 2854 2080 2883 nullo

1132 2886 1168 2913 est
1179 2887 1369 2914 Palatium-um.
1974 2900 1977 2903 ¹

1162 2931 1170 2948 1
1181 2931 1202 2948 1.
1213 2923 1399 2949 Naturaleiuad
1405 2924 1538 2959 ultimum]
1559 2924 1666 2951 Paullus
1678 2925 1813 2952 Manutius
1823 2924 1991 2961 conjiciebat,
2003 2934 2081 2953 natu-

1123 2966 1216 2990 rarum,
1226 2958 1384 2995 asseruitque
1395 2968 1457 2985 mox
1470 2959 1514 2985 fibi
1527 2959 1671 2987 Lambinus
1682 2979 1691 2993 ,
1709 2960 1751 2987 (ed
1763 2971 1814 2989 non
1825 2960 1905 2989 video
1913 2970 1960 2989 cur
1969 2962 2026 2989 heic
2035 2963 2079 2990 in-

1123 2992 1214 3020 fui-ciri
1223 2993 1318 3020 debeat
1331 3014 1338 3026 ,
1347 2994 1432 3026 eieSka
1443 2994 1557 3022 lectione
1568 2997 1656 3024 nostra
1667 3015 1676 3029 ,
1695 3006 1753 3034 quae
1761 2998 1789 3025 in
1804 2997 1933 3032 Palatinis
1941 2998 2079 3033 omuibus,

1123 3029 1152 3054 &
1163 3030 1280 3062 alioquin
1292 3031 1362 3057 idem
1373 3030 1440 3057 dicit
1450 3031 1520 3066 quod
1531 3032 1625 3059 altera.

1123 3100 1140 3125 s
1162 3067 1283 3127 ιιέῒῇζλ
1290 3070 1350 3093 enim
1358 3067 1440 3102 dicim]
1454 3067 1514 3095 Vox
1525 3068 1582 3094 acie
1593 3078 1644 3096 uon
1655 3068 1691 3097 est
1700 3068 1728 3097 in
1740 3069 1799 3096 Pal.
1809 3076 1904 3106 quarto
1916 3079 1925 3101 5
1935 3070 1964 3096 δε
1975 3076 2079 3106 poterat

1134 3104 1182 3128 nne
1193 3110 1208 3128 a
1227 3110 1240 3127 e
1262 3111 1289 3128 e.

1163 3145 1205 3173 ¹3·
1225 3140 1291 3163 Hanc
1299 3137 1421 3172 intuma]
1442 3137 1519 3165 Prius
1529 3138 1592 3172 cufi,
1601 3141 1662 3168 banc
1669 3143 1744 3175 igitur
1752 3144 1860 3176 intuens,
1871 3140 1911 3170 sed
1924 3148 2018 3179 praeter
2029 3142 2080 3168 Pa-

1121 3172 1170 3201 lot.
1179 3183 1208 3202 ο.
1217 3173 1418 3211 editionem-lue
1430 3173 1555 3204 Victorii.

1501 3211 1654 3250 Perre?
2012 3215 2077 3239 11⁵²
