<?xml version="1.0" encoding="UTF-8"?>
<!DOCTYPE html PUBLIC "-//W3C//DTD XHTML 1.0 Transitional//EN"
    "http://www.w3.org/TR/xhtml1/DTD/xhtml1-transitional.dtd">
<html xmlns="http://www.w3.org/1999/xhtml" xml:lang="en" lang="en">
 <head>
  <title>
</title>
<meta http-equiv="Content-Type" content="text/html;charset=utf-8" />
  <meta name='ocr-system' content='tesseract 3.04.00' />
  <meta name='ocr-capabilities' content='ocr_page ocr_carea ocr_par ocr_line ocrx_word'/>
</head>
<body>
  <div class='ocr_page' id='page_1' title='image "./mtuliiciceroniso00cice/mtuliiciceroniso00cice_0279.png"; bbox 0 0 2297 3389; ppageno 0'>
   <div class='ocr_carea' id='block_1_1' title="bbox 54 278 462 320">
    <p class='ocr_par' dir='ltr' id='par_1_1' title="bbox 54 278 462 320">
     <span class='ocr_line' id='line_1_1' title="bbox 54 278 462 320; baseline -0.012 -9"><span class='ocrx_word' id='word_1_1' title='bbox 54 278 99 320; x_wconf 79' lang='lat'>36</span> <span class='ocrx_word' id='word_1_2' title='bbox 108 281 257 312; x_wconf 75' lang='lat' dir='ltr'>avaritia,</span> <span class='ocrx_word' id='word_1_3' title='bbox 278 279 313 311; x_wconf 59' lang='grc' dir='ltr'><em>ὼ</em></span> <span class='ocrx_word' id='word_1_4' title='bbox 331 278 462 307; x_wconf 76' lang='lat' dir='ltr'>audacia.</span> 
     </span>
    </p>
   </div>
   <div class='ocr_carea' id='block_1_2' title="bbox 45 1532 1062 1579">
    <p class='ocr_par' dir='ltr' id='par_1_2' title="bbox 45 1532 1062 1579">
     <span class='ocr_line' id='line_1_2' title="bbox 45 1532 1062 1579; baseline 0.005 -15"><span class='ocrx_word' id='word_1_5' title='bbox 45 1534 62 1572; x_wconf 75' lang='lat'>3</span> <span class='ocrx_word' id='word_1_6' title='bbox 72 1536 90 1571; x_wconf 94' lang='lat'><em>7</em></span> <span class='ocrx_word' id='word_1_7' title='bbox 101 1533 152 1565; x_wconf 75' lang='lat' dir='ltr'>Ad</span> <span class='ocrx_word' id='word_1_8' title='bbox 171 1533 335 1564; x_wconf 81' lang='lat' dir='ltr'>Volaterras</span> <span class='ocrx_word' id='word_1_9' title='bbox 348 1534 381 1563; x_wconf 92' lang='lat' dir='ltr'>in</span> <span class='ocrx_word' id='word_1_10' title='bbox 391 1532 480 1564; x_wconf 88' lang='lat' dir='ltr'>castra</span> <span class='ocrx_word' id='word_1_11' title='bbox 489 1535 525 1564; x_wconf 94' lang='lat' dir='ltr'>L.</span> <span class='ocrx_word' id='word_1_12' title='bbox 535 1535 624 1565; x_wconf 90' lang='lat' dir='ltr'>Sullae</span> <span class='ocrx_word' id='word_1_13' title='bbox 634 1545 716 1566; x_wconf 90' lang='lat' dir='ltr'>mors</span> <span class='ocrx_word' id='word_1_14' title='bbox 727 1539 795 1566; x_wconf 86' lang='lat' dir='ltr'>Sex.</span> <span class='ocrx_word' id='word_1_15' title='bbox 804 1538 909 1568; x_wconf 83' lang='lat' dir='ltr'>Roscii</span> <span class='ocrx_word' id='word_1_16' title='bbox 920 1559 928 1572; x_wconf 89' lang='lat'>‚</span> <span class='ocrx_word' id='word_1_17' title='bbox 947 1541 1062 1579; x_wconf 89' lang='lat' dir='ltr'>quatri-</span> 
     </span>
    </p>
   </div>
   <div class='ocr_carea' id='block_1_3' title="bbox 450 111 1706 172">
    <p class='ocr_par' dir='ltr' id='par_1_3' title="bbox 450 111 1706 172">
     <span class='ocr_line' id='line_1_3' title="bbox 450 111 1706 172; baseline 0.011 -13"><span class='ocrx_word' id='word_1_18' title='bbox 450 111 712 162; x_wconf 67' lang='grc' dir='ltr'>Οιιᾼτῐο</span> <span class='ocrx_word' id='word_1_19' title='bbox 756 129 874 164; x_wconf 81' lang='lat' dir='ltr'>PRO</span> <span class='ocrx_word' id='word_1_20' title='bbox 920 121 1052 167; x_wconf 71' lang='lat' dir='ltr'>Sex.</span> <span class='ocrx_word' id='word_1_21' title='bbox 1100 117 1335 167; x_wconf 85' lang='lat' dir='ltr'>Roscro</span> <span class='ocrx_word' id='word_1_22' title='bbox 1383 121 1706 172; x_wconf 65' lang='lat' dir='ltr'>Arrenius&gt;-</span> 
     </span>
    </p>
   </div>
   <div class='ocr_carea' id='block_1_4' title="bbox 95 192 1090 1534">
    <p class='ocr_par' dir='ltr' id='par_1_4' title="bbox 95 192 1090 1534">
     <span class='ocr_line' id='line_1_4' title="bbox 107 192 1090 238; baseline 0.003 -10"><span class='ocrx_word' id='word_1_23' title='bbox 107 195 179 228; x_wconf 57' lang='grc' dir='ltr'>ἄκη)</span> <span class='ocrx_word' id='word_1_24' title='bbox 195 192 430 228; x_wconf 81' lang='lat' dir='ltr'>accommodetis</span> <span class='ocrx_word' id='word_1_25' title='bbox 443 195 449 224; x_wconf 82' lang='lat' dir='ltr'>l</span> <span class='ocrx_word' id='word_1_26' title='bbox 471 192 611 225; x_wconf 64' lang='lat' dir='ltr'>Profestb</span> <span class='ocrx_word' id='word_1_27' title='bbox 630 205 695 226; x_wconf 91' lang='lat' dir='ltr'>non</span> <span class='ocrx_word' id='word_1_28' title='bbox 708 204 769 227; x_wconf 88' lang='lat' dir='ltr'>tam</span> <span class='ocrx_word' id='word_1_29' title='bbox 780 197 931 238; x_wconf 72' lang='lat' dir='ltr'>perspicue</span> <span class='ocrx_word' id='word_1_30' title='bbox 939 199 1070 231; x_wconf 81' lang='lat' dir='ltr'>istorum</span> <span class='ocrx_word' id='word_1_31' title='bbox 1087 198 1090 209; x_wconf 82' lang='lat'><em>&#39;</em></span> 
     </span>
     <span class='ocr_line' id='line_1_5' title="bbox 112 234 1070 282; baseline 0 -12"><span class='ocrx_word' id='word_1_32' title='bbox 112 237 258 271; x_wconf 86' lang='lat' dir='ltr'>maleficia</span> <span class='ocrx_word' id='word_1_33' title='bbox 266 238 436 268; x_wconf 77' lang='lat' dir='ltr'>videremus</span> <span class='ocrx_word' id='word_1_34' title='bbox 446 255 455 270; x_wconf 84' lang='lat'>‚</span> <span class='ocrx_word' id='word_1_35' title='bbox 468 234 523 266; x_wconf 82' lang='lat' dir='ltr'>nisi</span> <span class='ocrx_word' id='word_1_36' title='bbox 532 237 611 276; x_wconf 89' lang='lat' dir='ltr'>ipsos</span> <span class='ocrx_word' id='word_1_37' title='bbox 621 257 630 270; x_wconf 87' lang='lat'>‚</span> <span class='ocrx_word' id='word_1_38' title='bbox 652 249 727 267; x_wconf 65' lang='lat' dir='ltr'>cacos</span> <span class='ocrx_word' id='word_1_39' title='bbox 737 239 855 268; x_wconf 85' lang='lat' dir='ltr'>redderer</span> <span class='ocrx_word' id='word_1_40' title='bbox 864 241 1004 282; x_wconf 72' lang='lat' dir='ltr'>cupiditas</span> <span class='ocrx_word' id='word_1_41' title='bbox 1015 263 1023 275; x_wconf 93' lang='lat'>,</span> <span class='ocrx_word' id='word_1_42' title='bbox 1036 243 1070 274; x_wconf 63' lang='lat'>&amp;⁴</span> 
     </span>
     <span class='ocr_line' id='line_1_6' title="bbox 507 278 1070 319; baseline 0.009 -12"><span class='ocrx_word' id='word_1_43' title='bbox 507 279 591 308; x_wconf 84' lang='lat' dir='ltr'>Alter</span> <span class='ocrx_word' id='word_1_44' title='bbox 607 289 646 308; x_wconf 85' lang='lat' dir='ltr'>ex</span> <span class='ocrx_word' id='word_1_45' title='bbox 664 278 724 319; x_wconf 88' lang='lat' dir='ltr'>ipsa</span> <span class='ocrx_word' id='word_1_46' title='bbox 733 280 812 310; x_wconf 84' lang='lat' dir='ltr'>caede</span> <span class='ocrx_word' id='word_1_47' title='bbox 820 282 977 319; x_wconf 82' lang='lat' dir='ltr'>volucrem</span> <span class='ocrx_word' id='word_1_48' title='bbox 990 293 1070 312; x_wconf 90' lang='lat' dir='ltr'>nun-</span> 
     </span>
     <span class='ocr_line' id='line_1_7' title="bbox 110 319 1064 363; baseline 0.002 -11"><span class='ocrx_word' id='word_1_49' title='bbox 110 324 188 353; x_wconf 89' lang='lat' dir='ltr'>tium</span> <span class='ocrx_word' id='word_1_50' title='bbox 197 321 352 351; x_wconf 86' lang='lat' dir='ltr'>Ameriam</span> <span class='ocrx_word' id='word_1_51' title='bbox 362 320 397 349; x_wconf 92' lang='lat' dir='ltr'>ad</span> <span class='ocrx_word' id='word_1_52' title='bbox 406 319 534 353; x_wconf 89' lang='lat' dir='ltr'>socium,</span> <span class='ocrx_word' id='word_1_53' title='bbox 543 329 629 361; x_wconf 88' lang='lat' dir='ltr'>atque</span> <span class='ocrx_word' id='word_1_54' title='bbox 638 321 673 350; x_wconf 91' lang='lat' dir='ltr'>ad</span> <span class='ocrx_word' id='word_1_55' title='bbox 684 320 859 363; x_wconf 84' lang='lat' dir='ltr'>magistrum</span> <span class='ocrx_word' id='word_1_56' title='bbox 871 324 957 353; x_wconf 89' lang='lat' dir='ltr'>suum</span> <span class='ocrx_word' id='word_1_57' title='bbox 968 323 1047 354; x_wconf 85' lang='lat' dir='ltr'>misit</span> <span class='ocrx_word' id='word_1_58' title='bbox 1059 335 1064 353; x_wconf 75' lang='grc' dir='ltr'>ε</span> 
     </span>
     <span class='ocr_line' id='line_1_8' title="bbox 107 359 1065 405; baseline 0.003 -13"><span class='ocrx_word' id='word_1_59' title='bbox 107 372 161 396; x_wconf 88' lang='lat' dir='ltr'>ut,</span> <span class='ocrx_word' id='word_1_60' title='bbox 180 361 201 391; x_wconf 81' lang='lat' dir='ltr'>si</span> <span class='ocrx_word' id='word_1_61' title='bbox 210 359 388 391; x_wconf 85' lang='lat' dir='ltr'>diffimulare</span> <span class='ocrx_word' id='word_1_62' title='bbox 398 370 505 391; x_wconf 89' lang='lat' dir='ltr'>omnes</span> <span class='ocrx_word' id='word_1_63' title='bbox 515 371 658 401; x_wconf 86' lang='lat' dir='ltr'>cuperent</span> <span class='ocrx_word' id='word_1_64' title='bbox 666 364 694 393; x_wconf 87' lang='lat' dir='ltr'>se</span> <span class='ocrx_word' id='word_1_65' title='bbox 702 364 785 396; x_wconf 88' lang='lat' dir='ltr'>scire,</span> <span class='ocrx_word' id='word_1_66' title='bbox 800 363 835 394; x_wconf 91' lang='lat' dir='ltr'>ad</span> <span class='ocrx_word' id='word_1_67' title='bbox 846 375 937 405; x_wconf 89' lang='lat' dir='ltr'>quem</span> <span class='ocrx_word' id='word_1_68' title='bbox 949 364 1065 396; x_wconf 82' lang='lat' dir='ltr'>malefi-</span> 
     </span>
     <span class='ocr_line' id='line_1_9' title="bbox 106 404 1065 444; baseline 0.002 -9"><span class='ocrx_word' id='word_1_69' title='bbox 106 406 189 435; x_wconf 91' lang='lat' dir='ltr'>cium</span> <span class='ocrx_word' id='word_1_70' title='bbox 199 404 361 442; x_wconf 83' lang='lat' dir='ltr'>pertineret</span> <span class='ocrx_word' id='word_1_71' title='bbox 369 422 378 436; x_wconf 92' lang='lat'>‚</span> <span class='ocrx_word' id='word_1_72' title='bbox 400 411 500 433; x_wconf 85' lang='lat' dir='ltr'>tamen</span> <span class='ocrx_word' id='word_1_73' title='bbox 517 404 578 443; x_wconf 90' lang='lat' dir='ltr'>ipse</span> <span class='ocrx_word' id='word_1_74' title='bbox 595 413 729 444; x_wconf 89' lang='lat' dir='ltr'>apertum</span> <span class='ocrx_word' id='word_1_75' title='bbox 747 406 836 436; x_wconf 88' lang='lat' dir='ltr'>suum</span> <span class='ocrx_word' id='word_1_76' title='bbox 850 407 944 437; x_wconf 91' lang='lat' dir='ltr'>scelus</span> <span class='ocrx_word' id='word_1_77' title='bbox 952 416 1019 437; x_wconf 89' lang='lat' dir='ltr'>ante</span> <span class='ocrx_word' id='word_1_78' title='bbox 1029 417 1065 437; x_wconf 93' lang='lat' dir='ltr'>o-</span> 
     </span>
     <span class='ocr_line' id='line_1_10' title="bbox 108 444 1063 489; baseline 0.002 -12"><span class='ocrx_word' id='word_1_79' title='bbox 108 447 231 477; x_wconf 87' lang='lat' dir='ltr'>mnium</span> <span class='ocrx_word' id='word_1_80' title='bbox 241 444 346 474; x_wconf 83' lang='lat' dir='ltr'>oculos</span> <span class='ocrx_word' id='word_1_81' title='bbox 353 454 488 484; x_wconf 88' lang='lat' dir='ltr'>poneret.</span> <span class='ocrx_word' id='word_1_82' title='bbox 519 445 603 475; x_wconf 87' lang='lat' dir='ltr'>Alter</span> <span class='ocrx_word' id='word_1_83' title='bbox 614 445 647 484; x_wconf 75' lang='lat' dir='ltr'>(si</span> <span class='ocrx_word' id='word_1_84' title='bbox 657 446 714 477; x_wconf 89' lang='lat' dir='ltr'>diis</span> <span class='ocrx_word' id='word_1_85' title='bbox 725 448 947 478; x_wconf 70' lang='lat' dir='ltr'>immortalibus</span> <span class='ocrx_word' id='word_1_86' title='bbox 958 449 1063 489; x_wconf 89' lang='lat' dir='ltr'>placet)</span> 
     </span>
     <span class='ocr_line' id='line_1_11' title="bbox 105 486 1085 533; baseline 0.004 -15"><span class='ocrx_word' id='word_1_87' title='bbox 105 486 317 518; x_wconf 85' lang='lat' dir='ltr'>testimonium</span> <span class='ocrx_word' id='word_1_88' title='bbox 327 488 417 516; x_wconf 87' lang='lat' dir='ltr'>etiam</span> <span class='ocrx_word' id='word_1_89' title='bbox 427 488 460 516; x_wconf 92' lang='lat' dir='ltr'>in</span> <span class='ocrx_word' id='word_1_90' title='bbox 469 489 536 517; x_wconf 85' lang='lat' dir='ltr'>Sex.</span> <span class='ocrx_word' id='word_1_91' title='bbox 545 488 692 518; x_wconf 88' lang='lat' dir='ltr'>Roscium</span> <span class='ocrx_word' id='word_1_92' title='bbox 704 488 839 519; x_wconf 74' lang='lat' dir='ltr'>di8turus</span> <span class='ocrx_word' id='word_1_93' title='bbox 850 489 902 520; x_wconf 88' lang='lat' dir='ltr'>est.</span> <span class='ocrx_word' id='word_1_94' title='bbox 912 489 1000 533; x_wconf 61' lang='lat' dir='ltr'>Qiafi</span> <span class='ocrx_word' id='word_1_95' title='bbox 1011 501 1064 521; x_wconf 92' lang='lat' dir='ltr'>ve-</span> <span class='ocrx_word' id='word_1_96' title='bbox 1083 506 1085 522; x_wconf 71' lang='lat' dir='ltr'>l</span> 
     </span>
     <span class='ocr_line' id='line_1_12' title="bbox 104 528 1064 570; baseline 0.004 -11"><span class='ocrx_word' id='word_1_97' title='bbox 104 528 141 561; x_wconf 69' lang='lat' dir='ltr'>rb</span> <span class='ocrx_word' id='word_1_98' title='bbox 152 528 182 559; x_wconf 91' lang='lat' dir='ltr'>id</span> <span class='ocrx_word' id='word_1_99' title='bbox 191 538 273 558; x_wconf 88' lang='lat' dir='ltr'>nunc</span> <span class='ocrx_word' id='word_1_100' title='bbox 283 536 383 568; x_wconf 84' lang='lat' dir='ltr'>agatur</span> <span class='ocrx_word' id='word_1_101' title='bbox 394 549 403 560; x_wconf 90' lang='lat'><em>,</em></span> <span class='ocrx_word' id='word_1_102' title='bbox 418 531 428 547; x_wconf 83' lang='lat'><em>¹</em></span> <span class='ocrx_word' id='word_1_103' title='bbox 440 537 541 558; x_wconf 90' lang='lat' dir='ltr'>utrum</span> <span class='ocrx_word' id='word_1_104' title='bbox 553 530 577 558; x_wconf 89' lang='lat' dir='ltr'>is</span> <span class='ocrx_word' id='word_1_105' title='bbox 586 530 666 570; x_wconf 89' lang='lat' dir='ltr'>quod</span> <span class='ocrx_word' id='word_1_106' title='bbox 678 530 799 564; x_wconf 83' lang='lat' dir='ltr'>dixerit,</span> <span class='ocrx_word' id='word_1_107' title='bbox 809 531 994 563; x_wconf 88' lang='lat' dir='ltr'>credendum</span> <span class='ocrx_word' id='word_1_108' title='bbox 1007 545 1015 567; x_wconf 71' lang='lat'>3</span> <span class='ocrx_word' id='word_1_109' title='bbox 1026 543 1064 563; x_wconf 90' lang='lat' dir='ltr'>an</span> 
     </span>
     <span class='ocr_line' id='line_1_13' title="bbox 104 569 1063 613; baseline 0.004 -12"><span class='ocrx_word' id='word_1_110' title='bbox 104 570 186 613; x_wconf 89' lang='lat' dir='ltr'>quod</span> <span class='ocrx_word' id='word_1_111' title='bbox 196 570 310 602; x_wconf 75' lang='lat' dir='ltr'>fecerit,</span> <span class='ocrx_word' id='word_1_112' title='bbox 321 570 539 600; x_wconf 80' lang='lat' dir='ltr'>vindicandum</span> <span class='ocrx_word' id='word_1_113' title='bbox 550 569 593 601; x_wconf 85' lang='lat' dir='ltr'>sit.</span> <span class='ocrx_word' id='word_1_114' title='bbox 612 575 714 613; x_wconf 84' lang='lat' dir='ltr'>Itaque</span> <span class='ocrx_word' id='word_1_115' title='bbox 723 582 807 603; x_wconf 89' lang='lat' dir='ltr'>more</span> <span class='ocrx_word' id='word_1_116' title='bbox 817 574 966 613; x_wconf 82' lang='lat' dir='ltr'>majorum</span> <span class='ocrx_word' id='word_1_117' title='bbox 977 585 1063 604; x_wconf 83' lang='lat' dir='ltr'>com-</span> 
     </span>
     <span class='ocr_line' id='line_1_14' title="bbox 101 610 1083 656; baseline 0.006 -16"><span class='ocrx_word' id='word_1_118' title='bbox 101 620 234 654; x_wconf 82' lang='lat' dir='ltr'>paratum</span> <span class='ocrx_word' id='word_1_119' title='bbox 244 610 286 641; x_wconf 86' lang='lat' dir='ltr'>est</span> <span class='ocrx_word' id='word_1_120' title='bbox 297 632 305 644; x_wconf 91' lang='lat'>‚</span> <span class='ocrx_word' id='word_1_121' title='bbox 327 611 379 641; x_wconf 76' lang='lat' dir='ltr'>UT</span> <span class='ocrx_word' id='word_1_122' title='bbox 400 621 437 641; x_wconf 81' lang='lat' dir='ltr'>1N</span> <span class='ocrx_word' id='word_1_123' title='bbox 460 622 611 643; x_wconf 75' lang='lat' dir='ltr'>M1N1M18</span> <span class='ocrx_word' id='word_1_124' title='bbox 631 614 719 644; x_wconf 91' lang='lat' dir='ltr'>rebus</span> <span class='ocrx_word' id='word_1_125' title='bbox 738 616 879 645; x_wconf 90' lang='lat' dir='ltr'>homines</span> <span class='ocrx_word' id='word_1_126' title='bbox 889 614 1063 656; x_wconf 79' lang='lat' dir='ltr'>amplissimi</span> <span class='ocrx_word' id='word_1_127' title='bbox 1082 622 1083 655; x_wconf 59' lang='lat' dir='ltr'>l</span> 
     </span>
     <span class='ocr_line' id='line_1_15' title="bbox 101 653 1062 698; baseline 0.002 -12"><span class='ocrx_word' id='word_1_128' title='bbox 101 653 316 686; x_wconf 74' lang='lat' dir='ltr'>testimonium</span> <span class='ocrx_word' id='word_1_129' title='bbox 326 653 362 683; x_wconf 92' lang='lat' dir='ltr'>de</span> <span class='ocrx_word' id='word_1_130' title='bbox 373 653 421 684; x_wconf 90' lang='lat' dir='ltr'>sua</span> <span class='ocrx_word' id='word_1_131' title='bbox 430 664 461 684; x_wconf 92' lang='lat' dir='ltr'>re</span> <span class='ocrx_word' id='word_1_132' title='bbox 469 665 534 685; x_wconf 90' lang='lat' dir='ltr'>non</span> <span class='ocrx_word' id='word_1_133' title='bbox 543 654 683 685; x_wconf 84' lang='lat' dir='ltr'>dicerent.</span> <span class='ocrx_word' id='word_1_134' title='bbox 703 655 872 690; x_wconf 85' lang='lat' dir='ltr'>Africanus,</span> <span class='ocrx_word' id='word_1_135' title='bbox 883 660 935 698; x_wconf 90' lang='lat' dir='ltr'>qui</span> <span class='ocrx_word' id='word_1_136' title='bbox 947 657 999 688; x_wconf 90' lang='lat' dir='ltr'>suo</span> <span class='ocrx_word' id='word_1_137' title='bbox 1009 668 1062 688; x_wconf 89' lang='lat' dir='ltr'>co-</span> 
     </span>
     <span class='ocr_line' id='line_1_16' title="bbox 100 694 1060 739; baseline 0.004 -13"><span class='ocrx_word' id='word_1_138' title='bbox 100 696 250 739; x_wconf 74' lang='lat' dir='ltr'>gnomine</span> <span class='ocrx_word' id='word_1_139' title='bbox 269 694 410 729; x_wconf 88' lang='lat' dir='ltr'>declarat,</span> <span class='ocrx_word' id='word_1_140' title='bbox 431 698 549 726; x_wconf 88' lang='lat' dir='ltr'>tertiam</span> <span class='ocrx_word' id='word_1_141' title='bbox 566 706 679 737; x_wconf 88' lang='lat' dir='ltr'>partem</span> <span class='ocrx_word' id='word_1_142' title='bbox 697 698 779 728; x_wconf 87' lang='lat' dir='ltr'>orbis</span> <span class='ocrx_word' id='word_1_143' title='bbox 798 707 941 730; x_wconf 82' lang='lat' dir='ltr'>terrarum</span> <span class='ocrx_word' id='word_1_144' title='bbox 952 700 981 730; x_wconf 92' lang='lat' dir='ltr'>se</span> <span class='ocrx_word' id='word_1_145' title='bbox 991 700 1060 730; x_wconf 88' lang='lat' dir='ltr'>sub-</span> 
     </span>
     <span class='ocr_line' id='line_1_17' title="bbox 99 735 1059 780; baseline 0.002 -13"><span class='ocrx_word' id='word_1_146' title='bbox 99 736 202 779; x_wconf 77' lang='lat' dir='ltr'>egiffe,</span> <span class='ocrx_word' id='word_1_147' title='bbox 214 746 327 770; x_wconf 84' lang='lat' dir='ltr'>tamen,</span> <span class='ocrx_word' id='word_1_148' title='bbox 337 735 358 766; x_wconf 85' lang='lat' dir='ltr'><strong>fi</strong></span> <span class='ocrx_word' id='word_1_149' title='bbox 367 737 385 767; x_wconf 90' lang='lat' dir='ltr'>s</span> <span class='ocrx_word' id='word_1_150' title='bbox 382 748 416 767; x_wconf 90' lang='lat' dir='ltr'>ua</span> <span class='ocrx_word' id='word_1_151' title='bbox 425 747 470 768; x_wconf 90' lang='lat' dir='ltr'>res</span> <span class='ocrx_word' id='word_1_152' title='bbox 479 747 611 780; x_wconf 86' lang='lat' dir='ltr'>ageretur</span> <span class='ocrx_word' id='word_1_153' title='bbox 620 759 629 772; x_wconf 92' lang='lat'>‚</span> <span class='ocrx_word' id='word_1_154' title='bbox 640 738 853 770; x_wconf 89' lang='lat' dir='ltr'>testimonium</span> <span class='ocrx_word' id='word_1_155' title='bbox 865 751 929 771; x_wconf 89' lang='lat' dir='ltr'>non</span> <span class='ocrx_word' id='word_1_156' title='bbox 940 741 1059 772; x_wconf 88' lang='lat' dir='ltr'>diceret.</span> 
     </span>
     <span class='ocr_line' id='line_1_18' title="bbox 102 779 1060 817; baseline 0.005 -8"><span class='ocrx_word' id='word_1_157' title='bbox 102 789 174 812; x_wconf 82' lang='lat' dir='ltr'>nam</span> <span class='ocrx_word' id='word_1_158' title='bbox 183 779 260 809; x_wconf 83' lang='lat' dir='ltr'>illud</span> <span class='ocrx_word' id='word_1_159' title='bbox 271 781 305 808; x_wconf 91' lang='lat' dir='ltr'>in</span> <span class='ocrx_word' id='word_1_160' title='bbox 313 779 403 808; x_wconf 86' lang='lat' dir='ltr'>talem</span> <span class='ocrx_word' id='word_1_161' title='bbox 413 781 513 810; x_wconf 87' lang='lat' dir='ltr'>virum</span> <span class='ocrx_word' id='word_1_162' title='bbox 524 790 588 810; x_wconf 92' lang='lat' dir='ltr'>non</span> <span class='ocrx_word' id='word_1_163' title='bbox 599 780 695 810; x_wconf 84' lang='lat' dir='ltr'>audeo</span> <span class='ocrx_word' id='word_1_164' title='bbox 703 780 801 812; x_wconf 86' lang='lat' dir='ltr'>dicere</span> <span class='ocrx_word' id='word_1_165' title='bbox 812 792 818 811; x_wconf 77' lang='lat'>1</span> <span class='ocrx_word' id='word_1_166' title='bbox 831 780 851 812; x_wconf 88' lang='lat' dir='ltr'>fi</span> <span class='ocrx_word' id='word_1_167' title='bbox 861 783 983 817; x_wconf 86' lang='lat' dir='ltr'>diceret,</span> <span class='ocrx_word' id='word_1_168' title='bbox 996 793 1060 813; x_wconf 90' lang='lat' dir='ltr'>non</span> 
     </span>
     <span class='ocr_line' id='line_1_19' title="bbox 98 820 1060 865; baseline 0.002 -12"><span class='ocrx_word' id='word_1_169' title='bbox 98 821 278 853; x_wconf 82' lang='lat' dir='ltr'>crederetur.</span> <span class='ocrx_word' id='word_1_170' title='bbox 301 821 409 851; x_wconf 89' lang='lat' dir='ltr'>Videte</span> <span class='ocrx_word' id='word_1_171' title='bbox 419 831 501 851; x_wconf 91' lang='lat' dir='ltr'>nunc</span> <span class='ocrx_word' id='word_1_172' title='bbox 509 841 518 854; x_wconf 88' lang='lat'>‚</span> <span class='ocrx_word' id='word_1_173' title='bbox 529 820 621 861; x_wconf 71' lang='lat' dir='ltr'>quam</span> <span class='ocrx_word' id='word_1_174' title='bbox 628 822 711 853; x_wconf 88' lang='lat' dir='ltr'>versa</span> <span class='ocrx_word' id='word_1_175' title='bbox 720 823 754 853; x_wconf 89' lang='lat'>&amp;</span> <span class='ocrx_word' id='word_1_176' title='bbox 765 833 876 855; x_wconf 80' lang='lat' dir='ltr'>mutata</span> <span class='ocrx_word' id='word_1_177' title='bbox 884 826 917 854; x_wconf 93' lang='lat' dir='ltr'>in</span> <span class='ocrx_word' id='word_1_178' title='bbox 925 826 1060 865; x_wconf 82' lang='lat' dir='ltr'>peiorem</span> 
     </span>
     <span class='ocr_line' id='line_1_20' title="bbox 100 861 1062 907; baseline 0.004 -13"><span class='ocrx_word' id='word_1_179' title='bbox 100 872 217 905; x_wconf 84' lang='lat' dir='ltr'>partem</span> <span class='ocrx_word' id='word_1_180' title='bbox 226 861 282 892; x_wconf 86' lang='lat' dir='ltr'>sint</span> <span class='ocrx_word' id='word_1_181' title='bbox 291 864 404 892; x_wconf 87' lang='lat' dir='ltr'>omnia.</span> <span class='ocrx_word' id='word_1_182' title='bbox 424 862 502 892; x_wconf 75' lang='lat' dir='ltr'>Cum</span> <span class='ocrx_word' id='word_1_183' title='bbox 513 863 546 892; x_wconf 79' lang='lat' dir='ltr'>de</span> <span class='ocrx_word' id='word_1_184' title='bbox 555 862 635 897; x_wconf 68' lang='lat' dir='ltr'>bonis,</span> <span class='ocrx_word' id='word_1_185' title='bbox 648 864 681 893; x_wconf 76' lang='grc' dir='ltr'>δε</span> <span class='ocrx_word' id='word_1_186' title='bbox 690 864 722 893; x_wconf 83' lang='lat' dir='ltr'>de</span> <span class='ocrx_word' id='word_1_187' title='bbox 731 865 793 894; x_wconf 78' lang='lat' dir='ltr'>caede</span> <span class='ocrx_word' id='word_1_188' title='bbox 802 875 911 907; x_wconf 80' lang='lat' dir='ltr'>agatur,</span> <span class='ocrx_word' id='word_1_189' title='bbox 924 864 1062 897; x_wconf 84' lang='lat' dir='ltr'>testimo-</span> 
     </span>
     <span class='ocr_line' id='line_1_21' title="bbox 101 903 1060 946; baseline 0.003 -10"><span class='ocrx_word' id='word_1_190' title='bbox 101 908 191 936; x_wconf 83' lang='lat' dir='ltr'>nium</span> <span class='ocrx_word' id='word_1_191' title='bbox 203 904 336 935; x_wconf 67' lang='lat' dir='ltr'>dicturus</span> <span class='ocrx_word' id='word_1_192' title='bbox 345 903 388 934; x_wconf 84' lang='lat' dir='ltr'>est</span> <span class='ocrx_word' id='word_1_193' title='bbox 398 905 422 934; x_wconf 85' lang='lat' dir='ltr'>is</span> <span class='ocrx_word' id='word_1_194' title='bbox 432 924 441 938; x_wconf 92' lang='lat'>,</span> <span class='ocrx_word' id='word_1_195' title='bbox 454 906 505 946; x_wconf 82' lang='lat' dir='ltr'>qui</span> <span class='ocrx_word' id='word_1_196' title='bbox 516 905 549 935; x_wconf 74' lang='grc' dir='ltr'>δε</span> <span class='ocrx_word' id='word_1_197' title='bbox 558 904 655 936; x_wconf 53' lang='lat' dir='ltr'>fastor</span> <span class='ocrx_word' id='word_1_198' title='bbox 663 905 706 936; x_wconf 87' lang='lat' dir='ltr'>est</span> <span class='ocrx_word' id='word_1_199' title='bbox 717 927 724 939; x_wconf 86' lang='lat'>,</span> <span class='ocrx_word' id='word_1_200' title='bbox 739 907 772 937; x_wconf 89' lang='lat'>&amp;</span> <span class='ocrx_word' id='word_1_201' title='bbox 783 906 898 939; x_wconf 84' lang='lat' dir='ltr'>sicarius</span> <span class='ocrx_word' id='word_1_202' title='bbox 911 919 916 938; x_wconf 76' lang='grc' dir='ltr'>ε</span> <span class='ocrx_word' id='word_1_203' title='bbox 936 910 995 939; x_wconf 92' lang='lat' dir='ltr'>hoc</span> <span class='ocrx_word' id='word_1_204' title='bbox 1006 908 1060 942; x_wconf 86' lang='lat' dir='ltr'>est,</span> 
     </span>
     <span class='ocr_line' id='line_1_22' title="bbox 100 945 1081 1000; baseline 0.005 -23"><span class='ocrx_word' id='word_1_205' title='bbox 100 949 156 989; x_wconf 89' lang='lat' dir='ltr'>qui</span> <span class='ocrx_word' id='word_1_206' title='bbox 167 948 200 977; x_wconf 89' lang='lat'>&amp;</span> <span class='ocrx_word' id='word_1_207' title='bbox 208 947 334 976; x_wconf 88' lang='lat' dir='ltr'>illorum</span> <span class='ocrx_word' id='word_1_208' title='bbox 342 945 474 985; x_wconf 86' lang='lat' dir='ltr'>ipsorum</span> <span class='ocrx_word' id='word_1_209' title='bbox 487 946 649 981; x_wconf 90' lang='lat' dir='ltr'>bonorum,</span> <span class='ocrx_word' id='word_1_210' title='bbox 662 947 698 978; x_wconf 81' lang='lat' dir='ltr'>de</span> <span class='ocrx_word' id='word_1_211' title='bbox 707 949 817 989; x_wconf 87' lang='lat' dir='ltr'>quibus</span> <span class='ocrx_word' id='word_1_212' title='bbox 827 952 921 991; x_wconf 88' lang='lat' dir='ltr'>agitur</span> <span class='ocrx_word' id='word_1_213' title='bbox 930 971 938 984; x_wconf 86' lang='lat'>‚</span> <span class='ocrx_word' id='word_1_214' title='bbox 949 960 1059 984; x_wconf 87' lang='lat' dir='ltr'>emtor,</span> <span class='ocrx_word' id='word_1_215' title='bbox 1079 984 1081 1000; x_wconf 62' lang='grc' dir='ltr'>Ι</span> 
     </span>
     <span class='ocr_line' id='line_1_23' title="bbox 99 986 1081 1030; baseline 0.004 -11"><span class='ocrx_word' id='word_1_216' title='bbox 99 998 187 1030; x_wconf 81' lang='lat' dir='ltr'>atque</span> <span class='ocrx_word' id='word_1_217' title='bbox 194 986 338 1028; x_wconf 76' lang='lat' dir='ltr'>poss&#39;effor</span> <span class='ocrx_word' id='word_1_218' title='bbox 347 986 389 1017; x_wconf 87' lang='lat' dir='ltr'>est</span> <span class='ocrx_word' id='word_1_219' title='bbox 400 999 405 1016; x_wconf 90' lang='lat'>:</span> <span class='ocrx_word' id='word_1_220' title='bbox 426 988 460 1018; x_wconf 88' lang='lat'>&amp;</span> <span class='ocrx_word' id='word_1_221' title='bbox 470 998 540 1018; x_wconf 92' lang='lat' dir='ltr'>eum</span> <span class='ocrx_word' id='word_1_222' title='bbox 551 990 713 1019; x_wconf 90' lang='lat' dir='ltr'>hominem</span> <span class='ocrx_word' id='word_1_223' title='bbox 722 991 925 1022; x_wconf 90' lang='lat' dir='ltr'>occidendum</span> <span class='ocrx_word' id='word_1_224' title='bbox 934 995 1058 1027; x_wconf 89' lang='lat' dir='ltr'>curavit,</span> <span class='ocrx_word' id='word_1_225' title='bbox 1079 1003 1081 1012; x_wconf 65' lang='lat'>&gt;</span> 
     </span>
     <span class='ocr_line' id='line_1_24' title="bbox 99 1030 1060 1076; baseline 0.003 -14"><span class='ocrx_word' id='word_1_226' title='bbox 99 1030 138 1062; x_wconf 85' lang='lat' dir='ltr'>de</span> <span class='ocrx_word' id='word_1_227' title='bbox 147 1031 232 1069; x_wconf 80' lang='lat' dir='ltr'>cujus</span> <span class='ocrx_word' id='word_1_228' title='bbox 240 1037 338 1059; x_wconf 91' lang='lat' dir='ltr'>morte</span> <span class='ocrx_word' id='word_1_229' title='bbox 347 1031 497 1070; x_wconf 83' lang='lat' dir='ltr'>quaeritur.</span> <span class='ocrx_word' id='word_1_230' title='bbox 521 1031 602 1072; x_wconf 87' lang='lat' dir='ltr'>Qid</span> <span class='ocrx_word' id='word_1_231' title='bbox 622 1040 654 1061; x_wconf 87' lang='lat' dir='ltr'>tu</span> <span class='ocrx_word' id='word_1_232' title='bbox 672 1033 719 1062; x_wconf 92' lang='lat' dir='ltr'>vir</span> <span class='ocrx_word' id='word_1_233' title='bbox 735 1035 872 1073; x_wconf 89' lang='lat' dir='ltr'>optime?</span> <span class='ocrx_word' id='word_1_234' title='bbox 890 1034 996 1076; x_wconf 89' lang='lat' dir='ltr'>ecquid</span> <span class='ocrx_word' id='word_1_235' title='bbox 1007 1036 1060 1065; x_wconf 84' lang='lat' dir='ltr'>ha-</span> 
     </span>
     <span class='ocr_line' id='line_1_25' title="bbox 100 1070 1059 1117; baseline 0.005 -15"><span class='ocrx_word' id='word_1_236' title='bbox 100 1073 164 1106; x_wconf 87' lang='lat' dir='ltr'>bes,</span> <span class='ocrx_word' id='word_1_237' title='bbox 175 1070 256 1114; x_wconf 89' lang='lat' dir='ltr'>quod</span> <span class='ocrx_word' id='word_1_238' title='bbox 290 1072 346 1101; x_wconf 76' lang='lat' dir='ltr'>‘cas</span> <span class='ocrx_word' id='word_1_239' title='bbox 358 1074 368 1100; x_wconf 89' lang='lat'>?</span> <span class='ocrx_word' id='word_1_240' title='bbox 379 1072 457 1101; x_wconf 88' lang='lat' dir='ltr'>mihi</span> <span class='ocrx_word' id='word_1_241' title='bbox 466 1072 594 1103; x_wconf 87' lang='lat' dir='ltr'>ausculta</span> <span class='ocrx_word' id='word_1_242' title='bbox 605 1083 610 1102; x_wconf 91' lang='lat'>:</span> <span class='ocrx_word' id='word_1_243' title='bbox 622 1073 702 1107; x_wconf 88' lang='lat' dir='ltr'>vide,</span> <span class='ocrx_word' id='word_1_244' title='bbox 714 1084 752 1104; x_wconf 87' lang='lat' dir='ltr'>nc</span> <span class='ocrx_word' id='word_1_245' title='bbox 762 1076 816 1105; x_wconf 88' lang='lat' dir='ltr'>tibi</span> <span class='ocrx_word' id='word_1_246' title='bbox 826 1073 911 1106; x_wconf 74' lang='lat' dir='ltr'>desis.</span> <span class='ocrx_word' id='word_1_247' title='bbox 923 1086 971 1107; x_wconf 83' lang='lat' dir='ltr'>tua</span> <span class='ocrx_word' id='word_1_248' title='bbox 981 1087 1059 1117; x_wconf 88' lang='lat' dir='ltr'>quo-</span> 
     </span>
     <span class='ocr_line' id='line_1_26' title="bbox 95 1111 1057 1156; baseline 0.007 -14"><span class='ocrx_word' id='word_1_249' title='bbox 95 1124 158 1156; x_wconf 86' lang='lat' dir='ltr'>que</span> <span class='ocrx_word' id='word_1_250' title='bbox 168 1111 213 1143; x_wconf 75' lang='lat' dir='ltr'>res</span> <span class='ocrx_word' id='word_1_251' title='bbox 220 1122 272 1153; x_wconf 91' lang='lat' dir='ltr'>per</span> <span class='ocrx_word' id='word_1_252' title='bbox 307 1123 379 1154; x_wconf 87' lang='lat' dir='ltr'>agna</span> <span class='ocrx_word' id='word_1_253' title='bbox 389 1115 494 1155; x_wconf 87' lang='lat' dir='ltr'>agitur.</span> <span class='ocrx_word' id='word_1_254' title='bbox 514 1115 610 1145; x_wconf 84' lang='lat' dir='ltr'>multa</span> <span class='ocrx_word' id='word_1_255' title='bbox 620 1115 755 1146; x_wconf 79' lang='lat' dir='ltr'>scelerate</span> <span class='ocrx_word' id='word_1_256' title='bbox 767 1137 776 1150; x_wconf 90' lang='lat'>,</span> <span class='ocrx_word' id='word_1_257' title='bbox 795 1119 890 1148; x_wconf 88' lang='lat' dir='ltr'>multa</span> <span class='ocrx_word' id='word_1_258' title='bbox 899 1118 1057 1153; x_wconf 76' lang='lat' dir='ltr'>audaciter,</span> 
     </span>
     <span class='ocr_line' id='line_1_27' title="bbox 98 1154 1060 1200; baseline 0.005 -14"><span class='ocrx_word' id='word_1_259' title='bbox 98 1155 197 1187; x_wconf 87' lang='lat' dir='ltr'>multa</span> <span class='ocrx_word' id='word_1_260' title='bbox 214 1155 354 1195; x_wconf 75' lang='lat' dir='ltr'>improbe</span> <span class='ocrx_word' id='word_1_261' title='bbox 367 1154 465 1186; x_wconf 83' lang='lat' dir='ltr'>fecisti</span> <span class='ocrx_word' id='word_1_262' title='bbox 476 1166 482 1185; x_wconf 89' lang='lat'>:</span> <span class='ocrx_word' id='word_1_263' title='bbox 512 1165 610 1187; x_wconf 86' lang='lat' dir='ltr'>unum</span> <span class='ocrx_word' id='word_1_264' title='bbox 628 1156 797 1189; x_wconf 74' lang='lat' dir='ltr'>stultiffime</span> <span class='ocrx_word' id='word_1_265' title='bbox 812 1179 821 1192; x_wconf 92' lang='lat'>,</span> <span class='ocrx_word' id='word_1_266' title='bbox 849 1159 987 1200; x_wconf 60' lang='lat' dir='ltr'>profes-Pto</span> <span class='ocrx_word' id='word_1_267' title='bbox 1011 1170 1060 1191; x_wconf 91' lang='lat' dir='ltr'>tua</span> 
     </span>
     <span class='ocr_line' id='line_1_28' title="bbox 100 1196 1060 1241; baseline 0.005 -13"><span class='ocrx_word' id='word_1_268' title='bbox 100 1198 224 1239; x_wconf 85' lang='lat' dir='ltr'>sponte,</span> <span class='ocrx_word' id='word_1_269' title='bbox 245 1206 309 1227; x_wconf 90' lang='lat' dir='ltr'>non</span> <span class='ocrx_word' id='word_1_270' title='bbox 319 1196 355 1226; x_wconf 84' lang='lat' dir='ltr'>de</span> <span class='ocrx_word' id='word_1_271' title='bbox 365 1199 466 1228; x_wconf 91' lang='lat' dir='ltr'>Erucii</span> <span class='ocrx_word' id='word_1_272' title='bbox 476 1197 638 1229; x_wconf 78' lang='lat' dir='ltr'>sententia:</span> <span class='ocrx_word' id='word_1_273' title='bbox 657 1199 737 1230; x_wconf 85' lang='lat' dir='ltr'>nihil</span> <span class='ocrx_word' id='word_1_274' title='bbox 755 1210 832 1241; x_wconf 90' lang='lat' dir='ltr'>opus</span> <span class='ocrx_word' id='word_1_275' title='bbox 846 1201 907 1232; x_wconf 87' lang='lat' dir='ltr'>fuit</span> <span class='ocrx_word' id='word_1_276' title='bbox 923 1204 938 1222; x_wconf 81' lang='lat'><em>²</em></span> <span class='ocrx_word' id='word_1_277' title='bbox 948 1212 976 1232; x_wconf 90' lang='lat' dir='ltr'>te</span> <span class='ocrx_word' id='word_1_278' title='bbox 992 1202 1060 1233; x_wconf 90' lang='lat' dir='ltr'>istic</span> 
     </span>
     <span class='ocr_line' id='line_1_29' title="bbox 99 1239 1060 1286; baseline 0.005 -16"><span class='ocrx_word' id='word_1_279' title='bbox 99 1239 210 1273; x_wconf 88' lang='lat' dir='ltr'>sedere.</span> <span class='ocrx_word' id='word_1_280' title='bbox 249 1241 374 1277; x_wconf 59' lang='lat' dir='ltr'>NEQJJ:</span> <span class='ocrx_word' id='word_1_281' title='bbox 390 1248 480 1269; x_wconf 76' lang='lat' dir='ltr'>EN1M</span> <span class='ocrx_word' id='word_1_282' title='bbox 501 1249 723 1271; x_wconf 78' lang='lat' dir='ltr'>ACCUSATORE</span> <span class='ocrx_word' id='word_1_283' title='bbox 739 1252 826 1272; x_wconf 90' lang='lat' dir='ltr'>muto</span> <span class='ocrx_word' id='word_1_284' title='bbox 835 1263 843 1276; x_wconf 87' lang='lat'>‚</span> <span class='ocrx_word' id='word_1_285' title='bbox 872 1254 970 1286; x_wconf 87' lang='lat' dir='ltr'>neque</span> <span class='ocrx_word' id='word_1_286' title='bbox 987 1244 1060 1275; x_wconf 90' lang='lat' dir='ltr'>teste</span> 
     </span>
     <span class='ocr_line' id='line_1_30' title="bbox 99 1281 1059 1328; baseline 0.005 -16"><span class='ocrx_word' id='word_1_287' title='bbox 99 1282 258 1324; x_wconf 87' lang='lat' dir='ltr'>quisquam</span> <span class='ocrx_word' id='word_1_288' title='bbox 268 1283 362 1310; x_wconf 92' lang='lat' dir='ltr'>utitur</span> <span class='ocrx_word' id='word_1_289' title='bbox 368 1291 417 1315; x_wconf 94' lang='lat' dir='ltr'>eo,</span> <span class='ocrx_word' id='word_1_290' title='bbox 429 1284 481 1322; x_wconf 91' lang='lat' dir='ltr'>qui</span> <span class='ocrx_word' id='word_1_291' title='bbox 491 1281 528 1311; x_wconf 89' lang='lat' dir='ltr'>de</span> <span class='ocrx_word' id='word_1_292' title='bbox 537 1284 709 1313; x_wconf 82' lang='lat' dir='ltr'>accusatoris</span> <span class='ocrx_word' id='word_1_293' title='bbox 720 1284 859 1315; x_wconf 87' lang='lat' dir='ltr'>subsellio</span> <span class='ocrx_word' id='word_1_294' title='bbox 871 1286 970 1328; x_wconf 84' lang='lat' dir='ltr'>surgit.</span> <span class='ocrx_word' id='word_1_295' title='bbox 991 1289 1059 1317; x_wconf 90' lang='lat' dir='ltr'>Huc</span> 
     </span>
     <span class='ocr_line' id='line_1_31' title="bbox 99 1321 1060 1369; baseline 0.005 -15"><span class='ocrx_word' id='word_1_296' title='bbox 99 1325 215 1356; x_wconf 84' lang='lat' dir='ltr'>accedit</span> <span class='ocrx_word' id='word_1_297' title='bbox 225 1343 234 1357; x_wconf 85' lang='lat'>,</span> <span class='ocrx_word' id='word_1_298' title='bbox 245 1321 327 1369; x_wconf 72' lang='lat' dir='ltr'>quod</span> <span class='ocrx_word' id='word_1_299' title='bbox 337 1323 440 1363; x_wconf 90' lang='lat' dir='ltr'>paullo</span> <span class='ocrx_word' id='word_1_300' title='bbox 450 1324 598 1356; x_wconf 84' lang='lat' dir='ltr'>occultior</span> <span class='ocrx_word' id='word_1_301' title='bbox 609 1345 617 1358; x_wconf 87' lang='lat'>‚</span> <span class='ocrx_word' id='word_1_302' title='bbox 630 1335 714 1366; x_wconf 89' lang='lat' dir='ltr'>atque</span> <span class='ocrx_word' id='word_1_303' title='bbox 725 1325 833 1356; x_wconf 59' lang='lat' dir='ltr'>tectior</span> <span class='ocrx_word' id='word_1_304' title='bbox 842 1327 936 1358; x_wconf 85' lang='lat' dir='ltr'>vestra</span> <span class='ocrx_word' id='word_1_305' title='bbox 946 1327 999 1358; x_wconf 92' lang='lat' dir='ltr'>ista</span> <span class='ocrx_word' id='word_1_306' title='bbox 1008 1339 1060 1359; x_wconf 84' lang='lat' dir='ltr'>cu-</span> 
     </span>
     <span class='ocr_line' id='line_1_32' title="bbox 97 1364 1060 1408; baseline 0.005 -13"><span class='ocrx_word' id='word_1_307' title='bbox 97 1366 208 1408; x_wconf 79' lang='lat' dir='ltr'>piditas</span> <span class='ocrx_word' id='word_1_308' title='bbox 218 1364 299 1395; x_wconf 90' lang='lat' dir='ltr'>esset.</span> <span class='ocrx_word' id='word_1_309' title='bbox 322 1375 404 1395; x_wconf 91' lang='lat' dir='ltr'>nunc</span> <span class='ocrx_word' id='word_1_310' title='bbox 414 1365 486 1406; x_wconf 89' lang='lat' dir='ltr'>quid</span> <span class='ocrx_word' id='word_1_311' title='bbox 495 1365 538 1395; x_wconf 88' lang='lat' dir='ltr'>est</span> <span class='ocrx_word' id='word_1_312' title='bbox 547 1387 555 1399; x_wconf 89' lang='lat'>‚</span> <span class='ocrx_word' id='word_1_313' title='bbox 576 1365 658 1407; x_wconf 67' lang='lat' dir='ltr'>quod</span> <span class='ocrx_word' id='word_1_314' title='bbox 671 1371 684 1395; x_wconf 85' lang='lat'>3</span> <span class='ocrx_word' id='word_1_315' title='bbox 694 1369 852 1408; x_wconf 87' lang='lat' dir='ltr'>quisquam</span> <span class='ocrx_word' id='word_1_316' title='bbox 865 1380 902 1400; x_wconf 86' lang='lat' dir='ltr'>ex</span> <span class='ocrx_word' id='word_1_317' title='bbox 912 1371 999 1400; x_wconf 88' lang='lat' dir='ltr'>vobis</span> <span class='ocrx_word' id='word_1_318' title='bbox 1009 1381 1060 1400; x_wconf 74' lang='lat' dir='ltr'>au-</span> 
     </span>
     <span class='ocr_line' id='line_1_33' title="bbox 97 1405 1060 1448; baseline 0.004 -9"><span class='ocrx_word' id='word_1_319' title='bbox 97 1408 165 1439; x_wconf 84' lang='lat' dir='ltr'>dire</span> <span class='ocrx_word' id='word_1_320' title='bbox 174 1405 325 1439; x_wconf 81' lang='lat' dir='ltr'>desideret,</span> <span class='ocrx_word' id='word_1_321' title='bbox 336 1405 419 1441; x_wconf 75' lang='lat' dir='ltr'>cum,</span> <span class='ocrx_word' id='word_1_322' title='bbox 430 1417 494 1448; x_wconf 87' lang='lat' dir='ltr'>quae</span> <span class='ocrx_word' id='word_1_323' title='bbox 502 1406 610 1441; x_wconf 81' lang='lat' dir='ltr'>facitis,</span> <span class='ocrx_word' id='word_1_324' title='bbox 623 1410 772 1447; x_wconf 83' lang='lat' dir='ltr'>ejusmodi</span> <span class='ocrx_word' id='word_1_325' title='bbox 783 1409 839 1440; x_wconf 88' lang='lat' dir='ltr'>sint</span> <span class='ocrx_word' id='word_1_326' title='bbox 849 1432 857 1445; x_wconf 93' lang='lat'>,</span> <span class='ocrx_word' id='word_1_327' title='bbox 876 1421 908 1442; x_wconf 85' lang='lat' dir='ltr'>ut</span> <span class='ocrx_word' id='word_1_328' title='bbox 920 1422 952 1442; x_wconf 85' lang='lat' dir='ltr'>ea</span> <span class='ocrx_word' id='word_1_329' title='bbox 962 1412 1060 1443; x_wconf 88' lang='lat' dir='ltr'>dedita</span> 
     </span>
     <span class='ocr_line' id='line_1_34' title="bbox 98 1448 1060 1496; baseline 0.006 -17"><span class='ocrx_word' id='word_1_330' title='bbox 98 1459 191 1491; x_wconf 87' lang='lat' dir='ltr'>opera</span> <span class='ocrx_word' id='word_1_331' title='bbox 205 1452 223 1476; x_wconf 71' lang='lat'>4</span> <span class='ocrx_word' id='word_1_332' title='bbox 233 1448 248 1479; x_wconf 72' lang='lat' dir='ltr'>a</span> <span class='ocrx_word' id='word_1_333' title='bbox 266 1449 356 1478; x_wconf 89' lang='lat' dir='ltr'>nobis</span> <span class='ocrx_word' id='word_1_334' title='bbox 373 1458 475 1480; x_wconf 87' lang='lat' dir='ltr'>contra</span> <span class='ocrx_word' id='word_1_335' title='bbox 483 1451 682 1491; x_wconf 88' lang='lat' dir='ltr'>vosmetipsos</span> <span class='ocrx_word' id='word_1_336' title='bbox 691 1451 785 1482; x_wconf 85' lang='lat' dir='ltr'>facere</span> <span class='ocrx_word' id='word_1_337' title='bbox 794 1452 981 1485; x_wconf 85' lang='lat' dir='ltr'>videamini?</span> <span class='ocrx_word' id='word_1_338' title='bbox 998 1457 1060 1496; x_wconf 85' lang='lat' dir='ltr'>Age</span> 
     </span>
     <span class='ocr_line' id='line_1_35' title="bbox 104 1490 1059 1534; baseline 0.004 -13"><span class='ocrx_word' id='word_1_339' title='bbox 104 1501 186 1523; x_wconf 87' lang='lat' dir='ltr'>nunc</span> <span class='ocrx_word' id='word_1_340' title='bbox 197 1511 206 1524; x_wconf 90' lang='lat'><em>‚</em></span> <span class='ocrx_word' id='word_1_341' title='bbox 225 1490 277 1520; x_wconf 88' lang='lat' dir='ltr'>illa</span> <span class='ocrx_word' id='word_1_342' title='bbox 285 1490 441 1521; x_wconf 87' lang='lat' dir='ltr'>videamus</span> <span class='ocrx_word' id='word_1_343' title='bbox 455 1512 463 1525; x_wconf 87' lang='lat'><em>,</em></span> <span class='ocrx_word' id='word_1_344' title='bbox 482 1492 598 1531; x_wconf 79' lang='lat' dir='ltr'>judices</span> <span class='ocrx_word' id='word_1_345' title='bbox 609 1513 617 1526; x_wconf 89' lang='lat'>‚</span> <span class='ocrx_word' id='word_1_346' title='bbox 628 1503 694 1534; x_wconf 83' lang='lat' dir='ltr'>qua:</span> <span class='ocrx_word' id='word_1_347' title='bbox 704 1493 803 1524; x_wconf 86' lang='lat' dir='ltr'>statim</span> <span class='ocrx_word' id='word_1_348' title='bbox 813 1497 971 1527; x_wconf 84' lang='lat' dir='ltr'>consecuta</span> <span class='ocrx_word' id='word_1_349' title='bbox 979 1496 1059 1526; x_wconf 89' lang='lat' dir='ltr'>sunt.</span> 
     </span>
    </p>
   </div>
   <div class='ocr_carea' id='block_1_5' title="bbox 90 1575 1078 2709">
    <p class='ocr_par' dir='ltr' id='par_1_5' title="bbox 94 1575 1077 1745">
     <span class='ocr_line' id='line_1_36' title="bbox 104 1575 884 1618; baseline -0.001 -10"><span class='ocrx_word' id='word_1_350' title='bbox 104 1576 166 1608; x_wconf 89' lang='lat' dir='ltr'>duo</span> <span class='ocrx_word' id='word_1_351' title='bbox 174 1595 183 1610; x_wconf 90' lang='lat'>‚</span> <span class='ocrx_word' id='word_1_352' title='bbox 201 1584 261 1616; x_wconf 90' lang='lat' dir='ltr'>quo</span> <span class='ocrx_word' id='word_1_353' title='bbox 272 1577 296 1604; x_wconf 90' lang='lat' dir='ltr'>is</span> <span class='ocrx_word' id='word_1_354' title='bbox 307 1575 421 1606; x_wconf 81' lang='lat' dir='ltr'>occisus</span> <span class='ocrx_word' id='word_1_355' title='bbox 430 1575 474 1606; x_wconf 88' lang='lat' dir='ltr'>est</span> <span class='ocrx_word' id='word_1_356' title='bbox 483 1595 492 1609; x_wconf 92' lang='lat'>‚</span> <span class='ocrx_word' id='word_1_357' title='bbox 513 1577 709 1618; x_wconf 79' lang='lat' dir='ltr'>Chrysogono</span> <span class='ocrx_word' id='word_1_358' title='bbox 720 1581 884 1610; x_wconf 89' lang='lat' dir='ltr'>nuntiatur.</span> 
     </span>
     <span class='ocr_line' id='line_1_37' title="bbox 99 1619 1077 1666; baseline 0.004 -18"><span class='ocrx_word' id='word_1_359' title='bbox 99 1619 192 1648; x_wconf 78' lang='lat' dir='ltr'>etiam</span> <span class='ocrx_word' id='word_1_360' title='bbox 209 1626 292 1647; x_wconf 86' lang='lat' dir='ltr'>nunc</span> <span class='ocrx_word' id='word_1_361' title='bbox 303 1637 311 1651; x_wconf 83' lang='lat'><em>,</em></span> <span class='ocrx_word' id='word_1_362' title='bbox 335 1619 403 1658; x_wconf 85' lang='lat' dir='ltr'>quis</span> <span class='ocrx_word' id='word_1_363' title='bbox 422 1628 493 1648; x_wconf 87' lang='lat' dir='ltr'>eum</span> <span class='ocrx_word' id='word_1_364' title='bbox 512 1621 656 1649; x_wconf 86' lang='lat' dir='ltr'>nuntium</span> <span class='ocrx_word' id='word_1_365' title='bbox 672 1620 806 1653; x_wconf 86' lang='lat' dir='ltr'>miserit?</span> <span class='ocrx_word' id='word_1_366' title='bbox 826 1623 940 1653; x_wconf 84' lang='lat' dir='ltr'>Nonne</span> <span class='ocrx_word' id='word_1_367' title='bbox 949 1622 1060 1663; x_wconf 83' lang='lat' dir='ltr'>perspi-</span> <span class='ocrx_word' id='word_1_368' title='bbox 1075 1635 1077 1666; x_wconf 51' lang='grc' dir='ltr'><strong>ι</strong></span> 
     </span>
     <span class='ocr_line' id='line_1_38' title="bbox 94 1658 1077 1710; baseline 0.005 -20"><span class='ocrx_word' id='word_1_369' title='bbox 94 1669 194 1692; x_wconf 88' lang='lat' dir='ltr'>-cuum</span> <span class='ocrx_word' id='word_1_370' title='bbox 202 1658 256 1692; x_wconf 89' lang='lat' dir='ltr'>est,</span> <span class='ocrx_word' id='word_1_371' title='bbox 268 1659 411 1693; x_wconf 88' lang='lat' dir='ltr'>eundem,</span> <span class='ocrx_word' id='word_1_372' title='bbox 421 1662 473 1701; x_wconf 88' lang='lat' dir='ltr'>qui</span> <span class='ocrx_word' id='word_1_373' title='bbox 485 1663 660 1694; x_wconf 82' lang='lat' dir='ltr'>Ameriam?</span> <span class='ocrx_word' id='word_1_374' title='bbox 680 1665 768 1693; x_wconf 85' lang='lat' dir='ltr'>Curat</span> <span class='ocrx_word' id='word_1_375' title='bbox 777 1664 988 1706; x_wconf 81' lang='lat' dir='ltr'>Chrysogonus</span> <span class='ocrx_word' id='word_1_376' title='bbox 999 1685 1007 1698; x_wconf 92' lang='lat'>,</span> <span class='ocrx_word' id='word_1_377' title='bbox 1027 1673 1060 1695; x_wconf 92' lang='lat' dir='ltr'>ut</span> <span class='ocrx_word' id='word_1_378' title='bbox 1076 1699 1077 1710; x_wconf 15' lang='grc' dir='ltr'>ἵ</span> 
     </span>
     <span class='ocr_line' id='line_1_39' title="bbox 99 1701 1060 1745; baseline 0.003 -12"><span class='ocrx_word' id='word_1_379' title='bbox 99 1702 166 1742; x_wconf 86' lang='lat' dir='ltr'>ejus</span> <span class='ocrx_word' id='word_1_380' title='bbox 181 1701 261 1732; x_wconf 90' lang='lat' dir='ltr'>bona</span> <span class='ocrx_word' id='word_1_381' title='bbox 276 1710 405 1732; x_wconf 82' lang='lat' dir='ltr'>veneant</span> <span class='ocrx_word' id='word_1_382' title='bbox 422 1702 520 1733; x_wconf 84' lang='lat' dir='ltr'>statim</span> <span class='ocrx_word' id='word_1_383' title='bbox 532 1715 542 1738; x_wconf 72' lang='lat'>5</span> <span class='ocrx_word' id='word_1_384' title='bbox 561 1707 613 1745; x_wconf 90' lang='lat' dir='ltr'>qui</span> <span class='ocrx_word' id='word_1_385' title='bbox 631 1714 695 1735; x_wconf 88' lang='lat' dir='ltr'>non</span> <span class='ocrx_word' id='word_1_386' title='bbox 716 1715 800 1736; x_wconf 86' lang='lat' dir='ltr'>norat</span> <span class='ocrx_word' id='word_1_387' title='bbox 808 1706 968 1736; x_wconf 87' lang='lat' dir='ltr'>hominem</span> <span class='ocrx_word' id='word_1_388' title='bbox 981 1727 989 1739; x_wconf 94' lang='lat'>,</span> <span class='ocrx_word' id='word_1_389' title='bbox 1010 1716 1060 1737; x_wconf 86' lang='lat' dir='ltr'>aut</span> 
     </span>
    </p>

    <p class='ocr_par' dir='ltr' id='par_1_6' title="bbox 99 1741 1059 1789">
     <span class='ocr_line' id='line_1_40' title="bbox 99 1741 1059 1789; baseline 0.003 -14"><span class='ocrx_word' id='word_1_390' title='bbox 99 1753 176 1775; x_wconf 85' lang='lat' dir='ltr'>rem.</span> <span class='ocrx_word' id='word_1_391' title='bbox 208 1745 248 1773; x_wconf 85' lang='lat' dir='ltr'>At</span> <span class='ocrx_word' id='word_1_392' title='bbox 264 1741 316 1784; x_wconf 78' lang='lat' dir='ltr'>qui</span> <span class='ocrx_word' id='word_1_393' title='bbox 325 1745 352 1773; x_wconf 93' lang='lat' dir='ltr'>ei</span> <span class='ocrx_word' id='word_1_394' title='bbox 362 1746 448 1774; x_wconf 90' lang='lat' dir='ltr'>venit</span> <span class='ocrx_word' id='word_1_395' title='bbox 455 1746 488 1774; x_wconf 90' lang='lat' dir='ltr'>in</span> <span class='ocrx_word' id='word_1_396' title='bbox 501 1755 636 1776; x_wconf 90' lang='lat' dir='ltr'>mentem</span> <span class='ocrx_word' id='word_1_397' title='bbox 641 1747 744 1789; x_wconf 74' lang='lat' dir='ltr'>pradia</span> <span class='ocrx_word' id='word_1_398' title='bbox 754 1748 936 1789; x_wconf 74' lang='lat' dir='ltr'>concupiscere</span> <span class='ocrx_word' id='word_1_399' title='bbox 945 1749 1059 1778; x_wconf 62' lang='lat' dir='ltr'>hominia</span> 
     </span>
    </p>

    <p class='ocr_par' dir='ltr' id='par_1_7' title="bbox 94 1785 1059 1828">
     <span class='ocr_line' id='line_1_41' title="bbox 94 1785 1059 1828; baseline 0.004 -12"><span class='ocrx_word' id='word_1_400' title='bbox 94 1785 191 1827; x_wconf 68' lang='lat' dir='ltr'>ignoti</span> <span class='ocrx_word' id='word_1_401' title='bbox 200 1804 208 1819; x_wconf 91' lang='lat'>‚</span> <span class='ocrx_word' id='word_1_402' title='bbox 228 1795 319 1826; x_wconf 90' lang='lat' dir='ltr'>quem</span> <span class='ocrx_word' id='word_1_403' title='bbox 329 1785 460 1816; x_wconf 82' lang='lat' dir='ltr'>omnino</span> <span class='ocrx_word' id='word_1_404' title='bbox 469 1797 626 1828; x_wconf 87' lang='lat' dir='ltr'>nunquam</span> <span class='ocrx_word' id='word_1_405' title='bbox 635 1789 767 1821; x_wconf 82' lang='lat' dir='ltr'>viderat?</span> <span class='ocrx_word' id='word_1_406' title='bbox 783 1790 891 1820; x_wconf 88' lang='lat' dir='ltr'>Soletis</span> <span class='ocrx_word' id='word_1_407' title='bbox 902 1811 910 1824; x_wconf 86' lang='lat'><em>,</em></span> <span class='ocrx_word' id='word_1_408' title='bbox 921 1789 993 1821; x_wconf 75' lang='lat' dir='ltr'>cum</span> <span class='ocrx_word' id='word_1_409' title='bbox 1004 1791 1059 1821; x_wconf 90' lang='lat' dir='ltr'>ali-</span> 
     </span>
    </p>

    <p class='ocr_par' dir='ltr' id='par_1_8' title="bbox 96 1827 1056 1869">
     <span class='ocr_line' id='line_1_42' title="bbox 96 1827 1056 1869; baseline 0.005 -11"><span class='ocrx_word' id='word_1_410' title='bbox 96 1827 174 1869; x_wconf 89' lang='lat' dir='ltr'>quid</span> <span class='ocrx_word' id='word_1_411' title='bbox 183 1827 391 1867; x_wconf 83' lang='lat' dir='ltr'>hujuscemodi</span> <span class='ocrx_word' id='word_1_412' title='bbox 401 1829 512 1859; x_wconf 83' lang='lat' dir='ltr'>auditis</span> <span class='ocrx_word' id='word_1_413' title='bbox 521 1850 529 1863; x_wconf 85' lang='lat'>‚</span> <span class='ocrx_word' id='word_1_414' title='bbox 542 1830 655 1867; x_wconf 82' lang='lat' dir='ltr'>judices</span> <span class='ocrx_word' id='word_1_415' title='bbox 666 1851 674 1865; x_wconf 86' lang='lat'>‚</span> <span class='ocrx_word' id='word_1_416' title='bbox 694 1831 844 1862; x_wconf 74' lang='lat' dir='ltr'>continuo</span> <span class='ocrx_word' id='word_1_417' title='bbox 854 1832 951 1863; x_wconf 86' lang='lat' dir='ltr'>dicere</span> <span class='ocrx_word' id='word_1_418' title='bbox 961 1853 969 1866; x_wconf 95' lang='lat'>‚</span> <span class='ocrx_word' id='word_1_419' title='bbox 990 1835 1056 1863; x_wconf 88' lang='lat' dir='ltr'>Ne-</span> 
     </span>
    </p>

    <p class='ocr_par' dir='ltr' id='par_1_9' title="bbox 90 1867 1078 2709">
     <span class='ocr_line' id='line_1_43' title="bbox 95 1867 1077 1914; baseline 0.005 -14"><span class='ocrx_word' id='word_1_420' title='bbox 95 1867 174 1900; x_wconf 75' lang='lat' dir='ltr'>-cefl&#39;e</span> <span class='ocrx_word' id='word_1_421' title='bbox 184 1868 236 1904; x_wconf 88' lang='lat' dir='ltr'>est,</span> <span class='ocrx_word' id='word_1_422' title='bbox 246 1870 379 1910; x_wconf 88' lang='lat' dir='ltr'>aliquem</span> <span class='ocrx_word' id='word_1_423' title='bbox 389 1869 496 1901; x_wconf 82' lang='lat' dir='ltr'>dixiss&#39;e</span> <span class='ocrx_word' id='word_1_424' title='bbox 507 1874 696 1913; x_wconf 87' lang='lat' dir='ltr'>municipem</span> <span class='ocrx_word' id='word_1_425' title='bbox 709 1893 717 1906; x_wconf 86' lang='lat'><em>‚</em></span> <span class='ocrx_word' id='word_1_426' title='bbox 729 1883 779 1904; x_wconf 89' lang='lat' dir='ltr'>aut</span> <span class='ocrx_word' id='word_1_427' title='bbox 789 1875 937 1905; x_wconf 88' lang='lat' dir='ltr'>vicinum.</span> <span class='ocrx_word' id='word_1_428' title='bbox 960 1876 982 1904; x_wconf 93' lang='lat' dir='ltr'>ii</span> <span class='ocrx_word' id='word_1_429' title='bbox 992 1875 1057 1914; x_wconf 90' lang='lat' dir='ltr'>ple·</span> <span class='ocrx_word' id='word_1_430' title='bbox 1076 1881 1077 1887; x_wconf 64' lang='lat'>¹</span> 
     </span>
     <span class='ocr_line' id='line_1_44' title="bbox 97 1911 1077 1955; baseline 0.008 -16"><span class='ocrx_word' id='word_1_431' title='bbox 97 1920 216 1952; x_wconf 80' lang='lat' dir='ltr'>:rurique</span> <span class='ocrx_word' id='word_1_432' title='bbox 227 1911 360 1941; x_wconf 84' lang='lat' dir='ltr'>indicant</span> <span class='ocrx_word' id='word_1_433' title='bbox 371 1922 377 1940; x_wconf 78' lang='lat'>2</span> <span class='ocrx_word' id='word_1_434' title='bbox 388 1921 440 1951; x_wconf 88' lang='lat' dir='ltr'>per</span> <span class='ocrx_word' id='word_1_435' title='bbox 447 1923 499 1942; x_wconf 90' lang='lat' dir='ltr'>eos</span> <span class='ocrx_word' id='word_1_436' title='bbox 508 1913 642 1955; x_wconf 88' lang='lat' dir='ltr'>plerique</span> <span class='ocrx_word' id='word_1_437' title='bbox 650 1914 826 1955; x_wconf 87' lang='lat' dir='ltr'>produntur.</span> <span class='ocrx_word' id='word_1_438' title='bbox 845 1915 904 1946; x_wconf 81' lang='lat' dir='ltr'>Hic</span> <span class='ocrx_word' id='word_1_439' title='bbox 915 1917 994 1946; x_wconf 89' lang='lat' dir='ltr'>nihil</span> <span class='ocrx_word' id='word_1_440' title='bbox 1003 1915 1056 1951; x_wconf 82' lang='lat' dir='ltr'>est,</span> <span class='ocrx_word' id='word_1_441' title='bbox 1076 1916 1077 1955; x_wconf 42' lang='grc' dir='ltr'>ζ</span> 
     </span>
     <span class='ocr_line' id='line_1_45' title="bbox 97 1950 1078 1999; baseline 0.007 -17"><span class='ocrx_word' id='word_1_442' title='bbox 97 1950 184 1994; x_wconf 75' lang='lat' dir='ltr'>quod</span> <span class='ocrx_word' id='word_1_443' title='bbox 194 1952 393 1992; x_wconf 85' lang='lat' dir='ltr'>suspicionem</span> <span class='ocrx_word' id='word_1_444' title='bbox 401 1954 479 1995; x_wconf 51' lang='lat' dir='ltr'>hav:</span> <span class='ocrx_word' id='word_1_445' title='bbox 486 1957 606 1994; x_wconf 86' lang='lat' dir='ltr'>putetis.</span> <span class='ocrx_word' id='word_1_446' title='bbox 635 1959 709 1986; x_wconf 90' lang='lat' dir='ltr'>Non</span> <span class='ocrx_word' id='word_1_447' title='bbox 718 1958 802 1987; x_wconf 91' lang='lat' dir='ltr'>enirn</span> <span class='ocrx_word' id='word_1_448' title='bbox 812 1968 868 1999; x_wconf 86' lang='lat' dir='ltr'>ego</span> <span class='ocrx_word' id='word_1_449' title='bbox 877 1959 917 1988; x_wconf 87' lang='lat' dir='ltr'>ita</span> <span class='ocrx_word' id='word_1_450' title='bbox 927 1957 1058 1997; x_wconf 88' lang='lat' dir='ltr'>disputa-</span> <span class='ocrx_word' id='word_1_451' title='bbox 1076 1959 1078 1976; x_wconf 62' lang='lat'>³</span> 
     </span>
     <span class='ocr_line' id='line_1_46' title="bbox 98 1994 1077 2042; baseline 0.008 -20"><span class='ocrx_word' id='word_1_452' title='bbox 98 1994 160 2025; x_wconf 87' lang='lat' dir='ltr'>bo:</span> <span class='ocrx_word' id='word_1_453' title='bbox 177 1996 392 2024; x_wconf 78' lang='lat' dir='ltr'>V1R131M1LE</span> <span class='ocrx_word' id='word_1_454' title='bbox 406 2004 482 2029; x_wconf 71' lang='grc' dir='ltr'>Εετ,</span> <span class='ocrx_word' id='word_1_455' title='bbox 505 1997 632 2028; x_wconf 88' lang='lat' dir='ltr'>Roscios</span> <span class='ocrx_word' id='word_1_456' title='bbox 650 1997 738 2027; x_wconf 89' lang='lat' dir='ltr'>istam</span> <span class='ocrx_word' id='word_1_457' title='bbox 755 2008 819 2029; x_wconf 87' lang='lat' dir='ltr'>rem</span> <span class='ocrx_word' id='word_1_458' title='bbox 837 1999 872 2029; x_wconf 88' lang='lat' dir='ltr'>ad</span> <span class='ocrx_word' id='word_1_459' title='bbox 887 2000 1054 2041; x_wconf 88' lang='lat' dir='ltr'>Chrysogo-</span> <span class='ocrx_word' id='word_1_460' title='bbox 1075 2005 1077 2042; x_wconf 65' lang='grc' dir='ltr'>ς</span> 
     </span>
     <span class='ocr_line' id='line_1_47' title="bbox 100 2034 1077 2081; baseline 0.006 -15"><span class='ocrx_word' id='word_1_461' title='bbox 100 2046 178 2067; x_wconf 88' lang='lat' dir='ltr'>num</span> <span class='ocrx_word' id='word_1_462' title='bbox 196 2034 343 2066; x_wconf 73' lang='lat' dir='ltr'>detulisse.</span> <span class='ocrx_word' id='word_1_463' title='bbox 365 2046 426 2066; x_wconf 79' lang='lat' dir='ltr'>erat</span> <span class='ocrx_word' id='word_1_464' title='bbox 440 2039 524 2067; x_wconf 90' lang='lat' dir='ltr'>enim</span> <span class='ocrx_word' id='word_1_465' title='bbox 540 2039 582 2068; x_wconf 90' lang='lat' dir='ltr'>eis</span> <span class='ocrx_word' id='word_1_466' title='bbox 602 2047 673 2069; x_wconf 91' lang='lat' dir='ltr'>cum</span> <span class='ocrx_word' id='word_1_467' title='bbox 690 2040 885 2081; x_wconf 88' lang='lat' dir='ltr'>Chrysogono</span> <span class='ocrx_word' id='word_1_468' title='bbox 898 2041 961 2080; x_wconf 77' lang='lat' dir='ltr'>jam</span> <span class='ocrx_word' id='word_1_469' title='bbox 974 2050 1059 2072; x_wconf 85' lang='lat' dir='ltr'>antea</span> <span class='ocrx_word' id='word_1_470' title='bbox 1076 2056 1077 2060; x_wconf 48' lang='lat'>¹</span> 
     </span>
     <span class='ocr_line' id='line_1_48' title="bbox 94 2077 1060 2123; baseline 0.004 -14"><span class='ocrx_word' id='word_1_471' title='bbox 94 2079 240 2109; x_wconf 73' lang='lat' dir='ltr'>amicitia.</span> <span class='ocrx_word' id='word_1_472' title='bbox 263 2087 335 2108; x_wconf 90' lang='lat' dir='ltr'>nam</span> <span class='ocrx_word' id='word_1_473' title='bbox 355 2077 427 2108; x_wconf 77' lang='lat' dir='ltr'>curn</span> <span class='ocrx_word' id='word_1_474' title='bbox 446 2079 561 2110; x_wconf 87' lang='lat' dir='ltr'>multos</span> <span class='ocrx_word' id='word_1_475' title='bbox 571 2090 685 2111; x_wconf 90' lang='lat' dir='ltr'>veteres</span> <span class='ocrx_word' id='word_1_476' title='bbox 694 2081 711 2111; x_wconf 75' lang='lat' dir='ltr'>a</span> <span class='ocrx_word' id='word_1_477' title='bbox 720 2082 885 2122; x_wconf 86' lang='lat' dir='ltr'>majoribus</span> <span class='ocrx_word' id='word_1_478' title='bbox 895 2083 997 2113; x_wconf 89' lang='lat' dir='ltr'>Roscii</span> <span class='ocrx_word' id='word_1_479' title='bbox 1007 2093 1060 2123; x_wconf 85' lang='lat' dir='ltr'>pa-</span> 
     </span>
     <span class='ocr_line' id='line_1_49' title="bbox 96 2119 1059 2165; baseline 0.004 -14"><span class='ocrx_word' id='word_1_480' title='bbox 96 2128 202 2151; x_wconf 88' lang='lat' dir='ltr'>tronos</span> <span class='ocrx_word' id='word_1_481' title='bbox 212 2139 220 2153; x_wconf 85' lang='lat'>‚</span> <span class='ocrx_word' id='word_1_482' title='bbox 231 2119 418 2161; x_wconf 78' lang='lat' dir='ltr'>hospitesque</span> <span class='ocrx_word' id='word_1_483' title='bbox 427 2120 570 2152; x_wconf 87' lang='lat' dir='ltr'>haberent</span> <span class='ocrx_word' id='word_1_484' title='bbox 579 2142 588 2156; x_wconf 89' lang='lat'>,</span> <span class='ocrx_word' id='word_1_485' title='bbox 597 2132 706 2153; x_wconf 89' lang='lat' dir='ltr'>omnes</span> <span class='ocrx_word' id='word_1_486' title='bbox 714 2134 765 2153; x_wconf 91' lang='lat' dir='ltr'>eos</span> <span class='ocrx_word' id='word_1_487' title='bbox 774 2125 872 2154; x_wconf 90' lang='lat' dir='ltr'>colere</span> <span class='ocrx_word' id='word_1_488' title='bbox 883 2145 891 2158; x_wconf 92' lang='lat'>,</span> <span class='ocrx_word' id='word_1_489' title='bbox 902 2133 989 2165; x_wconf 88' lang='lat' dir='ltr'>atque</span> <span class='ocrx_word' id='word_1_490' title='bbox 1001 2125 1059 2155; x_wconf 94' lang='lat' dir='ltr'>ob-</span> 
     </span>
     <span class='ocr_line' id='line_1_50' title="bbox 95 2160 1059 2206; baseline 0.003 -13"><span class='ocrx_word' id='word_1_491' title='bbox 95 2162 210 2193; x_wconf 86' lang='lat' dir='ltr'>servare</span> <span class='ocrx_word' id='word_1_492' title='bbox 220 2160 395 2192; x_wconf 88' lang='lat' dir='ltr'>destiterunt</span> <span class='ocrx_word' id='word_1_493' title='bbox 405 2182 415 2196; x_wconf 78' lang='grc'>,</span> <span class='ocrx_word' id='word_1_494' title='bbox 436 2173 468 2193; x_wconf 88' lang='lat' dir='ltr'>ac</span> <span class='ocrx_word' id='word_1_495' title='bbox 477 2163 505 2193; x_wconf 87' lang='lat' dir='ltr'>se</span> <span class='ocrx_word' id='word_1_496' title='bbox 513 2164 545 2193; x_wconf 92' lang='lat' dir='ltr'>in</span> <span class='ocrx_word' id='word_1_497' title='bbox 556 2165 743 2206; x_wconf 75' lang='lat' dir='ltr'>Chrysogoni</span> <span class='ocrx_word' id='word_1_498' title='bbox 753 2164 845 2195; x_wconf 86' lang='lat' dir='ltr'>fidem</span> <span class='ocrx_word' id='word_1_499' title='bbox 857 2186 865 2200; x_wconf 89' lang='lat'>‚</span> <span class='ocrx_word' id='word_1_500' title='bbox 890 2166 923 2196; x_wconf 85' lang='lat'>&amp;</span> <span class='ocrx_word' id='word_1_501' title='bbox 932 2167 1059 2196; x_wconf 88' lang='lat' dir='ltr'>cliente-</span> 
     </span>
     <span class='ocr_line' id='line_1_51' title="bbox 97 2203 1059 2245; baseline 0.004 -11"><span class='ocrx_word' id='word_1_502' title='bbox 97 2204 160 2235; x_wconf 77' lang='lat' dir='ltr'>lam</span> <span class='ocrx_word' id='word_1_503' title='bbox 175 2204 381 2234; x_wconf 76' lang='lat' dir='ltr'>contulerunt.</span> <span class='ocrx_word' id='word_1_504' title='bbox 411 2207 486 2235; x_wconf 83' lang='lat' dir='ltr'>Haec</span> <span class='ocrx_word' id='word_1_505' title='bbox 493 2203 614 2245; x_wconf 81' lang='lat' dir='ltr'>possum</span> <span class='ocrx_word' id='word_1_506' title='bbox 625 2209 731 2237; x_wconf 89' lang='lat' dir='ltr'>omnia</span> <span class='ocrx_word' id='word_1_507' title='bbox 739 2207 808 2237; x_wconf 76' lang='lat' dir='ltr'>vere</span> <span class='ocrx_word' id='word_1_508' title='bbox 820 2208 934 2238; x_wconf 88' lang='lat' dir='ltr'>dicere:</span> <span class='ocrx_word' id='word_1_509' title='bbox 955 2208 1004 2238; x_wconf 91' lang='lat' dir='ltr'>sed</span> <span class='ocrx_word' id='word_1_510' title='bbox 1026 2210 1059 2238; x_wconf 89' lang='lat' dir='ltr'>in</span> 
     </span>
     <span class='ocr_line' id='line_1_52' title="bbox 97 2245 1056 2290; baseline 0.003 -13"><span class='ocrx_word' id='word_1_511' title='bbox 97 2246 153 2277; x_wconf 83' lang='lat' dir='ltr'>hac</span> <span class='ocrx_word' id='word_1_512' title='bbox 163 2246 245 2276; x_wconf 87' lang='lat' dir='ltr'>causa</span> <span class='ocrx_word' id='word_1_513' title='bbox 252 2245 425 2285; x_wconf 68' lang='lat' dir='ltr'>conjectura</span> <span class='ocrx_word' id='word_1_514' title='bbox 434 2247 513 2277; x_wconf 91' lang='lat' dir='ltr'>nihil</span> <span class='ocrx_word' id='word_1_515' title='bbox 522 2258 597 2289; x_wconf 89' lang='lat' dir='ltr'>opus</span> <span class='ocrx_word' id='word_1_516' title='bbox 608 2247 659 2278; x_wconf 91' lang='lat' dir='ltr'>est.</span> <span class='ocrx_word' id='word_1_517' title='bbox 672 2249 751 2290; x_wconf 88' lang='lat' dir='ltr'>ipsos</span> <span class='ocrx_word' id='word_1_518' title='bbox 762 2248 845 2279; x_wconf 74' lang='lat' dir='ltr'>certo</span> <span class='ocrx_word' id='word_1_519' title='bbox 857 2250 917 2279; x_wconf 92' lang='lat' dir='ltr'>scio</span> <span class='ocrx_word' id='word_1_520' title='bbox 927 2259 992 2280; x_wconf 91' lang='lat' dir='ltr'>non</span> <span class='ocrx_word' id='word_1_521' title='bbox 1002 2260 1056 2280; x_wconf 89' lang='lat' dir='ltr'>ne-</span> 
     </span>
     <span class='ocr_line' id='line_1_53' title="bbox 96 2287 1054 2333; baseline 0.003 -14"><span class='ocrx_word' id='word_1_522' title='bbox 96 2298 164 2330; x_wconf 84' lang='lat' dir='ltr'>gare</span> <span class='ocrx_word' id='word_1_523' title='bbox 172 2308 181 2323; x_wconf 88' lang='lat'>‚</span> <span class='ocrx_word' id='word_1_524' title='bbox 201 2287 236 2318; x_wconf 90' lang='lat' dir='ltr'>ad</span> <span class='ocrx_word' id='word_1_525' title='bbox 247 2289 309 2318; x_wconf 86' lang='lat' dir='ltr'>haec</span> <span class='ocrx_word' id='word_1_526' title='bbox 319 2287 398 2318; x_wconf 91' lang='lat' dir='ltr'>bona</span> <span class='ocrx_word' id='word_1_527' title='bbox 405 2289 636 2332; x_wconf 87' lang='lat' dir='ltr'>Chrysogonum</span> <span class='ocrx_word' id='word_1_528' title='bbox 646 2289 790 2322; x_wconf 78' lang='lat' dir='ltr'>acceffiss‘e</span> <span class='ocrx_word' id='word_1_529' title='bbox 808 2291 931 2333; x_wconf 74' lang='lat' dir='ltr'>impusfh</span> <span class='ocrx_word' id='word_1_530' title='bbox 939 2291 998 2332; x_wconf 74' lang='lat' dir='ltr'>fico.</span> <span class='ocrx_word' id='word_1_531' title='bbox 1023 2293 1054 2322; x_wconf 90' lang='lat' dir='ltr'>Si</span> 
     </span>
     <span class='ocr_line' id='line_1_54' title="bbox 97 2329 1054 2373; baseline 0.006 -15"><span class='ocrx_word' id='word_1_532' title='bbox 97 2340 168 2361; x_wconf 84' lang='lat' dir='ltr'>eum</span> <span class='ocrx_word' id='word_1_533' title='bbox 181 2351 190 2364; x_wconf 89' lang='lat'>‚</span> <span class='ocrx_word' id='word_1_534' title='bbox 201 2331 252 2371; x_wconf 86' lang='lat' dir='ltr'>qui</span> <span class='ocrx_word' id='word_1_535' title='bbox 262 2329 368 2360; x_wconf 89' lang='lat' dir='ltr'>indicii</span> <span class='ocrx_word' id='word_1_536' title='bbox 376 2340 492 2370; x_wconf 88' lang='lat' dir='ltr'>partem</span> <span class='ocrx_word' id='word_1_537' title='bbox 502 2334 663 2372; x_wconf 85' lang='lat' dir='ltr'>acceperit,</span> <span class='ocrx_word' id='word_1_538' title='bbox 673 2333 769 2363; x_wconf 83' lang='lat' dir='ltr'>oculis</span> <span class='ocrx_word' id='word_1_539' title='bbox 779 2335 906 2364; x_wconf 87' lang='lat' dir='ltr'>cernetis</span> <span class='ocrx_word' id='word_1_540' title='bbox 917 2344 923 2363; x_wconf 90' lang='grc'>;</span> <span class='ocrx_word' id='word_1_541' title='bbox 943 2335 1054 2373; x_wconf 90' lang='lat' dir='ltr'>poteri-</span> 
     </span>
     <span class='ocr_line' id='line_1_55' title="bbox 97 2371 1055 2416; baseline 0.004 -14"><span class='ocrx_word' id='word_1_542' title='bbox 97 2372 174 2403; x_wconf 89' lang='lat' dir='ltr'>tisne</span> <span class='ocrx_word' id='word_1_543' title='bbox 183 2371 328 2405; x_wconf 83' lang='lat' dir='ltr'>dubitare,</span> <span class='ocrx_word' id='word_1_544' title='bbox 340 2373 521 2414; x_wconf 70' lang='lat' dir='ltr'>iudices‚qui</span> <span class='ocrx_word' id='word_1_545' title='bbox 532 2374 691 2406; x_wconf 88' lang='lat' dir='ltr'>indicarit?</span> <span class='ocrx_word' id='word_1_546' title='bbox 701 2377 761 2415; x_wconf 75' lang='lat' dir='ltr'>Q</span> <span class='ocrx_word' id='word_1_547' title='bbox 773 2375 841 2405; x_wconf 88' lang='lat' dir='ltr'>sunt</span> <span class='ocrx_word' id='word_1_548' title='bbox 850 2377 939 2416; x_wconf 88' lang='lat' dir='ltr'>igitur</span> <span class='ocrx_word' id='word_1_549' title='bbox 950 2377 982 2405; x_wconf 91' lang='lat' dir='ltr'>in</span> <span class='ocrx_word' id='word_1_550' title='bbox 992 2374 1055 2406; x_wconf 88' lang='lat' dir='ltr'>istis</span> 
     </span>
     <span class='ocr_line' id='line_1_56' title="bbox 93 2413 1054 2457; baseline 0.004 -12"><span class='ocrx_word' id='word_1_551' title='bbox 93 2413 204 2448; x_wconf 85' lang='lat' dir='ltr'>bonis,</span> <span class='ocrx_word' id='word_1_552' title='bbox 223 2414 332 2455; x_wconf 74' lang='lat' dir='ltr'>quibus</span> <span class='ocrx_word' id='word_1_553' title='bbox 348 2424 463 2454; x_wconf 81' lang='lat' dir='ltr'>partem</span> <span class='ocrx_word' id='word_1_554' title='bbox 480 2416 691 2457; x_wconf 81' lang='lat' dir='ltr'>Chrysogonus</span> <span class='ocrx_word' id='word_1_555' title='bbox 702 2416 835 2449; x_wconf 80' lang='lat' dir='ltr'>dederit?</span> <span class='ocrx_word' id='word_1_556' title='bbox 857 2417 918 2447; x_wconf 93' lang='lat' dir='ltr'>duo</span> <span class='ocrx_word' id='word_1_557' title='bbox 930 2418 1054 2450; x_wconf 82' lang='lat' dir='ltr'>Roscii?</span> 
     </span>
     <span class='ocr_line' id='line_1_57' title="bbox 95 2456 1053 2501; baseline 0.003 -14"><span class='ocrx_word' id='word_1_558' title='bbox 95 2456 182 2487; x_wconf 90' lang='lat' dir='ltr'>Num</span> <span class='ocrx_word' id='word_1_559' title='bbox 202 2456 340 2496; x_wconf 89' lang='lat' dir='ltr'>quisnam</span> <span class='ocrx_word' id='word_1_560' title='bbox 358 2463 515 2496; x_wconf 79' lang='lat' dir='ltr'>praeterea?</span> <span class='ocrx_word' id='word_1_561' title='bbox 536 2468 629 2488; x_wconf 89' lang='lat' dir='ltr'>nemo</span> <span class='ocrx_word' id='word_1_562' title='bbox 648 2457 690 2488; x_wconf 93' lang='lat' dir='ltr'>est</span> <span class='ocrx_word' id='word_1_563' title='bbox 699 2479 707 2493; x_wconf 88' lang='lat'><em>‚</em></span> <span class='ocrx_word' id='word_1_564' title='bbox 729 2460 737 2497; x_wconf 82' lang='lat' dir='ltr'>j</span> <span class='ocrx_word' id='word_1_565' title='bbox 742 2459 853 2489; x_wconf 83' lang='lat' dir='ltr'>udices.</span> <span class='ocrx_word' id='word_1_566' title='bbox 879 2461 966 2489; x_wconf 88' lang='lat' dir='ltr'>Num</span> <span class='ocrx_word' id='word_1_567' title='bbox 983 2469 1053 2501; x_wconf 88' lang='lat' dir='ltr'>ergo</span> 
     </span>
     <span class='ocr_line' id='line_1_58' title="bbox 90 2496 1050 2542; baseline 0.003 -13"><span class='ocrx_word' id='word_1_568' title='bbox 90 2496 224 2529; x_wconf 68' lang='lat' dir='ltr'>dubium</span> <span class='ocrx_word' id='word_1_569' title='bbox 242 2497 284 2528; x_wconf 88' lang='lat' dir='ltr'>est</span> <span class='ocrx_word' id='word_1_570' title='bbox 293 2518 301 2532; x_wconf 86' lang='lat'>‚</span> <span class='ocrx_word' id='word_1_571' title='bbox 320 2501 395 2539; x_wconf 88' lang='lat' dir='ltr'>quin</span> <span class='ocrx_word' id='word_1_572' title='bbox 413 2501 435 2529; x_wconf 90' lang='lat' dir='ltr'>ii</span> <span class='ocrx_word' id='word_1_573' title='bbox 445 2499 694 2530; x_wconf 84' lang='lat' dir='ltr'>obtulerinthanc</span> <span class='ocrx_word' id='word_1_574' title='bbox 703 2501 831 2541; x_wconf 83' lang='lat' dir='ltr'>praedam</span> <span class='ocrx_word' id='word_1_575' title='bbox 843 2501 1050 2542; x_wconf 86' lang='lat' dir='ltr'>Chrysogono,</span> 
     </span>
     <span class='ocr_line' id='line_1_59' title="bbox 91 2540 1051 2584; baseline 0.003 -14"><span class='ocrx_word' id='word_1_576' title='bbox 91 2542 148 2581; x_wconf 74' lang='lat' dir='ltr'>qui</span> <span class='ocrx_word' id='word_1_577' title='bbox 157 2540 194 2571; x_wconf 89' lang='lat' dir='ltr'>ab</span> <span class='ocrx_word' id='word_1_578' title='bbox 203 2550 240 2571; x_wconf 88' lang='lat' dir='ltr'>eo</span> <span class='ocrx_word' id='word_1_579' title='bbox 247 2547 356 2580; x_wconf 70' lang='lat' dir='ltr'>partem</span> <span class='ocrx_word' id='word_1_580' title='bbox 361 2541 451 2583; x_wconf 75' lang='lat' dir='ltr'>praedae</span> <span class='ocrx_word' id='word_1_581' title='bbox 459 2541 593 2572; x_wconf 89' lang='lat' dir='ltr'>tulerunt</span> <span class='ocrx_word' id='word_1_582' title='bbox 602 2547 613 2574; x_wconf 71' lang='grc' dir='ltr'><strong><em>ἓ</em></strong></span> <span class='ocrx_word' id='word_1_583' title='bbox 635 2545 709 2583; x_wconf 86' lang='lat' dir='ltr'>Age,</span> <span class='ocrx_word' id='word_1_584' title='bbox 720 2553 804 2573; x_wconf 89' lang='lat' dir='ltr'>nunc</span> <span class='ocrx_word' id='word_1_585' title='bbox 813 2553 850 2573; x_wconf 89' lang='lat' dir='ltr'>ex</span> <span class='ocrx_word' id='word_1_586' title='bbox 859 2542 948 2584; x_wconf 84' lang='lat' dir='ltr'>ipsius</span> <span class='ocrx_word' id='word_1_587' title='bbox 957 2544 1051 2584; x_wconf 89' lang='lat' dir='ltr'>Chry-</span> 
     </span>
     <span class='ocr_line' id='line_1_60' title="bbox 95 2582 1051 2623; baseline 0.004 -11"><span class='ocrx_word' id='word_1_588' title='bbox 95 2583 202 2623; x_wconf 88' lang='lat' dir='ltr'>sogoni</span> <span class='ocrx_word' id='word_1_589' title='bbox 214 2582 331 2622; x_wconf 81' lang='lat' dir='ltr'>judicio</span> <span class='ocrx_word' id='word_1_590' title='bbox 350 2583 534 2613; x_wconf 85' lang='lat' dir='ltr'>Rosciorum</span> <span class='ocrx_word' id='word_1_591' title='bbox 551 2582 666 2614; x_wconf 61' lang='lat' dir='ltr'>fadium</span> <span class='ocrx_word' id='word_1_592' title='bbox 677 2583 907 2615; x_wconf 88' lang='lat' dir='ltr'>consideremus.</span> <span class='ocrx_word' id='word_1_593' title='bbox 930 2587 960 2616; x_wconf 87' lang='lat' dir='ltr'>Si</span> <span class='ocrx_word' id='word_1_594' title='bbox 972 2586 1051 2616; x_wconf 92' lang='lat' dir='ltr'>nihil</span> 
     </span>
     <span class='ocr_line' id='line_1_61' title="bbox 91 2622 1048 2666; baseline 0.004 -13"><span class='ocrx_word' id='word_1_595' title='bbox 91 2624 129 2653; x_wconf 79' lang='lat' dir='ltr'>in</span> <span class='ocrx_word' id='word_1_596' title='bbox 139 2622 192 2654; x_wconf 89' lang='lat' dir='ltr'>ista</span> <span class='ocrx_word' id='word_1_597' title='bbox 200 2633 297 2665; x_wconf 87' lang='lat' dir='ltr'>pugna</span> <span class='ocrx_word' id='word_1_598' title='bbox 305 2644 313 2658; x_wconf 89' lang='lat'>‚</span> <span class='ocrx_word' id='word_1_599' title='bbox 326 2625 448 2658; x_wconf 91' lang='lat' dir='ltr'>Roscii,</span> <span class='ocrx_word' id='word_1_600' title='bbox 458 2625 539 2665; x_wconf 90' lang='lat' dir='ltr'>quod</span> <span class='ocrx_word' id='word_1_601' title='bbox 550 2635 647 2665; x_wconf 84' lang='lat' dir='ltr'>operae</span> <span class='ocrx_word' id='word_1_602' title='bbox 656 2628 785 2666; x_wconf 88' lang='lat' dir='ltr'>pretium</span> <span class='ocrx_word' id='word_1_603' title='bbox 795 2625 866 2657; x_wconf 84' lang='lat' dir='ltr'>effet</span> <span class='ocrx_word' id='word_1_604' title='bbox 876 2647 884 2660; x_wconf 86' lang='lat'>‚</span> <span class='ocrx_word' id='word_1_605' title='bbox 906 2625 1048 2662; x_wconf 85' lang='lat' dir='ltr'>fecerant,</span> 
     </span>
     <span class='ocr_line' id='line_1_62' title="bbox 95 2666 1048 2709; baseline 0.007 -14"><span class='ocrx_word' id='word_1_606' title='bbox 95 2674 185 2708; x_wconf 82' lang='lat' dir='ltr'>quam</span> <span class='ocrx_word' id='word_1_607' title='bbox 195 2666 235 2696; x_wconf 92' lang='lat' dir='ltr'>ob</span> <span class='ocrx_word' id='word_1_608' title='bbox 243 2666 361 2697; x_wconf 80' lang='lat' dir='ltr'>causam</span> <span class='ocrx_word' id='word_1_609' title='bbox 370 2666 386 2697; x_wconf 70' lang='lat' dir='ltr'>a</span> <span class='ocrx_word' id='word_1_610' title='bbox 396 2667 592 2708; x_wconf 84' lang='lat' dir='ltr'>Chrysogono</span> <span class='ocrx_word' id='word_1_611' title='bbox 601 2669 690 2699; x_wconf 88' lang='lat' dir='ltr'>tantis</span> <span class='ocrx_word' id='word_1_612' title='bbox 696 2670 829 2709; x_wconf 87' lang='lat' dir='ltr'>praemiis</span> <span class='ocrx_word' id='word_1_613' title='bbox 839 2668 1028 2700; x_wconf 84' lang='lat' dir='ltr'>donabantur</span> <span class='ocrx_word' id='word_1_614' title='bbox 1037 2675 1048 2702; x_wconf 87' lang='lat'>?</span> 
     </span>
    </p>
   </div>
   <div class='ocr_carea' id='block_1_6' title="bbox 909 1583 1077 1620">
    <p class='ocr_par' dir='ltr' id='par_1_10' title="bbox 909 1583 1077 1620">
     <span class='ocr_line' id='line_1_63' title="bbox 909 1583 1077 1620; baseline -0.006 -11"><span class='ocrx_word' id='word_1_615' title='bbox 909 1583 1060 1620; x_wconf 82' lang='lat' dir='ltr'>Qiaeritur</span> <span class='ocrx_word' id='word_1_616' title='bbox 1075 1589 1077 1608; x_wconf 71' lang='grc'>;</span> 
     </span>
    </p>
   </div>
   <div class='ocr_carea' id='block_1_7' title="bbox 1072 213 1091 2691">
    <p class='ocr_par' dir='ltr' id='par_1_11' title="bbox 1072 213 1091 2691">
     <span class='ocr_line' id='line_1_64' title="bbox 1072 213 1091 2691; baseline 0 0"><span class='ocrx_word' id='word_1_617' title='bbox 1072 213 1091 2691; x_wconf 95' lang='lat' dir='ltr'> </span> 
     </span>
    </p>
   </div>
   <div class='ocr_carea' id='block_1_8' title="bbox 88 2765 1055 2910">
    <p class='ocr_par' dir='ltr' id='par_1_12' title="bbox 88 2765 1055 2910">
     <span class='ocr_line' id='line_1_65' title="bbox 132 2765 1055 2803; baseline 0.004 -14"><span class='ocrx_word' id='word_1_618' title='bbox 132 2771 158 2790; x_wconf 87' lang='lat'>1.</span> <span class='ocrx_word' id='word_1_619' title='bbox 178 2766 259 2790; x_wconf 82' lang='lat' dir='ltr'>Utrum</span> <span class='ocrx_word' id='word_1_620' title='bbox 268 2765 288 2791; x_wconf 72' lang='lat' dir='ltr'>is</span> <span class='ocrx_word' id='word_1_621' title='bbox 297 2765 358 2800; x_wconf 80' lang='lat' dir='ltr'>quud</span> <span class='ocrx_word' id='word_1_622' title='bbox 373 2765 488 2802; x_wconf 64' lang='lat' dir='ltr'>dixerit]</span> <span class='ocrx_word' id='word_1_623' title='bbox 508 2767 551 2795; x_wconf 84' lang='lat' dir='ltr'>Est</span> <span class='ocrx_word' id='word_1_624' title='bbox 563 2768 578 2794; x_wconf 73' lang='lat' dir='ltr'>it</span> <span class='ocrx_word' id='word_1_625' title='bbox 589 2767 682 2795; x_wconf 83' lang='lat' dir='ltr'>nostris</span> <span class='ocrx_word' id='word_1_626' title='bbox 693 2766 768 2794; x_wconf 87' lang='lat' dir='ltr'>libris</span> <span class='ocrx_word' id='word_1_627' title='bbox 778 2767 874 2794; x_wconf 86' lang='lat' dir='ltr'>tribus.</span> <span class='ocrx_word' id='word_1_628' title='bbox 894 2776 903 2792; x_wconf 68' lang='lat' dir='ltr'>x</span> <span class='ocrx_word' id='word_1_629' title='bbox 913 2767 996 2803; x_wconf 78' lang='lat' dir='ltr'>ulgati</span> <span class='ocrx_word' id='word_1_630' title='bbox 1008 2787 1016 2799; x_wconf 90' lang='lat'>,</span> <span class='ocrx_word' id='word_1_631' title='bbox 1028 2768 1055 2793; x_wconf 74' lang='lat' dir='ltr'>id</span> 
     </span>
     <span class='ocr_line' id='line_1_66' title="bbox 93 2800 1053 2877; baseline 0.003 -14"><span class='ocrx_word' id='word_1_632' title='bbox 93 2800 163 2863; x_wconf 45' lang='lat' dir='ltr'>ffugi..</span> <span class='ocrx_word' id='word_1_633' title='bbox 176 2837 204 2862; x_wconf 74' lang='lat' dir='ltr'>‘Te</span> <span class='ocrx_word' id='word_1_634' title='bbox 212 2837 368 2872; x_wconf 70' lang='lat' dir='ltr'>istt&#39;csedere.]</span> <span class='ocrx_word' id='word_1_635' title='bbox 389 2838 432 2865; x_wconf 87' lang='lat' dir='ltr'>Est</span> <span class='ocrx_word' id='word_1_636' title='bbox 442 2839 458 2865; x_wconf 70' lang='grc' dir='ltr'>ἐι</span> <span class='ocrx_word' id='word_1_637' title='bbox 468 2837 622 2873; x_wconf 59' lang='lat' dir='ltr'>conjectura</span> <span class='ocrx_word' id='word_1_638' title='bbox 632 2840 790 2868; x_wconf 80' lang='lat' dir='ltr'>Hotomani.</span> <span class='ocrx_word' id='word_1_639' title='bbox 810 2839 918 2877; x_wconf 79' lang='lat' dir='ltr'>vulgata</span> <span class='ocrx_word' id='word_1_640' title='bbox 926 2840 999 2876; x_wconf 84' lang='lat' dir='ltr'>prius</span> <span class='ocrx_word' id='word_1_641' title='bbox 1012 2858 1020 2872; x_wconf 93' lang='lat'>,</span> <span class='ocrx_word' id='word_1_642' title='bbox 1029 2847 1053 2865; x_wconf 76' lang='lat' dir='ltr'>te</span> 
     </span>
     <span class='ocr_line' id='line_1_67' title="bbox 88 2871 593 2910; baseline 0.012 -14"><span class='ocrx_word' id='word_1_643' title='bbox 88 2871 134 2906; x_wconf 63' lang='lat' dir='ltr'>iste</span> <span class='ocrx_word' id='word_1_644' title='bbox 143 2873 246 2898; x_wconf 74' lang='lat' dir='ltr'>credere.-</span> <span class='ocrx_word' id='word_1_645' title='bbox 256 2882 340 2910; x_wconf 85' lang='lat' dir='ltr'>neque</span> <span class='ocrx_word' id='word_1_646' title='bbox 351 2873 422 2901; x_wconf 88' lang='lat' dir='ltr'>secus</span> <span class='ocrx_word' id='word_1_647' title='bbox 433 2875 490 2901; x_wconf 83' lang='lat' dir='ltr'>mss.</span> <span class='ocrx_word' id='word_1_648' title='bbox 501 2876 593 2902; x_wconf 83' lang='lat' dir='ltr'>nostri.</span> 
     </span>
    </p>
   </div>
   <div class='ocr_carea' id='block_1_9' title="bbox 1972 139 2069 190">
    <p class='ocr_par' dir='ltr' id='par_1_13' title="bbox 1972 139 2069 190">
     <span class='ocr_line' id='line_1_68' title="bbox 1972 139 2069 190; baseline -0.01 -19"><span class='ocrx_word' id='word_1_649' title='bbox 1972 139 2069 190; x_wconf 74' lang='lat'>‘209</span> 
     </span>
    </p>
   </div>
   <div class='ocr_carea' id='block_1_10' title="bbox 1091 200 2072 2745">
    <p class='ocr_par' dir='ltr' id='par_1_14' title="bbox 1091 200 2072 2714">
     <span class='ocr_line' id='line_1_69' title="bbox 1107 200 2072 239; baseline 0.006 -10"><span class='ocrx_word' id='word_1_650' title='bbox 1107 202 1136 230; x_wconf 90' lang='lat' dir='ltr'>Si</span> <span class='ocrx_word' id='word_1_651' title='bbox 1155 200 1233 230; x_wconf 86' lang='lat' dir='ltr'>nihil</span> <span class='ocrx_word' id='word_1_652' title='bbox 1252 201 1333 231; x_wconf 87' lang='lat' dir='ltr'>aliud</span> <span class='ocrx_word' id='word_1_653' title='bbox 1350 201 1487 234; x_wconf 80' lang='lat' dir='ltr'>fecerunt</span> <span class='ocrx_word' id='word_1_654' title='bbox 1497 223 1505 238; x_wconf 91' lang='lat'>‚</span> <span class='ocrx_word' id='word_1_655' title='bbox 1527 202 1583 234; x_wconf 79' lang='lat' dir='ltr'>nisi</span> <span class='ocrx_word' id='word_1_656' title='bbox 1600 213 1663 235; x_wconf 88' lang='lat' dir='ltr'>rem</span> <span class='ocrx_word' id='word_1_657' title='bbox 1675 203 1864 239; x_wconf 80' lang='lat' dir='ltr'>detulerunt,</span> <span class='ocrx_word' id='word_1_658' title='bbox 1888 213 1992 235; x_wconf 88' lang='lat' dir='ltr'>nonne</span> <span class='ocrx_word' id='word_1_659' title='bbox 2003 203 2072 235; x_wconf 75' lang='lat' dir='ltr'>satis</span> 
     </span>
     <span class='ocr_line' id='line_1_70' title="bbox 1106 241 2070 288; baseline 0.007 -18"><span class='ocrx_word' id='word_1_660' title='bbox 1106 241 1164 271; x_wconf 82' lang='lat' dir='ltr'>fuit</span> <span class='ocrx_word' id='word_1_661' title='bbox 1175 261 1182 275; x_wconf 90' lang='lat'>‚</span> <span class='ocrx_word' id='word_1_662' title='bbox 1204 244 1251 272; x_wconf 89' lang='lat' dir='ltr'>his</span> <span class='ocrx_word' id='word_1_663' title='bbox 1265 244 1379 282; x_wconf 73' lang='lat' dir='ltr'>gratias</span> <span class='ocrx_word' id='word_1_664' title='bbox 1394 246 1466 284; x_wconf 72' lang='lat' dir='ltr'>agi?</span> <span class='ocrx_word' id='word_1_665' title='bbox 1489 246 1618 287; x_wconf 85' lang='lat' dir='ltr'>denique</span> <span class='ocrx_word' id='word_1_666' title='bbox 1630 266 1639 280; x_wconf 89' lang='lat'>,</span> <span class='ocrx_word' id='word_1_667' title='bbox 1660 247 1915 287; x_wconf 81' lang='lat' dir='ltr'>utperliberaliter</span> <span class='ocrx_word' id='word_1_668' title='bbox 1924 256 2070 288; x_wconf 67' lang='lat' dir='ltr'>ageretur,</span> 
     </span>
     <span class='ocr_line' id='line_1_71' title="bbox 1107 283 2070 329; baseline 0.007 -17"><span class='ocrx_word' id='word_1_669' title='bbox 1107 283 1231 313; x_wconf 88' lang='lat' dir='ltr'>honoris</span> <span class='ocrx_word' id='word_1_670' title='bbox 1250 285 1363 325; x_wconf 87' lang='lat' dir='ltr'>aliquid</span> <span class='ocrx_word' id='word_1_671' title='bbox 1384 287 1505 318; x_wconf 85' lang='lat' dir='ltr'>haberi?</span> <span class='ocrx_word' id='word_1_672' title='bbox 1528 298 1579 318; x_wconf 87' lang='lat' dir='ltr'>cur</span> <span class='ocrx_word' id='word_1_673' title='bbox 1590 290 1644 319; x_wconf 85' lang='lat' dir='ltr'>tria</span> <span class='ocrx_word' id='word_1_674' title='bbox 1652 288 1760 329; x_wconf 73' lang='lat' dir='ltr'>praedia</span> <span class='ocrx_word' id='word_1_675' title='bbox 1770 297 1855 319; x_wconf 87' lang='lat' dir='ltr'>tantae</span> <span class='ocrx_word' id='word_1_676' title='bbox 1867 290 2000 328; x_wconf 75' lang='lat' dir='ltr'>pecunia:</span> <span class='ocrx_word' id='word_1_677' title='bbox 2013 288 2070 319; x_wconf 86' lang='lat' dir='ltr'>sta-</span> 
     </span>
     <span class='ocr_line' id='line_1_72' title="bbox 1108 326 2071 371; baseline 0.007 -19"><span class='ocrx_word' id='word_1_678' title='bbox 1108 326 1164 353; x_wconf 90' lang='lat' dir='ltr'>tim</span> <span class='ocrx_word' id='word_1_679' title='bbox 1184 327 1320 365; x_wconf 81' lang='lat' dir='ltr'>Capitoni</span> <span class='ocrx_word' id='word_1_680' title='bbox 1335 326 1463 358; x_wconf 86' lang='lat' dir='ltr'>dantur?</span> <span class='ocrx_word' id='word_1_681' title='bbox 1478 339 1531 359; x_wconf 89' lang='lat' dir='ltr'>cur</span> <span class='ocrx_word' id='word_1_682' title='bbox 1543 349 1552 363; x_wconf 88' lang='lat'>‚</span> <span class='ocrx_word' id='word_1_683' title='bbox 1574 340 1638 371; x_wconf 83' lang='lat' dir='ltr'>quae</span> <span class='ocrx_word' id='word_1_684' title='bbox 1653 331 1768 371; x_wconf 88' lang='lat' dir='ltr'>reliqua</span> <span class='ocrx_word' id='word_1_685' title='bbox 1786 331 1853 361; x_wconf 90' lang='lat' dir='ltr'>sunt</span> <span class='ocrx_word' id='word_1_686' title='bbox 1871 330 1928 361; x_wconf 86' lang='lat' dir='ltr'>iste</span> <span class='ocrx_word' id='word_1_687' title='bbox 1939 331 2071 362; x_wconf 81' lang='lat' dir='ltr'>Roscius</span> 
     </span>
     <span class='ocr_line' id='line_1_73' title="bbox 1107 368 2071 412; baseline 0.009 -19"><span class='ocrx_word' id='word_1_688' title='bbox 1107 368 1213 396; x_wconf 80' lang='lat' dir='ltr'>omnia</span> <span class='ocrx_word' id='word_1_689' title='bbox 1223 377 1292 396; x_wconf 89' lang='lat' dir='ltr'>cum</span> <span class='ocrx_word' id='word_1_690' title='bbox 1305 369 1500 410; x_wconf 81' lang='lat' dir='ltr'>Chrysogono</span> <span class='ocrx_word' id='word_1_691' title='bbox 1508 375 1716 402; x_wconf 85' lang='lat' dir='ltr'>communiter</span> <span class='ocrx_word' id='word_1_692' title='bbox 1724 371 1869 412; x_wconf 86' lang='lat' dir='ltr'>poffidet?</span> <span class='ocrx_word' id='word_1_693' title='bbox 1891 382 1995 402; x_wconf 89' lang='lat' dir='ltr'>nonne</span> <span class='ocrx_word' id='word_1_694' title='bbox 2002 382 2071 412; x_wconf 88' lang='lat' dir='ltr'>pei·-</span> 
     </span>
     <span class='ocr_line' id='line_1_74' title="bbox 1106 407 2066 456; baseline 0.01 -19"><span class='ocrx_word' id='word_1_695' title='bbox 1106 407 1242 446; x_wconf 86' lang='lat' dir='ltr'>spicuum</span> <span class='ocrx_word' id='word_1_696' title='bbox 1253 408 1309 441; x_wconf 84' lang='lat' dir='ltr'>est,</span> <span class='ocrx_word' id='word_1_697' title='bbox 1320 410 1436 447; x_wconf 83' lang='lat' dir='ltr'>judices</span> <span class='ocrx_word' id='word_1_698' title='bbox 1447 432 1455 444; x_wconf 85' lang='lat'>‚</span> <span class='ocrx_word' id='word_1_699' title='bbox 1467 412 1517 442; x_wconf 85' lang='lat' dir='ltr'>has</span> <span class='ocrx_word' id='word_1_700' title='bbox 1531 414 1684 445; x_wconf 80' lang='lat' dir='ltr'>manubias</span> <span class='ocrx_word' id='word_1_701' title='bbox 1695 415 1814 445; x_wconf 90' lang='lat' dir='ltr'>Rosciis</span> <span class='ocrx_word' id='word_1_702' title='bbox 1824 414 2066 456; x_wconf 75' lang='lat' dir='ltr'>Chrysogonum»</span> 
     </span>
     <span class='ocr_line' id='line_1_75' title="bbox 1105 450 2068 497; baseline 0.008 -20"><span class='ocrx_word' id='word_1_703' title='bbox 1105 458 1135 478; x_wconf 88' lang='lat' dir='ltr'>re</span> <span class='ocrx_word' id='word_1_704' title='bbox 1153 451 1271 489; x_wconf 83' lang='lat' dir='ltr'>cognita</span> <span class='ocrx_word' id='word_1_705' title='bbox 1280 469 1288 482; x_wconf 89' lang='lat'>‚</span> <span class='ocrx_word' id='word_1_706' title='bbox 1308 450 1498 485; x_wconf 74' lang='lat' dir='ltr'>conceffiffe?</span> <span class='ocrx_word' id='word_1_707' title='bbox 1517 457 1610 485; x_wconf 81' lang='lat' dir='ltr'>Venit</span> <span class='ocrx_word' id='word_1_708' title='bbox 1624 457 1656 486; x_wconf 88' lang='lat' dir='ltr'>in</span> <span class='ocrx_word' id='word_1_709' title='bbox 1675 455 1903 496; x_wconf 88' lang='lat' dir='ltr'>decem-primis</span> <span class='ocrx_word' id='word_1_710' title='bbox 1914 456 2023 497; x_wconf 84' lang='lat' dir='ltr'>legatus</span> <span class='ocrx_word' id='word_1_711' title='bbox 2034 457 2068 486; x_wconf 92' lang='lat' dir='ltr'>in</span> 
     </span>
     <span class='ocr_line' id='line_1_76' title="bbox 1104 489 2070 539; baseline 0.008 -19"><span class='ocrx_word' id='word_1_712' title='bbox 1104 489 1193 520; x_wconf 84' lang='lat' dir='ltr'>castra</span> <span class='ocrx_word' id='word_1_713' title='bbox 1204 492 1320 529; x_wconf 85' lang='lat' dir='ltr'>Capito.</span> <span class='ocrx_word' id='word_1_714' title='bbox 1346 500 1439 522; x_wconf 88' lang='lat' dir='ltr'>totam</span> <span class='ocrx_word' id='word_1_715' title='bbox 1452 496 1545 524; x_wconf 87' lang='lat' dir='ltr'>vitam</span> <span class='ocrx_word' id='word_1_716' title='bbox 1557 516 1565 528; x_wconf 84' lang='lat'>‚</span> <span class='ocrx_word' id='word_1_717' title='bbox 1585 506 1721 528; x_wconf 83' lang='lat' dir='ltr'>naturam</span> <span class='ocrx_word' id='word_1_718' title='bbox 1734 517 1742 531; x_wconf 91' lang='lat'>‚</span> <span class='ocrx_word' id='word_1_719' title='bbox 1763 499 1919 539; x_wconf 87' lang='lat' dir='ltr'>moresque</span> <span class='ocrx_word' id='word_1_720' title='bbox 1931 499 2070 528; x_wconf 84' lang='lat' dir='ltr'>hominis</span> 
     </span>
     <span class='ocr_line' id='line_1_77' title="bbox 1105 532 2067 580; baseline 0.009 -18"><span class='ocrx_word' id='word_1_721' title='bbox 1105 541 1143 562; x_wconf 82' lang='lat' dir='ltr'>ex</span> <span class='ocrx_word' id='word_1_722' title='bbox 1154 532 1213 571; x_wconf 72' lang='lat' dir='ltr'>ipsa</span> <span class='ocrx_word' id='word_1_723' title='bbox 1224 532 1370 572; x_wconf 77' lang='lat' dir='ltr'>legatione</span> <span class='ocrx_word' id='word_1_724' title='bbox 1389 537 1570 575; x_wconf 82' lang='lat' dir='ltr'>cognoscite.</span> <span class='ocrx_word' id='word_1_725' title='bbox 1605 538 1670 568; x_wconf 85' lang='lat' dir='ltr'>Nisi</span> <span class='ocrx_word' id='word_1_726' title='bbox 1690 540 1899 569; x_wconf 80' lang='lat' dir='ltr'>intellexeritis</span> <span class='ocrx_word' id='word_1_727' title='bbox 1913 559 1920 574; x_wconf 85' lang='lat'><strong><em>‚</em></strong></span> <span class='ocrx_word' id='word_1_728' title='bbox 1938 540 2067 580; x_wconf 79' lang='lat' dir='ltr'>judices,</span> 
     </span>
     <span class='ocr_line' id='line_1_78' title="bbox 1103 571 2069 623; baseline 0.009 -20"><span class='ocrx_word' id='word_1_729' title='bbox 1103 574 1225 603; x_wconf 88' lang='lat' dir='ltr'>nullum</span> <span class='ocrx_word' id='word_1_730' title='bbox 1236 571 1294 602; x_wconf 80' lang='lat' dir='ltr'>efl&#39;e</span> <span class='ocrx_word' id='word_1_731' title='bbox 1305 575 1425 612; x_wconf 74' lang='lat' dir='ltr'>affictum</span> <span class='ocrx_word' id='word_1_732' title='bbox 1435 596 1443 609; x_wconf 85' lang='lat'>‚</span> <span class='ocrx_word' id='word_1_733' title='bbox 1458 578 1633 617; x_wconf 76' lang='lat' dir='ltr'>nullumjus</span> <span class='ocrx_word' id='word_1_734' title='bbox 1644 589 1703 610; x_wconf 83' lang='lat' dir='ltr'>tam</span> <span class='ocrx_word' id='word_1_735' title='bbox 1715 581 1850 610; x_wconf 60' lang='lat' dir='ltr'>sanfflim</span> <span class='ocrx_word' id='word_1_736' title='bbox 1863 602 1872 615; x_wconf 93' lang='lat'><em>‚</em></span> <span class='ocrx_word' id='word_1_737' title='bbox 1891 591 1978 623; x_wconf 84' lang='lat' dir='ltr'>atque</span> <span class='ocrx_word' id='word_1_738' title='bbox 1988 583 2069 611; x_wconf 87' lang='lat' dir='ltr'>inte-</span> 
     </span>
     <span class='ocr_line' id='line_1_79' title="bbox 1101 614 2069 666; baseline 0.01 -23"><span class='ocrx_word' id='word_1_739' title='bbox 1101 625 1200 656; x_wconf 81' lang='lat' dir='ltr'>grum,</span> <span class='ocrx_word' id='word_1_740' title='bbox 1212 614 1292 655; x_wconf 90' lang='lat' dir='ltr'>quod</span> <span class='ocrx_word' id='word_1_741' title='bbox 1306 625 1370 645; x_wconf 88' lang='lat' dir='ltr'>non</span> <span class='ocrx_word' id='word_1_742' title='bbox 1382 618 1445 655; x_wconf 87' lang='lat' dir='ltr'>ejus</span> <span class='ocrx_word' id='word_1_743' title='bbox 1455 618 1548 648; x_wconf 86' lang='lat' dir='ltr'>scelus</span> <span class='ocrx_word' id='word_1_744' title='bbox 1559 640 1567 653; x_wconf 85' lang='lat'>‚</span> <span class='ocrx_word' id='word_1_745' title='bbox 1579 631 1665 666; x_wconf 71' lang='lat' dir='ltr'>atque</span> <span class='ocrx_word' id='word_1_746' title='bbox 1678 621 1801 661; x_wconf 83' lang='lat' dir='ltr'>perfidia</span> <span class='ocrx_word' id='word_1_747' title='bbox 1810 624 1930 654; x_wconf 83' lang='lat' dir='ltr'>violarit</span> <span class='ocrx_word' id='word_1_748' title='bbox 1945 645 1953 656; x_wconf 86' lang='lat'>,</span> <span class='ocrx_word' id='word_1_749' title='bbox 1964 624 1997 653; x_wconf 73' lang='grc' dir='ltr'>δε</span> <span class='ocrx_word' id='word_1_750' title='bbox 2006 626 2069 653; x_wconf 90' lang='lat' dir='ltr'>im-</span> 
     </span>
     <span class='ocr_line' id='line_1_80' title="bbox 1104 659 2070 706; baseline 0.011 -21"><span class='ocrx_word' id='word_1_751' title='bbox 1104 659 1250 686; x_wconf 87' lang='lat' dir='ltr'>minuerit</span> <span class='ocrx_word' id='word_1_752' title='bbox 1263 667 1268 685; x_wconf 89' lang='lat'>:</span> <span class='ocrx_word' id='word_1_753' title='bbox 1287 659 1389 687; x_wconf 90' lang='lat' dir='ltr'>virum</span> <span class='ocrx_word' id='word_1_754' title='bbox 1407 661 1562 698; x_wconf 87' lang='lat' dir='ltr'>optimum</span> <span class='ocrx_word' id='word_1_755' title='bbox 1583 662 1639 692; x_wconf 83' lang='lat' dir='ltr'>esie</span> <span class='ocrx_word' id='word_1_756' title='bbox 1652 674 1721 693; x_wconf 86' lang='lat' dir='ltr'>eum</span> <span class='ocrx_word' id='word_1_757' title='bbox 1731 664 1904 701; x_wconf 76' lang='lat' dir='ltr'>judicatote.</span> <span class='ocrx_word' id='word_1_758' title='bbox 1932 664 2070 706; x_wconf 81' lang='lat' dir='ltr'>Impedi-</span> 
     </span>
     <span class='ocr_line' id='line_1_81' title="bbox 1104 697 2068 739; baseline 0.01 -11"><span class='ocrx_word' id='word_1_759' title='bbox 1104 708 1210 728; x_wconf 87' lang='lat' dir='ltr'>mento</span> <span class='ocrx_word' id='word_1_760' title='bbox 1221 697 1263 728; x_wconf 87' lang='lat' dir='ltr'>cst</span> <span class='ocrx_word' id='word_1_761' title='bbox 1274 719 1282 731; x_wconf 84' lang='lat'>‚</span> <span class='ocrx_word' id='word_1_762' title='bbox 1302 709 1362 739; x_wconf 85' lang='lat' dir='ltr'>quo</span> <span class='ocrx_word' id='word_1_763' title='bbox 1374 702 1476 730; x_wconf 87' lang='lat' dir='ltr'>minus</span> <span class='ocrx_word' id='word_1_764' title='bbox 1485 702 1521 731; x_wconf 87' lang='lat' dir='ltr'>de</span> <span class='ocrx_word' id='word_1_765' title='bbox 1530 703 1576 731; x_wconf 88' lang='lat' dir='ltr'>his</span> <span class='ocrx_word' id='word_1_766' title='bbox 1587 705 1673 734; x_wconf 87' lang='lat' dir='ltr'>rebus</span> <span class='ocrx_word' id='word_1_767' title='bbox 1684 706 1763 735; x_wconf 86' lang='lat' dir='ltr'>Sulla</span> <span class='ocrx_word' id='word_1_768' title='bbox 1775 706 1931 737; x_wconf 83' lang='lat' dir='ltr'>doceatur:</span> <span class='ocrx_word' id='word_1_769' title='bbox 1951 717 2068 737; x_wconf 85' lang='lat' dir='ltr'>cetero·</span> 
     </span>
     <span class='ocr_line' id='line_1_82' title="bbox 1104 740 2069 789; baseline 0.009 -19"><span class='ocrx_word' id='word_1_770' title='bbox 1104 751 1172 770; x_wconf 87' lang='lat' dir='ltr'>rum</span> <span class='ocrx_word' id='word_1_771' title='bbox 1183 740 1348 781; x_wconf 86' lang='lat' dir='ltr'>legatorum</span> <span class='ocrx_word' id='word_1_772' title='bbox 1360 741 1481 772; x_wconf 87' lang='lat' dir='ltr'>consilia</span> <span class='ocrx_word' id='word_1_773' title='bbox 1493 764 1501 775; x_wconf 91' lang='lat'>‚</span> <span class='ocrx_word' id='word_1_774' title='bbox 1523 744 1556 773; x_wconf 76' lang='grc' dir='ltr'>δε</span> <span class='ocrx_word' id='word_1_775' title='bbox 1567 745 1752 776; x_wconf 81' lang='lat' dir='ltr'>voluntatem</span> <span class='ocrx_word' id='word_1_776' title='bbox 1765 749 1959 789; x_wconf 80' lang='lat' dir='ltr'>Chrysogono</span> <span class='ocrx_word' id='word_1_777' title='bbox 1970 759 2069 779; x_wconf 87' lang='lat' dir='ltr'>enun-</span> 
     </span>
     <span class='ocr_line' id='line_1_83' title="bbox 1104 784 2069 830; baseline 0.011 -19"><span class='ocrx_word' id='word_1_778' title='bbox 1104 784 1172 812; x_wconf 85' lang='lat' dir='ltr'>tiat:</span> <span class='ocrx_word' id='word_1_779' title='bbox 1194 790 1318 816; x_wconf 89' lang='lat' dir='ltr'>monet,</span> <span class='ocrx_word' id='word_1_780' title='bbox 1330 792 1363 812; x_wconf 93' lang='lat' dir='ltr'>ut</span> <span class='ocrx_word' id='word_1_781' title='bbox 1370 784 1534 823; x_wconf 80' lang='lat' dir='ltr'>provideat,</span> <span class='ocrx_word' id='word_1_782' title='bbox 1552 788 1692 826; x_wconf 69' lang='lat' dir='ltr'>nepalam</span> <span class='ocrx_word' id='word_1_783' title='bbox 1706 798 1748 817; x_wconf 88' lang='lat' dir='ltr'>res</span> <span class='ocrx_word' id='word_1_784' title='bbox 1761 799 1867 830; x_wconf 78' lang='lat' dir='ltr'>agatur.</span> <span class='ocrx_word' id='word_1_785' title='bbox 1893 790 2034 824; x_wconf 85' lang='lat' dir='ltr'>ostendit,</span> <span class='ocrx_word' id='word_1_786' title='bbox 2046 788 2069 821; x_wconf 81' lang='lat' dir='ltr'>fi</span> 
     </span>
     <span class='ocr_line' id='line_1_84' title="bbox 1105 822 2069 873; baseline 0.009 -19"><span class='ocrx_word' id='word_1_787' title='bbox 1105 824 1215 854; x_wconf 87' lang='lat' dir='ltr'>sublata</span> <span class='ocrx_word' id='word_1_788' title='bbox 1235 822 1269 854; x_wconf 84' lang='lat' dir='ltr'>sit</span> <span class='ocrx_word' id='word_1_789' title='bbox 1285 824 1423 855; x_wconf 82' lang='lat' dir='ltr'>venditio</span> <span class='ocrx_word' id='word_1_790' title='bbox 1445 826 1596 857; x_wconf 89' lang='lat' dir='ltr'>bonorum</span> <span class='ocrx_word' id='word_1_791' title='bbox 1606 848 1615 861; x_wconf 89' lang='lat'>‚</span> <span class='ocrx_word' id='word_1_792' title='bbox 1639 830 1728 859; x_wconf 88' lang='lat' dir='ltr'>illum</span> <span class='ocrx_word' id='word_1_793' title='bbox 1746 833 1905 870; x_wconf 85' lang='lat' dir='ltr'>pecuniam</span> <span class='ocrx_word' id='word_1_794' title='bbox 1923 832 2069 873; x_wconf 85' lang='lat' dir='ltr'>grandem</span> 
     </span>
     <span class='ocr_line' id='line_1_85' title="bbox 1103 864 2070 907; baseline 0.008 -11"><span class='ocrx_word' id='word_1_795' title='bbox 1103 864 1292 899; x_wconf 71' lang='lat' dir='ltr'>amissurum,</span> <span class='ocrx_word' id='word_1_796' title='bbox 1303 866 1362 896; x_wconf 86' lang='lat' dir='ltr'>sese</span> <span class='ocrx_word' id='word_1_797' title='bbox 1374 869 1477 907; x_wconf 84' lang='lat' dir='ltr'>capitis</span> <span class='ocrx_word' id='word_1_798' title='bbox 1487 870 1655 907; x_wconf 88' lang='lat' dir='ltr'>periculum</span> <span class='ocrx_word' id='word_1_799' title='bbox 1665 871 1829 902; x_wconf 83' lang='lat' dir='ltr'>aditurum.</span> <span class='ocrx_word' id='word_1_800' title='bbox 1845 874 1933 903; x_wconf 88' lang='lat' dir='ltr'>illurn</span> <span class='ocrx_word' id='word_1_801' title='bbox 1944 884 2047 904; x_wconf 81' lang='lat' dir='ltr'>acuere</span> <span class='ocrx_word' id='word_1_802' title='bbox 2061 884 2070 904; x_wconf 88' lang='lat'>:</span> 
     </span>
     <span class='ocr_line' id='line_1_86' title="bbox 1106 906 2070 948; baseline 0.009 -11"><span class='ocrx_word' id='word_1_803' title='bbox 1106 908 1161 937; x_wconf 90' lang='lat' dir='ltr'>hos</span> <span class='ocrx_word' id='word_1_804' title='bbox 1174 928 1184 941; x_wconf 89' lang='lat'>,</span> <span class='ocrx_word' id='word_1_805' title='bbox 1199 909 1251 948; x_wconf 85' lang='lat' dir='ltr'>qui</span> <span class='ocrx_word' id='word_1_806' title='bbox 1263 906 1351 938; x_wconf 89' lang='lat' dir='ltr'>simul</span> <span class='ocrx_word' id='word_1_807' title='bbox 1366 918 1448 939; x_wconf 88' lang='lat' dir='ltr'>erant</span> <span class='ocrx_word' id='word_1_808' title='bbox 1460 909 1540 939; x_wconf 87' lang='lat' dir='ltr'>missi</span> <span class='ocrx_word' id='word_1_809' title='bbox 1552 931 1560 943; x_wconf 88' lang='lat'>‚</span> <span class='ocrx_word' id='word_1_810' title='bbox 1571 910 1674 942; x_wconf 88' lang='lat' dir='ltr'>fallere</span> <span class='ocrx_word' id='word_1_811' title='bbox 1687 923 1691 942; x_wconf 91' lang='grc'>;</span> <span class='ocrx_word' id='word_1_812' title='bbox 1715 913 1805 943; x_wconf 90' lang='lat' dir='ltr'>illum</span> <span class='ocrx_word' id='word_1_813' title='bbox 1816 914 1983 945; x_wconf 84' lang='lat' dir='ltr'>identidem</span> <span class='ocrx_word' id='word_1_814' title='bbox 1997 925 2070 945; x_wconf 83' lang='lat' dir='ltr'>mo-</span> 
     </span>
     <span class='ocr_line' id='line_1_87' title="bbox 1104 951 2067 994; baseline 0.009 -16"><span class='ocrx_word' id='word_1_815' title='bbox 1104 960 1175 979; x_wconf 83' lang='lat' dir='ltr'>nere</span> <span class='ocrx_word' id='word_1_816' title='bbox 1184 970 1192 983; x_wconf 88' lang='lat'>‚</span> <span class='ocrx_word' id='word_1_817' title='bbox 1213 957 1246 979; x_wconf 88' lang='lat' dir='ltr'>ut</span> <span class='ocrx_word' id='word_1_818' title='bbox 1254 959 1388 980; x_wconf 88' lang='lat' dir='ltr'>caveret:</span> <span class='ocrx_word' id='word_1_819' title='bbox 1408 952 1488 981; x_wconf 89' lang='lat' dir='ltr'>hisce</span> <span class='ocrx_word' id='word_1_820' title='bbox 1506 951 1646 984; x_wconf 86' lang='lat' dir='ltr'>insidiose</span> <span class='ocrx_word' id='word_1_821' title='bbox 1665 955 1747 994; x_wconf 87' lang='lat' dir='ltr'>spem</span> <span class='ocrx_word' id='word_1_822' title='bbox 1767 954 1870 985; x_wconf 78' lang='lat' dir='ltr'>falsam</span> <span class='ocrx_word' id='word_1_823' title='bbox 1889 956 2045 987; x_wconf 84' lang='lat' dir='ltr'>ostendere</span> <span class='ocrx_word' id='word_1_824' title='bbox 2058 967 2067 988; x_wconf 75' lang='lat' dir='ltr'>t</span> 
     </span>
     <span class='ocr_line' id='line_1_88' title="bbox 1103 991 2072 1037; baseline 0.005 -15"><span class='ocrx_word' id='word_1_825' title='bbox 1103 1002 1173 1022; x_wconf 89' lang='lat' dir='ltr'>cum</span> <span class='ocrx_word' id='word_1_826' title='bbox 1183 991 1239 1021; x_wconf 90' lang='lat' dir='ltr'>illo</span> <span class='ocrx_word' id='word_1_827' title='bbox 1250 1001 1352 1022; x_wconf 87' lang='lat' dir='ltr'>contra</span> <span class='ocrx_word' id='word_1_828' title='bbox 1361 993 1416 1022; x_wconf 87' lang='lat' dir='ltr'>hos</span> <span class='ocrx_word' id='word_1_829' title='bbox 1428 995 1504 1023; x_wconf 84' lang='lat' dir='ltr'>&#39;inire</span> <span class='ocrx_word' id='word_1_830' title='bbox 1512 993 1645 1029; x_wconf 84' lang='lat' dir='ltr'>consilia,</span> <span class='ocrx_word' id='word_1_831' title='bbox 1656 998 1752 1025; x_wconf 74' lang='lat' dir='ltr'>horum</span> <span class='ocrx_word' id='word_1_832' title='bbox 1762 997 1873 1037; x_wconf 70' lang='lat' dir='ltr'>consilia</span> <span class='ocrx_word' id='word_1_833' title='bbox 1885 999 1926 1027; x_wconf 74' lang='lat' dir='ltr'>illi</span> <span class='ocrx_word' id='word_1_834' title='bbox 1936 998 2072 1027; x_wconf 77' lang='lat' dir='ltr'>enuntia·</span> 
     </span>
     <span class='ocr_line' id='line_1_89' title="bbox 1102 1033 2071 1080; baseline 0.01 -19"><span class='ocrx_word' id='word_1_835' title='bbox 1102 1044 1129 1062; x_wconf 85' lang='lat' dir='ltr'>re</span> <span class='ocrx_word' id='word_1_836' title='bbox 1139 1045 1150 1060; x_wconf 87' lang='lat'>.·</span> <span class='ocrx_word' id='word_1_837' title='bbox 1170 1042 1242 1063; x_wconf 88' lang='lat' dir='ltr'>cum</span> <span class='ocrx_word' id='word_1_838' title='bbox 1261 1033 1317 1063; x_wconf 91' lang='lat' dir='ltr'>illo</span> <span class='ocrx_word' id='word_1_839' title='bbox 1334 1043 1447 1074; x_wconf 87' lang='lat' dir='ltr'>partem</span> <span class='ocrx_word' id='word_1_840' title='bbox 1468 1036 1549 1066; x_wconf 88' lang='lat' dir='ltr'>suam</span> <span class='ocrx_word' id='word_1_841' title='bbox 1570 1037 1713 1077; x_wconf 82' lang='lat' dir='ltr'>depacisci</span> <span class='ocrx_word' id='word_1_842' title='bbox 1732 1049 1737 1068; x_wconf 83' lang='lat' dir='ltr'><strong><em>z</em></strong></span> <span class='ocrx_word' id='word_1_843' title='bbox 1759 1040 1858 1069; x_wconf 60' lang='lat' dir='ltr'>rhisce</span> <span class='ocrx_word' id='word_1_844' title='bbox 1869 1039 1965 1080; x_wconf 80' lang='lat' dir='ltr'>aliqua</span> <span class='ocrx_word' id='word_1_845' title='bbox 1975 1039 2071 1071; x_wconf 74' lang='lat' dir='ltr'>fretus</span> 
     </span>
     <span class='ocr_line' id='line_1_90' title="bbox 1102 1076 2071 1114; baseline 0.008 -10"><span class='ocrx_word' id='word_1_846' title='bbox 1102 1076 1175 1105; x_wconf 91' lang='lat' dir='ltr'>hora</span> <span class='ocrx_word' id='word_1_847' title='bbox 1186 1076 1300 1114; x_wconf 82' lang='lat' dir='ltr'>semper</span> <span class='ocrx_word' id='word_1_848' title='bbox 1309 1086 1418 1106; x_wconf 85' lang='lat' dir='ltr'>omnes</span> <span class='ocrx_word' id='word_1_849' title='bbox 1428 1077 1534 1112; x_wconf 78' lang='lat' dir='ltr'>aditus,</span> <span class='ocrx_word' id='word_1_850' title='bbox 1547 1079 1581 1109; x_wconf 89' lang='lat' dir='ltr'>ad</span> <span class='ocrx_word' id='word_1_851' title='bbox 1593 1081 1707 1111; x_wconf 86' lang='lat' dir='ltr'>Sullam</span> <span class='ocrx_word' id='word_1_852' title='bbox 1720 1081 1926 1111; x_wconf 77' lang='lat' dir='ltr'>intercludere.</span> <span class='ocrx_word' id='word_1_853' title='bbox 1950 1081 2071 1112; x_wconf 76' lang='lat' dir='ltr'>Postre-</span> 
     </span>
     <span class='ocr_line' id='line_1_91' title="bbox 1101 1116 2070 1164; baseline 0.008 -19"><span class='ocrx_word' id='word_1_854' title='bbox 1101 1116 1156 1146; x_wconf 73' lang='lat' dir='ltr'>mo</span> <span class='ocrx_word' id='word_1_855' title='bbox 1167 1116 1224 1147; x_wconf 89' lang='lat' dir='ltr'>isto</span> <span class='ocrx_word' id='word_1_856' title='bbox 1235 1119 1382 1148; x_wconf 82' lang='lat' dir='ltr'>hortatore</span> <span class='ocrx_word' id='word_1_857' title='bbox 1392 1139 1400 1152; x_wconf 89' lang='lat'>,</span> <span class='ocrx_word' id='word_1_858' title='bbox 1419 1119 1540 1150; x_wconf 65' lang='lat' dir='ltr'>auctore</span> <span class='ocrx_word' id='word_1_859' title='bbox 1550 1141 1558 1153; x_wconf 85' lang='lat'>‚</span> <span class='ocrx_word' id='word_1_860' title='bbox 1581 1120 1769 1152; x_wconf 72' lang='lat' dir='ltr'>intercessore</span> <span class='ocrx_word' id='word_1_861' title='bbox 1779 1143 1787 1156; x_wconf 89' lang='lat'>‚</span> <span class='ocrx_word' id='word_1_862' title='bbox 1810 1123 1845 1152; x_wconf 91' lang='lat' dir='ltr'>ad</span> <span class='ocrx_word' id='word_1_863' title='bbox 1855 1124 1968 1153; x_wconf 87' lang='lat' dir='ltr'>Sullam</span> <span class='ocrx_word' id='word_1_864' title='bbox 1980 1124 2070 1164; x_wconf 79' lang='lat' dir='ltr'>legati</span> 
     </span>
     <span class='ocr_line' id='line_1_92' title="bbox 1102 1158 2070 1206; baseline 0.008 -18"><span class='ocrx_word' id='word_1_865' title='bbox 1102 1169 1166 1189; x_wconf 90' lang='lat' dir='ltr'>non</span> <span class='ocrx_word' id='word_1_866' title='bbox 1176 1158 1326 1189; x_wconf 86' lang='lat' dir='ltr'>adierunt:</span> <span class='ocrx_word' id='word_1_867' title='bbox 1338 1159 1422 1190; x_wconf 87' lang='lat' dir='ltr'>istius</span> <span class='ocrx_word' id='word_1_868' title='bbox 1435 1160 1503 1195; x_wconf 84' lang='lat' dir='ltr'>fide,</span> <span class='ocrx_word' id='word_1_869' title='bbox 1515 1172 1547 1192; x_wconf 91' lang='lat' dir='ltr'>ac</span> <span class='ocrx_word' id='word_1_870' title='bbox 1557 1166 1658 1202; x_wconf 85' lang='lat' dir='ltr'>potius</span> <span class='ocrx_word' id='word_1_871' title='bbox 1668 1163 1791 1203; x_wconf 80' lang='lat' dir='ltr'>perfidia</span> <span class='ocrx_word' id='word_1_872' title='bbox 1801 1164 1927 1205; x_wconf 82' lang='lat' dir='ltr'>decepti,</span> <span class='ocrx_word' id='word_1_873' title='bbox 1942 1165 1971 1196; x_wconf 82' lang='lat' dir='ltr'>id</span> <span class='ocrx_word' id='word_1_874' title='bbox 1983 1165 2070 1206; x_wconf 78' lang='lat' dir='ltr'>quot!</span> 
     </span>
     <span class='ocr_line' id='line_1_93' title="bbox 1101 1199 2067 1243; baseline 0.007 -13"><span class='ocrx_word' id='word_1_875' title='bbox 1101 1211 1140 1231; x_wconf 88' lang='lat' dir='ltr'>ex</span> <span class='ocrx_word' id='word_1_876' title='bbox 1150 1199 1218 1241; x_wconf 83' lang='lat' dir='ltr'>ipsis</span> <span class='ocrx_word' id='word_1_877' title='bbox 1228 1211 1263 1231; x_wconf 90' lang='lat' dir='ltr'>co</span> <span class='ocrx_word' id='word_1_878' title='bbox 1287 1202 1405 1232; x_wconf 88' lang='lat' dir='ltr'>noscere</span> <span class='ocrx_word' id='word_1_879' title='bbox 1416 1206 1569 1243; x_wconf 85' lang='lat' dir='ltr'>poteritis,</span> <span class='ocrx_word' id='word_1_880' title='bbox 1588 1204 1608 1234; x_wconf 86' lang='lat' dir='ltr'>si</span> <span class='ocrx_word' id='word_1_881' title='bbox 1626 1207 1774 1236; x_wconf 83' lang='lat' dir='ltr'>accusator</span> <span class='ocrx_word' id='word_1_882' title='bbox 1783 1207 1915 1236; x_wconf 85' lang='lat' dir='ltr'>voluerit</span> <span class='ocrx_word' id='word_1_883' title='bbox 1925 1206 2067 1237; x_wconf 86' lang='lat' dir='ltr'>testimo-</span> 
     </span>
     <span class='ocr_line' id='line_1_94' title="bbox 1101 1244 2069 1287; baseline 0.005 -15"><span class='ocrx_word' id='word_1_884' title='bbox 1101 1244 1190 1273; x_wconf 90' lang='lat' dir='ltr'>nium</span> <span class='ocrx_word' id='word_1_885' title='bbox 1201 1245 1243 1273; x_wconf 89' lang='lat' dir='ltr'>eis</span> <span class='ocrx_word' id='word_1_886' title='bbox 1276 1246 1429 1274; x_wconf 85' lang='lat' dir='ltr'>enuntiare</span> <span class='ocrx_word' id='word_1_887' title='bbox 1440 1265 1447 1279; x_wconf 86' lang='lat'>‚</span> <span class='ocrx_word' id='word_1_888' title='bbox 1465 1254 1512 1285; x_wconf 86' lang='lat' dir='ltr'>pro</span> <span class='ocrx_word' id='word_1_889' title='bbox 1523 1256 1549 1275; x_wconf 86' lang='lat' dir='ltr'>re</span> <span class='ocrx_word' id='word_1_890' title='bbox 1559 1248 1711 1286; x_wconf 72' lang='lat' dir='ltr'>cei-raspem</span> <span class='ocrx_word' id='word_1_891' title='bbox 1722 1248 1832 1287; x_wconf 59' lang='lat' dir='ltr'>falsie-m</span> <span class='ocrx_word' id='word_1_892' title='bbox 1841 1248 1955 1277; x_wconf 79' lang='lat' dir='ltr'>domum</span> <span class='ocrx_word' id='word_1_893' title='bbox 1964 1249 2069 1278; x_wconf 69' lang='lat' dir='ltr'>retule-</span> 
     </span>
     <span class='ocr_line' id='line_1_95' title="bbox 1100 1286 2065 1329; baseline 0.007 -15"><span class='ocrx_word' id='word_1_894' title='bbox 1100 1292 1177 1314; x_wconf 81' lang='lat' dir='ltr'>runr.</span> <span class='ocrx_word' id='word_1_895' title='bbox 1207 1288 1245 1315; x_wconf 91' lang='lat' dir='ltr'>In</span> <span class='ocrx_word' id='word_1_896' title='bbox 1254 1287 1376 1325; x_wconf 87' lang='lat' dir='ltr'>privatis</span> <span class='ocrx_word' id='word_1_897' title='bbox 1386 1286 1472 1316; x_wconf 86' lang='lat' dir='ltr'>rebus</span> <span class='ocrx_word' id='word_1_898' title='bbox 1491 1290 1586 1329; x_wconf 65' lang='lat' dir='ltr'>SiQr</span> <span class='ocrx_word' id='word_1_899' title='bbox 1607 1299 1680 1319; x_wconf 79' lang='lat' dir='ltr'>REM</span> <span class='ocrx_word' id='word_1_900' title='bbox 1702 1299 1901 1320; x_wconf 74' lang='lat' dir='ltr'>MANDATAM</span> <span class='ocrx_word' id='word_1_901' title='bbox 1921 1300 1984 1320; x_wconf 91' lang='lat' dir='ltr'>non</span> <span class='ocrx_word' id='word_1_902' title='bbox 1995 1301 2065 1320; x_wconf 78' lang='lat' dir='ltr'>mo-</span> 
     </span>
     <span class='ocr_line' id='line_1_96' title="bbox 1101 1325 2066 1371; baseline 0.007 -15"><span class='ocrx_word' id='word_1_903' title='bbox 1101 1325 1141 1357; x_wconf 75' lang='lat' dir='ltr'>do</span> <span class='ocrx_word' id='word_1_904' title='bbox 1162 1325 1338 1357; x_wconf 80' lang='lat' dir='ltr'>malitiosius</span> <span class='ocrx_word' id='word_1_905' title='bbox 1347 1326 1493 1368; x_wconf 75' lang='lat' dir='ltr'>gessisset,</span> <span class='ocrx_word' id='word_1_906' title='bbox 1515 1330 1560 1360; x_wconf 91' lang='lat' dir='ltr'>sui</span> <span class='ocrx_word' id='word_1_907' title='bbox 1572 1330 1700 1371; x_wconf 80' lang='lat' dir='ltr'>quaestus</span> <span class='ocrx_word' id='word_1_908' title='bbox 1711 1353 1718 1365; x_wconf 91' lang='lat'>‚</span> <span class='ocrx_word' id='word_1_909' title='bbox 1738 1341 1787 1361; x_wconf 90' lang='lat' dir='ltr'>aut</span> <span class='ocrx_word' id='word_1_910' title='bbox 1796 1332 1956 1362; x_wconf 84' lang='lat' dir='ltr'>commodi</span> <span class='ocrx_word' id='word_1_911' title='bbox 1967 1333 2066 1367; x_wconf 79' lang='lat' dir='ltr'>causa,</span> 
     </span>
     <span class='ocr_line' id='line_1_97' title="bbox 1099 1367 2069 1413; baseline 0.007 -16"><span class='ocrx_word' id='word_1_912' title='bbox 1099 1367 1208 1398; x_wconf 74' lang='lat' dir='ltr'>verum</span> <span class='ocrx_word' id='word_1_913' title='bbox 1227 1371 1316 1399; x_wconf 86' lang='lat' dir='ltr'>etiarn</span> <span class='ocrx_word' id='word_1_914' title='bbox 1336 1370 1539 1411; x_wconf 86' lang='lat' dir='ltr'>negligentius</span> <span class='ocrx_word' id='word_1_915' title='bbox 1552 1382 1557 1401; x_wconf 89' lang='lat'><strong>:</strong></span> <span class='ocrx_word' id='word_1_916' title='bbox 1578 1383 1650 1403; x_wconf 91' lang='lat' dir='ltr'>eum</span> <span class='ocrx_word' id='word_1_917' title='bbox 1661 1375 1790 1413; x_wconf 77' lang='lat' dir='ltr'>majores</span> <span class='ocrx_word' id='word_1_918' title='bbox 1800 1374 1956 1404; x_wconf 88' lang='lat' dir='ltr'>summum</span> <span class='ocrx_word' id='word_1_919' title='bbox 1967 1373 2069 1404; x_wconf 78' lang='lat' dir='ltr'>admi-</span> 
     </span>
     <span class='ocr_line' id='line_1_98' title="bbox 1102 1408 2068 1455; baseline 0.007 -15"><span class='ocrx_word' id='word_1_920' title='bbox 1102 1408 1164 1440; x_wconf 80' lang='lat' dir='ltr'>slffe</span> <span class='ocrx_word' id='word_1_921' title='bbox 1175 1410 1303 1441; x_wconf 88' lang='lat' dir='ltr'>dedecus</span> <span class='ocrx_word' id='word_1_922' title='bbox 1314 1411 1536 1443; x_wconf 75' lang='lat' dir='ltr'>existimabant.</span> <span class='ocrx_word' id='word_1_923' title='bbox 1559 1415 1658 1455; x_wconf 87' lang='lat' dir='ltr'>itaque</span> <span class='ocrx_word' id='word_1_924' title='bbox 1669 1415 1802 1445; x_wconf 88' lang='lat' dir='ltr'>mandati</span> <span class='ocrx_word' id='word_1_925' title='bbox 1812 1415 2010 1446; x_wconf 89' lang='lat' dir='ltr'>constitutum</span> <span class='ocrx_word' id='word_1_926' title='bbox 2023 1415 2068 1448; x_wconf 81' lang='lat' dir='ltr'>est</span> 
     </span>
     <span class='ocr_line' id='line_1_99' title="bbox 1098 1452 2070 1498; baseline 0.007 -17"><span class='ocrx_word' id='word_1_927' title='bbox 1098 1452 1250 1492; x_wconf 85' lang='lat' dir='ltr'>judicium</span> <span class='ocrx_word' id='word_1_928' title='bbox 1263 1473 1271 1486; x_wconf 95' lang='lat'>‚</span> <span class='ocrx_word' id='word_1_929' title='bbox 1283 1463 1347 1483; x_wconf 90' lang='lat' dir='ltr'>non</span> <span class='ocrx_word' id='word_1_930' title='bbox 1359 1455 1461 1484; x_wconf 88' lang='lat' dir='ltr'>minus</span> <span class='ocrx_word' id='word_1_931' title='bbox 1470 1464 1553 1495; x_wconf 87' lang='lat' dir='ltr'>turpe</span> <span class='ocrx_word' id='word_1_932' title='bbox 1563 1476 1571 1489; x_wconf 94' lang='lat'>‚</span> <span class='ocrx_word' id='word_1_933' title='bbox 1594 1456 1684 1497; x_wconf 73' lang='lat' dir='ltr'>quam</span> <span class='ocrx_word' id='word_1_934' title='bbox 1694 1457 1776 1487; x_wconf 86' lang='lat' dir='ltr'>furti.</span> <span class='ocrx_word' id='word_1_935' title='bbox 1799 1457 1889 1487; x_wconf 86' lang='lat' dir='ltr'>credo</span> <span class='ocrx_word' id='word_1_936' title='bbox 1898 1466 2070 1498; x_wconf 73' lang='lat' dir='ltr'>propterca,</span> 
     </span>
     <span class='ocr_line' id='line_1_100' title="bbox 1100 1493 2069 1539; baseline 0.007 -16"><span class='ocrx_word' id='word_1_937' title='bbox 1100 1493 1180 1536; x_wconf 88' lang='lat' dir='ltr'>quod</span> <span class='ocrx_word' id='word_1_938' title='bbox 1191 1515 1199 1527; x_wconf 94' lang='lat'>,</span> <span class='ocrx_word' id='word_1_939' title='bbox 1220 1494 1330 1535; x_wconf 88' lang='lat' dir='ltr'>quibus</span> <span class='ocrx_word' id='word_1_940' title='bbox 1348 1497 1380 1525; x_wconf 89' lang='lat' dir='ltr'>in</span> <span class='ocrx_word' id='word_1_941' title='bbox 1396 1495 1483 1526; x_wconf 89' lang='lat' dir='ltr'>rebus</span> <span class='ocrx_word' id='word_1_942' title='bbox 1493 1496 1546 1536; x_wconf 89' lang='lat' dir='ltr'>ipsi</span> <span class='ocrx_word' id='word_1_943' title='bbox 1558 1495 1694 1529; x_wconf 81' lang='lat' dir='ltr'>interesse</span> <span class='ocrx_word' id='word_1_944' title='bbox 1704 1510 1767 1529; x_wconf 91' lang='lat' dir='ltr'>non</span> <span class='ocrx_word' id='word_1_945' title='bbox 1777 1497 1933 1539; x_wconf 80' lang='lat' dir='ltr'>possumus</span> <span class='ocrx_word' id='word_1_946' title='bbox 1944 1519 1952 1533; x_wconf 85' lang='lat'>‚</span> <span class='ocrx_word' id='word_1_947' title='bbox 1975 1501 2009 1530; x_wconf 88' lang='lat' dir='ltr'>in</span> <span class='ocrx_word' id='word_1_948' title='bbox 2018 1500 2069 1531; x_wconf 79' lang='lat' dir='ltr'>his</span> 
     </span>
     <span class='ocr_line' id='line_1_101' title="bbox 1100 1536 2067 1583; baseline 0.006 -17"><span class='ocrx_word' id='word_1_949' title='bbox 1100 1546 1194 1576; x_wconf 74' lang='lat' dir='ltr'>opeiae</span> <span class='ocrx_word' id='word_1_950' title='bbox 1214 1536 1320 1567; x_wconf 81' lang='lat' dir='ltr'>nostrae</span> <span class='ocrx_word' id='word_1_951' title='bbox 1340 1539 1449 1568; x_wconf 84' lang='lat' dir='ltr'>vicaria</span> <span class='ocrx_word' id='word_1_952' title='bbox 1460 1559 1467 1572; x_wconf 89' lang='lat'>,</span> <span class='ocrx_word' id='word_1_953' title='bbox 1483 1538 1554 1577; x_wconf 83' lang='lat' dir='ltr'>fides</span> <span class='ocrx_word' id='word_1_954' title='bbox 1563 1541 1719 1570; x_wconf 75' lang='lat' dir='ltr'>amicorum</span> <span class='ocrx_word' id='word_1_955' title='bbox 1731 1562 1738 1574; x_wconf 90' lang='lat'><em>,</em></span> <span class='ocrx_word' id='word_1_956' title='bbox 1762 1541 1954 1581; x_wconf 84' lang='lat' dir='ltr'>supponitur:</span> <span class='ocrx_word' id='word_1_957' title='bbox 1973 1551 2067 1583; x_wconf 80' lang='lat' dir='ltr'>quam</span> 
     </span>
     <span class='ocr_line' id='line_1_102' title="bbox 1099 1578 2066 1623; baseline 0.007 -16"><span class='ocrx_word' id='word_1_958' title='bbox 1099 1581 1151 1620; x_wconf 91' lang='lat' dir='ltr'>qui</span> <span class='ocrx_word' id='word_1_959' title='bbox 1170 1578 1249 1608; x_wconf 85' lang='lat' dir='ltr'>laedit</span> <span class='ocrx_word' id='word_1_960' title='bbox 1262 1600 1269 1612; x_wconf 86' lang='lat'>,</span> <span class='ocrx_word' id='word_1_961' title='bbox 1291 1589 1441 1621; x_wconf 89' lang='lat' dir='ltr'>oppugnat</span> <span class='ocrx_word' id='word_1_962' title='bbox 1458 1583 1603 1612; x_wconf 85' lang='lat' dir='ltr'>omnium</span> <span class='ocrx_word' id='word_1_963' title='bbox 1621 1593 1788 1613; x_wconf 86' lang='lat' dir='ltr'>commune</span> <span class='ocrx_word' id='word_1_964' title='bbox 1804 1582 1975 1623; x_wconf 63' lang='lat' dir='ltr'>praesidium</span> <span class='ocrx_word' id='word_1_965' title='bbox 1987 1595 1992 1613; x_wconf 82' lang='lat' dir='ltr'>z</span> <span class='ocrx_word' id='word_1_966' title='bbox 2016 1584 2066 1618; x_wconf 83' lang='lat'>&amp;.</span> 
     </span>
     <span class='ocr_line' id='line_1_103' title="bbox 1099 1621 2067 1664; baseline 0.007 -15"><span class='ocrx_word' id='word_1_967' title='bbox 1099 1630 1246 1662; x_wconf 74' lang='lat' dir='ltr'>quantum</span> <span class='ocrx_word' id='word_1_968' title='bbox 1256 1623 1288 1650; x_wconf 91' lang='lat' dir='ltr'>in</span> <span class='ocrx_word' id='word_1_969' title='bbox 1297 1622 1362 1661; x_wconf 90' lang='lat' dir='ltr'>ipso</span> <span class='ocrx_word' id='word_1_970' title='bbox 1371 1621 1430 1656; x_wconf 86' lang='lat' dir='ltr'>est,</span> <span class='ocrx_word' id='word_1_971' title='bbox 1449 1622 1588 1658; x_wconf 77' lang='lat' dir='ltr'>disturbat</span> <span class='ocrx_word' id='word_1_972' title='bbox 1607 1624 1673 1653; x_wconf 65' lang='lat' dir='ltr'>vira</span> <span class='ocrx_word' id='word_1_973' title='bbox 1686 1625 1864 1664; x_wconf 61' lang='lat' dir='ltr'>firmetatem.</span> <span class='ocrx_word' id='word_1_974' title='bbox 1891 1628 1966 1655; x_wconf 91' lang='lat' dir='ltr'>Non</span> <span class='ocrx_word' id='word_1_975' title='bbox 1976 1628 2067 1657; x_wconf 83' lang='lat' dir='ltr'>enim</span> 
     </span>
     <span class='ocr_line' id='line_1_104' title="bbox 1101 1661 2065 1708; baseline 0.007 -17"><span class='ocrx_word' id='word_1_976' title='bbox 1101 1661 1257 1703; x_wconf 88' lang='lat' dir='ltr'>possumus</span> <span class='ocrx_word' id='word_1_977' title='bbox 1268 1665 1373 1693; x_wconf 89' lang='lat' dir='ltr'>omnia</span> <span class='ocrx_word' id='word_1_978' title='bbox 1381 1673 1432 1703; x_wconf 89' lang='lat' dir='ltr'>per</span> <span class='ocrx_word' id='word_1_979' title='bbox 1441 1674 1498 1694; x_wconf 89' lang='lat' dir='ltr'>nos</span> <span class='ocrx_word' id='word_1_980' title='bbox 1509 1675 1601 1706; x_wconf 85' lang='lat' dir='ltr'>agere.</span> <span class='ocrx_word' id='word_1_981' title='bbox 1612 1666 1686 1696; x_wconf 88' lang='lat' dir='ltr'>alius</span> <span class='ocrx_word' id='word_1_982' title='bbox 1697 1669 1730 1697; x_wconf 90' lang='lat' dir='ltr'>in</span> <span class='ocrx_word' id='word_1_983' title='bbox 1739 1668 1795 1697; x_wconf 86' lang='lat' dir='ltr'>alia</span> <span class='ocrx_word' id='word_1_984' title='bbox 1806 1667 1848 1697; x_wconf 90' lang='lat' dir='ltr'>est</span> <span class='ocrx_word' id='word_1_985' title='bbox 1858 1678 1888 1697; x_wconf 91' lang='lat' dir='ltr'>re</span> <span class='ocrx_word' id='word_1_986' title='bbox 1898 1669 1991 1708; x_wconf 85' lang='lat' dir='ltr'>magis</span> <span class='ocrx_word' id='word_1_987' title='bbox 2002 1669 2065 1698; x_wconf 86' lang='lat' dir='ltr'>uti-</span> 
     </span>
     <span class='ocr_line' id='line_1_105' title="bbox 1100 1704 2063 1747; baseline 0.006 -13"><span class='ocrx_word' id='word_1_988' title='bbox 1100 1706 1146 1734; x_wconf 90' lang='lat' dir='ltr'>lis.</span> <span class='ocrx_word' id='word_1_989' title='bbox 1178 1704 1294 1735; x_wconf 86' lang='lat' dir='ltr'>Idcirco</span> <span class='ocrx_word' id='word_1_990' title='bbox 1302 1708 1442 1736; x_wconf 87' lang='lat' dir='ltr'>amicitiae</span> <span class='ocrx_word' id='word_1_991' title='bbox 1452 1717 1662 1747; x_wconf 89' lang='lat' dir='ltr'>comparantur</span> <span class='ocrx_word' id='word_1_992' title='bbox 1672 1729 1681 1742; x_wconf 83' lang='lat'>‚</span> <span class='ocrx_word' id='word_1_993' title='bbox 1701 1718 1735 1739; x_wconf 82' lang='lat' dir='ltr'>ur</span> <span class='ocrx_word' id='word_1_994' title='bbox 1741 1719 1908 1739; x_wconf 89' lang='lat' dir='ltr'>commune</span> <span class='ocrx_word' id='word_1_995' title='bbox 1917 1720 2063 1740; x_wconf 77' lang='lat' dir='ltr'>commo·</span> 
     </span>
     <span class='ocr_line' id='line_1_106' title="bbox 1100 1746 2063 1791; baseline 0.006 -15"><span class='ocrx_word' id='word_1_996' title='bbox 1100 1746 1175 1776; x_wconf 92' lang='lat' dir='ltr'>dum</span> <span class='ocrx_word' id='word_1_997' title='bbox 1186 1749 1300 1777; x_wconf 87' lang='lat' dir='ltr'>mutuis</span> <span class='ocrx_word' id='word_1_998' title='bbox 1312 1746 1421 1777; x_wconf 85' lang='lat' dir='ltr'>officiis</span> <span class='ocrx_word' id='word_1_999' title='bbox 1428 1748 1618 1789; x_wconf 87' lang='lat' dir='ltr'>gubernetur.</span> <span class='ocrx_word' id='word_1_1000' title='bbox 1647 1750 1729 1791; x_wconf 69' lang='lat' dir='ltr'>Qijd</span> <span class='ocrx_word' id='word_1_1001' title='bbox 1747 1753 1853 1791; x_wconf 84' lang='lat' dir='ltr'>recipis</span> <span class='ocrx_word' id='word_1_1002' title='bbox 1869 1751 2063 1785; x_wconf 79' lang='lat' dir='ltr'>mandatum,</span> 
     </span>
     <span class='ocr_line' id='line_1_107' title="bbox 1099 1787 2064 1830; baseline 0.006 -12"><span class='ocrx_word' id='word_1_1003' title='bbox 1099 1787 1121 1818; x_wconf 91' lang='lat' dir='ltr'>si</span> <span class='ocrx_word' id='word_1_1004' title='bbox 1139 1798 1188 1819; x_wconf 88' lang='lat' dir='ltr'>aut</span> <span class='ocrx_word' id='word_1_1005' title='bbox 1206 1788 1395 1830; x_wconf 58' lang='lat' dir='ltr'>negleRurus</span> <span class='ocrx_word' id='word_1_1006' title='bbox 1404 1810 1412 1823; x_wconf 84' lang='lat'>‚</span> <span class='ocrx_word' id='word_1_1007' title='bbox 1431 1799 1480 1821; x_wconf 87' lang='lat' dir='ltr'>aut</span> <span class='ocrx_word' id='word_1_1008' title='bbox 1498 1791 1533 1821; x_wconf 87' lang='lat' dir='ltr'>ad</span> <span class='ocrx_word' id='word_1_1009' title='bbox 1553 1800 1640 1822; x_wconf 89' lang='lat' dir='ltr'>tuum</span> <span class='ocrx_word' id='word_1_1010' title='bbox 1651 1792 1853 1823; x_wconf 88' lang='lat' dir='ltr'>commodum</span> <span class='ocrx_word' id='word_1_1011' title='bbox 1862 1794 2064 1824; x_wconf 73' lang='lat' dir='ltr'>conversurus</span> 
     </span>
     <span class='ocr_line' id='line_1_108' title="bbox 1098 1830 2062 1870; baseline 0.006 -10"><span class='ocrx_word' id='word_1_1012' title='bbox 1098 1838 1151 1863; x_wconf 87' lang='lat' dir='ltr'>es?</span> <span class='ocrx_word' id='word_1_1013' title='bbox 1169 1841 1221 1861; x_wconf 91' lang='lat' dir='ltr'>cur</span> <span class='ocrx_word' id='word_1_1014' title='bbox 1232 1832 1308 1860; x_wconf 87' lang='lat' dir='ltr'>mihi</span> <span class='ocrx_word' id='word_1_1015' title='bbox 1319 1840 1348 1861; x_wconf 90' lang='lat' dir='ltr'>te</span> <span class='ocrx_word' id='word_1_1016' title='bbox 1356 1830 1457 1866; x_wconf 85' lang='lat' dir='ltr'>offers,</span> <span class='ocrx_word' id='word_1_1017' title='bbox 1469 1843 1501 1863; x_wconf 89' lang='lat' dir='ltr'>ac</span> <span class='ocrx_word' id='word_1_1018' title='bbox 1512 1835 1588 1863; x_wconf 88' lang='lat' dir='ltr'>meis</span> <span class='ocrx_word' id='word_1_1019' title='bbox 1598 1834 1783 1868; x_wconf 88' lang='lat' dir='ltr'>commodis,</span> <span class='ocrx_word' id='word_1_1020' title='bbox 1794 1833 1899 1865; x_wconf 85' lang='lat' dir='ltr'>officio</span> <span class='ocrx_word' id='word_1_1021' title='bbox 1909 1834 2062 1870; x_wconf 78' lang='lat' dir='ltr'>simulato„</span> 
     </span>
     <span class='ocr_line' id='line_1_109' title="bbox 1101 1871 2062 1919; baseline 0.004 -17"><span class='ocrx_word' id='word_1_1022' title='bbox 1101 1871 1199 1903; x_wconf 75' lang='lat' dir='ltr'>officis</span> <span class='ocrx_word' id='word_1_1023' title='bbox 1210 1893 1218 1905; x_wconf 94' lang='lat'>,</span> <span class='ocrx_word' id='word_1_1024' title='bbox 1237 1873 1270 1902; x_wconf 90' lang='lat'>&amp;</span> <span class='ocrx_word' id='word_1_1025' title='bbox 1288 1872 1404 1905; x_wconf 84' lang='lat' dir='ltr'>obstas?</span> <span class='ocrx_word' id='word_1_1026' title='bbox 1426 1874 1530 1904; x_wconf 87' lang='lat' dir='ltr'>recede</span> <span class='ocrx_word' id='word_1_1027' title='bbox 1541 1875 1578 1905; x_wconf 89' lang='lat' dir='ltr'>de</span> <span class='ocrx_word' id='word_1_1028' title='bbox 1589 1875 1693 1906; x_wconf 88' lang='lat' dir='ltr'>medio</span> <span class='ocrx_word' id='word_1_1029' title='bbox 1707 1887 1711 1905; x_wconf 79' lang='grc' dir='ltr'><em>ε</em></span> <span class='ocrx_word' id='word_1_1030' title='bbox 1730 1886 1782 1916; x_wconf 88' lang='lat' dir='ltr'>per</span> <span class='ocrx_word' id='word_1_1031' title='bbox 1790 1877 1884 1907; x_wconf 90' lang='lat' dir='ltr'>alium</span> <span class='ocrx_word' id='word_1_1032' title='bbox 1894 1876 2062 1919; x_wconf 84' lang='lat' dir='ltr'>transigam.</span> 
     </span>
     <span class='ocr_line' id='line_1_110' title="bbox 1099 1914 2062 1961; baseline 0.006 -17"><span class='ocrx_word' id='word_1_1033' title='bbox 1099 1915 1226 1955; x_wconf 90' lang='lat' dir='ltr'>Suscipis</span> <span class='ocrx_word' id='word_1_1034' title='bbox 1236 1924 1314 1944; x_wconf 86' lang='lat' dir='ltr'>onus</span> <span class='ocrx_word' id='word_1_1035' title='bbox 1324 1914 1418 1945; x_wconf 83' lang='lat' dir='ltr'>officii</span> <span class='ocrx_word' id='word_1_1036' title='bbox 1430 1936 1438 1950; x_wconf 89' lang='lat'>‚</span> <span class='ocrx_word' id='word_1_1037' title='bbox 1458 1916 1541 1957; x_wconf 89' lang='lat' dir='ltr'>quod</span> <span class='ocrx_word' id='word_1_1038' title='bbox 1561 1926 1587 1947; x_wconf 93' lang='lat' dir='ltr'>te</span> <span class='ocrx_word' id='word_1_1039' title='bbox 1604 1927 1688 1957; x_wconf 82' lang='lat' dir='ltr'>putas</span> <span class='ocrx_word' id='word_1_1040' title='bbox 1706 1917 1847 1948; x_wconf 88' lang='lat' dir='ltr'>sustinere</span> <span class='ocrx_word' id='word_1_1041' title='bbox 1856 1918 1940 1959; x_wconf 84' lang='lat' dir='ltr'>pofi&#39;e</span> <span class='ocrx_word' id='word_1_1042' title='bbox 1953 1930 1958 1948; x_wconf 92' lang='lat'>:</span> <span class='ocrx_word' id='word_1_1043' title='bbox 1979 1918 2062 1961; x_wconf 87' lang='lat' dir='ltr'>quod</span> 
     </span>
     <span class='ocr_line' id='line_1_111' title="bbox 1101 1956 2060 1999; baseline 0.007 -14"><span class='ocrx_word' id='word_1_1044' title='bbox 1101 1956 1234 1986; x_wconf 79' lang='lat' dir='ltr'>minime</span> <span class='ocrx_word' id='word_1_1045' title='bbox 1244 1956 1363 1986; x_wconf 77' lang='lat' dir='ltr'>videtur</span> <span class='ocrx_word' id='word_1_1046' title='bbox 1370 1968 1457 1998; x_wconf 90' lang='lat' dir='ltr'>grave</span> <span class='ocrx_word' id='word_1_1047' title='bbox 1469 1961 1515 1991; x_wconf 85' lang='lat' dir='ltr'>iis,</span> <span class='ocrx_word' id='word_1_1048' title='bbox 1529 1960 1580 1999; x_wconf 87' lang='lat' dir='ltr'>qui</span> <span class='ocrx_word' id='word_1_1049' title='bbox 1591 1959 1724 1989; x_wconf 74' lang='lat' dir='ltr'>minime</span> <span class='ocrx_word' id='word_1_1050' title='bbox 1736 1958 1787 1999; x_wconf 84' lang='lat' dir='ltr'>ipsi</span> <span class='ocrx_word' id='word_1_1051' title='bbox 1796 1960 1878 1990; x_wconf 84' lang='lat' dir='ltr'>leves</span> <span class='ocrx_word' id='word_1_1052' title='bbox 1888 1961 1965 1991; x_wconf 88' lang='lat' dir='ltr'>sunt.</span> <span class='ocrx_word' id='word_1_1053' title='bbox 2006 1964 2060 1992; x_wconf 85' lang='lat' dir='ltr'>Er-</span> 
     </span>
     <span class='ocr_line' id='line_1_112' title="bbox 1098 1996 2061 2042; baseline 0.006 -15"><span class='ocrx_word' id='word_1_1054' title='bbox 1098 2008 1137 2040; x_wconf 85' lang='lat' dir='ltr'>go</span> <span class='ocrx_word' id='word_1_1055' title='bbox 1157 1996 1269 2028; x_wconf 76' lang='lat' dir='ltr'>idcirco</span> <span class='ocrx_word' id='word_1_1056' title='bbox 1280 2000 1373 2038; x_wconf 87' lang='lat' dir='ltr'>turpis</span> <span class='ocrx_word' id='word_1_1057' title='bbox 1383 2000 1446 2029; x_wconf 81' lang='lat' dir='ltr'>haec</span> <span class='ocrx_word' id='word_1_1058' title='bbox 1454 2000 1541 2038; x_wconf 88' lang='lat' dir='ltr'>culpa</span> <span class='ocrx_word' id='word_1_1059' title='bbox 1550 1999 1592 2030; x_wconf 88' lang='lat' dir='ltr'>est</span> <span class='ocrx_word' id='word_1_1060' title='bbox 1600 2020 1608 2034; x_wconf 90' lang='lat'>‚</span> <span class='ocrx_word' id='word_1_1061' title='bbox 1632 2000 1714 2042; x_wconf 73' lang='lat' dir='ltr'>quod</span> <span class='ocrx_word' id='word_1_1062' title='bbox 1725 2000 1797 2031; x_wconf 86' lang='lat' dir='ltr'>duas</span> <span class='ocrx_word' id='word_1_1063' title='bbox 1807 2012 1852 2032; x_wconf 88' lang='lat' dir='ltr'>res</span> <span class='ocrx_word' id='word_1_1064' title='bbox 1863 2000 2061 2034; x_wconf 64' lang='lat' dir='ltr'>sandiiss‘imas</span> 
     </span>
     <span class='ocr_line' id='line_1_113' title="bbox 1097 2039 2064 2086; baseline 0.009 -20"><span class='ocrx_word' id='word_1_1065' title='bbox 1097 2039 1191 2069; x_wconf 83' lang='lat' dir='ltr'>violat</span> <span class='ocrx_word' id='word_1_1066' title='bbox 1201 2060 1208 2072; x_wconf 94' lang='lat'>,</span> <span class='ocrx_word' id='word_1_1067' title='bbox 1228 2040 1409 2074; x_wconf 78' lang='lat' dir='ltr'>amicitiam,</span> <span class='ocrx_word' id='word_1_1068' title='bbox 1430 2040 1562 2079; x_wconf 71' lang='lat' dir='ltr'>&amp;fidem</span> <span class='ocrx_word' id='word_1_1069' title='bbox 1585 2052 1657 2072; x_wconf 85' lang='lat' dir='ltr'>nam</span> <span class='ocrx_word' id='word_1_1070' title='bbox 1667 2053 1764 2084; x_wconf 87' lang='lat' dir='ltr'>neque</span> <span class='ocrx_word' id='word_1_1071' title='bbox 1774 2044 2064 2086; x_wconf 86' lang='lat' dir='ltr'>mandatquisquam</span> 
     </span>
     <span class='ocr_line' id='line_1_114' title="bbox 1098 2080 2062 2127; baseline 0.005 -16"><span class='ocrx_word' id='word_1_1072' title='bbox 1098 2080 1160 2111; x_wconf 79' lang='lat' dir='ltr'>fere</span> <span class='ocrx_word' id='word_1_1073' title='bbox 1174 2101 1182 2115; x_wconf 89' lang='lat'><strong>,</strong></span> <span class='ocrx_word' id='word_1_1074' title='bbox 1194 2080 1249 2111; x_wconf 79' lang='lat' dir='ltr'>nisi</span> <span class='ocrx_word' id='word_1_1075' title='bbox 1259 2083 1360 2112; x_wconf 88' lang='lat' dir='ltr'>amico</span> <span class='ocrx_word' id='word_1_1076' title='bbox 1372 2093 1377 2111; x_wconf 91' lang='lat'>:</span> <span class='ocrx_word' id='word_1_1077' title='bbox 1395 2092 1492 2123; x_wconf 89' lang='lat' dir='ltr'>neque</span> <span class='ocrx_word' id='word_1_1078' title='bbox 1501 2083 1603 2117; x_wconf 88' lang='lat' dir='ltr'>credit,</span> <span class='ocrx_word' id='word_1_1079' title='bbox 1617 2083 1672 2114; x_wconf 87' lang='lat' dir='ltr'>nifi</span> <span class='ocrx_word' id='word_1_1080' title='bbox 1683 2087 1720 2118; x_wconf 86' lang='lat' dir='ltr'>ei,</span> <span class='ocrx_word' id='word_1_1081' title='bbox 1732 2095 1824 2126; x_wconf 90' lang='lat' dir='ltr'>quem</span> <span class='ocrx_word' id='word_1_1082' title='bbox 1836 2084 1957 2116; x_wconf 87' lang='lat' dir='ltr'>fidelem</span> <span class='ocrx_word' id='word_1_1083' title='bbox 1967 2096 2062 2127; x_wconf 83' lang='lat' dir='ltr'>putat.</span> 
     </span>
     <span class='ocr_line' id='line_1_115' title="bbox 1099 2123 2064 2165; baseline 0.007 -13"><span class='ocrx_word' id='word_1_1084' title='bbox 1099 2126 1339 2153; x_wconf 57' lang='lat' dir='ltr'>Peuma-mmm</span> <span class='ocrx_word' id='word_1_1085' title='bbox 1360 2123 1499 2165; x_wconf 87' lang='lat' dir='ltr'>estigitur</span> <span class='ocrx_word' id='word_1_1086' title='bbox 1509 2126 1663 2160; x_wconf 89' lang='lat' dir='ltr'>hominis,</span> <span class='ocrx_word' id='word_1_1087' title='bbox 1680 2125 1768 2157; x_wconf 85' lang='lat' dir='ltr'>simul</span> <span class='ocrx_word' id='word_1_1088' title='bbox 1779 2128 1811 2157; x_wconf 90' lang='lat'>&amp;</span> <span class='ocrx_word' id='word_1_1089' title='bbox 1823 2130 1989 2158; x_wconf 84' lang='lat' dir='ltr'>amicitiam</span> <span class='ocrx_word' id='word_1_1090' title='bbox 2000 2128 2064 2159; x_wconf 86' lang='lat' dir='ltr'>dis-</span> 
     </span>
     <span class='ocr_line' id='line_1_116' title="bbox 1099 2164 2060 2208; baseline 0.007 -14"><span class='ocrx_word' id='word_1_1091' title='bbox 1099 2165 1213 2195; x_wconf 85' lang='lat' dir='ltr'>solvere</span> <span class='ocrx_word' id='word_1_1092' title='bbox 1225 2185 1232 2198; x_wconf 83' lang='grc'>,</span> <span class='ocrx_word' id='word_1_1093' title='bbox 1246 2165 1278 2195; x_wconf 90' lang='lat'>&amp;</span> <span class='ocrx_word' id='word_1_1094' title='bbox 1287 2164 1387 2196; x_wconf 86' lang='lat' dir='ltr'>fallere</span> <span class='ocrx_word' id='word_1_1095' title='bbox 1397 2177 1479 2200; x_wconf 85' lang='lat' dir='ltr'>eum,</span> <span class='ocrx_word' id='word_1_1096' title='bbox 1492 2169 1542 2208; x_wconf 89' lang='lat' dir='ltr'>qui</span> <span class='ocrx_word' id='word_1_1097' title='bbox 1555 2168 1639 2198; x_wconf 80' lang='lat' dir='ltr'>laesus</span> <span class='ocrx_word' id='word_1_1098' title='bbox 1649 2179 1711 2198; x_wconf 84' lang='lat' dir='ltr'>non</span> <span class='ocrx_word' id='word_1_1099' title='bbox 1722 2167 1803 2203; x_wconf 75' lang='lat' dir='ltr'>effe-t,</span> <span class='ocrx_word' id='word_1_1100' title='bbox 1815 2169 1871 2199; x_wconf 89' lang='lat' dir='ltr'>nisi</span> <span class='ocrx_word' id='word_1_1101' title='bbox 1879 2169 2060 2202; x_wconf 83' lang='lat' dir='ltr'>credidisset.</span> 
     </span>
     <span class='ocr_line' id='line_1_117' title="bbox 1098 2206 2064 2253; baseline 0.006 -17"><span class='ocrx_word' id='word_1_1102' title='bbox 1098 2208 1181 2236; x_wconf 81' lang='lat' dir='ltr'>Itane</span> <span class='ocrx_word' id='word_1_1103' title='bbox 1192 2206 1252 2238; x_wconf 82' lang='lat' dir='ltr'>est?</span> <span class='ocrx_word' id='word_1_1104' title='bbox 1262 2209 1295 2236; x_wconf 90' lang='lat' dir='ltr'>in</span> <span class='ocrx_word' id='word_1_1105' title='bbox 1306 2209 1445 2238; x_wconf 88' lang='lat' dir='ltr'>minimis</span> <span class='ocrx_word' id='word_1_1106' title='bbox 1456 2209 1611 2250; x_wconf 75' lang='lat' dir='ltr'>rebus,qui</span> <span class='ocrx_word' id='word_1_1107' title='bbox 1623 2211 1798 2241; x_wconf 83' lang='lat' dir='ltr'>mandatum</span> <span class='ocrx_word' id='word_1_1108' title='bbox 1810 2212 1985 2253; x_wconf 82' lang='lat' dir='ltr'>neglexerit,</span> <span class='ocrx_word' id='word_1_1109' title='bbox 1998 2222 2064 2242; x_wconf 89' lang='lat' dir='ltr'>tur-</span> 
     </span>
     <span class='ocr_line' id='line_1_118' title="bbox 1097 2247 2062 2288; baseline 0.006 -11"><span class='ocrx_word' id='word_1_1110' title='bbox 1097 2247 1221 2288; x_wconf 85' lang='lat' dir='ltr'>pissimo</span> <span class='ocrx_word' id='word_1_1111' title='bbox 1232 2249 1345 2285; x_wconf 82' lang='lat' dir='ltr'>judicio</span> <span class='ocrx_word' id='word_1_1112' title='bbox 1353 2250 1584 2285; x_wconf 77' lang='lat' dir='ltr'>condemnetur&gt;</span> <span class='ocrx_word' id='word_1_1113' title='bbox 1596 2251 1708 2282; x_wconf 77' lang='lat' dir='ltr'>necesse</span> <span class='ocrx_word' id='word_1_1114' title='bbox 1720 2251 1779 2282; x_wconf 85' lang='lat' dir='ltr'>est:</span> <span class='ocrx_word' id='word_1_1115' title='bbox 1803 2255 1835 2282; x_wconf 91' lang='lat' dir='ltr'>in</span> <span class='ocrx_word' id='word_1_1116' title='bbox 1844 2263 1874 2283; x_wconf 89' lang='lat' dir='ltr'>re</span> <span class='ocrx_word' id='word_1_1117' title='bbox 1883 2263 1973 2287; x_wconf 84' lang='lat' dir='ltr'>tanta,</span> <span class='ocrx_word' id='word_1_1118' title='bbox 1985 2253 2062 2286; x_wconf 77' lang='lat' dir='ltr'>cum</span> 
     </span>
     <span class='ocr_line' id='line_1_119' title="bbox 1097 2290 2062 2337; baseline 0.007 -18"><span class='ocrx_word' id='word_1_1119' title='bbox 1097 2293 1134 2324; x_wconf 87' lang='lat' dir='ltr'>is,</span> <span class='ocrx_word' id='word_1_1120' title='bbox 1146 2292 1194 2320; x_wconf 91' lang='lat' dir='ltr'>cui</span> <span class='ocrx_word' id='word_1_1121' title='bbox 1204 2290 1282 2321; x_wconf 84' lang='lat' dir='ltr'>fama</span> <span class='ocrx_word' id='word_1_1122' title='bbox 1293 2293 1417 2325; x_wconf 80' lang='lat' dir='ltr'>mortui,</span> <span class='ocrx_word' id='word_1_1123' title='bbox 1428 2291 1557 2323; x_wconf 82' lang='lat' dir='ltr'>fortunae</span> <span class='ocrx_word' id='word_1_1124' title='bbox 1566 2296 1628 2324; x_wconf 88' lang='lat' dir='ltr'>vivi</span> <span class='ocrx_word' id='word_1_1125' title='bbox 1639 2294 1861 2328; x_wconf 77' lang='lat' dir='ltr'>commendatae</span> <span class='ocrx_word' id='word_1_1126' title='bbox 1873 2296 1940 2325; x_wconf 89' lang='lat' dir='ltr'>sunt</span> <span class='ocrx_word' id='word_1_1127' title='bbox 1950 2316 1958 2329; x_wconf 94' lang='lat'>‚</span> <span class='ocrx_word' id='word_1_1128' title='bbox 1969 2305 2062 2337; x_wconf 86' lang='lat' dir='ltr'>atque</span> 
     </span>
     <span class='ocr_line' id='line_1_120' title="bbox 1095 2330 2060 2374; baseline 0.006 -12"><span class='ocrx_word' id='word_1_1129' title='bbox 1095 2331 1295 2363; x_wconf 87' lang='lat' dir='ltr'>⁶concreditae</span> <span class='ocrx_word' id='word_1_1130' title='bbox 1309 2354 1316 2365; x_wconf 86' lang='lat'>‚</span> <span class='ocrx_word' id='word_1_1131' title='bbox 1340 2330 1357 2347; x_wconf 63' lang='lat'>¹*</span> <span class='ocrx_word' id='word_1_1132' title='bbox 1379 2332 1395 2347; x_wconf 74' lang='lat'><strong>*</strong></span> <span class='ocrx_word' id='word_1_1133' title='bbox 1418 2336 1588 2374; x_wconf 84' lang='lat' dir='ltr'>ignominia</span> <span class='ocrx_word' id='word_1_1134' title='bbox 1597 2345 1752 2366; x_wconf 86' lang='lat' dir='ltr'>mortuum</span> <span class='ocrx_word' id='word_1_1135' title='bbox 1763 2335 1891 2367; x_wconf 84' lang='lat' dir='ltr'>affecerit</span> <span class='ocrx_word' id='word_1_1136' title='bbox 1903 2349 1911 2371; x_wconf 74' lang='lat'>3</span> <span class='ocrx_word' id='word_1_1137' title='bbox 1934 2339 1959 2367; x_wconf 92' lang='lat' dir='ltr'>is</span> <span class='ocrx_word' id='word_1_1138' title='bbox 1978 2340 2060 2368; x_wconf 83' lang='lat' dir='ltr'>inter</span> 
     </span>
     <span class='ocr_line' id='line_1_121' title="bbox 1095 2374 2060 2417; baseline 0.005 -13"><span class='ocrx_word' id='word_1_1139' title='bbox 1095 2374 1238 2405; x_wconf 87' lang='lat' dir='ltr'>honestos</span> <span class='ocrx_word' id='word_1_1140' title='bbox 1257 2376 1399 2405; x_wconf 78' lang='lat' dir='ltr'>homines</span> <span class='ocrx_word' id='word_1_1141' title='bbox 1410 2396 1418 2409; x_wconf 83' lang='lat'>,</span> <span class='ocrx_word' id='word_1_1142' title='bbox 1441 2381 1455 2406; x_wconf 95' lang='grc'><strong><em>7</em></strong></span> <span class='ocrx_word' id='word_1_1143' title='bbox 1465 2385 1550 2417; x_wconf 74' lang='lat' dir='ltr'>atque</span> <span class='ocrx_word' id='word_1_1144' title='bbox 1561 2377 1635 2407; x_wconf 71' lang='lat' dir='ltr'>adeo</span> <span class='ocrx_word' id='word_1_1145' title='bbox 1646 2380 1725 2407; x_wconf 88' lang='lat' dir='ltr'>inter</span> <span class='ocrx_word' id='word_1_1146' title='bbox 1733 2380 1819 2408; x_wconf 88' lang='lat' dir='ltr'>vivos</span> <span class='ocrx_word' id='word_1_1147' title='bbox 1830 2379 2036 2410; x_wconf 86' lang='lat' dir='ltr'>numerabitur</span> <span class='ocrx_word' id='word_1_1148' title='bbox 2045 2385 2060 2412; x_wconf 71' lang='grc' dir='ltr'><em>Ξ</em></span> 
     </span>
     <span class='ocr_line' id='line_1_122' title="bbox 1095 2418 2056 2460; baseline 0.006 -13"><span class='ocrx_word' id='word_1_1149' title='bbox 1095 2419 1132 2447; x_wconf 91' lang='lat' dir='ltr'>In</span> <span class='ocrx_word' id='word_1_1150' title='bbox 1154 2418 1294 2446; x_wconf 87' lang='lat' dir='ltr'>minimis</span> <span class='ocrx_word' id='word_1_1151' title='bbox 1305 2436 1313 2450; x_wconf 90' lang='lat'><strong>,</strong></span> <span class='ocrx_word' id='word_1_1152' title='bbox 1330 2419 1511 2459; x_wconf 85' lang='lat' dir='ltr'>privatisque</span> <span class='ocrx_word' id='word_1_1153' title='bbox 1520 2419 1607 2449; x_wconf 85' lang='lat' dir='ltr'>rebus</span> <span class='ocrx_word' id='word_1_1154' title='bbox 1618 2420 1706 2449; x_wconf 77' lang='lat' dir='ltr'>etiam</span> <span class='ocrx_word' id='word_1_1155' title='bbox 1715 2421 1884 2460; x_wconf 66' lang='lat' dir='ltr'>negligentia</span> <span class='ocrx_word' id='word_1_1156' title='bbox 1894 2423 1927 2450; x_wconf 87' lang='lat' dir='ltr'>in</span> <span class='ocrx_word' id='word_1_1157' title='bbox 1938 2422 2056 2453; x_wconf 83' lang='lat' dir='ltr'>crimen</span> 
     </span>
     <span class='ocr_line' id='line_1_123' title="bbox 1094 2453 2058 2503; baseline 0.005 -15"><span class='ocrx_word' id='word_1_1158' title='bbox 1094 2458 1228 2489; x_wconf 86' lang='lat' dir='ltr'>mandati</span> <span class='ocrx_word' id='word_1_1159' title='bbox 1238 2478 1246 2492; x_wconf 88' lang='lat'><strong>,</strong></span> <span class='ocrx_word' id='word_1_1160' title='bbox 1266 2453 1282 2478; x_wconf 66' lang='lat'>3</span> <span class='ocrx_word' id='word_1_1161' title='bbox 1290 2459 1499 2500; x_wconf 82' lang='lat' dir='ltr'>judiciumque</span> <span class='ocrx_word' id='word_1_1162' title='bbox 1519 2460 1643 2491; x_wconf 86' lang='lat' dir='ltr'>infamia</span> <span class='ocrx_word' id='word_1_1163' title='bbox 1661 2471 1816 2491; x_wconf 83' lang='lat' dir='ltr'>revocatur</span> <span class='ocrx_word' id='word_1_1164' title='bbox 1825 2482 1833 2495; x_wconf 93' lang='lat'>,</span> <span class='ocrx_word' id='word_1_1165' title='bbox 1864 2461 1883 2491; x_wconf 85' lang='lat' dir='ltr'>si</span> <span class='ocrx_word' id='word_1_1166' title='bbox 1902 2472 2058 2503; x_wconf 84' lang='lat' dir='ltr'>propterea</span> 
     </span>
     <span class='ocr_line' id='line_1_124' title="bbox 1092 2499 2058 2544; baseline 0.005 -14"><span class='ocrx_word' id='word_1_1167' title='bbox 1092 2499 1175 2542; x_wconf 73' lang='lat' dir='ltr'>quod</span> <span class='ocrx_word' id='word_1_1168' title='bbox 1187 2521 1195 2534; x_wconf 91' lang='lat'>,</span> <span class='ocrx_word' id='word_1_1169' title='bbox 1208 2499 1228 2530; x_wconf 89' lang='lat' dir='ltr'>fi</span> <span class='ocrx_word' id='word_1_1170' title='bbox 1238 2499 1318 2531; x_wconf 60' lang='lat' dir='ltr'>teile</span> <span class='ocrx_word' id='word_1_1171' title='bbox 1330 2500 1379 2531; x_wconf 84' lang='lat' dir='ltr'>fiat</span> <span class='ocrx_word' id='word_1_1172' title='bbox 1389 2522 1397 2535; x_wconf 87' lang='lat'>‚</span> <span class='ocrx_word' id='word_1_1173' title='bbox 1407 2502 1497 2531; x_wconf 86' lang='lat' dir='ltr'>illum</span> <span class='ocrx_word' id='word_1_1174' title='bbox 1511 2503 1660 2544; x_wconf 84' lang='lat' dir='ltr'>negligere</span> <span class='ocrx_word' id='word_1_1175' title='bbox 1670 2512 1819 2543; x_wconf 82' lang='lat' dir='ltr'>oporteat,</span> <span class='ocrx_word' id='word_1_1176' title='bbox 1831 2506 1884 2544; x_wconf 88' lang='lat' dir='ltr'>qui</span> <span class='ocrx_word' id='word_1_1177' title='bbox 1895 2504 2058 2540; x_wconf 77' lang='lat' dir='ltr'>mandarit,</span> 
     </span>
     <span class='ocr_line' id='line_1_125' title="bbox 1092 2543 2059 2587; baseline 0.005 -15"><span class='ocrx_word' id='word_1_1178' title='bbox 1092 2553 1157 2573; x_wconf 89' lang='lat' dir='ltr'>non</span> <span class='ocrx_word' id='word_1_1179' title='bbox 1168 2543 1258 2572; x_wconf 90' lang='lat' dir='ltr'>illum</span> <span class='ocrx_word' id='word_1_1180' title='bbox 1270 2563 1279 2576; x_wconf 91' lang='lat'>‚</span> <span class='ocrx_word' id='word_1_1181' title='bbox 1297 2545 1348 2584; x_wconf 91' lang='lat' dir='ltr'>qui</span> <span class='ocrx_word' id='word_1_1182' title='bbox 1359 2543 1534 2573; x_wconf 83' lang='lat' dir='ltr'>mandatum</span> <span class='ocrx_word' id='word_1_1183' title='bbox 1544 2546 1686 2585; x_wconf 87' lang='lat' dir='ltr'>receperit</span> <span class='ocrx_word' id='word_1_1184' title='bbox 1698 2556 1703 2573; x_wconf 80' lang='lat'>1</span> <span class='ocrx_word' id='word_1_1185' title='bbox 1724 2547 1756 2574; x_wconf 91' lang='lat' dir='ltr'>in</span> <span class='ocrx_word' id='word_1_1186' title='bbox 1768 2556 1796 2575; x_wconf 91' lang='lat' dir='ltr'>re</span> <span class='ocrx_word' id='word_1_1187' title='bbox 1808 2555 1887 2576; x_wconf 80' lang='lat' dir='ltr'>tanta</span> <span class='ocrx_word' id='word_1_1188' title='bbox 1896 2566 1905 2580; x_wconf 83' lang='lat'>‚</span> <span class='ocrx_word' id='word_1_1189' title='bbox 1925 2556 1989 2587; x_wconf 81' lang='lat' dir='ltr'>quae</span> <span class='ocrx_word' id='word_1_1190' title='bbox 1999 2557 2059 2587; x_wconf 89' lang='lat' dir='ltr'>pu-</span> 
     </span>
     <span class='ocr_line' id='line_1_126' title="bbox 1091 2584 2058 2628; baseline 0.005 -14"><span class='ocrx_word' id='word_1_1191' title='bbox 1091 2584 1172 2615; x_wconf 70' lang='lat' dir='ltr'>blice</span> <span class='ocrx_word' id='word_1_1192' title='bbox 1180 2584 1259 2626; x_wconf 87' lang='lat' dir='ltr'>gesta</span> <span class='ocrx_word' id='word_1_1193' title='bbox 1269 2605 1277 2618; x_wconf 91' lang='lat'><em>,</em></span> <span class='ocrx_word' id='word_1_1194' title='bbox 1296 2594 1382 2626; x_wconf 86' lang='lat' dir='ltr'>atque</span> <span class='ocrx_word' id='word_1_1195' title='bbox 1392 2584 1550 2615; x_wconf 73' lang='lat' dir='ltr'>commissa</span> <span class='ocrx_word' id='word_1_1196' title='bbox 1559 2584 1593 2615; x_wconf 90' lang='lat' dir='ltr'>sit</span> <span class='ocrx_word' id='word_1_1197' title='bbox 1602 2607 1610 2619; x_wconf 92' lang='lat'><em>‚</em></span> <span class='ocrx_word' id='word_1_1198' title='bbox 1636 2588 1687 2627; x_wconf 90' lang='lat' dir='ltr'>qui</span> <span class='ocrx_word' id='word_1_1199' title='bbox 1698 2596 1761 2616; x_wconf 89' lang='lat' dir='ltr'>non</span> <span class='ocrx_word' id='word_1_1200' title='bbox 1770 2587 1951 2628; x_wconf 80' lang='lat' dir='ltr'>negligentia</span> <span class='ocrx_word' id='word_1_1201' title='bbox 1958 2591 2058 2628; x_wconf 79' lang='lat' dir='ltr'>priva-</span> 
     </span>
     <span class='ocr_line' id='line_1_127' title="bbox 1093 2626 2060 2670; baseline 0.004 -14"><span class='ocrx_word' id='word_1_1202' title='bbox 1093 2635 1158 2656; x_wconf 91' lang='lat' dir='ltr'>tum</span> <span class='ocrx_word' id='word_1_1203' title='bbox 1178 2626 1300 2667; x_wconf 87' lang='lat' dir='ltr'>aliquod</span> <span class='ocrx_word' id='word_1_1204' title='bbox 1319 2626 1522 2657; x_wconf 88' lang='lat' dir='ltr'>commodum</span> <span class='ocrx_word' id='word_1_1205' title='bbox 1540 2627 1645 2658; x_wconf 86' lang='lat' dir='ltr'>laeserit</span> <span class='ocrx_word' id='word_1_1206' title='bbox 1656 2648 1664 2661; x_wconf 85' lang='lat'>‚</span> <span class='ocrx_word' id='word_1_1207' title='bbox 1689 2628 1738 2658; x_wconf 88' lang='lat' dir='ltr'>sed</span> <span class='ocrx_word' id='word_1_1208' title='bbox 1764 2628 1886 2669; x_wconf 81' lang='lat' dir='ltr'>perfidia</span> <span class='ocrx_word' id='word_1_1209' title='bbox 1914 2630 2060 2670; x_wconf 75' lang='lat' dir='ltr'>legarimm</span> 
     </span>
     <span class='ocr_line' id='line_1_128' title="bbox 1093 2667 2060 2714; baseline 0.005 -16"><span class='ocrx_word' id='word_1_1210' title='bbox 1093 2667 1181 2709; x_wconf 86' lang='lat' dir='ltr'>ipsius</span> <span class='ocrx_word' id='word_1_1211' title='bbox 1200 2670 1414 2699; x_wconf 71' lang='lat' dir='ltr'>caeremoniam</span> <span class='ocrx_word' id='word_1_1212' title='bbox 1431 2669 1573 2709; x_wconf 81' lang='lat' dir='ltr'>polluerit</span> <span class='ocrx_word' id='word_1_1213' title='bbox 1584 2690 1593 2703; x_wconf 87' lang='lat'><em>,</em></span> <span class='ocrx_word' id='word_1_1214' title='bbox 1612 2670 1785 2711; x_wconf 82' lang='lat' dir='ltr'>maculaque</span> <span class='ocrx_word' id='word_1_1215' title='bbox 1796 2669 1927 2702; x_wconf 81' lang='lat' dir='ltr'>affecerit</span> <span class='ocrx_word' id='word_1_1216' title='bbox 1939 2683 1944 2702; x_wconf 80' lang='lat'>2</span> <span class='ocrx_word' id='word_1_1217' title='bbox 1964 2683 2021 2714; x_wconf 90' lang='lat' dir='ltr'>qua</span> <span class='ocrx_word' id='word_1_1218' title='bbox 2032 2675 2060 2703; x_wconf 76' lang='lat' dir='ltr'>is</span> 
     </span>
    </p>

    <p class='ocr_par' dir='ltr' id='par_1_15' title="bbox 1934 2714 2059 2745">
     <span class='ocr_line' id='line_1_129' title="bbox 1934 2714 2059 2745; baseline 0.016 -2"><span class='ocrx_word' id='word_1_1219' title='bbox 1934 2714 2059 2745; x_wconf 89' lang='lat' dir='ltr'>tandem</span> 
     </span>
    </p>
   </div>
   <div class='ocr_carea' id='block_1_11' title="bbox 1146 2753 2021 2760">
    <p class='ocr_par' dir='ltr' id='par_1_16' title="bbox 1146 2753 2021 2760">
     <span class='ocr_line' id='line_1_130' title="bbox 1146 2753 2021 2760; baseline 0 0"><span class='ocrx_word' id='word_1_1220' title='bbox 1146 2753 2021 2760; x_wconf 95' lang='lat' dir='ltr'> </span> 
     </span>
    </p>
   </div>
   <div class='ocr_carea' id='block_1_12' title="bbox 1093 2769 2060 2917">
    <p class='ocr_par' dir='ltr' id='par_1_17' title="bbox 1093 2769 2060 2866">
     <span class='ocr_line' id='line_1_131' title="bbox 1129 2769 2060 2805; baseline 0.004 -11"><span class='ocrx_word' id='word_1_1221' title='bbox 1129 2769 1158 2794; x_wconf 87' lang='lat'>6.</span> <span class='ocrx_word' id='word_1_1222' title='bbox 1177 2769 1316 2794; x_wconf 71' lang='lat' dir='ltr'>Concreditae</span> <span class='ocrx_word' id='word_1_1223' title='bbox 1333 2770 1348 2783; x_wconf 62' lang='lat'>⁸*</span> <span class='ocrx_word' id='word_1_1224' title='bbox 1368 2770 1381 2783; x_wconf 72' lang='lat'>⁸¹</span> <span class='ocrx_word' id='word_1_1225' title='bbox 1402 2770 1528 2800; x_wconf 68' lang='lat' dir='ltr'>ignominia</span> <span class='ocrx_word' id='word_1_1226' title='bbox 1546 2776 1661 2795; x_wconf 77' lang='lat' dir='ltr'>mortuum</span> <span class='ocrx_word' id='word_1_1227' title='bbox 1678 2770 1807 2805; x_wconf 60' lang='lat' dir='ltr'>afficeris]</span> <span class='ocrx_word' id='word_1_1228' title='bbox 1828 2769 1888 2797; x_wconf 81' lang='lat' dir='ltr'>Mss.</span> <span class='ocrx_word' id='word_1_1229' title='bbox 1900 2770 1953 2797; x_wconf 83' lang='lat' dir='ltr'>haec</span> <span class='ocrx_word' id='word_1_1230' title='bbox 1970 2772 2060 2798; x_wconf 81' lang='lat' dir='ltr'>conti-</span> 
     </span>
     <span class='ocr_line' id='line_1_132' title="bbox 1093 2803 2058 2842; baseline 0.005 -12"><span class='ocrx_word' id='word_1_1231' title='bbox 1093 2812 1175 2830; x_wconf 83' lang='lat' dir='ltr'>nuant</span> <span class='ocrx_word' id='word_1_1232' title='bbox 1196 2824 1204 2835; x_wconf 93' lang='lat'>‚</span> <span class='ocrx_word' id='word_1_1233' title='bbox 1233 2811 1358 2840; x_wconf 85' lang='lat' dir='ltr'>tanquam</span> <span class='ocrx_word' id='word_1_1234' title='bbox 1379 2804 1445 2831; x_wconf 80' lang='lat' dir='ltr'>nilu&#39;l</span> <span class='ocrx_word' id='word_1_1235' title='bbox 1464 2803 1531 2832; x_wconf 80' lang='lat' dir='ltr'>desit</span> <span class='ocrx_word' id='word_1_1236' title='bbox 1549 2814 1558 2836; x_wconf 71' lang='lat'>5</span> <span class='ocrx_word' id='word_1_1237' title='bbox 1589 2813 1650 2831; x_wconf 81' lang='lat' dir='ltr'>cuni</span> <span class='ocrx_word' id='word_1_1238' title='bbox 1671 2805 1793 2832; x_wconf 83' lang='lat' dir='ltr'>videatur</span> <span class='ocrx_word' id='word_1_1239' title='bbox 1811 2806 1912 2842; x_wconf 86' lang='lat' dir='ltr'>requiri</span> <span class='ocrx_word' id='word_1_1240' title='bbox 1940 2807 2058 2835; x_wconf 81' lang='lat' dir='ltr'>alterum</span> 
     </span>
     <span class='ocr_line' id='line_1_133' title="bbox 1094 2840 1253 2866; baseline 0 0"><span class='ocrx_word' id='word_1_1241' title='bbox 1094 2840 1253 2866; x_wconf 83' lang='lat' dir='ltr'>membrum.</span> 
     </span>
    </p>

    <p class='ocr_par' dir='ltr' id='par_1_18' title="bbox 1127 2875 2059 2917">
     <span class='ocr_line' id='line_1_134' title="bbox 1127 2875 2059 2917; baseline 0.008 -15"><span class='ocrx_word' id='word_1_1242' title='bbox 1127 2885 1156 2910; x_wconf 95' lang='lat'>7.</span> <span class='ocrx_word' id='word_1_1243' title='bbox 1175 2880 1253 2910; x_wconf 73' lang='lat' dir='ltr'>Atque</span> <span class='ocrx_word' id='word_1_1244' title='bbox 1262 2877 1388 2902; x_wconf 75' lang='lat' dir='ltr'>adeointer</span> <span class='ocrx_word' id='word_1_1245' title='bbox 1396 2875 1494 2909; x_wconf 44' lang='lat' dir='ltr'>vivon]</span> <span class='ocrx_word' id='word_1_1246' title='bbox 1515 2875 1683 2911; x_wconf 77' lang='lat' dir='ltr'>Conjiciebat</span> <span class='ocrx_word' id='word_1_1247' title='bbox 1694 2876 1864 2906; x_wconf 79' lang='lat' dir='ltr'>Hotomanus</span> <span class='ocrx_word' id='word_1_1248' title='bbox 1878 2898 1886 2912; x_wconf 96' lang='lat'>‚</span> <span class='ocrx_word' id='word_1_1249' title='bbox 1905 2881 1984 2907; x_wconf 77' lang='lat' dir='ltr'>viros.</span> <span class='ocrx_word' id='word_1_1250' title='bbox 2004 2889 2059 2917; x_wconf 83' lang='lat' dir='ltr'>ego</span> 
     </span>
    </p>
   </div>
   <div class='ocr_carea' id='block_1_13' title="bbox 129 2909 1568 2949">
    <p class='ocr_par' dir='ltr' id='par_1_19' title="bbox 129 2909 1568 2949">
     <span class='ocr_line' id='line_1_135' title="bbox 129 2909 1568 2949; baseline 0.003 -16"><span class='ocrx_word' id='word_1_1251' title='bbox 129 2915 157 2943; x_wconf 84' lang='lat'>3.</span> <span class='ocrx_word' id='word_1_1252' title='bbox 175 2909 303 2943; x_wconf 69' lang='lat' dir='ltr'>Qisquam</span> <span class='ocrx_word' id='word_1_1253' title='bbox 312 2920 342 2936; x_wconf 77' lang='lat' dir='ltr'>ex</span> <span class='ocrx_word' id='word_1_1254' title='bbox 350 2912 416 2937; x_wconf 76' lang='lat' dir='ltr'>vobis</span> <span class='ocrx_word' id='word_1_1255' title='bbox 423 2911 533 2946; x_wconf 64' lang='lat' dir='ltr'>audire]</span> <span class='ocrx_word' id='word_1_1256' title='bbox 544 2912 690 2940; x_wconf 78' lang='lat' dir='ltr'>Lambinus</span> <span class='ocrx_word' id='word_1_1257' title='bbox 701 2922 730 2939; x_wconf 76' lang='lat' dir='ltr'>ex</span> <span class='ocrx_word' id='word_1_1258' title='bbox 737 2914 801 2940; x_wconf 70' lang='lat' dir='ltr'>nobis</span> <span class='ocrx_word' id='word_1_1259' title='bbox 810 2923 817 2938; x_wconf 91' lang='lat'><em>:</em></span> <span class='ocrx_word' id='word_1_1260' title='bbox 825 2920 921 2949; x_wconf 59' lang='lat' dir='ltr'>praeter</span> <span class='ocrx_word' id='word_1_1261' title='bbox 931 2912 988 2940; x_wconf 71' lang='lat' dir='ltr'>mss‘.</span> <span class='ocrx_word' id='word_1_1262' title='bbox 999 2922 1049 2940; x_wconf 90' lang='lat' dir='ltr'>no-</span> <span class='ocrx_word' id='word_1_1263' title='bbox 1084 2913 1169 2946; x_wconf 79' lang='lat' dir='ltr'>justos.</span> <span class='ocrx_word' id='word_1_1264' title='bbox 1190 2912 1232 2938; x_wconf 86' lang='lat' dir='ltr'>sed</span> <span class='ocrx_word' id='word_1_1265' title='bbox 1244 2912 1315 2938; x_wconf 75' lang='lat' dir='ltr'>aliud</span> <span class='ocrx_word' id='word_1_1266' title='bbox 1326 2912 1389 2947; x_wconf 83' lang='lat' dir='ltr'>quid</span> <span class='ocrx_word' id='word_1_1267' title='bbox 1400 2911 1483 2938; x_wconf 79' lang='lat' dir='ltr'>adhuc</span> <span class='ocrx_word' id='word_1_1268' title='bbox 1493 2911 1568 2938; x_wconf 80' lang='lat' dir='ltr'>latet.</span> 
     </span>
    </p>
   </div>
   <div class='ocr_carea' id='block_1_14' title="bbox 48 2940 872 2984">
    <p class='ocr_par' dir='ltr' id='par_1_20' title="bbox 48 2940 872 2984">
     <span class='ocr_line' id='line_1_136' title="bbox 48 2940 872 2984; baseline 0.005 -13"><span class='ocrx_word' id='word_1_1269' title='bbox 48 2973 50 2975; x_wconf 17' lang='lat' dir='ltr'>r</span> <span class='ocrx_word' id='word_1_1270' title='bbox 93 2940 158 2971; x_wconf 83' lang='lat' dir='ltr'>stros</span> <span class='ocrx_word' id='word_1_1271' title='bbox 171 2952 179 2974; x_wconf 76' lang='lat'>3</span> <span class='ocrx_word' id='word_1_1272' title='bbox 191 2947 204 2970; x_wconf 73' lang='grc' dir='ltr'><strong>ὲ</strong></span> <span class='ocrx_word' id='word_1_1273' title='bbox 216 2945 309 2979; x_wconf 86' lang='lat' dir='ltr'>quibus</span> <span class='ocrx_word' id='word_1_1274' title='bbox 319 2954 407 2973; x_wconf 86' lang='lat' dir='ltr'>tamen</span> <span class='ocrx_word' id='word_1_1275' title='bbox 418 2947 475 2974; x_wconf 74' lang='lat' dir='ltr'>Pal.</span> <span class='ocrx_word' id='word_1_1276' title='bbox 485 2957 526 2984; x_wconf 76' lang='lat' dir='ltr'>pr.</span> <span class='ocrx_word' id='word_1_1277' title='bbox 535 2950 659 2983; x_wconf 77' lang='lat' dir='ltr'>quifi1uam</span> <span class='ocrx_word' id='word_1_1278' title='bbox 666 2951 770 2982; x_wconf 68' lang='lat' dir='ltr'>&#39;restrum</span> <span class='ocrx_word' id='word_1_1279' title='bbox 779 2950 872 2975; x_wconf 69' lang='lat' dir='ltr'>audire.</span> 
     </span>
    </p>
   </div>
   <div class='ocr_carea' id='block_1_15' title="bbox 90 2981 1049 3201">
    <p class='ocr_par' dir='ltr' id='par_1_21' title="bbox 90 2981 1048 3089">
     <span class='ocr_line' id='line_1_137' title="bbox 128 2981 1048 3021; baseline 0.007 -17"><span class='ocrx_word' id='word_1_1280' title='bbox 128 2986 157 3012; x_wconf 90' lang='lat'>4.</span> <span class='ocrx_word' id='word_1_1281' title='bbox 165 2981 259 3006; x_wconf 63' lang='lat' dir='ltr'>Ambio·</span> <span class='ocrx_word' id='word_1_1282' title='bbox 268 2989 349 3008; x_wconf 79' lang='lat' dir='ltr'>contra</span> <span class='ocrx_word' id='word_1_1283' title='bbox 357 2983 528 3018; x_wconf 65' lang='lat' dir='ltr'>vosmetipfhs]</span> <span class='ocrx_word' id='word_1_1284' title='bbox 540 2984 583 3010; x_wconf 86' lang='lat' dir='ltr'>Sic</span> <span class='ocrx_word' id='word_1_1285' title='bbox 593 2985 730 3021; x_wconf 83' lang='lat' dir='ltr'>exemplar</span> <span class='ocrx_word' id='word_1_1286' title='bbox 739 2985 897 3012; x_wconf 70' lang='lat' dir='ltr'>S.Vi5toris.</span> <span class='ocrx_word' id='word_1_1287' title='bbox 909 2993 968 3011; x_wconf 85' lang='lat' dir='ltr'>nam</span> <span class='ocrx_word' id='word_1_1288' title='bbox 980 2984 1048 3010; x_wconf 88' lang='lat' dir='ltr'>Pall.</span> 
     </span>
     <span class='ocr_line' id='line_1_138' title="bbox 90 3012 1048 3052; baseline 0.007 -12"><span class='ocrx_word' id='word_1_1289' title='bbox 90 3012 110 3040; x_wconf 64' lang='grc' dir='ltr'><em>ἃ</em></span> <span class='ocrx_word' id='word_1_1290' title='bbox 119 3015 194 3041; x_wconf 74' lang='lat' dir='ltr'>vobis.</span> <span class='ocrx_word' id='word_1_1291' title='bbox 213 3017 347 3052; x_wconf 87' lang='lat' dir='ltr'>quomodo</span> <span class='ocrx_word' id='word_1_1292' title='bbox 356 3019 384 3045; x_wconf 84' lang='lat'>&amp;</span> <span class='ocrx_word' id='word_1_1293' title='bbox 395 3019 448 3045; x_wconf 84' lang='lat' dir='ltr'>cufi</span> <span class='ocrx_word' id='word_1_1294' title='bbox 458 3028 549 3046; x_wconf 87' lang='lat' dir='ltr'>omnes</span> <span class='ocrx_word' id='word_1_1295' title='bbox 559 3024 620 3047; x_wconf 73' lang='lat' dir='ltr'>ante</span> <span class='ocrx_word' id='word_1_1296' title='bbox 632 3020 803 3048; x_wconf 86' lang='lat' dir='ltr'>Lambinum.</span> <span class='ocrx_word' id='word_1_1297' title='bbox 831 3020 994 3048; x_wconf 83' lang='lat' dir='ltr'>Gulielmius</span> <span class='ocrx_word' id='word_1_1298' title='bbox 1014 3020 1048 3047; x_wconf 87' lang='lat' dir='ltr'>li—</span> 
     </span>
     <span class='ocr_line' id='line_1_139' title="bbox 92 3047 878 3089; baseline 0.009 -13"><span class='ocrx_word' id='word_1_1299' title='bbox 92 3047 186 3077; x_wconf 73' lang='lat' dir='ltr'>benter</span> <span class='ocrx_word' id='word_1_1300' title='bbox 196 3053 346 3080; x_wconf 82' lang='lat' dir='ltr'>removisset</span> <span class='ocrx_word' id='word_1_1301' title='bbox 354 3054 472 3081; x_wconf 84' lang='lat' dir='ltr'>litteram</span> <span class='ocrx_word' id='word_1_1302' title='bbox 484 3064 510 3082; x_wconf 81' lang='lat' dir='ltr'>a.</span> <span class='ocrx_word' id='word_1_1303' title='bbox 519 3063 549 3082; x_wconf 88' lang='lat' dir='ltr'>ut</span> <span class='ocrx_word' id='word_1_1304' title='bbox 559 3056 635 3083; x_wconf 84' lang='lat' dir='ltr'>fieret</span> <span class='ocrx_word' id='word_1_1305' title='bbox 647 3076 656 3089; x_wconf 81' lang='lat'>‚</span> <span class='ocrx_word' id='word_1_1306' title='bbox 664 3057 728 3083; x_wconf 63' lang='lat' dir='ltr'>nobis</span> <span class='ocrx_word' id='word_1_1307' title='bbox 736 3058 878 3084; x_wconf 79' lang='lat' dir='ltr'>videamini.</span> 
     </span>
    </p>

    <p class='ocr_par' dir='ltr' id='par_1_22' title="bbox 91 3087 1049 3201">
     <span class='ocr_line' id='line_1_140' title="bbox 132 3087 1047 3128; baseline -0.002 -8"><span class='ocrx_word' id='word_1_1308' title='bbox 132 3094 147 3119; x_wconf 90' lang='lat'>5</span> <span class='ocrx_word' id='word_1_1309' title='bbox 152 3106 159 3111; x_wconf 94' lang='lat'>·</span> <span class='ocrx_word' id='word_1_1310' title='bbox 177 3087 241 3120; x_wconf 69' lang='lat' dir='ltr'>ffift‘</span> <span class='ocrx_word' id='word_1_1311' title='bbox 249 3090 333 3123; x_wconf 64' lang='lat' dir='ltr'>aliqua</span> <span class='ocrx_word' id='word_1_1312' title='bbox 343 3091 421 3123; x_wconf 70' lang='lat' dir='ltr'>fictus</span> <span class='ocrx_word' id='word_1_1313' title='bbox 430 3091 514 3125; x_wconf 67' lang='lat' dir='ltr'>hora]</span> <span class='ocrx_word' id='word_1_1314' title='bbox 533 3092 648 3119; x_wconf 60' lang='lat' dir='ltr'>Victorii</span> <span class='ocrx_word' id='word_1_1315' title='bbox 659 3092 716 3120; x_wconf 89' lang='lat' dir='ltr'>mss.</span> <span class='ocrx_word' id='word_1_1316' title='bbox 735 3092 800 3120; x_wconf 86' lang='lat' dir='ltr'>item</span> <span class='ocrx_word' id='word_1_1317' title='bbox 812 3093 971 3128; x_wconf 71' lang='lat' dir='ltr'>Pall.fretum</span> <span class='ocrx_word' id='word_1_1318' title='bbox 979 3094 1047 3118; x_wconf 80' lang='lat' dir='ltr'>hora.</span> 
     </span>
     <span class='ocr_line' id='line_1_141' title="bbox 95 3120 1049 3166; baseline 0.012 -20"><span class='ocrx_word' id='word_1_1319' title='bbox 95 3121 124 3147; x_wconf 81' lang='lat' dir='ltr'>S.</span> <span class='ocrx_word' id='word_1_1320' title='bbox 133 3120 339 3163; x_wconf 60' lang='lat' dir='ltr'>YiRorisftetuus</span> <span class='ocrx_word' id='word_1_1321' title='bbox 347 3135 400 3152; x_wconf 83' lang='lat' dir='ltr'>ora.</span> <span class='ocrx_word' id='word_1_1322' title='bbox 419 3125 481 3152; x_wconf 85' lang='lat' dir='ltr'>inde</span> <span class='ocrx_word' id='word_1_1323' title='bbox 490 3127 552 3163; x_wconf 82' lang='lat' dir='ltr'>lego</span> <span class='ocrx_word' id='word_1_1324' title='bbox 563 3147 572 3161; x_wconf 87' lang='lat'>,</span> <span class='ocrx_word' id='word_1_1325' title='bbox 590 3139 704 3155; x_wconf 82' lang='lat' dir='ltr'>remoram</span> <span class='ocrx_word' id='word_1_1326' title='bbox 715 3148 724 3162; x_wconf 89' lang='lat'>,</span> <span class='ocrx_word' id='word_1_1327' title='bbox 737 3131 973 3166; x_wconf 73' lang='lat' dir='ltr'>procrastinationem</span> <span class='ocrx_word' id='word_1_1328' title='bbox 984 3148 993 3164; x_wconf 84' lang='lat'>‚</span> <span class='ocrx_word' id='word_1_1329' title='bbox 1002 3135 1049 3159; x_wconf 77' lang='lat' dir='ltr'>aut</span> 
     </span>
     <span class='ocr_line' id='line_1_142' title="bbox 91 3156 704 3201; baseline 0.015 -17"><span class='ocrx_word' id='word_1_1330' title='bbox 91 3156 177 3188; x_wconf 64' lang='lat' dir='ltr'>limile</span> <span class='ocrx_word' id='word_1_1331' title='bbox 186 3157 261 3201; x_wconf 65' lang='lat' dir='ltr'>quid.</span> <span class='ocrx_word' id='word_1_1332' title='bbox 277 3159 358 3190; x_wconf 78' lang='lat' dir='ltr'>finxit</span> <span class='ocrx_word' id='word_1_1333' title='bbox 368 3162 537 3193; x_wconf 70' lang='lat' dir='ltr'>Hotomanus</span> <span class='ocrx_word' id='word_1_1334' title='bbox 538 3166 620 3201; x_wconf 75' lang='lat' dir='ltr'>fretus</span> <span class='ocrx_word' id='word_1_1335' title='bbox 629 3173 704 3195; x_wconf 77' lang='lat' dir='ltr'>aura.</span> 
     </span>
    </p>
   </div>
   <div class='ocr_carea' id='block_1_16' title="bbox 1089 2948 2058 3200">
    <p class='ocr_par' dir='ltr' id='par_1_23' title="bbox 1089 2948 2058 3200">
     <span class='ocr_line' id='line_1_143' title="bbox 1126 2948 2058 2986; baseline 0.004 -12"><span class='ocrx_word' id='word_1_1336' title='bbox 1126 2949 1154 2975; x_wconf 83' lang='lat'>8.</span> <span class='ocrx_word' id='word_1_1337' title='bbox 1173 2949 1340 2982; x_wconf 72' lang='lat' dir='ltr'>Juditinmque</span> <span class='ocrx_word' id='word_1_1338' title='bbox 1350 2950 1451 2981; x_wconf 74' lang='lat' dir='ltr'>infamia</span> <span class='ocrx_word' id='word_1_1339' title='bbox 1462 2948 1612 2984; x_wconf 57' lang='lat' dir='ltr'>revocatum]</span> <span class='ocrx_word' id='word_1_1340' title='bbox 1625 2949 1668 2975; x_wconf 83' lang='lat' dir='ltr'>Sic</span> <span class='ocrx_word' id='word_1_1341' title='bbox 1679 2949 1809 2976; x_wconf 82' lang='lat' dir='ltr'>vett.edd.</span> <span class='ocrx_word' id='word_1_1342' title='bbox 1821 2949 1855 2976; x_wconf 81' lang='lat' dir='ltr'>fic</span> <span class='ocrx_word' id='word_1_1343' title='bbox 1864 2950 1998 2986; x_wconf 82' lang='lat' dir='ltr'>plerorurn</span> <span class='ocrx_word' id='word_1_1344' title='bbox 2023 2959 2058 2978; x_wconf 84' lang='lat' dir='ltr'>ue</span> 
     </span>
     <span class='ocr_line' id='line_1_144' title="bbox 1092 2984 2054 3020; baseline 0.003 -9"><span class='ocrx_word' id='word_1_1345' title='bbox 1092 2984 1148 3011; x_wconf 86' lang='lat' dir='ltr'>mss.</span> <span class='ocrx_word' id='word_1_1346' title='bbox 1160 2985 1239 3010; x_wconf 80' lang='lat' dir='ltr'>etiam</span> <span class='ocrx_word' id='word_1_1347' title='bbox 1253 2984 1308 3009; x_wconf 81' lang='lat' dir='ltr'>Pal.</span> <span class='ocrx_word' id='word_1_1348' title='bbox 1319 2993 1359 3019; x_wconf 88' lang='lat' dir='ltr'>pr.</span> <span class='ocrx_word' id='word_1_1349' title='bbox 1370 2993 1429 3010; x_wconf 81' lang='lat' dir='ltr'>nam</span> <span class='ocrx_word' id='word_1_1350' title='bbox 1441 2984 1522 3010; x_wconf 78' lang='lat' dir='ltr'>ceteri</span> <span class='ocrx_word' id='word_1_1351' title='bbox 1533 2984 1614 3011; x_wconf 78' lang='lat' dir='ltr'>nostrl</span> <span class='ocrx_word' id='word_1_1352' title='bbox 1625 2986 1787 3020; x_wconf 68' lang='lat' dir='ltr'>judicumque</span> <span class='ocrx_word' id='word_1_1353' title='bbox 1803 2990 1829 3012; x_wconf 79' lang='lat' dir='ltr'>in</span> <span class='ocrx_word' id='word_1_1354' title='bbox 1841 2988 1923 3019; x_wconf 81' lang='lat' dir='ltr'>sama.</span> <span class='ocrx_word' id='word_1_1355' title='bbox 1944 2987 2006 3014; x_wconf 85' lang='lat' dir='ltr'>Paul</span> <span class='ocrx_word' id='word_1_1356' title='bbox 2023 2997 2054 3015; x_wconf 80' lang='lat' dir='ltr'>us</span> 
     </span>
     <span class='ocr_line' id='line_1_145' title="bbox 1091 3019 2053 3057; baseline 0.003 -10"><span class='ocrx_word' id='word_1_1357' title='bbox 1091 3021 1228 3047; x_wconf 80' lang='lat' dir='ltr'>Manutius</span> <span class='ocrx_word' id='word_1_1358' title='bbox 1240 3019 1353 3046; x_wconf 81' lang='lat' dir='ltr'>malebat</span> <span class='ocrx_word' id='word_1_1359' title='bbox 1364 3020 1524 3054; x_wconf 66' lang='lat' dir='ltr'>judiciumque</span> <span class='ocrx_word' id='word_1_1360' title='bbox 1541 3022 1653 3053; x_wconf 63' lang='lat' dir='ltr'>infamiae.</span> <span class='ocrx_word' id='word_1_1361' title='bbox 1682 3022 1828 3049; x_wconf 83' lang='lat' dir='ltr'>Lambinus</span> <span class='ocrx_word' id='word_1_1362' title='bbox 1845 3022 1949 3050; x_wconf 78' lang='lat' dir='ltr'>admifit</span> <span class='ocrx_word' id='word_1_1363' title='bbox 1962 3043 1969 3055; x_wconf 95' lang='lat'>‚</span> <span class='ocrx_word' id='word_1_1364' title='bbox 1981 3025 2053 3057; x_wconf 71' lang='lat' dir='ltr'>judi-</span> 
     </span>
     <span class='ocr_line' id='line_1_146' title="bbox 1089 3055 2053 3092; baseline 0.003 -10"><span class='ocrx_word' id='word_1_1365' title='bbox 1089 3059 1195 3090; x_wconf 78' lang='lat' dir='ltr'>ciumque</span> <span class='ocrx_word' id='word_1_1366' title='bbox 1212 3057 1317 3089; x_wconf 79' lang='lat' dir='ltr'>infame,-</span> <span class='ocrx_word' id='word_1_1367' title='bbox 1337 3063 1459 3092; x_wconf 84' lang='lat' dir='ltr'>tanquam</span> <span class='ocrx_word' id='word_1_1368' title='bbox 1478 3055 1659 3090; x_wconf 68' lang='lat' dir='ltr'>coujecturam</span> <span class='ocrx_word' id='word_1_1369' title='bbox 1678 3057 1859 3085; x_wconf 78' lang='lat' dir='ltr'>certissimam.</span> <span class='ocrx_word' id='word_1_1370' title='bbox 1888 3059 2053 3086; x_wconf 82' lang='lat' dir='ltr'>Gulielmius</span> 
     </span>
     <span class='ocr_line' id='line_1_147' title="bbox 1090 3091 2052 3126; baseline 0.007 -12"><span class='ocrx_word' id='word_1_1371' title='bbox 1090 3091 1225 3118; x_wconf 73' lang='lat' dir='ltr'>divinabat</span> <span class='ocrx_word' id='word_1_1372' title='bbox 1237 3111 1244 3122; x_wconf 79' lang='grc'><em>,</em></span> <span class='ocrx_word' id='word_1_1373' title='bbox 1258 3092 1421 3125; x_wconf 68' lang='lat' dir='ltr'>judiciumque</span> <span class='ocrx_word' id='word_1_1374' title='bbox 1437 3094 1463 3117; x_wconf 84' lang='lat' dir='ltr'>in</span> <span class='ocrx_word' id='word_1_1375' title='bbox 1473 3093 1602 3125; x_wconf 82' lang='lat' dir='ltr'>familiare</span> <span class='ocrx_word' id='word_1_1376' title='bbox 1616 3100 1737 3126; x_wconf 77' lang='lat' dir='ltr'>vocatur,</span> <span class='ocrx_word' id='word_1_1377' title='bbox 1757 3094 1806 3121; x_wconf 83' lang='lat' dir='ltr'>hoc</span> <span class='ocrx_word' id='word_1_1378' title='bbox 1820 3094 1856 3120; x_wconf 90' lang='lat' dir='ltr'>est</span> <span class='ocrx_word' id='word_1_1379' title='bbox 1867 3093 1898 3122; x_wconf 79' lang='lat' dir='ltr'>ad</span> <span class='ocrx_word' id='word_1_1380' title='bbox 1908 3094 2052 3121; x_wconf 80' lang='lat' dir='ltr'>arbitrum.</span> 
     </span>
     <span class='ocr_line' id='line_1_148' title="bbox 1091 3126 2051 3167; baseline 0.004 -14"><span class='ocrx_word' id='word_1_1381' title='bbox 1091 3127 1136 3154; x_wconf 91' lang='lat' dir='ltr'>Cl.</span> <span class='ocrx_word' id='word_1_1382' title='bbox 1149 3128 1280 3153; x_wconf 82' lang='lat' dir='ltr'>Puteanus</span> <span class='ocrx_word' id='word_1_1383' title='bbox 1292 3127 1343 3153; x_wconf 73' lang='lat' dir='ltr'>levi</span> <span class='ocrx_word' id='word_1_1384' title='bbox 1354 3126 1511 3161; x_wconf 66' lang='lat' dir='ltr'>trajee‘lione</span> <span class='ocrx_word' id='word_1_1385' title='bbox 1520 3137 1551 3155; x_wconf 85' lang='lat' dir='ltr'>ac</span> <span class='ocrx_word' id='word_1_1386' title='bbox 1561 3129 1709 3156; x_wconf 85' lang='lat' dir='ltr'>mutatione</span> <span class='ocrx_word' id='word_1_1387' title='bbox 1729 3130 1873 3167; x_wconf 79' lang='lat' dir='ltr'>reponebat</span> <span class='ocrx_word' id='word_1_1388' title='bbox 1883 3139 1892 3163; x_wconf 89' lang='lat'>;</span> <span class='ocrx_word' id='word_1_1389' title='bbox 1911 3133 2051 3164; x_wconf 64' lang='lat' dir='ltr'>negligentia</span> 
     </span>
     <span class='ocr_line' id='line_1_149' title="bbox 1092 3163 1725 3200; baseline 0.005 -9"><span class='ocrx_word' id='word_1_1390' title='bbox 1092 3163 1202 3191; x_wconf 80' lang='lat' dir='ltr'>mandati</span> <span class='ocrx_word' id='word_1_1391' title='bbox 1210 3166 1235 3191; x_wconf 73' lang='grc' dir='ltr'>[η</span> <span class='ocrx_word' id='word_1_1392' title='bbox 1245 3166 1330 3192; x_wconf 79' lang='lat' dir='ltr'>crimen</span> <span class='ocrx_word' id='word_1_1393' title='bbox 1330 3164 1494 3200; x_wconf 66' lang='lat' dir='ltr'>judicumque</span> <span class='ocrx_word' id='word_1_1394' title='bbox 1501 3165 1604 3200; x_wconf 62' lang='lat' dir='ltr'>Infamia</span> <span class='ocrx_word' id='word_1_1395' title='bbox 1611 3172 1725 3194; x_wconf 80' lang='lat' dir='ltr'>vocatur.</span> 
     </span>
    </p>
   </div>
   <div class='ocr_carea' id='block_1_17' title="bbox 1555 3199 2051 3237">
    <p class='ocr_par' dir='ltr' id='par_1_24' title="bbox 1555 3199 2051 3237">
     <span class='ocr_line' id='line_1_150' title="bbox 1555 3199 2051 3237; baseline -0.004 -6"><span class='ocrx_word' id='word_1_1396' title='bbox 1555 3201 1581 3231; x_wconf 85' lang='lat' dir='ltr'>D</span> <span class='ocrx_word' id='word_1_1397' title='bbox 1599 3199 1618 3229; x_wconf 74' lang='lat' dir='ltr'>d</span> <span class='ocrx_word' id='word_1_1398' title='bbox 1914 3210 1941 3231; x_wconf 79' lang='grc'>1.</span> <span class='ocrx_word' id='word_1_1399' title='bbox 1953 3202 1979 3229; x_wconf 78' lang='lat' dir='ltr'>si</span> <span class='ocrx_word' id='word_1_1400' title='bbox 1990 3200 2051 3237; x_wconf 69' lang='lat' dir='ltr'>quad</span> 
     </span>
    </p>
   </div>
   <div class='ocr_carea' id='block_1_18' title="bbox 2092 451 2135 494">
    <p class='ocr_par' dir='ltr' id='par_1_25' title="bbox 2092 451 2135 494">
     <span class='ocr_line' id='line_1_151' title="bbox 2092 451 2135 494; baseline 0 -8"><span class='ocrx_word' id='word_1_1401' title='bbox 2092 451 2135 494; x_wconf 76' lang='lat'>38</span> 
     </span>
    </p>
   </div>
   <div class='ocr_carea' id='block_1_19' title="bbox 2084 1967 2130 2001">
    <p class='ocr_par' dir='ltr' id='par_1_26' title="bbox 2084 1967 2130 2001">
     <span class='ocr_line' id='line_1_152' title="bbox 2084 1967 2130 2001; baseline -0.022 0"><span class='ocrx_word' id='word_1_1402' title='bbox 2084 1967 2130 2001; x_wconf 85' lang='lat'>39</span> 
     </span>
    </p>
   </div>
  </div>
 </body>
</html>
