2379 3400
182 2288 224 2313 ΒΟ
241 2283 360 2323 spoliari
376 2291 473 2321 potes.
499 2285 591 2322 Atqui
610 2282 655 2310 his
674 2283 830 2319 capiuntur
853 2281 985 2319 imperiti
1007 2290 1011 2308 z

643 124 711 171 M.
782 120 1145 167 Τυιιιι

237 149 359 181 1100

234 211 315 252 quod
335 203 556 243 Theophrastus
575 198 716 231 sustinere
740 209 804 231 uon
821 200 927 239 potuit.
952 199 1033 228 Nam
1044 196 1114 228 cum
1127 195 1184 227 sta-

233 250 350 283 tuiss'et,
369 247 504 277 verbera,
524 251 692 274 tormenta,
713 245 876 274 cruciatus,
895 248 994 279 patriae
1006 237 1185 272 eversiones,
1204 248 1206 261 ·

236 291 335 322 exsilia
347 309 355 322 ,
373 289 513 317 orbitates
526 293 663 323 magnam
675 285 741 312 vim
752 282 857 312 habere
867 282 903 312 ad
915 281 1004 314 male,
1018 281 1184 321 misereque

237 332 399 361 vivendum
410 348 417 361 ‚
438 336 500 356 uon
511 325 553 355 est
562 325 645 354 ausus
658 324 733 354 elate
746 343 753 357 ‚
767 323 799 353 δεῖ
809 323 907 363 ample
920 323 1004 362 loqui
1017 344 1025 356 ,
1047 332 1117 353 cum
1129 324 1187 352 hu-

197 381 218 412 6)
239 374 368 404 militer,
386 367 573 408 demisseque
582 366 711 397 sentiret.
736 365 835 405 Qim
847 366 942 398 bene,
963 366 1186 405 nonquaetitur:

234 412 403 445 constanter
424 408 548 450 quidem
570 409 659 438 certe.
682 410 784 448 Itaque
803 408 880 436 mihi
904 407 1016 446 placere
1026 416 1090 436 non
1101 406 1186 438 solet,

235 456 448 494 consequentia
465 449 698 490 reprehendere,
719 452 791 479 eum
814 450 909 489 prima
919 446 1105 478 concefl'eris.
1130 449 1190 477 Hic
1208 455 1210 482 ζ
1233 449 1389 483 debilitas,
1410 459 1544 483 caecttas,
1566 452 1705 480 interitus
1725 453 1844 490 patriae‚
1869 450 2006 483 exsilium
2020 472 2028 487 ,
2047 454 2182 484 servitus.

235 506 336 527 sutem
347 515 355 528 ‚
377 491 609 535 elegantissimus
634 494 776 521 omnium
787 490 1038 530 philosophorum
1049 509 1058 523 ,
1079 490 1190 519 &eru-

235 536 395 568 ditiffimus
407 556 415 568 ,
438 544 501 564 non
525 543 705 574 magnopere
715 531 941 572 reprehenditur
958 552 968 564 ,
989 531 1059 561 cum
1071 533 1125 560 tria
1138 540 1191 569 ge-

237 589 306 609 nera
316 578 388 609 dicit
399 577 551 607 bonorum
567 584 704 605 :vexatur
713 583 811 604 autem
822 574 857 604 ab
868 574 1013 603 omnibus
1025 593 1032 606 ,
1054 573 1190 612 primum

237 624 271 651 in
289 630 326 650 eo
345 620 424 649 libro
437 639 446 651 ‚
465 627 556 658 quem
577 616 686 657 scripsit
707 615 743 646 de
763 617 824 646 vita
844 615 924 645 beata
937 635 945 648 ,
968 617 998 643 in
1017 625 1078 654 quo
1098 615 1192 643 multa

237 664 387 702 disputat,
406 659 604 701 quamobrem
622 661 665 692 iS‚
687 659 739 698 qui
757 666 945 698 torqueatur,
963 657 1014 697 qui
1033 658 1191 688 crucietur,

239 705 340 735 beatus
359 701 415 732 effe
436 711 499 731 non
510 699 604 739 poffit.
628 702 659 729 in
671 710 707 729 eo
719 701 808 729 etiam
821 699 1043 738 putaturdrcere
1056 718 1064 731 ‚
1087 701 1097 717 ¹
1110 698 1137 726 in
1148 707 1191 726 ro-

236 755 298 774 mm
309 765 316 778 ,
335 744 445 773 beatam
456 743 549 771 vitam
560 753 610 771 non
620 741 782 781 adsi-endere.
807 743 881 770 Non
893 741 1015 780 usquam
1028 739 1058 769 id
1068 740 1191 779 quidem

239 790 313 817 dicit
331 787 463 816 omnino
483 804 491 817 ,
520 784 569 814 sed
592 804 600 817 ‚
623 794 687 822 quic
711 783 804 815 dicit,
826 782 906 812 idem
926 782 1034 811 valent.
1070 779 1192 811 Poffum
1212 799 1214 805 r

237 830 330 868 igitur
349 847 358 861 ‚
388 829 436 856 cui
456 824 651 857 concess'erim
665 845 674 858 ,
702 826 733 854 in
762 824 850 854 malis
871 822 927 854 effe
946 823 1065 852 dolores
1086 832 1193 862 corpo-

237 874 278 901 ris
291 890 299 903 ‚
322 871 354 899 in
378 869 485 902 malis,
517 866 665 907 naufragia
683 865 811 895 fortuna:
833 876 839 894 t
870 867 940 895 huic
960 865 1127 894 succensere
1146 864 1194 893 di-

237 913 319 942 centi
329 931 338 945 ,
350 921 414 940 non
429 912 549 941 omneis
560 909 658 938 bonos
670 906 727 937 effe
741 908 841 937 beatos
851 927 859 940 ,
880 907 951 936 cum
965 908 997 935 in
1007 910 1126 936 omneis
1138 905 1196 935 bo·
1213 906 1215 915 ¹

239 963 295 983 nos
308 963 340 983 ea
351 972 360 985 ,
382 962 447 992 quae
462 953 512 982 ille
525 954 555 981 in
568 951 653 980 malis
671 958 827 981 numerat,
844 949 945 978 cadere
954 946 1062 987 poffint
1074 950 1084 976 ἒ
1103 957 1194 977 vexa·

239 1004 287 1025 zur
298 995 378 1024 idern
389 991 611 1034 Theophrastus
625 991 753 1021 &libris
764 1010 772 1023 ,
787 991 819 1020 ὃς
830 990 937 1019 scholis
948 992 1112 1018 omninum
1125 990 1194 1028 phi-

237 1037 435 1075 iosophorum
449 1056 457 1068 ,
478 1035 560 1076 quod
581 1036 614 1062 in
633 1031 811 1062 Callisthene
824 1032 876 1062 suo
897 1031 1116 1062 laudantill-am
1128 1031 1195 1061 sen-

248 1080 375 1108 tentiam
390 1097 399 1110 ,

336 1120 432 1148 Vitam
442 1117 637 1158 regitfortuna
649 1136 656 1150 ‚
680 1116 888 1155 nonskpientia.
913 1135 917 1138 -

242 1163 363 1202 Negant
383 1160 420 1190 ab
442 1161 505 1189 ullo
514 1159 696 1199 philosopho
705 1159 868 1198 quidquam
881 1155 998 1187 dfflum
1011 1155 1067 1185 effe
1078 1156 1194 1196 langui-

207 1210 212 1235 ζ
239 1203 317 1233 dius.
342 1201 420 1231 recte
440 1202 472 1232 id
491 1201 615 1242 quidem
639 1211 644 1229 z
665 1199 715 1230 sed
733 1200 809 1229 nihil
829 1200 967 1239 intelligo
989 1198 1047 1228 dici
1068 1195 1196 1237 potuisse

239 1242 437 1275 constantius.
461 1245 491 1274 Si
512 1245 597 1272 enim
620 1250 665 1272 tot
682 1241 791 1271 suntin
803 1251 928 1280 corpore
941 1241 1036 1272 bona,
1058 1248 1195 1269 toteXtra

239 1296 348 1326 corpus
359 1305 368 1319 ,
391 1287 423 1314 in
434 1286 499 1315 casu
509 1305 517 1318 ,
536 1294 623 1325 atque
633 1283 753 1313 fortuna
772 1292 889 1312 :nonne
897 1282 1131 1312 consentaneum
1142 1280 1193 1312 est,
1215 1278 1217 1299 ἱ

238 1329 307 1368 plus
326 1327 479 1357 fortunam
493 1347 501 1360 ‚
522 1337 587 1367 quae
601 1325 716 1354 domina
732 1334 824 1353 rerum
840 1322 873 1354 fit
884 1324 1119 1353 &exrernarum
1129 1342 1138 1356 ‚
1163 1323 1196 1351 ὃς

238 1369 274 1399 ad
284 1379 389 1409 corpus
401 1370 618 1408 pertinentium
631 1387 639 1400 ,
659 1367 748 1407 quiam
760 1364 918 1396 consilium
932 1385 941 1398 ,
958 1365 1054 1395 valere
1066 1368 1121 1394 ?an
1133 1374 1196 1393 ma-

236 1412 341 1441 lumus
364 1413 527 1450 Epicurum
548 1411 681 1439 imitari?
696 1409 749 1448 qui
767 1408 862 1437 multa
879 1407 1015 1447 praeclare
1028 1406 1100 1445 saepe
1114 1405 1196 1435 dicit:

238 1453 330 1493 quarn
344 1455 427 1482 enim
443 1450 494 1481 sibi
505 1450 677 1482 constanter
689 1470 698 1483 ‚
718 1451 998 1490 convenienterque
1009 1448 1087 1478 dicat
1099 1467 1108 1481 ‚
1132 1457 1197 1478 non

238 1494 364 1524 laborat.
388 1494 506 1522 Laudat
528 1501 638 1522 tenuem
660 1489 782 1521 vilium.
817 1491 992 1531 Philosophi
1011 1490 1041 1520 id
1060 1489 1198 1530 quidem:

240 1535 291 1566 sed
305 1534 324 1564 fi
336 1538 466 1565 Socrates
478 1554 487 1567 ‚
498 1543 547 1565 aut
559 1532 753 1564 Antisthenes
764 1532 894 1566 diceret,
915 1542 979 1562 non
990 1533 1027 1565 is,
1041 1533 1092 1572 qui
1105 1529 1198 1560 finem

239 1576 395 1606 bonorum
414 1577 599 1614 voluptatem
620 1573 678 1604 effe
689 1574 808 1604 dixerit.
833 1576 950 1613 Negat,
969 1572 1199 1614 qm’mquamju⁶

241 1617 328 1647 cundi}
335 1616 405 1658 poffi
415 1617 511 1645 vivere
523 1636 531 1648 ‚
544 1615 676 1655 nifiidem
689 1613 810 1650 honeste,
821 1613 1091 1655 stipienrerjusteque
1103 1614 1198 1641 vivat.

241 1660 331 1689 Nihil
351 1659 488 1698 gravius,
511 1658 588 1687 nihil
607 1656 797 1696 philosophia
815 1657 950 1697 dignius:
974 1654 1028 1685 nisi
1046 1656 1128 1685 idem
1141 1655 1199 1684 hoc

240 1701 341 1740 ipsum
355 1719 364 1733 ,
385 1699 509 1729 honeste
521 1719 528 1732 ‚
541 1699 685 1738 sapienter
697 1718 705 1731 ,
718 1697 791 1735 juste
803 1718 812 1730 ‚
826 1699 860 1727 ad
872 1698 1056 1737 voluptatem
1069 1695 1198 1726 referret.

241 1742 322 1783 Qid
336 1740 446 1771 melius
455 1760 463 1774 ,
474 1741 563 1781 quam
574 1739 727 1769 fortunam
739 1740 878 1780 exiguam
891 1741 1070 1768 intervenire
1085 1739 1199 1776 sapien-

241 1792 285 1814 tir
309 1783 355 1813 sed
368 1783 424 1812 hoc
437 1782 499 1812 isne
513 1783 595 1813 dicit,
609 1783 671 1821 qui,
682 1780 754 1810 cum
766 1781 903 1809 dolorem
916 1790 979 1809 non
991 1778 1086 1809 modo
1099 1782 1199 1808 maxi-

241 1834 329 1854 mum
340 1824 454 1853 malum
465 1843 473 1856 ,
498 1823 547 1852 sed
563 1823 662 1852 solum
676 1822 790 1851 malum
800 1823 889 1851 etiam
904 1821 1015 1850 dixerit
1025 1841 1033 1853 ,
1055 1829 1120 1849 toto
1130 1829 1198 1850 cor-

239 1876 311 1906 pore
321 1867 453 1905 opprimi
467 1863 552 1904 poffit
562 1863 717 1894 doloribus
726 1864 888 1895 acerrimis,
903 1871 966 1892 tum
980 1861 1050 1891 cum
1064 1862 1198 1892 maxime

238 1917 341 1938 eontra
357 1907 511 1936 fortunam
532 1906 695 1945 glorietur?
717 1903 799 1944 quod
818 1904 900 1933 idem
915 1903 1094 1933 melioribus
1105 1905 1198 1934 etiam

241 1950 341 1979 verbis
360 1949 566 1978 Metrodorus.
589 1948 753 1986 Occupawi,
776 1947 886 1986 inquit,
907 1954 933 1974 te
951 1945 1073 1983 ‚fortuna
1086 1966 1094 1978 ‚
1113 1954 1201 1986 atquc

240 1992 316 2032 cepi:
337 1991 494 2031 omneisc’jue
511 1989 606 2018 aditu,
633 1996 693 2017 tuos
710 1986 851 2027 interclusi
868 2007 876 2021 ,
898 1995 931 2016 ut
950 1987 1048 2016 acl‘me
1064 1987 1201 2028 adspirare

240 2044 291 2062 non
307 2032 396 2071 posses.
422 2033 561 2062 Praeclare
577 2050 584 2063 ,
607 2029 627 2058 sl
650 2029 748 2060 Aristo
759 2030 871 2061 Chius,
893 2027 1099 2059 autfiStoicus
1114 2032 1201 2060 Zeno
1223 2030 1224 2036 ¹

240 2075 351 2105 diceret
363 2095 370 2106 ,
392 2075 442 2114 qui
457 2093 465 2106 2
476 2071 610 2114 m'fiqscod
626 2079 703 2111 turpe
714 2071 785 2109 efflet,
798 2070 870 2100 nz'ln'l
879 2071 988 2101 malum
999 2071 1129 2102 duceret.
1151 2074 1201 2102 Tu

240 2116 312 2146 verb
322 2136 330 2150 ‚
351 2116 536 2148 Metrodore,
548 2116 598 2155 qui
609 2124 703 2143 omne
713 2114 828 2143 bonum
842 2115 875 2143 in
885 2113 1048 2143 visceribus
1058 2133 1066 2145 ‚
1082 2113 1202 2143 medul-

240 2159 336 2197 lisque
357 2157 526 2187 condideris
542 2167 547 2185 :
569 2156 601 2185 ὃ(
618 2154 771 2185 definieris
783 2175 792 2188 ,
813 2155 968 2184 summum
985 2155 1102 2186 bonum
1115 2155 1201 2184 firma

240 2200 374 2239 corporis
392 2197 551 2228 affe-&tione
563 2217 572 2230 ‚
596 2197 805 2237 explorataque
821 2197 868 2236 spe
882 2198 1053 2230 contineri,
1073 2197 1202 2227 fortunat

241 2241 340 2272 aditus
359 2238 568 2270 interclusisti?
590 2248 651 2280 quo
672 2239 789 2268 modo?
811 2238 870 2268 isto
882 2240 964 2268 enim
976 2238 1131 2278 bonojam
1146 2248 1200 2268 ex-

1035 2280 1067 2310 &
1084 2290 1202 2320 propter

240 2324 419 2364 hujusmodi
439 2323 599 2353 sententias
610 2342 617 2355 ‚
640 2321 767 2351 istorum
793 2323 958 2351 hominum
971 2320 1012 2351 est
1023 2322 1200 2352 multitudo.

242 2365 339 2396 Acute
349 2374 450 2395 autem
462 2365 640 2404 disputantis
655 2363 732 2393 illud
742 2362 784 2392 est
798 2383 807 2397 ‚
827 2373 889 2392 non
899 2363 971 2403 quid
983 2364 1106 2404 quisque
1115 2364 1202 2396 dicat,

241 2408 292 2438 fed
302 2407 375 2448 quid
385 2408 467 2448 cuiq,
478 2405 642 2436 dicendum
654 2403 912 2438 fit,videre.Veiut
922 2407 955 2434 in
970 2415 1001 2434 ea
1014 2406 1074 2443 ipsa
1086 2406 1205 2435 senten·
1226 2423 1230 2445 l

244 2452 293 2483 tia,
304 2459 394 2489 quam
407 2451 438 2478 in
453 2450 504 2477 hac
514 2447 715 2486 disputatione
727 2446 919 2485 suscepimus,
932 2456 1027 2474 omnen
1037 2445 1114 2475 bonos
1129 2447 1206 2485 fem-

243 2500 290 2531 per
300 2490 390 2520 beatos
406 2491 535 2519 volumus
543 2488 600 2526 effi.
613 2487 710 2526 ²Quid
722 2487 818 2517 dicam
832 2487 940 2520 bonos,
952 2487 1140 2526 perspicuum
1154 2486 1207 2516 est.

245 2533 393 2563 omnibus
411 2534 494 2562 enim
514 2530 675 2560 virtutibus
698 2528 860 2558 instruCtos
878 2548 887 2561 ,
909 2529 942 2558 &
962 2538 1084 2558 ornatos
1106 2549 1114 2561 ‚
1136 2538 1206 2558 curn

245 2575 402 2614 sapienteis
414 2583 478 2603 tum
490 2574 571 2602 viros
584 2572 680 2601 bonos
692 2571 831 2600 dicimus.
855 2569 1030 2602 Videamus,
1041 2572 1093 2610 qui
1104 2570 1209 2600 dicen-

248 2616 279 2644 di
298 2614 354 2645 siut
373 2615 460 2644 beati.
486 2613 629 2654 equidem
654 2613 708 2642 hos
737 2611 900 2645 existimo,
920 2613 972 2652 qui
995 2610 1093 2641 sintin
1106 2612 1207 2643 bonis,
1225 2610 1227 2637 ’ἒ

1227 2512 1229 2518 ⁴
1253 2497 1340 2520 vere,
1363 2489 1395 2516 in
1412 2497 1468 2516 una
1480 2489 1587 2516 virtute
1601 2496 1738 2526 poneret.

247 2657 336 2688 nullo
358 2656 503 2697 adjunCto
521 2655 614 2686 malo.
638 2657 747 2695 Neque
767 2654 827 2684 ulla
845 2654 903 2684 alia
921 2654 992 2683 huic
1003 2653 1094 2684 verbo
1107 2673 1116 2687 ‚
1136 2652 1210 2683 curn
1226 2661 1227 2664 ’

1227 122 1770 172 thznonts

1227 199 1348 230 beatum
1359 198 1489 230 dicimus
1503 220 1511 233 ,
1532 204 1545 227 3
1558 200 1686 240 subjecta
1699 205 1786 234 notio
1796 203 1838 235 est
1849 223 1857 237 ‚
1878 202 1931 234 nili
1942 223 1951 238 ‚
1962 202 2079 235 secretis
2091 202 2183 235 mal-is

1229 241 1375 272 omnibus
1387 261 1395 275 ,
1416 242 1563 272 cumulata
1583 242 1734 274 bonorum
1752 247 1936 285 complexio.
1970 248 2055 276 Hanc
2071 244 2181 285 affequi

1229 293 1342 316 virtus,
1366 282 1386 312 fi
1404 283 1569 324 quidquam
1588 293 1693 323 praeter
1710 286 1802 324 ipsam
1822 288 1895 317 boni
1914 286 1976 322 est,
1999 297 2061 317 non
2073 286 2180 327 potest-

1231 324 1324 355 aderit
1342 327 1427 355 euim
1439 327 1589 355 malorum
1602 345 1610 358 ‚
1629 330 1646 353 4
1657 324 1674 355 si
1687 327 1762 356 mala
1773 327 1967 359 illaducimus
1980 350 1989 363 ‚
2009 330 2092 359 turba
2100 338 2183 369 quae-

1207 405 1209 410 ᾗ
1232 367 1489 406 dam,parpertas,
1509 368 1700 407 ignobilitas,
1723 368 1893 402 humilitas,
1914 371 2055 405 solitudo,
2068 369 2182 400 5amis·

1233 406 1274 437 sio
1297 408 1417 438 suorum
1438 428 1446 441 ,
1468 418 1570 449 graves
1589 408 1708 438 dolores
1725 411 1860 449 corporis
1878 429 1886 444 ‚
1906 412 2019 449 perdita
2037 411 2182 444 valitudo,

1232 489 1247 510 ⁶
1270 494 1412 532 Denique
1431 494 1464 521 in
1484 493 1531 521 his
1551 500 1615 525 tot,
1636 492 1669 522 δε
1687 494 1794 526 tantis,
1812 501 1898 532 arque
1917 495 2006 524 etiam
2026 505 2089 535 quae
2099 495 2185 535 plura

1233 532 1355 573 pofl‘unt
1374 533 1523 566 accidere,
1544 533 1641 573 potest
1658 532 1715 563 effe
1735 534 1859 573 sapietis.
1882 543 1951 564 narn
1963 536 2022 565 haec
2032 537 2111 567 casus
2123 538 2186 565 im-

1235 583 1351 614 portat,
1374 576 1426 615 qui
1446 577 1478 604 in
1498 575 1660 614 sapientem
1679 575 1777 615 potest
1795 577 1954 606 incurrere.
1976 585 2005 606 at
2023 575 2044 606 sr
2066 587 2099 608 ea
2108 577 2186 608 mala

1237 618 1304 647 sunt
1324 637 1332 650 ,
1360 619 1426 656 quis
1442 617 1539 656 potest
1558 616 1690 656 praestare
1713 638 1721 652 ‚
1754 618 1915 657 sapientem
1934 617 2048 657 semper
2065 618 2186 649 beatum

1236 658 1300 688 fore
1313 679 1322 692 ,
1346 658 1423 688 cum
1437 659 1484 687 vel
1504 660 1536 688 in
1555 659 1702 688 omnibus
1723 660 1768 688 his
1787 669 1849 688 uno
1869 668 2005 698 tempore
2024 657 2080 688 effe
2089 659 2188 699 poffitz

1238 710 1302 730 non
1320 702 1409 740 igitur
1419 699 1505 730 facile
1516 699 1651 730 concedo
1662 710 1759 740 neque
1776 703 1867 731 Bruto
1882 710 1951 730 meo
1963 719 1971 733 ,
1993 710 2090 741 neque
2099 711 2188 730 com-

1236 743 1381 771 munibus
1393 741 1549 783 magistris,
1561 752 1660 782 neque
1674 742 1824 772 veteribus
1836 742 1910 775 illis,
1922 741 2086 775 Aristoteli,
2097 745 2188 781 Speu-

1237 782 1318 823 sippo
1328 804 1337 817 ,
1359 785 1541 817 Xenocrati,
1564 786 1745 817 Polemoni,
1756 793 1789 814 ut
1798 782 1868 813 cum
1881 793 1912 813 ea
1923 804 1931 816 ,
1943 793 2008 823 quae
2021 783 2104 823 supra
2113 793 2191 813 enu-

1239 827 1352 855 meravi
1364 845 1372 858 ,
1384 827 1416 854 in
1427 825 1514 855 malis
1524 834 1706 858 numerent,
1726 825 1819 855 iidem
1831 825 1930 855 dicant
1942 826 2058 864 semper·
2068 825 2190 856 beatum

1238 866 1296 896 ess'e
1314 868 1486 906 sapientem.
1509 872 1523 895 7
1543 867 1623 908 quod
1642 866 1661 896 fi
1683 868 1788 897 titulus
1798 868 1847 897 hic
1858 866 2137 906 delediatinfignis,
2157 866 2192 896 &

1237 909 1369 948 pulcher,
1385 910 1556 949 Pythagora,
1568 912 1696 941 Socrate,
1708 909 1830 938 Platone
1839 908 2038 949 dignissimus,
2049 907 2193 938 inducant

1238 953 1376 980 animum
1390 970 1397 983 ,
1421 950 1482 983 illa,
1494 960 1623 990 quorum
1637 951 1789 989 splendore
1802 952 1956 989 capiuntur
1968 970 1976 983 2
1996 952 2084 979 vireis
2097 970 2106 982 ‚
2116 950 2194 979 vali-

1239 992 1376 1022 tudinem
1389 1012 1397 1025 ,
1417 992 1675 1031 pulchritudinem
1687 1012 1695 1025 ,
1717 992 1836 1021 divitias
1848 1012 1855 1024 ‚
1878 993 2009 1021 honores
2020 1011 2027 1024 ,
2048 1001 2118 1031 opes
2130 1001 2193 1020 con-

1239 1042 1355 1062 temnere
1379 1054 1387 1066 ,
1407 1044 1512 1074 eaque,
1532 1044 1591 1074 qua
1607 1034 1645 1061 lm
1665 1041 1806 1062 contraria.
1818 1033 1894 1073 sint,
1916 1042 1963 1073 pro
1982 1034 2068 1062 mln'lo
2085 1033 2191 1061 ducere⁴

1239 1078 1322 1105 Tum
1341 1084 1482 1114 poterunt
1494 1074 1650 1104 clariffirna
1659 1084 1733 1104 voce
1745 1074 1875 1114 profiteri
1888 1094 1895 1107 2
1917 1076 1944 1104 se
1955 1085 2052 1115 neque
2063 1074 2194 1104 for-tunae

1240 1119 1355 1156 impetu
1368 1137 1377 1149 ,
1400 1126 1454 1145 nec
1473 1116 1681 1145 multitudinis
1700 1117 1866 1154 opinione,
1886 1126 1940 1145 nec
1949 1116 2073 1149 dolore,
2097 1125 2196 1156 neque

1238 1167 1404 1197 paupertate
1415 1160 1532 1189 terreri,
1547 1159 1710 1198 omniaque
1721 1156 1771 1186 fibi
1785 1159 1813 1186 in
1827 1157 1884 1186 sese
1895 1156 1949 1186 effe
1959 1156 2049 1196 posita
2059 1178 2067 1190 ‚
2088 1167 2187 1197 neque

1238 1198 1296 1229 esse
1315 1199 1479 1239 quidquam
1501 1209 1582 1229 exrra
1602 1200 1682 1229 suain
1703 1198 1879 1238 potestatem
1899 1218 1908 1232 ,
1937 1198 2020 1239 quod
2034 1198 2143 1229 ducant
2163 1200 2198 1228 ira

1215 1252 1216 1269 ς
1240 1241 1340 1271 bonis.
1365 1244 1471 1281 Neque
1489 1241 1569 1270 hunc
1590 1241 1805 1281 &haecloqui‚
1829 1250 1894 1281 quae
1907 1240 2085 1280 suntmagni
2095 1240 2198 1279 cujus-

1240 1283 1309 1313 dam
1323 1303 1332 1316 ,
1354 1283 1387 1312 &
1406 1284 1457 1312 alti
1476 1284 1533 1312 viri
1548 1303 1556 1315 ‚
1577 1283 1608 1312 δε
1620 1282 1721 1311 eadem
1735 1302 1743 1315 ‚
1763 1292 1829 1323 quae
1839 1283 1946 1323 vulgus
1960 1301 1968 1314 ,
1997 1284 2029 1311 in
2038 1281 2146 1314 malis,
2165 1281 2200 1310 &

1242 1326 1331 1354 bouis
1348 1334 1524 1357 numerare,
1547 1324 1673 1354 concedi
1693 1324 1756 1353 ullo
1782 1323 1877 1353 modo
1896 1322 2008 1363 potest:
2030 1333 2087 1363 qua
2107 1322 2201 1363 gloria

1241 1376 1416 1397 commotus
1436 1368 1582 1405 Epicurus
1604 1367 1747 1395 exoritur.
1769 1368 1827 1395 Cui
1851 1367 1959 1398 etiam,
1984 1363 2004 1394 sl
2023 1365 2082 1394 diis
2093 1365 2198 1403 placet,

1241 1407 1580 1449 videtursemperfizpzens
1589 1407 1693 1436 beatus.
1719 1408 1777 1437 Hic
1788 1408 1930 1448 dignitate
1942 1407 2033 1444 hujus
2044 1405 2200 1436 sentenn'ae

1241 1452 1366 1489 capitur.
1390 1450 1437 1479 sed
1456 1459 1623 1489 numquam
1635 1449 1663 1479 td
1673 1449 1804 1482 diceret,
1834 1447 1853 1478 fi
1866 1449 1966 1489 ipsese
1978 1448 2100 1478 audiret.
2126 1444 2202 1487 quid

1243 1491 1286 1522 est
1308 1493 1413 1524 enim,
1431 1489 1514 1530 quod
1535 1490 1639 1520 minus
1660 1493 1842 1523 conveniat,
1861 1490 1951 1530 quam
1972 1497 2004 1519 ut
2023 1492 2066 1521 is,
2085 1490 2138 1529 qui
2149 1487 2200 1517 vel

1243 1533 1398 1564 summum
1411 1552 1419 1565 ,
1440 1532 1487 1561 vel
1508 1532 1606 1561 solum
1631 1532 1746 1561 malum
1765 1532 1901 1561 dolorem
1923 1529 1980 1560 effe
1998 1529 2096 1563 dicat,
2117 1529 2203 1560 idem

1243 1574 1377 1606 censeat,
1397 1574 1495 1610 Quam
1507 1574 1564 1602 hoc
1575 1573 1660 1602 suave
1668 1572 1710 1602 est
1722 1592 1730 1605 ,
1741 1582 1806 1602 tum
1818 1593 1825 1605 ,
1839 1571 1909 1602 cum
1921 1571 2026 1601 dolore
2039 1573 2195 1604 crucietur,

1244 1614 1399 1645 dibiurum
1412 1612 1469 1643 effe
1480 1614 1664 1653 sapit-ptem?
1686 1616 1758 1644 Non
1771 1616 1862 1655 igitur
1872 1624 1910 1643 ex
1923 1612 2202 1654 singulisvocibus‚

1244 1656 1416 1697 philosophi
1440 1655 1590 1695 spestaudi
1612 1657 1681 1686 sunt
1705 1675 1714 1690 ‚
1745 1656 1795 1685 sed
1813 1666 1850 1685 ex
1871 1657 2062 1695 perpetuitate
2093 1675 2102 1687 ‚
2117 1663 2205 1694 atque

1244 1697 1420 1728 constantia.
1445 1706 1476 1725 A.
1489 1697 1621 1726 Adducis
1633 1707 1681 1727 me
1694 1716 1703 1730 ,
1717 1698 1813 1726 uttibi
1823 1695 1969 1726 affentiar.
1993 1696 2048 1726 Sed
2060 1705 2108 1725 tua
2119 1705 2198 1736 quo-

1245 1749 1302 1779 que
1322 1738 1389 1768 vide
1409 1748 1446 1767 ne
1468 1737 1644 1768 defideretur
1664 1737 1843 1768 constantia.
1866 1748 1905 1766 M.
1930 1740 2072 1778 Qonam
2090 1736 2199 1771 modo?

1248 1790 1279 1810 Α.
1293 1781 1371 1817 Quia
1396 1779 1451 1819 legi
1471 1788 1557 1808 tuum
1580 1789 1673 1818 nuper
1682 1788 1820 1819 quartum
1832 1779 1868 1809 de
1879 1778 2000 1808 finibus.
2023 1781 2060 1808 In
2071 1788 2107 1808 eo
2119 1778 2199 1808 mihi

1245 1821 1386 1851 videbare
1396 1840 1405 1854 ,
1425 1830 1528 1850 contra
1539 1823 1683 1850 Catonem
1695 1820 1836 1850 differens
1852 1840 1861 1854 ,
1882 1822 1939 1850 hoc
1947 1820 2025 1850 velle
2035 1819 2206 1853 ostendere,

1246 1862 1327 1904 quod
1340 1863 1415 1891 mihi
1426 1862 1551 1902 quidem
1563 1862 1702 1902 probatur
1713 1882 1722 1895 ,
1741 1864 1818 1892 inter
1829 1863 1990 1892 Zenonem
2003 1881 2011 1895 ,
2040 1862 2073 1891 &
2085 1863 2208 1901 Peripa-

1247 1906 1352 1934 teticos
1371 1905 1448 1933 nihil
1468 1913 1572 1944 praeter
1589 1904 1751 1933 verborum
1764 1906 1932 1934 novitatem
1944 1901 2091 1934 interess‘e.
2110 1902 2207 1943 ‚Qod

1247 1945 1268 1975 fi
1278 1948 1317 1976 ita
1327 1945 1368 1975 est
1385 1966 1394 1979 ,
1413 1945 1485 1986 quid
1496 1945 1538 1976 est
1547 1946 1638 1976 causae
1650 1966 1659 1979 ‚
1673 1947 1746 1986 quin
1763 1966 1771 1979 ,
1784 1944 1804 1975 si
1815 1946 1949 1975 Zenonis
1960 1946 2067 1975 rationi
2078 1945 2209 1974 consen-

1249 1997 1368 2018 taneum
1393 1986 1426 2017 sit
1438 2008 1446 2021 ,
1468 1988 1534 2018 satis
1555 1997 1696 2028 magnam
1708 1990 1770 2017 vim
1784 1988 1817 2017 in
1830 1988 1938 2017 virtute
1950 1985 2007 2017 esse
2017 1987 2051 2017 ad
2064 1986 2145 2016 beate
2161 1987 2209 2016 vi-

1248 2030 1381 2060 vendum
1408 2050 1416 2062 ‚
1448 2030 1535 2060 liceat
1556 2030 1639 2059 idern
1664 2031 1865 2069 Peripateticis
1887 2029 1986 2059 dicere
2006 2029 2016 2055 ἓ
2040 2038 2103 2058 rem
2123 2029 2210 2057 enirn

1250 2074 1360 2111 opinor
1378 2070 1500 2110 spestari
1511 2081 1646 2111 oportere
1658 2091 1665 2105 ‚
1689 2081 1752 2101 non
1768 2072 1864 2101 verba.
1889 2081 1926 2100 M.
1938 2074 1987 2100 Tu
1998 2070 2121 2111 quidem
2133 2087 2141 2103 ‚
2166 2078 2212 2099 ta-

1246 2114 1334 2143 bellis
1344 2112 1504 2154 obfignatis
1521 2115 1580 2154 agis
1593 2123 1730 2143 mecum:
1745 2113 1777 2143 &
1790 2111 1952 2143 testificaris
1963 2133 1972 2145 ‚
1992 2111 2063 2152 quid
2074 2111 2207 2141 dixerim

1249 2154 1410 2195 aliquando
1425 2174 1433 2187 ,
1447 2163 1495 2184 aut
1505 2155 1679 2194 scripserim.
1703 2156 1782 2184 Cum
1794 2156 1860 2184 aliis
1870 2154 1927 2184 isto
1939 2155 2031 2184 modo
2044 2173 2051 2187 ,
2073 2155 2125 2194 qui
2135 2152 2211 2193 legi-

1249 2198 1304 2227 bus
1315 2195 1463 2236 impofitis
1473 2196 1632 2236 disputant.
1657 2199 1723 2226 Nos
1735 2199 1767 2226 in
1782 2196 1864 2227 diem
1875 2198 2009 2226 vivimus
2023 2206 2028 2224 ;
2040 2194 2212 2235 quodcum-

1248 2248 1305 2278 que
1325 2237 1443 2278 nostros
1464 2240 1582 2268 animos
1606 2238 1814 2277 probabilitate
1831 2236 1966 2277 percussit
1985 2257 1993 2270 ,
2013 2237 2043 2267 id
2062 2236 2203 2266 dicimus.

1248 2282 1347 2320 itaque
1361 2280 1417 2319 sbli
1435 2280 1536 2319 flamm
1551 2279 1641 2309 liberi.
1665 2288 1895 2313 verumtamen,
1916 2280 2061 2320 quoniam
2082 2277 2119 2307 dc
2135 2285 2212 2306 con-

1249 2321 1356 2352 stantia
1376 2323 1477 2361 paullo
1489 2322 1556 2351 anre
1569 2321 1703 2351 diximus
1713 2341 1723 2354 ,
1746 2331 1810 2351 non
1821 2331 1875 2361 ego
1886 2321 2022 2350 hocloco
2032 2318 2061 2348 id
2071 2327 2209 2359 quaeren-

1250 2363 1324 2393 dum
1335 2372 1408 2402 puto
1420 2383 1428 2397 ‚
1440 2373 1588 2393 verumne
1598 2361 1631 2392 fit
1641 2382 1649 2396 ,
1662 2362 1743 2403 quod
1756 2363 1878 2392 Zenoni
1887 2363 2029 2401 placuerit
2043 2380 2051 2394 ,
2065 2359 2209 2400 quodque

1251 2405 1314 2439 eius
1333 2405 1483 2436 auditori,
1505 2404 1660 2437 Aristoni,
1680 2405 1794 2433 bonum
1807 2402 1865 2432 effe
1878 2403 1973 2432 solum
1987 2422 1995 2436 ,
2017 2401 2100 2443 quod
2115 2402 2212 2430 hone-

1253 2445 1332 2475 stum
1352 2444 1441 2475 esset:
1463 2446 1522 2478 sed,
1538 2441 1582 2474 8fi
1594 2444 1728 2478 messer,
1748 2454 1812 2482 tum
1826 2445 1924 2474 uthoc
1942 2453 2053 2477 totum,
2066 2442 2150 2473 beate
2161 2443 2209 2471 vi-

1763 2489 1859 2525 Quare
1870 2487 1977 2516 demus
1988 2487 2044 2515 hoc
2054 2485 2121 2515 sane
2138 2486 2212 2513 Bru-

1254 2537 1287 2558 to
1296 2548 1304 2561 ,
1320 2537 1352 2558 ut
1362 2527 1395 2558 sit
1407 2529 1508 2557 beatus
1518 2528 1635 2567 semper
1646 2528 1768 2567 sapiens.
1790 2529 1880 2568 quam
1891 2526 1945 2557 sibi
1958 2529 2119 2558 conveniat
2129 2544 2137 2558 2
2151 2525 2213 2564 ipse

1254 2569 1373 2599 viderit.
1398 2571 1503 2599 Gloria
1521 2570 1645 2609 quidem
1668 2570 1758 2607 hujus
1775 2570 1928 2600 sententiae
1949 2571 2019 2610 quis
2030 2567 2132 2598 estillo
2143 2569 2211 2596 viro

1256 2611 1398 2651 dignior?
1421 2621 1477 2640 nos
1497 2620 1598 2640 tamen
1618 2620 1773 2641 teneamus
1789 2631 1797 2644 ,
1819 2621 1851 2641 ut
1869 2609 1902 2640 sit
1920 2611 2001 2640 idem
2021 2606 2212 2640 beatiffimus:

1257 2652 1309 2684 etsi
1320 2654 1407 2683 Zeno
1417 2654 1556 2687 Cuneus,
1567 2652 1680 2684 advena
1690 2653 1826 2694 quidam,
1840 2653 1872 2683 ὅτ.
1882 2652 2038 2694 ignobilis,
2051 2649 2214 2720 verborfum

2095 2700 2145 2730 opi
2161 2700 2212 2724 ex,

256 2753 2198 2770 ·—--—-.-.--.--—-.--—-—————-——————————————--———--———

289 2799 311 2814 i.
332 2795 359 2815 In
371 2799 445 2817 rotam
462 2793 556 2817 beatam
574 2795 654 2816 rustam
665 2801 709 2816 που
720 2789 850 2822 aftendei'r.
871 2793 923 2815 Non
940 2789 1037 2822 usquam
1054 2786 1105 2819 [A]
1129 2786 1211 2823 Qod

249 2826 424 2858 »conjecturam
436 2828 462 2853 in
474 2826 622 2862 crepundiis
635 2827 759 2860 escendere.
780 2826 821 2850 hic
831 2824 972 2861 legendum
987 2824 1037 2850 esse
1048 2823 1211 2856 exstarejam

1294 2795 1320 2819 5.
1341 2788 1445 2819 eAmiffio
1456 2786 1579 2819 ficorum]
1601 2785 1720 2820 Quidsui
1739 2784 1820 2811 esseut
1838 2793 1886 2820 pro
1896 2780 2031 2808 conatibus
2043 2780 2106 2806 meis
2117 2779 2175 2806 dixi
2187 2780 2214 2806 in

1257 2821 1430 2857 crepundiis.
1452 2822 1505 2847 Hic
1525 2822 1587 2847 vero
1601 2821 1870 2847 miror-Gulielmium
1891 2815 2015 2852 cogitasse
2034 2815 2168 2852 expuu5’ae
2178 2823 2215 2848 τῷ

251 2863 385 2895 comperio
404 2863 429 2888 iu
450 2864 534 2889 Vatic.
555 2864 582 2889 &c
604 2864 674 2888 lior-o
695 2862 808 2887 Mer-ceri
822 2880 830 2893 ,
852 2870 880 2887 ut
900 2860 984 2886 Ouid.
1006 2860 1116 2885 Metam.
1136 2858 1155 2883 l.
1171 2867 1212 2884 ix.
1249 2858 1347 2891 ficorum
1357 2857 1467 2892 gloffitnr
1480 2867 1533 2893 pra:
1546 2858 1593 2882 lroc
1605 2857 1694 2883 nativo
1706 2856 1815 2892 spuriam
1828 2862 1965 2889 reponere,
1980 2860 2095 2877 carorum.

252 2904 356 2935 v-5-19.
378 2899 494 2924 restitui:
518 2899 545 2923 St
564 2899 675 2924 omuino
685 2907 811 2933 gerumua
832 2897 936 2923 videtur
956 2894 1054 2922 leffio:
1078 2903 1137 2921 uam
1151 2894 1212 2920 libri

254 2939 324 2956 varie
341 2932 450 2959 vai-iant.
471 2934 516 2959 alii
526 2935 699 2967 nauscam-'erm
714 2933 792 2960 Fabi:
804 2936 928 2965 attingere.

1292 2894 1319 2919 6.
1330 2896 1433 2927 Denique
1442 2897 1469 2919 in
1479 2894 1514 2919 hit
1523 2900 1555 2918 tut
1565 2894 1594 2923 (37
1603 2900 1678 2919 tamis
1688 2899 1758 2926 alque
1767 2894 1837 2916 etlam
1847 2898 1894 2922 quae
1900 2889 1974 2920 plura
1980 2888 2070 2920 T⁰ffi⁰¹²
2081 2887 2210 2921 accideret]

1256 2928 1380 2955 Lambiu.
1395 2928 1536 2955 cer-timum
1549 2937 1596 2960 ‚cut
1607 2929 1645 2954 ait
1657 2947 1664 2959 ‚
1676 2926 1826 2960 con-iestura
1835 2923 1931 2950 duetus
1944 2924 2009 2958 legit
2021 2943 2028 2954 ‚
2040 2924 2073 2948 ad
2083 2932 2131 2957 qua
2141 2925 2213 2948 ctiam

288 2975 317 2991 2.
336 2968 399 2998 Qui
416 2969 490 2993 Αιισνη
508 2971 574 2995 bonus
587 2972 735 3002 perspicuum
753 2969 814 3002 erl]
836 2970 878 2994 Ita
898 2967 982 2994 malui
1000 2975 1059 2992 cum
1078 2964 1214 2996 ViStm-io,
1254 2968 1327 2998 plura
1341 2965 1433 2997 poffimt
1455 2965 1569 2990 accedere,
1592 2963 1674 2989 Palat.
1694 2970 1779 2987 tamen
1791 2959 1841 2986 sec.
1861 2967 1925 2986 tert.
1945 2959 2032 2985 vatic.
2053 2966 2124 2992 atque
2141 2962 2213 2984 etiam

253 3002 371 3037 quinque
383 3003 466 3028 Palit.
480 3004 556 3030 Fabi.
576 3006 602 3030 ec
614 3006 667 3031 alio
678 3005 794 3040 quodam
805 3004 896 3040 codice
908 3016 914 3031 ι
936 3004 999 3030 licet
1009 3002 1041 3028 ab
1052 3001 1214 3038 prodiretur-e
1252 3001 1423 3033 plnrapofficnt
1432 3001 1508 3025 accid.
1528 3000 1610 3026 l’alrit.
1622 3005 1710 3033 quart.
1729 3003 1799 3031 atque
1815 2998 1886 3021 eriam
1897 2998 1934 3021 cm'
1943 2997 2016 3028 plura
2029 2996 2122 3029 poffimt
2135 2994 2214 3020 accid.

254 3037 407 3071 dauruetlur.
430 3038 526 3071 vulgo:
549 3049 605 3072 quos
615 3042 691 3066 dicam
701 3042 777 3066 bonos.

256 3090 261 3094 -
275 3096 277 3098 .
291 3081 318 3109 3.
339 3075 446 3107 Sttbjet‘fa
455 3081 515 3098 notro
525 3076 584 3107 effi]
608 3076 674 3101 Pall.
687 3084 750 3102 ter-r..
761 3085 801 3111 pr.
813 3077 954 3111 subjunffa.

288 3116 317 3141 4.
335 3112 360 3134 Si
378 3111 443 3134 mala
463 3110 503 3133 illa
522 3109 654 3143 ducimus]
676 3113 735 3137 Vct.
747 3111 808 3139 cod.
827 3112 854 3138 ὃζ
875 3111 908 3139 fic
919 3110 992 3139 rusti:
1005 3109 1130 3139 Lambin.
1142 3108 1213 3137 Pau.

253 3140 361 3176 1ctiuid.
371 3152 435 3175 ἘΩΠ.
449 3145 538 3174 Υᾶῑὶε.
552 3145 632 3180 vulgo
644 3157 650 3173 ς
669 3146 776 3173 Alcimus.

1260 3036 1338 3063 Fabr.
1349 3036 1378 3065 (ly
1386 3045 1435 3069 ‹711ae
1444 3039 1514 3060 etiam
1522 3037 1607 3066 plura,
1616 3033 1667 3062 ὠτ.

1293 3081 1320 3106 7.
1340 3072 1412 3103 §wod
1419 3072 1445 3103 fi
1451 3073 1536 3095 titulus
1545 3071 1582 3094 hic
1591 3069 1688 3093 deleant
1707 3067 1824 3101 instgnis.]
1847 3068 1908 3094 Hoc
1921 3066 2086 3102 ingesserunt
2095 3065 2214 3093 Palatia

1257 3116 1345 3144 quart.
1355 3107 1443 3142 quint.
1455 3106 1481 3130 &
1495 3104 1611 3129 Vatican.
1625 3104 1708 3138 vulgo
1723 3113 1728 3129 z
1751 3105 1937 3137 qtmsfititulux.

1295 3143 1322 3170 8.
1340 3144 1411 3168 srira
1420 3141 1541 3174 effigium
1550 3146 1577 3164 ut
1586 3141 1626 3166 huc
1636 3139 1735 3174 torum]
1762 3140 1847 3167 Vatic.
1859 3139 1932 3166 delet
1942 3143 2040 3169 rhium.

1385 3194 1388 3196 -
2113 3181 2125 3200 ι
2132 3193 2138 3200 .
2148 3176 2219 3199 Μαγι-

2226 1701 2262 1727 {1
