2360 3400
494 112 569 145 ns.
613 97 890 144 Fimnus
936 99 1168 144 BoNoit.
1220 111 1300 144 ET
1335 96 1497 144 MAL.
1554 99 1706 146 Lis.
1759 102 1807 146 if

155 182 371 221 controversia,
390 179 463 222 quid
483 189 539 222 ego
557 179 758 221 intelligerem
770 199 780 215 ‚
801 180 848 211 sed
859 179 933 222 quid
943 179 1110 220 probarem.

2020 118 2116 167 999

1158 179 1262 214 &afleitan
1271 189 1379 211 vocant
1392 201 1400 214 ,
1421 188 1481 211 tota
1491 179 1526 209 ab
1539 180 1593 210 illo
1609 179 1650 211 est
1661 191 1666 210 ;
1676 190 1740 211 tum
1754 181 1989 213 innumerabiles
2002 183 2125 217 mundi,

119 227 140 260 6
157 228 237 271 de
249 228 338 270 §gitur
347 223 389 255 est
399 243 407 258 ,
423 226 523 263 inquit
534 223 545 250 ?
556 221 656 251 audire
666 225 749 253 enim
761 225 852 263 cupio
865 244 873 256 ,
887 223 959 264 quid
970 231 1034 252 non
1044 231 1115 261 pro·
1157 225 1209 263 qui
1231 222 1264 252 δε
1275 224 1410 252 oriantur
1420 242 1428 256 ‚
1451 222 1483 252 &
1495 223 1799 264 intereantquotidie.
1826 235 1890 266 quae
1903 224 1950 255 etii
1964 227 2041 256 mihi
2056 227 2126 256 nul-

156 273 219 303 bes.
242 267 393 306 Principio
404 285 412 299 ,
425 266 548 305 inquam
559 283 567 297 ,
587 265 618 293 in
630 263 769 305 Physicis,
781 265 890 306 quibus
901 264 1036 295 maxime
1047 264 1113 303 glo·
1159 265 1190 293 lo
1209 263 1304 294 modo
1322 264 1504 304 probantur:
1533 273 1634 294 tamen
1649 268 1866 296 Democritum
1884 267 2036 298 laudatum
2049 267 2064 298 a
2075 278 2124 298 ce-

156 315 266 345 natur,
286 306 421 349 primum
433 314 508 336 totus
520 303 555 341 est
574 305 692 336 alienus.
715 308 896 337 Democrito
908 306 1031 342 adiicit,
1051 314 1116 344 per·
1159 308 1228 335 teris
1240 325 1248 340 ,
1268 305 1303 334 ab
1330 308 1378 335 hoc
1397 307 1449 348 qni
1469 315 1629 335 eumanum
1641 307 1818 346 futurumst,
1841 308 1964 339 ⁶170!le
1976 312 2123 352 vitupera-

158 362 247 395 pauca
258 358 377 381 mutans
387 369 396 383 ‚
409 348 455 379 sed
468 349 505 378 ita
517 367 525 381 ,
538 356 569 378 ut
580 357 612 377 ea
624 369 632 382 ,
643 358 710 389 quae
721 350 856 389 corrigere
864 348 930 378 vult
940 349 1016 377 mihi
1028 366 1037 381 ‚
1048 347 1117 388 qui-

158 396 228 426 dem
243 394 395 434 depravare
411 389 554 421 videatur.
587 390 643 420 Ille
661 400 780 421 atomos
791 410 799 424 ,
826 399 899 431 quas
914 389 1063 429 appellat,
1087 387 1116 418 id

158 436 202 468 est
213 456 221 469 ,
240 432 527 474 corporaindividua
538 452 545 465 ‚
571 441 690 472 propter
701 432 881 463 soliditatem
893 431 992 476 censet
1003 432 1035 461 in
1047 428 1120 460 infi-

159 481 226 509 nito
241 478 336 510 inani,
350 479 360 495 ¹
378 477 410 506 in
421 484 482 516 quo
493 474 571 504 nihil
584 484 639 505 nec
650 474 818 508 summum,
829 484 885 504 nec
895 474 1054 506 intimum,
1066 481 1123 502 nec

158 519 299 550 medium
310 538 318 552 ‚
340 528 395 548 nec
416 518 560 546 ultimum
573 535 581 550 ‚
602 526 656 547 nec
674 526 846 547 exiremum
859 514 892 546 sit
901 535 909 549 ‚
933 517 973 545 ita
980 513 1049 545 ferri
1061 533 1069 547 ,
1090 522 1122 544 ut

160 559 409 594 concursionibus
421 562 498 589 inter
507 557 535 588 se
544 558 761 589 cohaerescant:
782 568 821 588 ex
830 567 890 600 quo
901 556 1069 587 efficiantur
1078 565 1121 589 ea,

159 614 227 645 quae
243 601 300 633 sint
310 623 318 636 ‚
349 612 414 644 quae
421 611 479 643 que
502 609 662 631 cernantur
672 621 680 635 ‚
710 603 832 631 omnia:
853 609 984 640 eumque
1001 607 1122 629 motum

159 654 335 677 atomorum
356 644 441 674 nullo
468 642 483 672 a
501 644 670 682 principio,
697 642 746 673 sed
757 652 794 673 ex
805 642 1125 682 aeternotemporcin-

162 687 258 729 telligi
267 688 440 717 convenire.
466 686 610 724 Epicurus
619 693 718 715 autern
731 704 739 718 ,
761 686 792 714 in
803 684 912 726 quibus
922 684 1053 724 sequitur
1062 685 1126 713 De-

163 731 329 760 mocritum
342 749 350 762 ‚
372 738 435 758 non
453 726 515 756 fere
534 726 653 757 labitur.
676 736 862 767 quamquam
877 726 1032 766 utriusque
1053 724 1125 756 curn

163 772 259 802 multa
270 780 333 801 non
344 770 439 810 probo
451 789 458 802 ,
475 777 540 798 tum
552 767 628 797 illud
642 770 673 798 in
684 770 791 808 primis
801 788 809 802 ,
822 767 903 808 quod
913 766 986 798 cum
998 769 1026 796 in
1036 777 1128 796 rerum

161 822 265 843 natura
274 813 335 843 duo
345 809 501 853 quaerenda
512 808 568 839 sint
577 829 585 843 ‚
607 819 704 840 unum
717 829 726 844 ‚
751 820 816 850 quae
829 811 951 840 materia
961 807 993 840 fit
1003 829 1012 844 ,
1025 819 1061 839 ex
1072 818 1130 850 qua

162 865 288 897 quaeque
297 864 342 884 res
356 851 519 883 efficiatur:
545 852 671 881 alterum
684 871 692 885 ‚
714 861 779 892 quae
790 854 837 881 vis
846 850 880 881 sit
890 871 899 885 ³
920 861 985 892 quae
995 851 1128 892 quidque

163 896 273 928 efficiat
285 907 290 926 :
320 895 357 925 de
375 895 498 924 materia
521 891 741 927 differuerunt3
762 895 826 923 vim
840 913 848 926 ‚
873 893 906 923 &
923 893 1040 923 causam
1062 891 1129 923 effi-

161 938 262 970 ciendi
273 938 423 977 reliqueru
432 944 475 965 nt.
490 934 536 965 sed
548 935 605 963 hoc
615 943 780 964 commune
794 936 905 965 vitium
921 935 997 965 :illae
1008 936 1130 976 Epicuri

162 982 287 1022 propriae
297 981 399 1009 ruinae.
424 976 526 1007 censet
535 978 618 1005 enim
630 995 639 1009 ,
659 975 763 1006 eadem
774 976 826 1007 illa
836 976 993 1007 individua
1005 997 1013 1012 ,
1038 978 1071 1008 δε
1081 977 1130 1007 so—

162 1014 224 1053 lida
242 1030 366 1060 corpora
382 1018 453 1049 ferri
474 1018 527 1049 suo
545 1017 684 1048 deorsum
705 1018 839 1058 pondere
849 1018 885 1050 ad
896 1019 1023 1050 lineam:
1046 1021 1129 1050 hunc

163 1063 328 1095 naturalem
339 1059 397 1091 effe
407 1062 550 1091 omnium
560 1069 721 1100 corporum
733 1068 865 1091 motum.
889 1061 999 1092 deinde
1011 1061 1127 1092 ibidem

164 1107 241 1135 homo
259 1110 361 1133 acutus
377 1123 385 1137 ,
406 1102 478 1133 cum
499 1102 575 1132 illud
596 1112 762 1133 occurreret
772 1113 782 1136 3
800 1100 821 1132 fi
841 1105 946 1134 omnia
960 1103 1101 1134 deorsum
1113 1103 1130 1133 ὲ

162 1149 284 1188 regione
293 1145 442 1176 ferrentur
454 1165 461 1179 ‚
482 1145 515 1175 δε
526 1165 535 1179 ,
560 1153 593 1174 ut
604 1144 668 1174 dixi
681 1163 689 1178 ,
705 1144 740 1175 ad
754 1145 867 1175 lineam
881 1164 890 1180 ,
902 1155 1070 1187 numquam
1081 1144 1129 1176 fo-

163 1199 194 1220 re
206 1209 214 1224 ‚
235 1197 266 1219 ut
281 1197 400 1218 atomus
411 1188 500 1217 altera
510 1187 630 1217 alteram
641 1184 735 1226 posset
744 1187 886 1228 attingere
898 1198 903 1216 ;
922 1190 936 1207 ²
946 1190 1045 1229 itaque
1053 1197 1129 1219 attu-

162 1232 199 1262 lit
217 1241 280 1261 rem
299 1230 563 1261 commentitiam:
581 1227 728 1259 declinare
753 1229 980 1260 dixitatomum
991 1231 1128 1270 peipaul-

164 1274 242 1304 lum:
262 1282 323 1313 quo
335 1271 414 1301 nihil
429 1269 525 1311 posset
537 1269 600 1300 fieri
610 1270 724 1301 minus.
748 1272 786 1301 ita
795 1269 874 1302 effici
885 1273 1127 1312 complexiones,

154 1316 198 1346 ·&
217 1315 426 1355 copulationes
440 1333 448 1347 ,
473 1316 485 1340 3
500 1311 777 1343 &adhaesitationes
792 1322 966 1344 atomorum
982 1316 1062 1344 inter
1078 1315 1106 1345 se
1122 1324 1127 1344 :

168 1367 207 1388 ex
215 1367 276 1398 quo
286 1354 453 1386 efficeretur
463 1355 596 1384 mundus
607 1373 615 1388 ,
626 1355 792 1396 omnesque
801 1364 894 1394 partes
907 1356 1033 1390 mundi,
1045 1367 1127 1398 quae-

162 1409 221 1440 que
239 1401 271 1428 in
289 1408 325 1428 eo
345 1395 447 1427 ess‘ent.
471 1406 536 1437 quae
546 1395 616 1426 cum
628 1406 673 1426 res
683 1396 1018 1439 totafistafirpuerilirer
1028 1419 1036 1432 ,
1057 1407 1122 1429 tum

165 1451 204 1471 ne
227 1438 319 1470 efficit
336 1437 459 1479 quidem
481 1437 562 1478 quod
583 1437 658 1467 vult.
682 1448 753 1468 nam
773 1438 878 1478 &ipsa
888 1440 1050 1470 declinatio
1061 1460 1070 1473 ‚
1090 1440 1127 1470 ad

162 1481 325 1513 libidinem
343 1479 467 1520 fingitur
484 1480 539 1518 (ait
557 1479 641 1509 enim
653 1478 803 1509 declinare
811 1489 948 1510 atomum
963 1480 1023 1511 sine
1033 1483 1126 1512 causa:

163 1533 223 1565 quo
240 1521 313 1552 nihil
328 1520 550 1563 turpiusphyssco
559 1525 577 1548 4
585 1520 809 1563 quamfierifine
819 1522 904 1562 caufii
913 1522 1073 1564 quidquam
1080 1523 1126 1552 di-

161 1563 236 1604 cere)
257 1565 289 1595 δε
307 1564 398 1594 illum
411 1572 532 1593 motum
546 1564 711 1594 naturalem
722 1565 864 1594 omnium
882 1565 1051 1605 ponderum
1063 1585 1072 1599 ,
1091 1574 1125 1596 ut

161 1604 389 1647 ipseconstiruit
400 1625 409 1640 ,
425 1605 441 1635 ὲ
452 1607 573 1646 regione
584 1604 761 1636 inferiorem
772 1606 874 1637 locum
885 1610 1053 1647 petentium
1067 1627 1076 1641 ‚
1091 1606 1126 1637 si-

162 1659 201 1679 ne
212 1649 295 1679 causa
302 1648 412 1688 eripuit
421 1649 531 1678 atomis
543 1658 548 1677 :
560 1657 617 1678 nec
627 1656 729 1678 tamen
740 1647 770 1678 id
783 1667 791 1682 ‚
804 1649 891 1689 cujus
899 1649 984 1680 causa
993 1650 1055 1680 haec
1068 1648 1126 1680 fin-

161 1699 262 1724 xerat,
278 1687 421 1720 assecutus
431 1688 484 1720 est.
507 1699 578 1720 nam
589 1688 609 1719 fi
621 1699 729 1720 omnes
737 1693 832 1721 atomi
841 1691 1045 1726 declinabunt,
1058 1692 1128 1722 nul-

162 1733 199 1763 1ae
222 1741 371 1773 umquam
380 1731 596 1762 cohaerescent:
616 1730 675 1762 five
688 1732 957 1764 aliaedeclinabunt
967 1754 976 1768 ,
1000 1736 1063 1764 aliae
1073 1734 1129 1764 suo

161 1783 240 1806 nutu
257 1773 337 1804 reete
347 1772 482 1803 ferentur
493 1783 498 1802 :
520 1772 658 1813 primum
670 1775 727 1804 er-'it
739 1775 796 1805 hoc
805 1773 884 1815 quafi
890 1775 1053 1817 provincias
1062 1785 1125 1806 ato-

162 1818 223 1848 mis
233 1816 302 1847 dare
312 1835 321 1849 ,
342 1824 409 1856 quae
417 1813 498 1845 reete
510 1825 576 1856 quae
588 1815 714 1857 oblique
725 1815 871 1847 ferantur:
896 1817 1005 1848 deinde
1017 1818 1125 1848 eadem

161 1859 214 1889 illa
224 1867 397 1888 atomorum
408 1877 417 1891 ‚
428 1859 460 1886 in
470 1867 532 1898 quo
538 1858 630 1887 etiam
641 1859 837 1888 Democritus
845 1859 947 1894 haeret,
959 1860 1128 1890 turbulenta

161 1898 319 1932 concursio
339 1900 419 1930 hunc
433 1898 533 1928 mundi
548 1907 681 1928 ornatum
698 1898 815 1930 efficere
825 1910 889 1930 non
899 1903 1019 1941 poterit.
1043 1901 1128 1932 neil—

159 1942 214 1974 lud
233 1942 358 1983 quidem
377 1939 509 1982 physici,
538 1941 641 1971 credere
658 1941 772 1983 aliquid
788 1942 835 1984 esse
852 1944 1013 1973 minimum.
1045 1942 1127 1985 quod

166 1983 306 2025 professio
317 1993 484 2024 numquam
495 1982 674 2024 putavifl'et‘t,
684 1982 704 2014 si
716 1984 732 2015 a
741 1985 896 2025 Polyaeno,
908 1985 1051 2016 familiari
1063 1986 1128 2019 suo,

163 2030 177 2054 5
192 2027 394 2068 geometriam
414 2024 525 2056 discere
539 2024 689 2056 maluifl‘et
700 2046 708 2059 ‚
729 2036 818 2067 quam
831 2027 916 2058 illam
926 2030 1018 2058 etiam
1029 2028 1125 2069 ipsum

162 2068 320 2100 dedocere.
343 2071 405 2099 Sor.
414 2069 594 2098 Democrito
606 2077 732 2109 magnus
743 2068 859 2099 videtur
870 2090 879 2102 ‚
901 2072 1012 2111 quippe
1023 2071 1124 2100 horni-

163 2112 197 2143 ni
217 2110 336 2141 erudito
350 2130 359 2145 ‚
377 2111 410 2140 in
429 2112 653 2152 geometriaque
664 2110 806 2150 perfecto.
831 2112 900 2142 huic
911 2112 1055 2153 bipedalis
1064 2111 1128 2142 for-

166 2151 235 2183 tasse
249 2161 383 2183 :tantum
394 2154 478 2182 enim
488 2150 546 2182 esse
556 2152 655 2182 censet
668 2171 676 2186 ‚
696 2161 823 2193 quantus
834 2153 972 2190 videtur,
983 2154 1032 2186 vel
1043 2154 1127 2195 paul-

162 2194 195 2225 lo
207 2203 257 2225 aut
267 2195 428 2235 majorem,
440 2202 489 2225 aut
500 2195 666 2224 minorem.
688 2196 730 2225 Ita
739 2204 804 2236 quae
816 2204 910 2226 mutat
922 2218 930 2231 ,
945 2208 978 2228 ea
990 2206 1127 2227 cori-um-

160 2238 223 2277 pit:
241 2246 307 2277 quae
331 2237 463 2277 sequitur
473 2256 481 2270 2
506 2237 575 2267 sunt
594 2245 653 2267 tota
672 2238 854 2267 Democriti·
886 2242 1002 2273 atomi,
1022 2240 1125 2272 inane,

162 2283 312 2319 imagines
325 2298 333 2312 ,
355 2288 421 2319 quae
443 2278 517 2307 idola
537 2280 718 2312 nominant,
737 2289 868 2320 quorum
879 2280 1046 2313 incursione
1062 2290 1125 2311 non

161 2320 265 2351 solutu
276 2320 442 2355 videamus,
455 2320 504 2351 sed
514 2322 603 2352 etiam
614 2322 793 2362 cogitemus:
804 2320 942 2356 infinitio
954 2326 1025 2366 ipsa,
1041 2332 1132 2367 quam

200 2431 222 2450 ῐ.
242 2426 270 2450 In
280 2433 323 2458 quo
342 2426 408 2450 nihil
422 2433 463 2450 nec
478 2425 621 2459 summum]
643 2426 684 2451 Ita
699 2425 787 2452 rursus
809 2434 901 2452 omnes
921 2423 965 2451 sex
980 2425 1050 2452 Pall.
1072 2425 1123 2452 vo'x

154 2460 219 2485 nihil
234 2459 325 2487 deerat
347 2460 455 2487 Aldinae
474 2460 587 2488 editioni
611 2461 694 2487 veteri
713 2462 741 2487 &
763 2461 955 2488 Lambinianae.
988 2461 1123 2488 ViCtorius

157 2504 215 2522 eam
230 2495 345 2529 admisit,
359 2495 402 2523 sed
411 2495 496 2524 adhuc
507 2506 615 2533 quoque
629 2497 741 2526 alteram
754 2517 762 2531 ‚
780 2498 911 2533 nihilaequk
924 2516 933 2530 ‚
943 2498 1036 2534 quaein
1049 2498 1125 2525 nullo

159 2537 247 2559 tamen
260 2532 422 2559 nostrorum.

194 2576 223 2594 2.
242 2569 326 2603 Itaque
335 2570 419 2594 attulit
428 2578 486 2601 rem,
495 2569 564 2604 &ej
576 2569 747 2607 Suspicantur
757 2570 802 2597 alii
813 2569 945 2597 abundare
955 2569 1023 2597 iilud
1034 2570 1126 2605 iraque,

158 2602 203 2630 alii
216 2612 319 2631 mutant
330 2605 356 2631 in
367 2607 414 2630 ita.
434 2606 534 2631 Verum
548 2608 609 2632 cum
622 2607 699 2634 restet
709 2607 858 2633 constanter
868 2607 895 2633 in
905 2607 1026 2633 omnium
1039 2616 1124 2633 mem-

159 2639 246 2667 branis
258 2650 267 2671 3
288 2650 334 2667 cnr
344 2641 368 2667 ei
379 2650 516 2667 movemus
528 2643 754 2670 controversiam?
770 2642 845 2678 supra
858 2651 963 2678 quoque
974 2643 1032 2669 Pal.
1042 2644 1123 2678 prim.

159 2675 250 2708 habet,
261 2677 353 2711 deorsus
362 2677 373 2702 ὲ
383 2681 487 2711 regionc‚·
501 2678 570 2712 quod
584 2688 634 2704 non
645 2678 678 2705 de
689 2678 774 2705 nihilo
785 2678 982 2715 expreffiimssst
993 2681 1019 2706 in
1031 2689 1062 2706 ex
1068 2689 1123 2706 em-

158 2712 267 2748 plari&
276 2713 458 2749 antiquissimo
468 2714 495 2739 δε
508 2714 730 2741 emendatissimo.

198 2757 225 2785 3.
244 2753 278 2776 Et
295 2750 504 2784 adhaesitatiunes]
528 2751 592 2776 Haec
612 2752 646 2778 est
659 2749 786 2787 scriptura
799 2750 918 2778 omnium
938 2751 1122 2779 Palatinorum

161 2783 216 2812 seX.
237 2785 400 2822 eandemque
419 2785 544 2813 ess'eitem
564 2785 689 2813 codicum
712 2787 825 2814 aliorum
840 2806 848 2819 ‚
867 2788 1006 2814 annotavit
1015 2788 1123 2815 Guliel-

163 2821 242 2848 mius.
263 2822 376 2858 Vulgati
386 2823 457 2858 prius
470 2841 477 2854 ‚
495 2824 628 2857 adhaefiones
642 2843 649 2855 ,
669 2823 820 2859 retinetque
830 2823 977 2851 Lambinus
991 2843 998 2855 ,
1018 2823 1060 2850 sed
1073 2834 1123 2852 non

161 2854 226 2883 item
238 2857 337 2886 indicat
349 2879 356 2891 ‚
367 2868 415 2885 cur
426 2859 527 2893 rejiciat
537 2860 650 2886 alterum
665 2879 673 2891 ‚
687 2858 757 2895 quod
769 2859 853 2895 reperi
866 2866 953 2886 tamen
965 2861 991 2886 iu
1005 2861 1125 2888 Palatino

161 2890 259 2919 infimae
269 2895 404 2922 vetustatis
417 2904 424 2926 3
446 2895 559 2931 ideoque
570 2896 692 2931 indigno,
703 2905 781 2932 quem
793 2897 921 2932 perpetuo
932 2895 1106 2923 consulerem.

199 2935 226 2960 4.
248 2929 326 2963 Qbm
337 2933 396 2965 fies-i
405 2933 456 2965 fine
473 2933 543 2965 causti
556 2933 683 2966 *quidquam
695 2933 795 2966 dicere]
818 2934 858 2958 lta
878 2930 934 2959 feri:
944 2942 1036 2959 omues
1049 2933 1125 2960 Pala-

163 2963 226 2990 tini.
247 2966 382 2994 Manutius
392 2975 469 3003 putat
478 2968 610 2995 emblema
620 2968 670 2995 esse
681 2967 867 3005 supervacuum
878 2981 886 3001 >⁴
906 2968 1031 3005 idemque
1044 2969 1125 2996 visum

163 2999 315 3039 I7ambino,
335 3003 490 3031 asseveranti
510 3014 562 3032 non
573 3005 764 3041 compar-ereio
777 3005 851 3032 libris
872 3005 1040 3033 melioribus.
1061 3005 1126 3032 mihi

161 3037 234 3063 secus
244 3037 363 3071 videtur.

201 3081 215 3105 5
224 3092 230 3098 .
248 3076 399 3101 Geomcrriam
417 3076 537 3111 discere]
560 3077 673 3105 Palatini
694 3078 812 3115 quinque
834 3081 1007 3105 Geometricam.
1027 3077 1126 3114 placet,

161 3108 197 3135 ob
210 3118 299 3137 vocem
311 3120 367 3137 eam
381 3111 472 3147 paullo
483 3113 538 3148 post
551 3115 702 3150 repetitam.

1162 356 1233 376 rum.
1255 348 1324 388 Jam
1342 358 1377 377 in
1398 349 1488 379 altera
1500 348 1695 389 philosophiae
1707 359 1787 389 parte
1799 371 1806 382 ,
1828 361 1892 389 quai:
1905 351 1947 381 cst
1957 352 2121 393 quaerendi,
2143 351 2163 386 7

1163 398 1194 418 ac
1213 388 1394 423 disserendi,
1415 400 1480 430 qua:
1500 393 1586 423 λοφική
1599 391 1707 421 dicitur
1721 411 1729 424 ,
1749 393 1801 422 iste
1824 393 1937 427 vester,
1957 395 2046 434 plane.
2060 415 2067 427 ‚
2089 403 2124 425 ut

1164 432 1242 460 mi'rii
1265 431 1389 471 quidem
1409 432 1546 467 videtur,
1569 435 1696 463 inermis
1715 443 1747 463 ac
1766 435 1866 464 nudus
1880 435 1931 465 est.
1957 434 2123 467 tollitdefi-

1164 475 1314 502 iiitiones:
1333 473 1412 502 nihil
1430 474 1466 503 de
1486 475 1652 505 diuidendo
1664 495 1672 508 ,
1691 485 1724 505 ac
1742 476 1897 514 partiendo
1916 477 2022 508 docet:
2043 488 2123 511 non,

1165 524 1226 554 quo
1245 514 1341 544 modo
1361 513 1500 545 efficiatui
1520 517 1773 558 concludaturque
1792 520 1887 552 ratio,
1919 520 2021 551 tradit:
2046 531 2123 554 non,

1165 565 1222 596 qua
1231 558 1279 586 via
1290 557 1417 596 captiosa
1428 558 1580 588 solvantur
1591 579 1599 591 ,
1620 559 1758 601 ambigua
1772 559 1993 602 distinguantur
2003 583 2012 596 ,
2023 562 2126 593 osten-

1167 598 1219 627 dit.
1241 598 1356 636 judicia
1373 608 1470 628 rerum
1493 602 1523 629 in
1545 599 1675 630 sensibus
1685 603 1788 640 ponit:
1817 602 2057 643 quibussisemel
2071 605 2128 634 ali-

1168 639 1239 680 quid
1259 638 1320 669 ialii
1340 649 1393 679 pro
1413 650 1483 670 vero
1504 642 1663 681 probatum
1676 642 1728 676 sit,
1746 644 1896 676 sublatum
1910 644 1966 676 esse
1976 648 2128 685 omneju-

1169 682 1278 710 dicium
1288 682 1358 714 vert?2
1372 681 1569 723 &fafiputat
1596 683 1624 723 {7
1637 687 1670 713 In
1682 687 1766 715 tertia
1774 688 1846 716 vero
1857 697 1951 727 parte,
1962 698 2028 729 quae
2038 688 2080 718 est
2091 688 2130 718 de

1171 724 1231 754 vita
1244 743 1254 756 ‚
1276 722 1309 753 δι
1329 725 1485 758 moribus,
1505 726 1540 755 in
1557 725 1774 757 constitutione
1786 726 1874 763 finis,
1895 730 2131 772 nilgenerosum

1171 765 1262 805 sapit,
1284 774 1371 806 atque
1392 766 1601 807 magnificum.
1623 767 1638 809 ]
1655 768 1819 800 Confirmat
1833 771 1910 802 illud
1924 774 1972 802 vei
1983 775 2135 805 maxime,

1171 806 1254 848 quod
1264 808 1326 847 ipsa
1335 816 1437 838 natura
1450 829 1457 840 ‚
1474 818 1506 839 ut
1515 811 1554 839 ait
1565 809 1615 839 ille
1627 829 1635 843 ‚
1656 804 1669 828 Β
1680 810 1811 844 asciscat,
1825 813 1857 841 Sc
1868 814 2005 853 reprobet
2015 834 2023 849 ‚
2035 814 2066 845 id
2077 813 2132 847 est,

1173 859 1396 880 voturi-Aram
1412 870 1420 883 ,
1438 851 1470 880 &
1484 847 1655 881 bonorem.
1678 851 1713 881 ad
1723 853 1785 882 haec
1802 853 1835 883 δε
1847 865 1911 895 qua:
1923 855 2085 897 fugiamus,
2099 857 2132 886 &-

1172 901 1239 933 quae
1257 892 1417 932 sequamur
1429 912 1436 926 ‚
1457 892 1546 923 refert
1563 895 1679 923 omnia.
1702 894 1782 934 quod
1793 905 1975 937 quamquam
1987 898 2131 939 Aristippi

1174 933 1217 964 est
1228 953 1237 967 ,
1259 934 1275 964 a
1294 936 1511 975 Cyrenacisque
1528 934 1659 969 melius,
1680 935 1865 978 liberiusque
1874 939 2043 970 dei'eiiditui
2058 961 2067 974 ,
2088 950 2131 971 ta-

1174 985 1247 1006 men
1264 975 1416 1016 ejusmodi
1435 975 1492 1007 effe
1508 977 1632 1016 judico,
1655 986 1687 1007 ut
1710 978 1788 1008 nihil
1802 981 1928 1010 homine
1937 982 2132 1013 videaturiti-

1172 1017 1306 1059 dignius.
1331 1027 1376 1048 An
1389 1027 1532 1049 MAIORA
1541 1021 1624 1050 enim
1637 1019 1774 1061 quaedam
1785 1031 1841 1051 nos
1851 1031 1953 1053 natura
1961 1027 2066 1064 genuit
2075 1044 2084 1057 ‚
2097 1025 2132 1055 δε

1172 1059 1377 1091 conformavit
1393 1081 1402 1094 ‚
1425 1070 1457 1091 ut
1470 1063 1547 1092 mihi
1558 1062 1683 1103 quidem
1695 1062 1823 1093 videtur.
1847 1074 1878 1094 ac
1890 1063 1952 1094 fieri
1966 1065 2077 1106 potest,
2100 1075 2132 1097 ut

1173 1113 1269 1133 errem
1282 1113 1287 1132 :
1308 1103 1357 1134 sed
1375 1104 1415 1133 ita
1423 1104 1540 1144 prorsus
1550 1103 1694 1135 existimo
1708 1123 1717 1137 >
1738 1113 1836 1146 neque
1845 1115 1915 1137 eum
1927 1109 2130 1149 Torquatum,

1173 1147 1224 1185 qui
1242 1146 1302 1176 hoc
1319 1146 1436 1185 primus
1452 1155 1625 1187 cognomen
1637 1148 1802 1180 invenerit,
1826 1157 2026 1190 auttorquem
2037 1151 2131 1180 illum

1173 1186 1250 1217 hosti
1262 1186 1418 1218 detraxisse
1429 1207 1437 1222 ‚
1459 1197 1491 1219 ut
1500 1189 1630 1230 aliquam
1642 1198 1680 1218 ex
1688 1199 1725 1219 eo
1736 1191 1898 1229 perciperet
1906 1201 2030 1232 corpore
2041 1193 2131 1222 volu—

1173 1237 1282 1269 ptatem
1296 1249 1305 1263 ‚
1327 1238 1377 1260 aut
1396 1239 1465 1260 cum
1477 1232 1594 1261 Latinis
1604 1232 1695 1261 tertio
1705 1231 1861 1261 consulatu
1871 1232 2042 1264 conflixisse
2052 1233 2132 1276 apud

1172 1271 1306 1302 Veserim
1320 1281 1438 1312 propter
1447 1273 1646 1313 voluptatem.
1671 1272 1761 1313 Qod
1772 1272 1844 1303 verb
1853 1274 1947 1305 securi
1957 1276 2055 1306 silium
2066 1286 2134 1316 pei·-

1171 1311 1310 1348 cuffen't,
1326 1312 1485 1354 privavisse
1503 1315 1532 1345 se
1543 1317 1633 1345 etiam
1651 1316 1770 1345 videtui·
1786 1316 1891 1346 multis
1911 1317 2132 1358 voluptatibus,

1172 1355 1245 1386 cum
1265 1355 1316 1396 ipsi
1334 1363 1458 1390 aarum,
1476 1357 1625 1398 patrioque
1645 1357 1736 1387 amori
1751 1358 1905 1398 praetnlerit
1909 1360 1959 1399 jus
1967 1359 2130 1399 majestatis,

1172 1407 1258 1438 atque
1278 1400 1408 1438 imperii.
1432 1399 1514 1437 Quid
1528 1401 1539 1428 ?
1555 1401 1589 1429 L.
1601 1402 1791 1440 Torquatus,
1812 1401 1856 1433 is,
1879 1403 2130 1442 quiconsulcum

1173 1441 1233 1470 Cn.
1257 1438 1384 1471 oetavio
1401 1439 1479 1475 fuit,
1507 1441 1579 1470 cum
1590 1440 1673 1471 illam
1685 1441 1869 1472 severitatem
1881 1445 1913 1473 in
1924 1454 1962 1474 eo
1973 1443 2037 1474 filio
2047 1443 2134 1474 adhi-

1173 1481 1240 1512 buit
1252 1501 1260 1515 ‚
1278 1491 1369 1522 quem
1391 1484 1423 1512 in
1441 1482 1639 1522 adoptionem
1653 1485 1692 1511 D.
1703 1483 1807 1513 Silano
1818 1487 2056 1525 emancipaverat
2068 1506 2077 1519 ‚
2098 1493 2134 1516 ut

1173 1533 1244 1553 eum
1257 1543 1265 1557 ‚
1284 1523 1488 1554 Macedonum
1500 1525 1602 1564 legatis
1612 1524 1816 1554 accusantibus
1830 1545 1838 1558 ‚
1850 1524 2134 1568 qubdpecuniaspra-

1173 1572 1259 1594 torem
1277 1566 1306 1594 in
1323 1566 1472 1608 provincia
1491 1565 1584 1606 cepiffe
1592 1574 1760 1605 arguerent,
1778 1567 1894 1597 causam
1907 1568 1983 1608 apud
1995 1569 2024 1598 se
2033 1569 2135 1599 dicere

1170 1607 1298 1646 juberem
1311 1617 1401 1648 reque
1412 1617 1450 1637 ex
1463 1617 1584 1647 utraque
1594 1617 1672 1646 parte
1682 1608 1792 1641 audita,
1803 1613 2020 1647 pronuntiaret,
2032 1613 2047 1637 9
2060 1618 2134 1640 i-:UM

1174 1658 1241 1679 NON
1262 1658 1382 1679 TALEM
1403 1658 1531 1679 vmiziu
1545 1658 1655 1678 Fuisse
1667 1658 1705 1678 IN
1725 1658 1873 1680 1MPER10
1887 1670 1895 1685 ‚
1919 1661 2045 1691 QALes
2058 1662 2137 1682 Eius

1176 1700 1328 1722 MAIORES
1340 1701 1509 1722 FuissENT:
1522 1690 1555 1721 ὃς
1565 1701 1597 1721 in
1607 1690 1803 1732 conspe&um
1818 1692 1905 1723 suum
1917 1696 2020 1723 venire
2030 1697 2136 1725 vetuit:

1173 1734 1326 1774 numquid
1337 1736 1368 1764 vi
1376 1735 1462 1765 detur
1471 1733 1527 1763 tibi
1540 1733 1577 1763 de
1587 1733 1791 1773 voluptatibus
1802 1734 1860 1764 suis
1871 1734 2063 1776 cogitavisse?
2078 1735 2135 1767 Sed

1173 1786 1205 1806 ut
1215 1778 1352 1807 omittam
1364 1776 1493 1816 pericula
1504 1796 1512 1809 ,
1524 1775 1651 1809 labores,
1663 1776 1799 1805 dolorem
1810 1779 1900 1806 etiam
1914 1797 1922 1811 ‚
1937 1787 2027 1818 quem
2040 1788 2137 1809 OPTI-
2172 1787 2175 1789 ’

1175 1828 1240 1848 mus
1251 1827 1400 1859 QJ,¹SQE
1412 1827 1466 1858 pro
1476 1826 1566 1858 patria
1577 1837 1586 1850 ,
1610 1817 1642 1847 &
1652 1827 1706 1858 pro
1715 1817 1774 1847 suis
1786 1818 1928 1858 suscipit,
1950 1829 2055 1850 utnon
2065 1831 2138 1852 mo·

1174 1859 1215 1889 do
1233 1860 1349 1890 nullam
1363 1868 1476 1899 captet,
1498 1858 1545 1889 sed
1556 1861 1646 1889 etiam
1658 1868 1807 1899 praetereat
1818 1864 1939 1891 omneis
1949 1862 2133 1902 voluptates;

1177 1901 1297 1931 dolores
1316 1901 1446 1942 denique
1469 1901 1593 1942 quosvis
1612 1901 1755 1942 suscipere
1775 1903 1879 1936 malit,
1899 1904 1989 1944 quam
2001 1904 2134 1935 deserere

1174 1943 1268 1974 ullam
1279 1941 1373 1973 officii
1383 1952 1512 1983 partem:
1529 1942 1564 1973 ad
1575 1953 1606 1974 ea
1619 1963 1628 1976 ‚
1639 1954 1705 1984 quae
1713 1943 1773 1975 hoc
1784 1954 1847 1974 non
1860 1944 1966 1982 minus
1972 1945 2134 1980 declarant,

1174 1985 1224 2016 sed
1243 1986 1384 2015 videntur
1399 1985 1512 2016 leviora
1523 2005 1532 2019 ,
1552 1988 1721 2016 veniamus.
1746 1989 1777 2006 ¹0
1790 1986 1872 2025 Quid
1883 1987 1938 2017 tibi
1950 2007 1958 2022 ‚
1971 1991 2136 2030 Torquate?

1175 2027 1248 2069 quid
1268 2028 1338 2058 huic
1348 2029 1468 2058 Triario
1478 2028 1582 2057 litterae
1592 2048 1600 2062 ,
1621 2029 1694 2069 quid
1706 2028 1836 2060 historiae
1848 2049 1857 2062 ,
1877 2032 2074 2071 cognitioque
2087 2040 2135 2061 re-

1179 2079 1244 2100 tum
1258 2089 1266 2103 ,
1276 2070 1348 2110 quid
1360 2071 1519 2110 poetarum
1532 2070 1680 2104 evolutio,
1692 2071 1766 2112 quid
1776 2080 1854 2101 tanta
1864 2079 1909 2102 tot
1918 2072 2057 2102 versuum
2069 2082 2136 2102 me-

1177 2114 1273 2142 moria
1290 2112 1449 2152 voluptatis
1459 2110 1564 2141 affert?
1583 2114 1650 2143 Nec
1661 2115 1739 2143 mihi
1750 2113 1825 2143 illud
1835 2112 1947 2143 dixeris
1961 2124 1965 2143 z
1989 2116 2050 2143 Haec
2059 2115 2134 2143 enim

1173 2155 1233 2196 ipsit
1243 2154 1313 2183 mihi
1322 2154 1389 2195 sunt
1398 2154 1550 2194 voluptati.
1574 2155 1607 2185 δε
1618 2164 1699 2185 erant
1707 2156 1760 2186 illa
1768 2157 1942 2196 Torquatis.
1956 2158 2137 2198 Numquam

1178 2199 1236 2227 hoc
1262 2199 1301 2226 ita
1319 2196 1457 2227 defendit
1468 2199 1614 2236 Epicurus
1627 2209 1631 2226 ;
1654 2200 1679 2217 ¹¹
1691 2207 1787 2238 neque
1802 2196 1873 2227 vere>
1884 2206 1915 2228 tu
1927 2218 1935 2231 ‚
1949 2201 2066 2233 Triari,
2086 2207 2136 2229 aut

1175 2238 1333 2279 quisquam
1354 2248 1460 2268 eorum
1474 2258 1481 2272 ‚
1503 2241 1556 2279 qui
1575 2248 1624 2269 aut
1642 2239 1752 2279 saperet
1769 2239 1883 2280 aliquid
1895 2259 1904 2273 ,
1926 2249 1974 2270 aut
1992 2239 2045 2271 ista
2054 2240 2136 2271 didi-

1173 2279 1266 2310 cisset.
1292 2283 1340 2314 Et,
1351 2280 1432 2321 quod
1443 2283 1584 2321 quaeritur
1591 2281 1625 2312 sae
1629 2291 1676 2321 pe,
1689 2292 1736 2310 cur
1748 2289 1809 2311 tam
1820 2281 1980 2322 multisunt
1993 2282 2139 2324 Epicurei-.-

1174 2323 1242 2353 sunt
1263 2323 1329 2354 aliae
1351 2333 1472 2364 quoque
1490 2323 1601 2358 causae,
1630 2323 1678 2355 sed
1690 2324 1919 2354 multitudinem
1931 2324 2134 2356 hocmaxime

2069 2366 2138 2397 alli-

1205 2435 1233 2461 7.
1259 2430 1300 2462 (In
1310 2430 1383 2453 tertia
1402 2428 1460 2453 verb
1475 2427 1584 2461 parre.)]
1607 2429 1691 2455 Uncis
1703 2429 1794 2456 inclusi
1814 2436 1897 2455 totam
1910 2430 1974 2455 lianc
1984 2429 2136 2466 periodum,

1168 2462 1238 2498 qnod
1250 2463 1349 2490 nullam
1361 2464 1419 2498 ejus
1431 2464 1549 2491 litteram
1562 2464 1708 2491 invenirem
1721 2465 1747 2491 in
1764 2465 1900 2491 Palatinis.
1922 2464 1965 2491 sed
1977 2475 2024 2492 nec
2036 2466 2135 2502 reperit

1166 2499 1192 2526 in
1204 2498 1255 2525 suis
1266 2499 1324 2526 mss.
1336 2500 1481 2527 Lambinus
1498 2509 1546 2527 nee
1561 2500 1759 2536 repraesentavit
1770 2501 1915 2528 Victorius.
1937 2503 1991 2528 imo
2004 2511 2036 2529 ne
2046 2502 2135 2529 Aldus

1167 2535 1274 2571 quidem
1287 2535 1365 2563 habet
1382 2546 1465 2567 avum
1486 2545 1627 2563 contentus
1651 2537 1748 2563 notasse
1763 2537 1850 2563 locum
1862 2537 1982 2564 asterisco
1998 2549 2004 2565 :
2027 2539 2054 2564 Sc
2069 2539 2132 2566 vero

1166 2572 1253 2608 liqu„t
1265 2581 1298 2599 ex
1309 2573 1392 2608 capite
1404 2582 1475 2600 vrri.
1498 2573 1563 2600 niliil
1577 2573 1618 2607 huj
1625 2582 1653 2599 us
1663 2572 1766 2599 ditstum
1778 2573 1809 2600 ab
1819 2572 1939 2600 aiic'tore.

1204 2616 1230 2643 8.
1252 2617 1398 2651 Asciscat&
1417 2618 1545 2652 reprobet]
1569 2617 1738 2644 Pali-omnes
1757 2616 1791 2644 ad
1802 2626 1882 2645 unum
1895 2636 1903 2650 ,
1914 2618 2012 2652 sciscat.
2033 2618 2135 2654 primus

1167 2660 1294 2690 praeterea
1304 2652 1359 2680 solu
1367 2663 1389 2680 m
1401 2655 1471 2679 habe!
1478 2655 1566 2686 probet.

1202 2706 1232 2733 9.
1253 2701 1313 2723 Eum
1331 2707 1375 2724 non
1394 2699 1464 2723 talem
1482 2698 1562 2724 videri
1573 2698 1671 2732 ῥιψὶ]
1693 2698 1844 2725 Annotavit
1855 2698 2017 2726 Gulielmius
2037 2699 2063 2726 in
2084 2698 2135 2725 suis

1167 2733 1394 2768 fuisse,fide1'fm)]e
1406 2753 1414 2766 ‚
1433 2734 1565 2768 autfidcri.
1586 2735 1613 2759 &
1645 2735 1740 2761 timum
1754 2734 1860 2770 quidem
1882 2737 1961 2762 ctiam
1982 2737 2053 2762 estin
2065 2735 2135 2763 Pali.

1165 2777 1262 2805 quarto
1271 2779 1301 2796 ac
1309 2769 1397 2796 sexto.
1418 2768 1461 2796 sed
1473 2780 1523 2796 non
1535 2770 1571 2796 est
1583 2744 1762 2798 diiffitandum
1774 2771 1806 2797 de
1817 2771 1932 2807 vulgatoe
1941 2771 2072 2805 bonitate.
2092 2775 2136 2799 vi·

1165 2806 1217 2832 deri
1228 2807 1298 2833 enim
1311 2815 1362 2832 vox
1375 2806 1600 2840 merejudicialis.

1208 2857 1248 2874 io.
1267 2849 1383 2882 Qidiibi
1392 2853 1506 2882 Torquate
1517 2852 1528 2874 ἓ
1537 2849 1597 2883 quid
1603 2852 1695 2875 Triario
1708 2848 1721 2883 ]
1743 2848 1855 2877 Reduxi
1869 2849 2011 2877 lamonem
2023 2849 2133 2885 priscam

1165 2886 1180 2911 a
1193 2884 1324 2911 Lambino
1334 2886 1557 2917 exterminat-um
1570 2886 1585 2911 a
1596 2895 1648 2920 quo
1659 2884 1817 2922 suppositum
1832 2898 1839 2914 ;
1863 2887 1929 2921 Qid
1945 2888 1988 2913 tibi
2000 2888 2131 2922 Torquate,

1165 2922 1220 2947 huic
1230 2924 1332 2953 Triario,
1345 2922 1445 2948 summa
1456 2930 1514 2949 cum
1527 2921 1626 2956 injuria
1637 2922 1782 2958 Torquati.

1211 2982 1217 2998 ι
1228 2981 1249 2998 i.
1270 2975 1349 3007 Neque
1360 2973 1415 2998 verb
1435 2980 1461 2998 tu
1470 2972 1577 3006 Triari]
1603 2973 1663 3000 Vox
1674 2974 1774 3005 Triarii,
1786 2983 1838 3000 non
1849 2974 1884 3001 est
1895 2973 1921 3001 in
1934 2974 2054 3001 Palatino
2065 2974 2134 3001 ullo.

1169 3009 1290 3044 Qartus
1301 3009 1356 3043 ejus
1369 3007 1427 3035 loco
1439 3009 1514 3035 habet
1531 3011 1602 3035 ‘ii-aii.
1629 3016 1705 3036 extat
1726 3017 1812 3037 tamen
1832 3010 1858 3037 in
1870 3010 1990 3037 editione
2002 3011 2073 3038 Petri
2085 3011 2134 3036 Vi-

1170 3043 1263 3070 ἇὶοτὶἰ.
1284 3045 1428 3072 Lambinus
1442 3045 1557 3072 multum
1568 3045 1609 3072 liic
1620 3045 1644 3072 se
1657 3053 1747 3078 vexat,
1758 3046 1830 3082 quod
1841 3056 1892 3073 non
1904 3046 2017 3079 fecisset,
2029 3046 2134 3074 consul-

1145 3105 1146 3116 *
1171 3081 1204 3106 tis
1217 3080 1330 3107 Vistorii
1353 3081 1444 3108 libris:
1468 3091 1533 3117 quos
1555 3082 1635 3109 etiam
1655 3082 1742 3109 nescio
1759 3092 1790 3109 an
1812 3083 1909 3110 viderit
1930 3083 2017 3110 Aldus
2028 3084 2134 3118 Nepos.

1169 3117 1238 3142 Mihi
1250 3117 1307 3143 heic
1321 3126 1371 3144 vox
1383 3120 1473 3144 Triarii
1482 3117 1564 3144 abesse
1575 3118 1645 3155 poss'c
1656 3118 1774 3151 videtur,
1785 3119 1854 3149 salva
1863 3119 1982 3150 austeris
1993 3119 2135 3150 sententia,

197 3144 225 3173 6.
245 3148 331 3175 Nollem
339 3148 532 3185 vituperatum]
553 3150 688 3181 Palatinus
700 3160 739 3189 pr.
751 3153 905 3187 vincperarc,
916 3152 931 3181 ii
941 3160 1018 3182 manu
1030 3150 1125 3188 prima.
1169 3160 1199 3183 ut
1209 3152 1425 3191 subintelligatur
1435 3155 1568 3192 Torquatus
1577 3164 1657 3193 quem
1668 3155 1825 3194 alloquitur.

2052 3189 2140 3225 rivifi
