2301 3395
157 1021 196 1054 31

214 178 308 222 poffit.
340 181 410 222 Qo
429 180 461 209 in
479 177 549 208 loco
569 186 631 207 non
645 171 880 205 incommodum
891 172 944 200 erit
954 170 997 198 uti
1008 174 1172 198 ceterarum

215 233 316 253 rerum
326 222 547 262 comparatione
561 240 569 252 ,
582 228 614 248 ut
623 216 825 247 ostendamus,
836 213 905 242 alias
918 221 962 241 res
972 206 1054 250 poffe
1063 216 1112 238 aut
1121 217 1175 237 ve-

216 263 321 295 tustate
330 263 421 295 sedari
433 283 441 295 ‚
462 271 510 292 aut
521 259 647 291 consilio
656 259 763 297 corrigi
777 266 782 284 :
803 255 891 294 hujus
902 255 944 283 rei
954 260 1003 282 aut
1013 248 1172 281 leniendae,

216 316 266 337 aut
275 305 456 343 coirigendae
468 304 582 333 nullam
593 311 655 331 rem
667 299 842 338 adjumento
852 295 993 325 futuram.
1012 295 1117 323 Sextus
1128 291 1175 320 lo-

216 358 268 378 cus
278 347 331 379 est.
344 340 414 376 cum
427 344 619 375 ostendemus
641 346 650 361 ¹
662 351 700 371 ex
710 338 847 369 consulto
858 336 984 369 fa&um‚
997 335 1029 365 &
1038 333 1174 364 dicemus

218 398 442 420 VOLUNTAato
459 386 585 416 facinori
605 383 718 413 nullam
737 379 962 410 excusationem
974 389 983 411 3
1001 374 1176 416 impruden-

218 433 266 461 tiae
273 430 382 470 justam
394 429 631 468 deprecationem
643 432 782 464 paratam.
805 422 954 461 Septimus
964 420 1047 449 locus
1057 415 1174 457 est,quo

219 472 412 502 ostendemus
422 479 538 500 taetrum
549 467 674 498 facinus,
687 463 817 496 crudele,
824 461 969 492 nefarium
976 461 1176 500 ‚tyrannicum

217 512 276 544 effe
288 525 292 542 :
304 513 383 553 quod
394 521 485 552 genus
499 531 506 543 ,
520 510 637 548 injuriae
648 507 811 537 mulierum
823 525 831 537 ,
843 512 1002 534 aurearum
1013 511 1111 533 rerum
1122 500 1176 529 ali—

216 555 302 596 quid,
314 563 439 595 quarum
448 561 548 582 rerum
558 551 640 580 caufii
649 548 716 578 bella
726 548 924 586 suscipiuntur
936 566 944 578 ‚
957 545 989 575 &
1001 553 1070 574 cum
1082 540 1176 572 hosti—

217 597 273 627 bus
285 596 321 626 de
332 598 391 624 vita
401 595 569 624 dimicatur.
588 591 716 621 Octavus
727 590 810 618 locus
821 586 863 617 est
876 608 883 620 ‚
904 597 965 628 quo
974 585 1174 616 ostendimus,

217 648 281 668 non
291 638 421 677 vulgare,
434 635 482 665 sed
494 634 636 676 singulare
647 631 704 662 esse
714 628 898 660 maleficium
912 650 920 663 ,
932 629 1082 669 spurcum,
1094 624 1177 655 nefa-

217 682 309 711 rium,
324 677 493 708 inusitatum
506 697 513 709 ,
526 686 586 717 quo
596 672 737 704 maturius
750 694 757 705 ,
779 672 811 701 δε
821 670 948 701 atrocius
959 667 1173 700 vindicandum

219 719 261 750 fit.
275 723 384 750 Nonus
396 719 481 749 locus
492 717 605 748 constat
614 726 652 746 ex
662 723 850 756 peccatorum
862 706 1174 753 comparatione‚quafi

218 761 292 792 curn
313 762 449 791 dicemus
460 781 468 794 ‚
493 760 588 799 majus
599 756 656 788 esse
667 757 743 787 male
749 755 851 785 ficium
864 753 990 794 stuprare
1001 756 1173 793 ingenuam,

218 804 310 844 quam
322 804 434 833 sacrum
446 803 540 842 legere
553 812 558 830 ;
577 798 660 841 quod
670 807 789 838 propter
797 795 955 839 egestatem
964 795 1090 825 alterurn
1103 813 1110 825 ‚
1134 792 1175 821 al—

218 854 317 875 terum
332 848 346 864 ²
356 846 681 884 propterimpeiantem
692 839 858 879 superbiam
870 837 926 867 fiat.
965 838 1111 867 Decimus
1133 834 1177 862 lo-

217 897 269 917 cus
280 886 332 919 est,
343 896 395 926 per
405 895 495 926 quem
506 886 620 917 omnia,
633 893 697 923 quae
708 884 738 910 in
750 882 872 922 negotio
883 878 1016 920 gerundo
1026 876 1089 907 mila
1099 876 1175 908 sunt,

217 938 342 969 quaeque
354 937 417 957 rem
428 927 569 967 consequi
580 925 686 957 solent,
699 932 886 962 exponemus
897 923 1001 951 acriter
1011 940 1019 953 ,
1031 919 1063 949 δε
1075 918 1178 947 crimi-

220 971 294 1001 nose
306 990 314 1003 ,
338 969 369 999 &
380 969 554 1008 diligenter,
579 976 611 996 ut
620 968 665 1006 agi
675 975 719 995 res
730 985 737 998 ,
752 965 784 994 δεῖ
795 965 856 1005 geri
866 965 1022 1004 negotium
1032 959 1175 991 videatur,

219 1021 316 1041 rerum
338 1008 585 1050 consequentium
604 1008 832 1037 enumeratione
885 1002 1081 1044 Misericordia
1092 1010 1177 1030 com-

219 1053 391 1083 movebitur
399 1052 541 1081 auditoris
551 1059 670 1081 animus
681 1069 689 1082 ,
714 1047 734 1077 si
751 1049 864 1078 variam
882 1046 1071 1076 fortunarum
1091 1052 1177 1072 corn-

626 96 708 142 An
741 91 1163 139 Hannumum,
1202 86 1398 138 Ltnnn.
1431 81 1740 134 TER-rius.

1213 166 1243 195 Si
1254 184 1262 198 ‚
1286 175 1352 206 quae
1361 164 1450 195 nobis
1460 164 1558 196 futura
1566 164 1623 196 siut
1632 186 1640 199 ‚
1652 164 1708 197 nisi
1717 166 1833 198 causam
1844 166 2067 200 obtinuerimus
2077 189 2086 204 ,
2096 179 2171 202 enu-

1214 207 1396 238 merabimus
1408 227 1417 241 ,
1429 207 1461 238 δε
1471 206 1674 238 ostendemus.
1695 210 1725 238 Si
1736 209 1965 249 supplicabimus
1978 231 1986 244 ,
2008 211 2040 241 ὃς
2051 222 2108 241 nos
2119 212 2174 242 sub

1212 259 1318 297 eorum
1330 269 1337 283 ‚
1361 259 1491 290 quorum
1510 249 1746 281 misericordiam
1766 251 1947 291 captabimus
1959 272 1968 286 ,
1996 252 2173 293 potestatem

1215 291 1416 339 subjiciemus.
1437 293 1478 325 Si,
1490 291 1562 336 quid
1572 290 1679 321 nostris
1690 293 1871 332 parentibus,
1883 294 1994 328 liberis,
2007 296 2109 325 ceteris
2119 305 2174 326 ne-

1213 332 1339 363 cessariis
1350 333 1485 363 casurum
1495 334 1528 363 lit
1537 342 1657 373 propter
1666 333 1778 364 nosti-as
1788 334 1980 370 calamitates,
1994 339 2171 377 aperiemus,

1215 375 1248 405 ὃ(
1258 373 1345 422 simul
1355 374 1559 408 ostendemus,
1572 375 1681 404 illorum
1691 385 1746 406 nos
1758 376 1919 407 solitudine
1931 377 1964 408 δε
1974 379 2173 412 miseria,non

1214 416 1323 447 nostris
1334 416 1539 446 incommodis
1549 416 1658 447 dolere.
1691 417 1767 448 Side
1777 418 1937 450 clementia
1947 439 1955 453 ,
1975 420 2172 454 humanitate,

1215 457 1418 488 misericordia
1428 457 1525 487 nostra
1534 478 1542 492 ‚
1562 468 1619 498 qua
1629 459 1657 487 in
1667 458 1736 488 alios
1746 457 1787 488 ufi
1799 459 1901 490 sumus
1913 480 1921 494 ‚
1944 463 2119 500 aperiemus.
2142 462 2174 492 Si

1213 510 1268 529 nos
1280 500 1403 539 semper,
1414 508 1463 529 aut
1473 498 1526 529 diu
1535 501 1569 530 in
1578 500 1666 529 malis
1676 498 1761 530 fuisse
1772 500 1974 531 ostendemus.
1994 505 2024 532 Si
2034 502 2172 533 nostrum

1214 541 1309 572 fatum
1321 561 1330 575 ‚
1350 550 1400 571 aut
1418 540 1569 571 fortunam
1588 551 1815 582 conqueremur.
1846 545 1877 572 Si
1886 545 2025 573 animum
2036 543 2172 575 nostrum

1213 582 1323 613 fortem
1334 603 1342 615 ,
1365 584 1527 622 patientem
1540 583 1809 613 incommodorum
1822 582 2014 615 ostendemus
2026 584 2172 616 futurum.

1216 625 1518 655 Commiserationern
1529 624 1649 654 brevem
1660 623 1718 654 effe
1728 634 1853 664 oportet.
1895 628 2006 656 NmiL
2026 629 2109 657 enim
2131 627 2175 657 la-

1214 677 1315 707 cryma
1324 665 1411 696 citius
1421 667 1531 698 arescit.
1551 665 1621 696 Fere
1632 666 1714 696 locos
1724 665 1944 697 obscuriflimos
1955 670 2043 698 totius
2054 667 2172 699 artificii

1214 709 1402 739 t1·a&avimus
1414 709 1447 738 in
1456 709 1514 738 hoc
1526 707 1613 738 libro.
1633 717 1809 749 quapropter
1819 709 1890 738 huic
1900 710 2052 740 volumini
2064 710 2175 740 modus

1214 752 1262 798 hic
1273 749 1315 780 sit.
1339 750 1479 794 Reliquas
1490 752 1700 790 praeceptiones
1712 770 1720 784 ,
1740 750 1837 791 quoad
1848 750 1998 781 videbitur
2008 753 2041 782 in
2052 753 2174 782 tertium

1212 792 1325 822 librum
1344 794 1562 821 transteremus.
1604 794 1676 821 Haec
1694 790 1715 821 fi
1726 811 1734 825 ,
1765 800 1797 821 ut
1814 790 1978 834 conquisite
2002 792 2176 833 conscripfi-

1216 844 1283 863 mus
1295 853 1303 866 ,
1327 835 1366 862 ita
1385 841 1417 862 tu
1427 833 1587 874 diligenter
1595 832 1686 863 fueris
1696 833 1871 863 consecutus
1888 854 1896 867 ,
1914 834 1946 864 ὃς
1956 844 2012 864 nos
2023 834 2177 865 industriae

1214 874 1327 905 fruCtus
1346 884 1384 904 ex
1403 883 1452 904 tua
1462 875 1582 904 scientia
1590 877 1740 914 capiemus
1750 894 1758 907 ,
1789 875 1892 905 &tute
1901 875 2032 906 nostram
2046 876 2176 917 diligen-

1215 919 1286 963 tiam
1299 915 1429 946 laudabis
1440 936 1449 949 ,
1470 924 1575 956 tuaque
1594 918 1785 956 perceptione
1807 917 1940 947 laetabere
1952 928 1958 946 :
1981 925 2012 947 tu
2033 918 2175 948 scientior

1214 968 1271 988 eris
1298 967 1513 997 praeceptorum
1541 956 1667 987 artificio
1679 977 1688 991 ,
1717 968 1774 987 nos
1793 959 1947 988 alacriores
1966 958 2001 989 ad
2024 960 2175 1000 reliquum

1214 999 1457 1040 persolvendum.
1487 997 1601 1029 Verum
1621 1000 1684 1029 haec
1703 998 1800 1029 futura
1811 1000 1877 1030 satis
1887 1001 1956 1030 scio.
1979 1009 2006 1030 te
2017 1003 2100 1030 enim
2110 1010 2176 1030 non

1215 1051 1330 1082 ignoro.
1353 1050 1407 1070 nos
1426 1041 1567 1079 deinceps
1586 1040 1621 1070 ad
1640 1049 1733 1071 cetera
1750 1051 1891 1082 praecepta
1911 1042 2089 1072 transeamus
2101 1062 2108 1074 ‚
2131 1051 2173 1075 ut.

222 1096 420 1124 mutationem
432 1093 585 1123 dicemus:
610 1090 630 1120 si
641 1090 852 1121 ostendemus,
876 1090 908 1117 in
918 1087 1026 1129 quibus
1037 1093 1178 1114 commo-
1193 1109 1196 1127 1
1214 1082 1294 1123 quod
1314 1080 1506 1112 libentissime
1528 1081 1675 1117 facimus,
1697 1091 1754 1114 tuae
1773 1084 1921 1115 voluntati
1930 1082 2096 1115 refiliffimae
2107 1093 2176 1114 mo*

221 1135 266 1166 dis
276 1136 392 1166 fuimus
403 1155 412 1169 ‚
423 1135 590 1176 quibusque
601 1131 808 1164 incommodis
818 1129 908 1160 fimus
919 1149 927 1164 ,
948 1128 1178 1167 comparatione.
1193 1128 1199 1165 1

1213 1134 1279 1154 rem
1288 1134 1387 1165 geram
1391 1133 1432 1154 US.

659 1217 1757 1318 RHETORICORUM

1128 1367 1167 1411 A

332 1478 446 1564 C.

1212 1367 1255 1410 D

636 1464 2060 1565 HERENNiuM‚

807 1629 1076 1677 LIBER
1142 1623 1582 1673 TERTIUS.

427 1785 442 1796 =.
457 1768 468 1799 ς
488 1755 518 1783 D
536 1761 661 1783 omnem
670 1749 845 1791 judicialem
856 1747 970 1778 causam
981 1745 1179 1787 quemadmo-

394 1802 396 1808 ’
428 1800 445 1828 (2
462 1804 466 1813 ¹
487 1795 560 1824 dum
579 1794 754 1823 conveniret
772 1792 980 1821 inventionem
999 1798 1102 1818 rerum
1133 1798 1181 1818 ac·-

485 1847 552 1867 com
558 1835 752 1868 modari,satis
762 1832 989 1864 abundantei-‚ut
997 1829 1129 1862 arbitror,
1135 1829 1181 1859 su-

440 1909 459 1916 „
485 1877 651 1918 perioribus
661 1876 743 1905 libris
754 1873 991 1904 demonstratum
1002 1870 1053 1901 est.
1087 1873 1179 1901 Nunc

420 1939 427 1951 -,
446 1929 466 1958 *2
485 1929 586 1950 earum
608 1920 755 1947 rationem
777 1925 877 1946 rerum
907 1912 1156 1943 inveniendarum
1169 1933 1177 1946 ,

488 1971 553 2003 quae
562 1959 749 2000 pertinebant
758 1957 792 1987 ad
803 1957 900 1986 causas
911 1955 1113 1985 deliberativas
1127 1974 1133 1987 ‚
1146 1955 1178 1983 &

486 2000 732 2033 demonstrativas
744 2019 752 2032 ,
776 2001 808 2028 in
818 1999 897 2028 hunc
907 1997 1018 2027 librum
1029 1995 1178 2025 transtuli-

220 2061 290 2081 mus
301 2070 310 2083 ,
331 2058 363 2079 ut
380 2049 482 2078 omnis
501 2042 682 2074 inveniundi
700 2042 856 2081 praeceptio
875 2039 929 2069 tibi
948 2035 1175 2079 quamprimum

218 2092 442 2133 persolveretur.
466 2087 602 2126 Reliquae
622 2092 759 2124 quattuor
776 2090 868 2121 partes
887 2090 968 2110 erant
978 2080 1103 2109 artificii.
1128 2082 1176 2108 De

218 2134 312 2164 tribus
322 2131 451 2172 partibus
462 2132 495 2159 in
505 2129 563 2157 hoc
575 2126 650 2155 libro
661 2123 807 2156 dicemus,
819 2120 1010 2161 dispositione
1022 2140 1030 2153 ,
1041 2130 1176 2159 pronun-

220 2176 349 2205 ciatione
361 2193 369 2206 ‚
390 2171 546 2202 memoria.
570 2170 616 2197 De
627 2166 796 2195 elocutione
808 2184 816 2197 ‚
827 2165 897 2203 quia
906 2163 987 2201 plura
997 2160 1122 2192 dicenda
1131 2162 1177 2190 vi-

220 2217 377 2247 debantur,
390 2215 422 2243 in
433 2220 535 2253 quarto
546 2209 623 2239 libro
633 2206 817 2237 conscribere
828 2205 991 2234 maluimus
1005 2214 1009 2231 z
1021 2211 1112 2243 quem
1124 2221 1131 2234 ,
1145 2210 1178 2231 ut

220 2259 355 2288 arbitror,
368 2255 423 2285 ubi
434 2254 546 2284 librum
557 2250 690 2280 celeriter
698 2247 866 2277 absolutum
878 2247 1031 2274 mittemus
1044 2264 1052 2276 ‚
1064 2242 1174 2283 nequid

219 2300 274 2329 tibi
285 2299 438 2328 rhetoricae
447 2297 515 2325 artis
526 2290 620 2323 deess'e
632 2288 725 2329 poffit.
757 2291 870 2318 Interea
887 2288 983 2326 prima
999 2295 1122 2325 quaeque
1142 2284 1174 2313 &

218 2340 387 2371 nobiscum,
399 2335 469 2367 cum
482 2336 576 2367 voles,
589 2334 621 2362 ὃς
634 2330 786 2361 interdum
798 2328 857 2358 fine
867 2328 955 2358 nobis
965 2326 1091 2367 legendo
1101 2335 1175 2355 con-

221 2380 339 2422 sequere
352 2391 360 2413 ·‚
371 2378 481 2419 nequid
492 2375 654 2416 impediare
666 2393 674 2406 ‚
685 2373 760 2412 quin
770 2371 804 2400 ad
816 2371 892 2399 hanc
901 2369 1059 2399 utilitatem
1070 2368 1176 2406 pariter

219 2423 378 2454 nobiscum
397 2418 533 2460 progredi
552 2413 648 2457 possis.
683 2416 774 2442 Nunc
793 2421 824 2442 tu
841 2411 887 2441 fac
903 2419 1052 2440 attentum
1065 2418 1091 2438 te
1101 2419 1175 2449 prae-

220 2466 286 2495 beas
299 2475 304 2492 :
330 2468 340 2483 ¹
355 2472 409 2492 nos
420 2460 564 2501 proficisci
575 2457 608 2487 ad
620 2454 753 2486 instituta
761 2462 926 2495 pergemus.
980 2454 1176 2481 DELIBERA-

220 2515 339 2536 TmNEs
358 2506 463 2544 partim
475 2503 543 2532 sunt
552 2497 736 2533 huiusmodi,
749 2505 781 2525 ut
792 2503 935 2535 quaeratur
945 2513 953 2527 ,
965 2502 1064 2522 utrum
1076 2494 1174 2532 potius

219 2547 391 2578 faciendum
403 2544 436 2573 sit
447 2555 452 2572 τ
463 2545 570 2583 partim
581 2538 775 2579 hujusmodi,
787 2539 840 2570 uti,
852 2535 923 2577 quid
934 2531 1119 2575 potissimum
1133 2532 1175 2562 fa-

218 2589 362 2620 ciendum
373 2585 416 2619 sit,
427 2583 631 2615 consideretur.
655 2584 766 2610 Utium
778 2578 948 2618 potius‚hoc
960 2575 1069 2605 modo:
1082 2579 1095 2594 2
1108 2577 1174 2603 Car-

219 2632 302 2670 thago
313 2628 427 2658 tollenda
439 2647 446 2659 ‚
467 2636 504 2655 an
515 2622 709 2664 relinquenda
718 2621 860 2651 videatur.
884 2618 964 2659 Qid
975 2615 1104 2657 potissim
1110 2616 1173 2648 um,

218 2673 277 2701 hoc
286 2669 372 2711 padio
384 2680 389 2698 z
408 2667 473 2708 utfi
482 2665 632 2697 Hannibal
643 2663 789 2694 consultet
798 2682 805 2695 ,
828 2660 899 2691 cum
911 2670 948 2690 ex
957 2658 1040 2689 Italia
1051 2658 1174 2688 Kartha-

217 2716 321 2755 ginem
332 2708 476 2741 arceffitur
490 2729 499 2742 ,
510 2710 541 2738 in
553 2708 634 2737 Italia
643 2712 793 2735 remaneat
803 2716 811 2737 3
823 2713 859 2732 an
871 2702 998 2732 domurn
1010 2700 1107 2729 redeat
1118 2710 1126 2732 3
1139 2709 1175 2728 an

216 2765 249 2785 in
261 2757 422 2795 AEgyptum
433 2749 583 2791 profectus
594 2755 720 2787 occupet
728 2744 949 2776 Alexandriam,
972 2745 1050 2772 Item
1061 2740 1176 2771 delibe-

254 2877 276 2893 ι,
298 2870 336 2892 Ex
354 2865 450 2897 confimo
462 2863 580 2897 saflum]
602 2863 643 2887 Sic
657 2861 725 2887 Pall.
744 2870 844 2886 omnes.
865 2858 1009 2885 Lambinus
1022 2855 1164 2893 supposuit,

213 2914 241 2930 ex
251 2905 346 2936 confilio,
366 2910 416 2926 non
430 2909 437 2923 i
445 2899 505 2925 idco
516 2907 595 2933 quare
608 2917 615 2928 ‚
627 2908 654 2923 cx
663 2897 758 2927 confitllo
770 2916 777 2927 ,
790 2904 818 2922 ut
829 2896 853 2920 dt
863 2895 990 2925 industria.

262 2948 288 2964 2.
315 2941 413 2968 ‘Propter
430 2938 579 2967 imperantem
601 2934 761 2966 superbiam]
784 2930 852 2957 Istud
872 2929 962 2956 admisi
982 2928 1033 2956 fide
1052 2927 1166 2954 Palatini

1216 1744 1344 1774 rationes
1354 1744 1460 1783 partim
1471 1742 1540 1782 ipsae
1548 1750 1667 1783 propter
1678 1742 1706 1772 se
1716 1741 1918 1774 consultandae
1928 1743 2012 1774 sunt:
2032 1752 2065 1774 ut
2082 1742 2102 1775 si
2123 1743 2177 1775 de·

1217 1785 1323 1815 liberet
1333 1785 1457 1818 senatus,
1471 1785 1597 1826 captivos
1606 1784 1641 1814 ab
1651 1783 1785 1814 hostibus
1795 1784 1921 1815 redimat
1931 1805 1939 1818 ,
1952 1795 1989 1815 an
1999 1795 2062 1815 non
2077 1788 2087 1815 ?
2109 1795 2174 1826 par-

1217 1828 1273 1856 tim
1284 1835 1402 1867 propter
1410 1826 1540 1866 aliquam
1550 1834 1720 1856 extianeam
1730 1827 1846 1856 causam
1862 1828 1988 1856 veniunt
2007 1827 2040 1856 in
2058 1827 2174 1857 delibe-

1216 1871 1365 1907 rationem
1384 1868 1416 1898 &
1435 1867 1685 1897 consultationem
1697 1877 1703 1895 :
1726 1875 1759 1896 ut
1767 1866 1788 1897 si
1798 1867 1941 1897 deliberet
1952 1868 2064 1898 senatus
2076 1889 2084 1902 ,
2107 1867 2172 1899 bell·

1216 1911 1319 1940 Italico
1331 1910 1462 1940 solvatne
1473 1908 1586 1950 legibus
1596 1910 1770 1948 Scipionem
1781 1928 1789 1942 ‚
1801 1917 1835 1938 ut
1844 1918 1914 1939 eum
1925 1909 2010 1939 liceat
2017 1918 2083 1940 ante
2093 1919 2172 1940 tem-

1215 1962 1269 1992 pus
1289 1954 1356 1981 Cos.
1378 1949 1442 1980 fieri
1454 1961 1460 1979 :
1482 1952 1590 1990 partim
1609 1950 1642 1980 &
1653 1958 1774 1990 propter
1784 1950 1811 1980 se
1821 1950 1890 1980 sunt
1899 1950 2095 1982 deliberandae
2105 1971 2114 1985 ‚
2137 1952 2172 1983 &

1217 1995 1311 2035 magis
1328 2001 1448 2033 propter
1469 2000 1640 2022 extraneam
1658 1992 1775 2021 causam
1794 1993 1924 2023 veniunt
1935 1993 1968 2022 in
1978 1993 2173 2023 consultatio-

1215 2045 1286 2065 nem
1299 2046 1304 2064 ;
1326 2044 1357 2065 ut
1376 2033 1397 2064 fi
1414 2033 1557 2064 deliberet
1574 2036 1695 2063 Senatus
1705 2053 1713 2066 ‚
1735 2031 1799 2062 beuo
1808 2033 1912 2063 Italico
1921 2034 2008 2063 sociis
2019 2035 2171 2065 civitatem

1216 2077 1265 2106 det
1275 2096 1283 2110 ‚
1304 2087 1342 2106 an
1361 2086 1435 2105 non.
1458 2077 1495 2104 In
1505 2075 1612 2115 quibus
1622 2073 1710 2103 caufis
1720 2075 1762 2103 rei
1773 2082 1874 2104 natura
1883 2073 1971 2104 faciet
1980 2073 2170 2105 deliberatio-

1215 2127 1287 2147 nem
1298 2137 1306 2150 ,
1326 2118 1427 2146 omnis
1437 2117 1511 2145 ratio
1521 2115 1556 2145 ad
1566 2115 1659 2159 ipsam
1669 2124 1733 2144 rem
1743 2115 2027 2145 accommodabitur.
2055 2119 2092 2146 In
2101 2119 2169 2157 qui-

1213 2159 1267 2188 bus
1278 2167 1415 2188 extranea
1422 2157 1505 2186 causa
1516 2157 1656 2187 conficiet
1666 2155 1914 2187 deliberationem
1925 2177 1933 2190 ‚
1966 2158 1999 2186 in
2009 2158 2055 2187 his
2066 2168 2099 2188 ea
2108 2159 2169 2199 ipsa

1213 2201 1294 2230 causa
1313 2201 1368 2229 erit
1385 2197 1554 2239 adaugenda
1564 2217 1572 2230 ,
1592 2206 1640 2227 aut
1649 2197 1852 2237 deprimenda.
1876 2200 2008 2228 Omnem
2017 2201 2168 2230 rationem

1212 2251 1318 2271 eorum
1330 2260 1338 2274 ‚
1350 2242 1402 2281 qui
1412 2240 1586 2269 sententiam
1597 2238 1714 2272 dicent,
1727 2238 1815 2277 finem
1824 2238 1876 2269 sibi
1886 2242 2048 2271 conveniet
2056 2242 2168 2272 utilita-

1213 2284 1248 2312 tis
1266 2291 1431 2322 proponere
1442 2301 1450 2314 ‚
1470 2290 1503 2310 ut
1520 2281 1622 2310 omnis
1640 2278 1677 2309 εὸ
1698 2283 1787 2310 totius
1797 2280 1940 2311 Orationis
1949 2284 2023 2312 ratio
2033 2282 2168 2313 confera-

1213 2333 1266 2354 tur.
1291 2323 1411 2352 Utilitas
1430 2324 1463 2351 in
1483 2323 1552 2351 duas
1571 2323 1676 2360 parteis
1688 2323 1719 2351 in
1729 2322 1812 2351 civili
1823 2323 2043 2354 consultatione
2053 2323 2166 2354 dividi-

1211 2375 1258 2395 tur
1269 2385 1276 2398 ,
1290 2373 1382 2394 tutam
1394 2384 1402 2397 ‚
1424 2364 1455 2393 &
1465 2362 1630 2393 honestam.
1653 2365 1732 2393 Tuta
1741 2363 1783 2393 est
1794 2384 1802 2397 ,
1813 2374 1877 2405 quae
1886 2364 2165 2400 conficitinstantis.

1211 2416 1259 2436 aut
1269 2406 1474 2446 consequentis
1485 2405 1608 2444 periculi
1618 2406 1797 2435 vitationem
1805 2406 1938 2446 qualibet
1949 2408 2071 2437 ratione.
2093 2409 2167 2437 Haec

1211 2447 1397 2478 distribuitur
1407 2448 1438 2476 in
1447 2448 1523 2480 vim,
1536 2446 1568 2475 &
1578 2446 1683 2476 dolum
1697 2457 1701 2475 :
1722 2457 1851 2487 quorum
1862 2457 1911 2478 aut
1920 2448 2045 2478 alterum
2056 2449 2167 2488 separa·-

1211 2493 1266 2519 tim
1278 2509 1287 2523 ,
1298 2498 1346 2519 aut
1355 2497 1513 2529 utrumque
1524 2488 1677 2518 sumemus
1688 2487 1886 2528 eonjunSlim.
1912 2492 1924 2516 3
1935 2491 1989 2519 Vis
1999 2490 2168 2521 decernitur

1211 2542 1262 2571 per
1271 2532 1428 2563 exercitus,
1440 2528 1563 2563 classe-is,
1575 2540 1665 2563 arma,
1678 2538 1830 2560 tormenta
1838 2551 1847 2564 ,
1860 2532 2051 2561 evocationes
2063 2532 2167 2561 homi-

1213 2583 1287 2602 num
1299 2593 1307 2606 ,
1330 2573 1361 2602 ὃς
1380 2573 1448 2601 alias
1469 2571 1643 2610 hujusmodi
1653 2581 1706 2601 res.
1729 2572 1828 2601 Dolus
1839 2572 2025 2602 consumitur
2033 2574 2066 2602 in
2075 2582 2165 2612 pecu-

1214 2616 1272 2647 nia,
1284 2614 1510 2653 pollicitatione,
1522 2611 1764 2647 dissimulatione,
1776 2615 1984 2647 maturatione,
1996 2615 2164 2648 mentione,

1215 2657 1246 2685 &
1257 2657 1359 2686 ceteris
1370 2655 1455 2684 rebus
1466 2675 1474 2688 ,
1495 2654 1531 2684 de
1541 2655 1648 2695 quibus
1667 2657 1760 2695 magis
1777 2654 1890 2684 idoneo
1907 2663 2042 2695 tempore
2061 2656 2165 2696 loque-

1214 2708 1292 2730 mur,
1304 2695 1323 2725 si
1334 2696 1453 2737 quando
1464 2695 1499 2726 de
1510 2706 1539 2725 re
1549 2696 1682 2729 militari,
1694 2705 1744 2725 aut
1753 2695 1789 2725 de
1800 2695 2056 2727 administiationc
2066 2699 2165 2738 reipu-

1213 2739 1297 2769 blicae
1307 2738 1430 2768 scribere
1440 2738 1580 2768 velimus.
1601 2736 1734 2768 Honesta
1744 2747 1788 2767 res
1799 2737 1943 2768 dividitur
1952 2740 1985 2769 in
1994 2738 2121 2772 τεξὶιιιη,
2133 2739 2167 2769 &

2065 2779 2167 2811 lauda-

1215 2855 1315 2897 reposui
1328 2875 1335 2887 ‚
1345 2856 1442 2895 [iurum
1452 2856 1530 2887 legere,
1541 2863 1574 2880 ex
1586 2853 1655 2880 Pall.
1666 2853 1714 2880 sec.
1725 2864 1755 2880 ac
1764 2853 1843 2882 Fabr.
1853 2853 2039 2889 alludebatque
2050 2854 2169 2890 quintus.

1215 2901 1240 2918 iii
1253 2901 1305 2927 quo
1317 2911 1324 2921 ,
1344 2893 1435 2922 sacmm
1445 2892 1522 2923 legem.
1542 2889 1583 2916 sed
1596 2890 1622 2915 a&
1633 2897 1758 2925 praeterea
1771 2889 1963 2916 rescribendum
1975 2892 2087 2922 stuprat-e
2105 2893 2169 2923 inge-

1215 2938 1299 2958 mmm,
1310 2930 1323 2952 e
1335 2934 1430 2962 quarto
1444 2926 1500 2951 Pal.
1511 2925 1634 2952 &neseio
1644 2935 1696 2960 quo
1707 2926 1907 2966 Gulielmiano,
1915 2934 1979 2952 mox
1989 2924 2171 2962 scripfifiilla‘ru-

214 2975 302 3011 quarti
315 2992 323 3005 ,
343 2980 427 3007 neque
436 2971 516 2997 aliter
526 2969 611 3009 Bruil.
623 2970 693 3005 prius
704 2968 753 2994 culi
763 2971 964 3000 intemperantem.
993 2965 1068 3001 supra
1087 2965 1167 2990 etiam
1181 2959 1195 3000 1
1217 2964 1268 2989 dine
1278 2963 1486 2999 pronIitirudine‚
1498 2961 1646 2988 volentibus
1657 2962 1743 2989 k'alat.
1753 2971 1794 2998 pr.
1805 2961 1854 2988 sec.
1864 2969 1970 2997 quinto.

216 3061 238 3078 1.
257 3050 351 3137 N
363 3053 393 3074 05
410 3046 521 3081 proficisci
530 3046 563 3085 ‘¹2⁴
569 3046 679 3077 institutit
686 3043 830 3077 pergemus]
842 3044 901 3069 Vox
909 3041 1022 3076 pi‘qfici'fii
1031 3039 1098 3066 salva
1109 3039 1166 3067 sen-

365 3084 447 3112 tentia
459 3081 558 3108 auferri
569 3087 683 3116 poterat.

401 3128 429 3145 2.
448 3119 564 3150 Carthago
572 3116 696 3151 tollendas]
717 3115 809 3150 Apage
821 3112 888 3140 illud
899 3111 1023 3141 Lambini
1034 3120 1170 3139 commen-

624 3169 629 3176 ι

1217 3046 1273 3065 tum
1284 3038 1390 3063 delenda.

1255 3083 1281 3110 3.
1302 3077 1344 3116 lis¹
1351 3073 1509 3114 decernitur]
1532 3073 1654 3114 Sic.1’?¹.¹·
1664 3074 1691 3100 ὃ(
1704 3075 1789 3101 Bruil.
1800 3073 1895 3100 maluit
1904 3072 2049 3102 Lambinus
2060 3075 2172 3110 disier-ni-

1217 3117 1258 3136 tm
1271 3129 1279 3143 ‚
1297 3118 1379 3146 quam
1390 3108 1456 3136 bene
1467 3127 1476 3142 ,
1494 3109 1552 3145 ipsc·
1559 3108 1665 3137 viderit.
1688 3110 1767 3146 Vulgo
1777 3117 1835 3138 erat
1837 3111 1979 3145 secernitur.

2095 3153 2119 3172 ι.
2138 3146 2181 3171 rc!
