<?xml version="1.0" encoding="UTF-8"?>
<!DOCTYPE html PUBLIC "-//W3C//DTD XHTML 1.0 Transitional//EN"
    "http://www.w3.org/TR/xhtml1/DTD/xhtml1-transitional.dtd">
<html xmlns="http://www.w3.org/1999/xhtml" xml:lang="en" lang="en">
 <head>
  <title>
</title>
<meta http-equiv="Content-Type" content="text/html;charset=utf-8" />
  <meta name='ocr-system' content='tesseract 3.04.00' />
  <meta name='ocr-capabilities' content='ocr_page ocr_carea ocr_par ocr_line ocrx_word'/>
</head>
<body>
  <div class='ocr_page' id='page_1' title='image "./mtuliiciceroniso00cice/mtuliiciceroniso00cice_0234.png"; bbox 0 0 2316 3395; ppageno 0'>
   <div class='ocr_carea' id='block_1_1' title="bbox 181 932 226 965">
    <p class='ocr_par' dir='ltr' id='par_1_1' title="bbox 181 932 226 965">
     <span class='ocr_line' id='line_1_1' title="bbox 181 932 226 965; baseline 0.044 -2"><span class='ocrx_word' id='word_1_1' title='bbox 181 932 226 965; x_wconf 81' lang='lat'>53</span> 
     </span>
    </p>
   </div>
   <div class='ocr_carea' id='block_1_2' title="bbox 180 2151 227 2184">
    <p class='ocr_par' dir='ltr' id='par_1_2' title="bbox 180 2151 227 2184">
     <span class='ocr_line' id='line_1_2' title="bbox 180 2151 227 2184; baseline 0.021 -1"><span class='ocrx_word' id='word_1_2' title='bbox 180 2151 227 2184; x_wconf 77' lang='lat'>54</span> 
     </span>
    </p>
   </div>
   <div class='ocr_carea' id='block_1_3' title="bbox 247 119 1159 174">
    <p class='ocr_par' dir='ltr' id='par_1_3' title="bbox 247 119 1159 174">
     <span class='ocr_line' id='line_1_3' title="bbox 247 119 1159 174; baseline -0.009 0"><span class='ocrx_word' id='word_1_3' title='bbox 247 124 341 174; x_wconf 85' lang='lat'>166</span> <span class='ocrx_word' id='word_1_4' title='bbox 649 119 1159 169; x_wconf 81' lang='lat' dir='ltr'>M.Tut.1.11</span> 
     </span>
    </p>
   </div>
   <div class='ocr_carea' id='block_1_4' title="bbox 242 203 1228 2843">
    <p class='ocr_par' dir='ltr' id='par_1_4' title="bbox 242 203 1228 2843">
     <span class='ocr_line' id='line_1_4' title="bbox 248 203 1201 253; baseline -0.009 -11"><span class='ocrx_word' id='word_1_5' title='bbox 248 214 287 242; x_wconf 82' lang='lat' dir='ltr'>ite</span> <span class='ocrx_word' id='word_1_6' title='bbox 293 220 382 253; x_wconf 88' lang='lat' dir='ltr'>mque</span> <span class='ocrx_word' id='word_1_7' title='bbox 391 208 547 241; x_wconf 79' lang='lat' dir='ltr'>contrariis</span> <span class='ocrx_word' id='word_1_8' title='bbox 555 206 644 240; x_wconf 81' lang='lat' dir='ltr'>relata</span> <span class='ocrx_word' id='word_1_9' title='bbox 651 207 797 239; x_wconf 84' lang='lat' dir='ltr'>contraria</span> <span class='ocrx_word' id='word_1_10' title='bbox 806 225 815 240; x_wconf 81' lang='lat'>‚</span> <span class='ocrx_word' id='word_1_11' title='bbox 833 215 899 247; x_wconf 85' lang='lat' dir='ltr'>quae</span> <span class='ocrx_word' id='word_1_12' title='bbox 909 205 928 236; x_wconf 92' lang='lat' dir='ltr'>s</span> <span class='ocrx_word' id='word_1_13' title='bbox 923 214 959 236; x_wconf 89' lang='lat' dir='ltr'>ua</span> <span class='ocrx_word' id='word_1_14' title='bbox 967 205 1073 246; x_wconf 86' lang='lat' dir='ltr'>sponte</span> <span class='ocrx_word' id='word_1_15' title='bbox 1089 203 1100 243; x_wconf 91' lang='lat'>(</span> <span class='ocrx_word' id='word_1_16' title='bbox 1110 204 1201 234; x_wconf 86' lang='lat' dir='ltr'>etiam</span> 
     </span>
     <span class='ocr_line' id='line_1_5' title="bbox 249 247 1206 294; baseline -0.008 -10"><span class='ocrx_word' id='word_1_17' title='bbox 249 254 270 284; x_wconf 90' lang='lat' dir='ltr'>si</span> <span class='ocrx_word' id='word_1_18' title='bbox 284 254 313 284; x_wconf 90' lang='lat' dir='ltr'>id</span> <span class='ocrx_word' id='word_1_19' title='bbox 324 263 387 283; x_wconf 89' lang='lat' dir='ltr'>non</span> <span class='ocrx_word' id='word_1_20' title='bbox 398 253 480 294; x_wconf 83' lang='lat' dir='ltr'>agas)</span> <span class='ocrx_word' id='word_1_21' title='bbox 498 251 607 282; x_wconf 88' lang='lat' dir='ltr'>cadunt</span> <span class='ocrx_word' id='word_1_22' title='bbox 617 250 793 290; x_wconf 88' lang='lat' dir='ltr'>plerumque</span> <span class='ocrx_word' id='word_1_23' title='bbox 804 247 966 278; x_wconf 73' lang='lat' dir='ltr'>numerose</span> <span class='ocrx_word' id='word_1_24' title='bbox 978 267 987 282; x_wconf 89' lang='lat'>‚</span> <span class='ocrx_word' id='word_1_25' title='bbox 1006 248 1131 287; x_wconf 80' lang='lat' dir='ltr'>Gorgias</span> <span class='ocrx_word' id='word_1_26' title='bbox 1144 248 1206 286; x_wconf 87' lang='lat' dir='ltr'>pri-</span> 
     </span>
     <span class='ocr_line' id='line_1_6' title="bbox 250 286 1206 330; baseline -0.008 -4"><span class='ocrx_word' id='word_1_27' title='bbox 250 305 319 326; x_wconf 87' lang='lat' dir='ltr'>mus</span> <span class='ocrx_word' id='word_1_28' title='bbox 332 297 463 325; x_wconf 89' lang='lat' dir='ltr'>invenit:</span> <span class='ocrx_word' id='word_1_29' title='bbox 483 293 531 324; x_wconf 87' lang='lat' dir='ltr'>sed</span> <span class='ocrx_word' id='word_1_30' title='bbox 541 294 587 322; x_wconf 86' lang='lat' dir='ltr'>his</span> <span class='ocrx_word' id='word_1_31' title='bbox 598 291 640 321; x_wconf 87' lang='lat' dir='ltr'>est</span> <span class='ocrx_word' id='word_1_32' title='bbox 649 292 716 321; x_wconf 88' lang='lat' dir='ltr'>usus</span> <span class='ocrx_word' id='word_1_33' title='bbox 727 288 969 330; x_wconf 61' lang='lat' dir='ltr'><em>intemperantias.</em></span> <span class='ocrx_word' id='word_1_34' title='bbox 994 289 1025 320; x_wconf 83' lang='lat' dir='ltr'>id</span> <span class='ocrx_word' id='word_1_35' title='bbox 1043 297 1144 320; x_wconf 89' lang='lat' dir='ltr'>autem</span> <span class='ocrx_word' id='word_1_36' title='bbox 1163 286 1206 318; x_wconf 81' lang='lat' dir='ltr'>est</span> 
     </span>
     <span class='ocr_line' id='line_1_7' title="bbox 249 331 1206 378; baseline -0.007 -11"><span class='ocrx_word' id='word_1_37' title='bbox 249 347 344 378; x_wconf 78' lang='lat' dir='ltr'>genus</span> <span class='ocrx_word' id='word_1_38' title='bbox 362 337 414 377; x_wconf 93' lang='lat' dir='ltr'>(ut</span> <span class='ocrx_word' id='word_1_39' title='bbox 423 345 489 366; x_wconf 86' lang='lat' dir='ltr'>ante</span> <span class='ocrx_word' id='word_1_40' title='bbox 498 334 616 365; x_wconf 56' lang='lat' dir='ltr'>dierum</span> <span class='ocrx_word' id='word_1_41' title='bbox 626 332 684 372; x_wconf 90' lang='lat' dir='ltr'>est)</span> <span class='ocrx_word' id='word_1_42' title='bbox 704 342 742 363; x_wconf 84' lang='lat' dir='ltr'>ex</span> <span class='ocrx_word' id='word_1_43' title='bbox 752 332 847 362; x_wconf 87' lang='lat' dir='ltr'>tribus</span> <span class='ocrx_word' id='word_1_44' title='bbox 857 332 989 372; x_wconf 86' lang='lat' dir='ltr'>partibus</span> <span class='ocrx_word' id='word_1_45' title='bbox 999 331 1206 362; x_wconf 82' lang='lat' dir='ltr'>collocationis</span> 
     </span>
     <span class='ocr_line' id='line_1_8' title="bbox 248 375 1205 416; baseline -0.007 -6"><span class='ocrx_word' id='word_1_46' title='bbox 248 382 387 410; x_wconf 83' lang='lat' dir='ltr'>aiterum.</span> <span class='ocrx_word' id='word_1_47' title='bbox 412 381 531 408; x_wconf 88' lang='lat' dir='ltr'>Horum</span> <span class='ocrx_word' id='word_1_48' title='bbox 542 384 664 416; x_wconf 85' lang='lat' dir='ltr'>uterque</span> <span class='ocrx_word' id='word_1_49' title='bbox 675 375 832 405; x_wconf 76' lang='lat' dir='ltr'>Isocratem</span> <span class='ocrx_word' id='word_1_50' title='bbox 843 382 925 404; x_wconf 87' lang='lat' dir='ltr'>aetate</span> <span class='ocrx_word' id='word_1_51' title='bbox 934 375 1086 414; x_wconf 87' lang='lat' dir='ltr'>praecurrit</span> <span class='ocrx_word' id='word_1_52' title='bbox 1097 383 1102 402; x_wconf 87' lang='grc'>;</span> <span class='ocrx_word' id='word_1_53' title='bbox 1112 381 1205 403; x_wconf 85' lang='lat' dir='ltr'>uteos</span> 
     </span>
     <span class='ocr_line' id='line_1_9' title="bbox 249 415 1207 452; baseline -0.008 0"><span class='ocrx_word' id='word_1_54' title='bbox 249 422 298 452; x_wconf 86' lang='lat' dir='ltr'>ille</span> <span class='ocrx_word' id='word_1_55' title='bbox 312 420 535 452; x_wconf 76' lang='lat' dir='ltr'>moderatione,</span> <span class='ocrx_word' id='word_1_56' title='bbox 549 427 613 447; x_wconf 90' lang='lat' dir='ltr'>non</span> <span class='ocrx_word' id='word_1_57' title='bbox 623 418 801 446; x_wconf 78' lang='lat' dir='ltr'>inventione</span> <span class='ocrx_word' id='word_1_58' title='bbox 811 418 925 446; x_wconf 85' lang='lat' dir='ltr'>vicerit.</span> <span class='ocrx_word' id='word_1_59' title='bbox 949 415 1000 446; x_wconf 88' lang='lat' dir='ltr'>Est</span> <span class='ocrx_word' id='word_1_60' title='bbox 1010 417 1093 446; x_wconf 88' lang='lat' dir='ltr'>enim</span> <span class='ocrx_word' id='word_1_61' title='bbox 1103 435 1112 449; x_wconf 85' lang='lat'>‚</span> <span class='ocrx_word' id='word_1_62' title='bbox 1129 416 1207 445; x_wconf 88' lang='lat' dir='ltr'>utin</span> 
     </span>
     <span class='ocr_line' id='line_1_10' title="bbox 249 455 1205 499; baseline -0.005 -7"><span class='ocrx_word' id='word_1_63' title='bbox 249 462 462 494; x_wconf 76' lang='lat' dir='ltr'>transferendis</span> <span class='ocrx_word' id='word_1_64' title='bbox 473 481 480 494; x_wconf 91' lang='lat'>‚</span> <span class='ocrx_word' id='word_1_65' title='bbox 501 459 701 499; x_wconf 82' lang='lat' dir='ltr'>faciendisque</span> <span class='ocrx_word' id='word_1_66' title='bbox 710 458 810 488; x_wconf 84' lang='lat' dir='ltr'>verbis</span> <span class='ocrx_word' id='word_1_67' title='bbox 821 457 1011 499; x_wconf 82' lang='lat' dir='ltr'>tranquillior</span> <span class='ocrx_word' id='word_1_68' title='bbox 1020 478 1029 492; x_wconf 90' lang='lat'>‚</span> <span class='ocrx_word' id='word_1_69' title='bbox 1049 455 1086 488; x_wconf 87' lang='lat' dir='ltr'>fic</span> <span class='ocrx_word' id='word_1_70' title='bbox 1096 459 1128 487; x_wconf 91' lang='lat' dir='ltr'>in</span> <span class='ocrx_word' id='word_1_71' title='bbox 1137 455 1205 497; x_wconf 76' lang='lat' dir='ltr'>ipsis</span> 
     </span>
     <span class='ocr_line' id='line_1_11' title="bbox 248 498 1204 541; baseline -0.005 -7"><span class='ocrx_word' id='word_1_72' title='bbox 248 505 384 534; x_wconf 78' lang='lat' dir='ltr'>numeris</span> <span class='ocrx_word' id='word_1_73' title='bbox 404 502 541 533; x_wconf 75' lang='lat' dir='ltr'>sedatior.</span> <span class='ocrx_word' id='word_1_74' title='bbox 574 503 698 541; x_wconf 79' lang='lat' dir='ltr'>Gorgias</span> <span class='ocrx_word' id='word_1_75' title='bbox 707 508 807 530; x_wconf 87' lang='lat' dir='ltr'>autern</span> <span class='ocrx_word' id='word_1_76' title='bbox 816 500 933 530; x_wconf 89' lang='lat' dir='ltr'>avidior</span> <span class='ocrx_word' id='word_1_77' title='bbox 941 498 985 530; x_wconf 91' lang='lat' dir='ltr'>est</span> <span class='ocrx_word' id='word_1_78' title='bbox 994 502 1111 541; x_wconf 87' lang='lat' dir='ltr'>generis</span> <span class='ocrx_word' id='word_1_79' title='bbox 1121 500 1185 539; x_wconf 84' lang='lat' dir='ltr'>ejus</span> <span class='ocrx_word' id='word_1_80' title='bbox 1196 518 1204 532; x_wconf 84' lang='lat'>,</span> 
     </span>
     <span class='ocr_line' id='line_1_12' title="bbox 249 539 1206 582; baseline -0.004 -7"><span class='ocrx_word' id='word_1_81' title='bbox 249 546 283 576; x_wconf 74' lang='grc' dir='ltr'>δε</span> <span class='ocrx_word' id='word_1_82' title='bbox 293 547 338 575; x_wconf 85' lang='lat' dir='ltr'>his</span> <span class='ocrx_word' id='word_1_83' title='bbox 349 543 556 574; x_wconf 83' lang='lat' dir='ltr'>festivitatibus</span> <span class='ocrx_word' id='word_1_84' title='bbox 567 563 575 576; x_wconf 86' lang='lat'><em>‚</em></span> <span class='ocrx_word' id='word_1_85' title='bbox 593 541 651 582; x_wconf 88' lang='lat' dir='ltr'>(sic</span> <span class='ocrx_word' id='word_1_86' title='bbox 662 544 746 572; x_wconf 88' lang='lat' dir='ltr'>enim</span> <span class='ocrx_word' id='word_1_87' title='bbox 758 543 817 582; x_wconf 86' lang='lat' dir='ltr'>ipse</span> <span class='ocrx_word' id='word_1_88' title='bbox 826 542 944 582; x_wconf 84' lang='lat' dir='ltr'>censet)</span> <span class='ocrx_word' id='word_1_89' title='bbox 962 539 1144 572; x_wconf 74' lang='lat' dir='ltr'>insolentius</span> <span class='ocrx_word' id='word_1_90' title='bbox 1154 541 1206 571; x_wconf 91' lang='lat' dir='ltr'>ab-</span> 
     </span>
     <span class='ocr_line' id='line_1_13' title="bbox 247 581 1206 623; baseline -0.007 -4"><span class='ocrx_word' id='word_1_91' title='bbox 247 590 359 620; x_wconf 68' lang='lat' dir='ltr'>utitur:</span> <span class='ocrx_word' id='word_1_92' title='bbox 379 596 449 623; x_wconf 81' lang='lat' dir='ltr'>quas</span> <span class='ocrx_word' id='word_1_93' title='bbox 459 586 601 616; x_wconf 84' lang='lat' dir='ltr'>Isocrates</span> <span class='ocrx_word' id='word_1_94' title='bbox 618 583 710 623; x_wconf 82' lang='lat' dir='ltr'>(cum</span> <span class='ocrx_word' id='word_1_95' title='bbox 721 593 823 614; x_wconf 89' lang='lat' dir='ltr'>tamen</span> <span class='ocrx_word' id='word_1_96' title='bbox 839 583 995 614; x_wconf 73' lang='lat' dir='ltr'>audivisset</span> <span class='ocrx_word' id='word_1_97' title='bbox 1012 586 1045 614; x_wconf 91' lang='lat' dir='ltr'>in</span> <span class='ocrx_word' id='word_1_98' title='bbox 1055 581 1206 615; x_wconf 73' lang='lat' dir='ltr'>Thess&#39;alia</span> 
     </span>
     <span class='ocr_line' id='line_1_14' title="bbox 247 625 1200 667; baseline -0.006 -6"><span class='ocrx_word' id='word_1_99' title='bbox 247 625 419 662; x_wconf 75' lang='lat' dir='ltr'>adolescens</span> <span class='ocrx_word' id='word_1_100' title='bbox 437 628 538 659; x_wconf 84' lang='lat' dir='ltr'>seriem</span> <span class='ocrx_word' id='word_1_101' title='bbox 554 628 618 667; x_wconf 76' lang='lat' dir='ltr'>jam</span> <span class='ocrx_word' id='word_1_102' title='bbox 629 626 793 667; x_wconf 78' lang='lat' dir='ltr'>Gorgiam)</span> <span class='ocrx_word' id='word_1_103' title='bbox 813 625 997 656; x_wconf 81' lang='lat' dir='ltr'>moderatius</span> <span class='ocrx_word' id='word_1_104' title='bbox 1015 626 1200 666; x_wconf 89' lang='lat' dir='ltr'>temperavit-</span> 
     </span>
     <span class='ocr_line' id='line_1_15' title="bbox 247 667 1206 715; baseline -0.007 -12"><span class='ocrx_word' id='word_1_105' title='bbox 247 674 423 715; x_wconf 85' lang='lat' dir='ltr'>Qinetiam</span> <span class='ocrx_word' id='word_1_106' title='bbox 435 671 462 701; x_wconf 86' lang='lat' dir='ltr'>se</span> <span class='ocrx_word' id='word_1_107' title='bbox 473 672 532 712; x_wconf 86' lang='lat' dir='ltr'>ipse</span> <span class='ocrx_word' id='word_1_108' title='bbox 541 678 668 703; x_wconf 78' lang='lat' dir='ltr'>tanturn,</span> <span class='ocrx_word' id='word_1_109' title='bbox 679 677 824 710; x_wconf 86' lang='lat' dir='ltr'>quantum</span> <span class='ocrx_word' id='word_1_110' title='bbox 836 677 918 699; x_wconf 85' lang='lat' dir='ltr'>aetate</span> <span class='ocrx_word' id='word_1_111' title='bbox 927 668 1114 708; x_wconf 78' lang='lat' dir='ltr'>procedebat,</span> <span class='ocrx_word' id='word_1_112' title='bbox 1125 667 1206 706; x_wconf 91' lang='lat' dir='ltr'>(pro-</span> 
     </span>
     <span class='ocr_line' id='line_1_16' title="bbox 247 706 1206 756; baseline -0.007 -11"><span class='ocrx_word' id='word_1_113' title='bbox 247 717 285 756; x_wconf 73' lang='lat' dir='ltr'>pe</span> <span class='ocrx_word' id='word_1_114' title='bbox 297 717 381 745; x_wconf 87' lang='lat' dir='ltr'>enirn</span> <span class='ocrx_word' id='word_1_115' title='bbox 393 722 517 744; x_wconf 88' lang='lat' dir='ltr'>centum</span> <span class='ocrx_word' id='word_1_116' title='bbox 527 712 659 743; x_wconf 72' lang='lat' dir='ltr'>confecit</span> <span class='ocrx_word' id='word_1_117' title='bbox 669 710 783 751; x_wconf 86' lang='lat' dir='ltr'>annos)</span> <span class='ocrx_word' id='word_1_118' title='bbox 804 710 944 740; x_wconf 86' lang='lat' dir='ltr'>relaxarat</span> <span class='ocrx_word' id='word_1_119' title='bbox 952 709 968 740; x_wconf 73' lang='lat' dir='ltr'>a</span> <span class='ocrx_word' id='word_1_120' title='bbox 978 711 1073 740; x_wconf 86' lang='lat' dir='ltr'>nimia</span> <span class='ocrx_word' id='word_1_121' title='bbox 1084 706 1206 739; x_wconf 89' lang='lat' dir='ltr'>neceffi-</span> 
     </span>
     <span class='ocr_line' id='line_1_17' title="bbox 247 750 1206 796; baseline -0.008 -9"><span class='ocrx_word' id='word_1_122' title='bbox 247 767 303 788; x_wconf 77' lang='lat' dir='ltr'>tate</span> <span class='ocrx_word' id='word_1_123' title='bbox 315 765 514 786; x_wconf 82' lang='lat' dir='ltr'>numerorum</span> <span class='ocrx_word' id='word_1_124' title='bbox 526 766 532 784; x_wconf 88' lang='lat'>:</span> <span class='ocrx_word' id='word_1_125' title='bbox 553 753 633 796; x_wconf 89' lang='lat' dir='ltr'>quod</span> <span class='ocrx_word' id='word_1_126' title='bbox 644 753 769 784; x_wconf 79' lang='lat' dir='ltr'>declarat</span> <span class='ocrx_word' id='word_1_127' title='bbox 777 755 810 783; x_wconf 88' lang='lat' dir='ltr'>iri</span> <span class='ocrx_word' id='word_1_128' title='bbox 821 762 858 782; x_wconf 87' lang='lat' dir='ltr'>eo</span> <span class='ocrx_word' id='word_1_129' title='bbox 869 752 947 782; x_wconf 90' lang='lat' dir='ltr'>libro</span> <span class='ocrx_word' id='word_1_130' title='bbox 959 772 968 785; x_wconf 87' lang='lat'><em>‚</em></span> <span class='ocrx_word' id='word_1_131' title='bbox 987 761 1078 793; x_wconf 89' lang='lat' dir='ltr'>quem</span> <span class='ocrx_word' id='word_1_132' title='bbox 1088 750 1124 781; x_wconf 88' lang='lat' dir='ltr'>ad</span> <span class='ocrx_word' id='word_1_133' title='bbox 1134 751 1206 780; x_wconf 86' lang='lat' dir='ltr'>Phi-</span> 
     </span>
     <span class='ocr_line' id='line_1_18' title="bbox 247 791 1205 839; baseline -0.008 -10"><span class='ocrx_word' id='word_1_134' title='bbox 247 800 365 839; x_wconf 84' lang='lat' dir='ltr'>lippum</span> <span class='ocrx_word' id='word_1_135' title='bbox 377 797 580 828; x_wconf 83' lang='lat' dir='ltr'>Macedonem</span> <span class='ocrx_word' id='word_1_136' title='bbox 591 794 716 835; x_wconf 72' lang='lat' dir='ltr'>scripsit,</span> <span class='ocrx_word' id='word_1_137' title='bbox 733 794 805 825; x_wconf 74' lang='lat' dir='ltr'>cum</span> <span class='ocrx_word' id='word_1_138' title='bbox 827 795 885 831; x_wconf 82' lang='lat' dir='ltr'>iam</span> <span class='ocrx_word' id='word_1_139' title='bbox 903 794 1069 824; x_wconf 78' lang='lat' dir='ltr'>admodum</span> <span class='ocrx_word' id='word_1_140' title='bbox 1079 791 1150 822; x_wconf 85' lang='lat' dir='ltr'>effet</span> <span class='ocrx_word' id='word_1_141' title='bbox 1162 792 1205 821; x_wconf 90' lang='lat' dir='ltr'>se-</span> 
     </span>
     <span class='ocr_line' id='line_1_19' title="bbox 249 830 1206 881; baseline -0.009 -10"><span class='ocrx_word' id='word_1_142' title='bbox 249 852 327 871; x_wconf 85' lang='lat' dir='ltr'>nex:</span> <span class='ocrx_word' id='word_1_143' title='bbox 348 842 380 870; x_wconf 87' lang='lat' dir='ltr'>in</span> <span class='ocrx_word' id='word_1_144' title='bbox 390 850 451 881; x_wconf 85' lang='lat' dir='ltr'>quo</span> <span class='ocrx_word' id='word_1_145' title='bbox 462 839 536 869; x_wconf 90' lang='lat' dir='ltr'>dicit</span> <span class='ocrx_word' id='word_1_146' title='bbox 548 838 603 878; x_wconf 68' lang='lat' dir='ltr'>sits}</span> <span class='ocrx_word' id='word_1_147' title='bbox 612 836 706 866; x_wconf 63' lang='lat' dir='ltr'>mmm</span> <span class='ocrx_word' id='word_1_148' title='bbox 715 838 780 875; x_wconf 83' lang='lat' dir='ltr'>jam</span> <span class='ocrx_word' id='word_1_149' title='bbox 790 837 897 876; x_wconf 65' lang='lat' dir='ltr'>servire</span> <span class='ocrx_word' id='word_1_150' title='bbox 905 846 1039 869; x_wconf 78' lang='lat' dir='ltr'>numeru,</span> <span class='ocrx_word' id='word_1_151' title='bbox 1061 830 1149 875; x_wconf 50' lang='lat' dir='ltr'>quam</span> <span class='ocrx_word' id='word_1_152' title='bbox 1160 832 1206 872; x_wconf 61' lang='grc' dir='ltr'>β-</span> 
     </span>
     <span class='ocr_line' id='line_1_20' title="bbox 247 877 1206 920; baseline -0.007 -8"><span class='ocrx_word' id='word_1_153' title='bbox 247 884 317 913; x_wconf 65' lang='lat' dir='ltr'>litus</span> <span class='ocrx_word' id='word_1_154' title='bbox 337 881 408 920; x_wconf 68' lang='lat' dir='ltr'>effet.</span> <span class='ocrx_word' id='word_1_155' title='bbox 432 883 471 911; x_wconf 92' lang='lat' dir='ltr'>ita</span> <span class='ocrx_word' id='word_1_156' title='bbox 479 891 543 910; x_wconf 85' lang='lat' dir='ltr'>noti</span> <span class='ocrx_word' id='word_1_157' title='bbox 554 878 649 910; x_wconf 76' lang='lat' dir='ltr'>modo</span> <span class='ocrx_word' id='word_1_158' title='bbox 668 879 831 919; x_wconf 78' lang='lat' dir='ltr'>superiores</span> <span class='ocrx_word' id='word_1_159' title='bbox 842 898 850 911; x_wconf 88' lang='lat'>,</span> <span class='ocrx_word' id='word_1_160' title='bbox 870 877 917 908; x_wconf 87' lang='lat' dir='ltr'>sed</span> <span class='ocrx_word' id='word_1_161' title='bbox 928 880 1018 908; x_wconf 89' lang='lat' dir='ltr'>etiarn</span> <span class='ocrx_word' id='word_1_162' title='bbox 1030 877 1129 916; x_wconf 88' lang='lat' dir='ltr'>seipse</span> <span class='ocrx_word' id='word_1_163' title='bbox 1139 885 1206 906; x_wconf 84' lang='lat' dir='ltr'>coi·-</span> 
     </span>
     <span class='ocr_line' id='line_1_21' title="bbox 249 919 1207 966; baseline -0.008 -11"><span class='ocrx_word' id='word_1_164' title='bbox 249 934 370 956; x_wconf 82' lang='lat' dir='ltr'>rexerat.</span> <span class='ocrx_word' id='word_1_165' title='bbox 402 924 555 966; x_wconf 87' lang='lat' dir='ltr'>Qoniam</span> <span class='ocrx_word' id='word_1_166' title='bbox 572 924 661 963; x_wconf 87' lang='lat' dir='ltr'>igitur</span> <span class='ocrx_word' id='word_1_167' title='bbox 671 921 816 951; x_wconf 84' lang='lat' dir='ltr'>habemus</span> <span class='ocrx_word' id='word_1_168' title='bbox 825 927 897 959; x_wconf 68' lang='lat' dir='ltr'>aptae</span> <span class='ocrx_word' id='word_1_169' title='bbox 909 921 1053 949; x_wconf 85' lang='lat' dir='ltr'>orationis</span> <span class='ocrx_word' id='word_1_170' title='bbox 1064 928 1114 948; x_wconf 89' lang='lat' dir='ltr'>eos</span> <span class='ocrx_word' id='word_1_171' title='bbox 1124 919 1207 958; x_wconf 86' lang='lat' dir='ltr'>prin-</span> 
     </span>
     <span class='ocr_line' id='line_1_22' title="bbox 245 958 1206 1008; baseline -0.008 -11"><span class='ocrx_word' id='word_1_172' title='bbox 245 968 326 1008; x_wconf 83' lang='lat' dir='ltr'>cipes</span> <span class='ocrx_word' id='word_1_173' title='bbox 337 986 345 1000; x_wconf 92' lang='lat'>,</span> <span class='ocrx_word' id='word_1_174' title='bbox 365 965 558 1005; x_wconf 69' lang='lat' dir='ltr'>au&amp;01‘esque</span> <span class='ocrx_word' id='word_1_175' title='bbox 569 984 578 998; x_wconf 87' lang='lat'>,</span> <span class='ocrx_word' id='word_1_176' title='bbox 595 973 670 1004; x_wconf 87' lang='lat' dir='ltr'>quos</span> <span class='ocrx_word' id='word_1_177' title='bbox 687 962 817 992; x_wconf 86' lang='lat' dir='ltr'>dicimus</span> <span class='ocrx_word' id='word_1_178' title='bbox 829 981 837 995; x_wconf 93' lang='lat'>,</span> <span class='ocrx_word' id='word_1_179' title='bbox 861 961 892 991; x_wconf 77' lang='grc' dir='ltr'>δε</span> <span class='ocrx_word' id='word_1_180' title='bbox 903 963 988 1004; x_wconf 89' lang='lat' dir='ltr'>origo</span> <span class='ocrx_word' id='word_1_181' title='bbox 1007 963 1130 991; x_wconf 88' lang='lat' dir='ltr'>inventa</span> <span class='ocrx_word' id='word_1_182' title='bbox 1148 958 1206 989; x_wconf 87' lang='lat' dir='ltr'>est:</span> 
     </span>
     <span class='ocr_line' id='line_1_23' title="bbox 246 1003 1207 1049; baseline -0.009 -10"><span class='ocrx_word' id='word_1_183' title='bbox 246 1010 331 1040; x_wconf 87' lang='lat' dir='ltr'>causa</span> <span class='ocrx_word' id='word_1_184' title='bbox 348 1016 503 1049; x_wconf 75' lang='lat' dir='ltr'>quaeratur.</span> <span class='ocrx_word' id='word_1_185' title='bbox 527 1016 591 1047; x_wconf 84' lang='lat' dir='ltr'>quae</span> <span class='ocrx_word' id='word_1_186' title='bbox 604 1004 641 1035; x_wconf 84' lang='lat' dir='ltr'>sic</span> <span class='ocrx_word' id='word_1_187' title='bbox 655 1013 749 1044; x_wconf 87' lang='lat' dir='ltr'>aperta</span> <span class='ocrx_word' id='word_1_188' title='bbox 760 1003 803 1034; x_wconf 92' lang='lat' dir='ltr'>est</span> <span class='ocrx_word' id='word_1_189' title='bbox 814 1024 821 1037; x_wconf 84' lang='lat'>‚</span> <span class='ocrx_word' id='word_1_190' title='bbox 844 1011 875 1033; x_wconf 90' lang='lat' dir='ltr'>ut</span> <span class='ocrx_word' id='word_1_191' title='bbox 886 1005 993 1037; x_wconf 87' lang='lat' dir='ltr'>mirer,</span> <span class='ocrx_word' id='word_1_192' title='bbox 1012 1012 1125 1033; x_wconf 86' lang='lat' dir='ltr'>veteres</span> <span class='ocrx_word' id='word_1_193' title='bbox 1144 1010 1207 1031; x_wconf 90' lang='lat' dir='ltr'>non</span> 
     </span>
     <span class='ocr_line' id='line_1_24' title="bbox 248 1044 1207 1088; baseline -0.008 -7"><span class='ocrx_word' id='word_1_194' title='bbox 248 1049 306 1081; x_wconf 82' lang='lat' dir='ltr'>ess&#39;e</span> <span class='ocrx_word' id='word_1_195' title='bbox 317 1057 491 1080; x_wconf 89' lang='lat' dir='ltr'>commotos</span> <span class='ocrx_word' id='word_1_196' title='bbox 502 1068 510 1082; x_wconf 90' lang='lat'>‚</span> <span class='ocrx_word' id='word_1_197' title='bbox 528 1048 691 1088; x_wconf 85' lang='lat' dir='ltr'>praesertim</span> <span class='ocrx_word' id='word_1_198' title='bbox 703 1044 774 1076; x_wconf 80' lang='lat' dir='ltr'>cum</span> <span class='ocrx_word' id='word_1_199' title='bbox 786 1066 794 1080; x_wconf 93' lang='lat'>,</span> <span class='ocrx_word' id='word_1_200' title='bbox 817 1054 848 1075; x_wconf 87' lang='lat' dir='ltr'>ut</span> <span class='ocrx_word' id='word_1_201' title='bbox 860 1044 893 1075; x_wconf 86' lang='lat' dir='ltr'>fit</span> <span class='ocrx_word' id='word_1_202' title='bbox 902 1065 910 1079; x_wconf 87' lang='lat'><em>‚</em></span> <span class='ocrx_word' id='word_1_203' title='bbox 932 1044 1059 1075; x_wconf 80' lang='lat' dir='ltr'>fortuito</span> <span class='ocrx_word' id='word_1_204' title='bbox 1070 1045 1144 1084; x_wconf 85' lang='lat' dir='ltr'>saepe</span> <span class='ocrx_word' id='word_1_205' title='bbox 1153 1044 1207 1074; x_wconf 87' lang='lat' dir='ltr'>ali-</span> 
     </span>
     <span class='ocr_line' id='line_1_25' title="bbox 245 1086 1207 1134; baseline -0.008 -11"><span class='ocrx_word' id='word_1_206' title='bbox 245 1092 320 1134; x_wconf 90' lang='lat' dir='ltr'>quid</span> <span class='ocrx_word' id='word_1_207' title='bbox 329 1090 470 1122; x_wconf 70' lang='lat' dir='ltr'>concluse</span> <span class='ocrx_word' id='word_1_208' title='bbox 482 1110 490 1123; x_wconf 88' lang='lat'>,</span> <span class='ocrx_word' id='word_1_209' title='bbox 502 1099 624 1130; x_wconf 85' lang='lat' dir='ltr'>apteque</span> <span class='ocrx_word' id='word_1_210' title='bbox 634 1088 783 1118; x_wconf 85' lang='lat' dir='ltr'>dicerent:</span> <span class='ocrx_word' id='word_1_211' title='bbox 801 1087 883 1129; x_wconf 88' lang='lat' dir='ltr'>quod</span> <span class='ocrx_word' id='word_1_212' title='bbox 893 1097 963 1117; x_wconf 90' lang='lat' dir='ltr'>curn</span> <span class='ocrx_word' id='word_1_213' title='bbox 974 1090 1093 1117; x_wconf 88' lang='lat' dir='ltr'>animos</span> <span class='ocrx_word' id='word_1_214' title='bbox 1105 1086 1207 1116; x_wconf 86' lang='lat' dir='ltr'>homi—</span> 
     </span>
     <span class='ocr_line' id='line_1_26' title="bbox 245 1127 1205 1173; baseline -0.008 -8"><span class='ocrx_word' id='word_1_215' title='bbox 245 1144 322 1165; x_wconf 84' lang='lat' dir='ltr'>nurn</span> <span class='ocrx_word' id='word_1_216' title='bbox 335 1154 342 1168; x_wconf 91' lang='lat'><strong>‚</strong></span> <span class='ocrx_word' id='word_1_217' title='bbox 355 1133 507 1173; x_wconf 80' lang='lat' dir='ltr'>aureisque</span> <span class='ocrx_word' id='word_1_218' title='bbox 517 1129 689 1171; x_wconf 78' lang='lat' dir='ltr'>pepulisset,</span> <span class='ocrx_word' id='word_1_219' title='bbox 702 1139 734 1159; x_wconf 92' lang='lat' dir='ltr'>ut</span> <span class='ocrx_word' id='word_1_220' title='bbox 744 1130 873 1170; x_wconf 87' lang='lat' dir='ltr'>intelligi</span> <span class='ocrx_word' id='word_1_221' title='bbox 883 1127 979 1169; x_wconf 77' lang='lat' dir='ltr'>poss&#39;et</span> <span class='ocrx_word' id='word_1_222' title='bbox 991 1149 999 1162; x_wconf 93' lang='lat'>,</span> <span class='ocrx_word' id='word_1_223' title='bbox 1011 1129 1051 1162; x_wconf 84' lang='lat' dir='ltr'>id,</span> <span class='ocrx_word' id='word_1_224' title='bbox 1068 1127 1148 1169; x_wconf 91' lang='lat' dir='ltr'>quod</span> <span class='ocrx_word' id='word_1_225' title='bbox 1158 1137 1205 1157; x_wconf 89' lang='lat' dir='ltr'>ca-</span> 
     </span>
     <span class='ocr_line' id='line_1_27' title="bbox 245 1170 1205 1212; baseline -0.007 -6"><span class='ocrx_word' id='word_1_226' title='bbox 245 1177 294 1208; x_wconf 87' lang='lat' dir='ltr'>sus</span> <span class='ocrx_word' id='word_1_227' title='bbox 312 1173 479 1207; x_wconf 79' lang='lat' dir='ltr'>effudisset,</span> <span class='ocrx_word' id='word_1_228' title='bbox 500 1170 633 1203; x_wconf 76' lang='lat' dir='ltr'>cecidisse</span> <span class='ocrx_word' id='word_1_229' title='bbox 651 1171 785 1212; x_wconf 78' lang='lat' dir='ltr'>jucunde</span> <span class='ocrx_word' id='word_1_230' title='bbox 800 1182 805 1200; x_wconf 90' lang='lat'>:</span> <span class='ocrx_word' id='word_1_231' title='bbox 823 1171 993 1201; x_wconf 90' lang='lat' dir='ltr'>notandum</span> <span class='ocrx_word' id='word_1_232' title='bbox 1004 1172 1083 1201; x_wconf 77' lang='lat' dir='ltr'>certe</span> <span class='ocrx_word' id='word_1_233' title='bbox 1092 1179 1185 1211; x_wconf 85' lang='lat' dir='ltr'>genus</span> <span class='ocrx_word' id='word_1_234' title='bbox 1196 1189 1205 1202; x_wconf 84' lang='lat'>‚</span> 
     </span>
     <span class='ocr_line' id='line_1_28' title="bbox 244 1213 1203 1259; baseline -0.008 -11"><span class='ocrx_word' id='word_1_235' title='bbox 244 1227 332 1259; x_wconf 78' lang='lat' dir='ltr'>atque</span> <span class='ocrx_word' id='word_1_236' title='bbox 342 1215 395 1257; x_wconf 87' lang='lat' dir='ltr'>ipsi</span> <span class='ocrx_word' id='word_1_237' title='bbox 405 1215 458 1245; x_wconf 86' lang='lat' dir='ltr'>sibi</span> <span class='ocrx_word' id='word_1_238' title='bbox 468 1214 609 1245; x_wconf 79' lang='lat' dir='ltr'>imitandi</span> <span class='ocrx_word' id='word_1_239' title='bbox 617 1213 749 1243; x_wconf 87' lang='lat' dir='ltr'>fuerunt.</span> <span class='ocrx_word' id='word_1_240' title='bbox 784 1216 878 1243; x_wconf 84' lang='lat' dir='ltr'>Aures</span> <span class='ocrx_word' id='word_1_241' title='bbox 891 1215 974 1242; x_wconf 89' lang='lat' dir='ltr'>enim</span> <span class='ocrx_word' id='word_1_242' title='bbox 987 1233 994 1246; x_wconf 89' lang='lat'>‚</span> <span class='ocrx_word' id='word_1_243' title='bbox 1015 1213 1064 1242; x_wconf 88' lang='lat' dir='ltr'>vel</span> <span class='ocrx_word' id='word_1_244' title='bbox 1083 1214 1203 1242; x_wconf 88' lang='lat' dir='ltr'>animus</span> 
     </span>
     <span class='ocr_line' id='line_1_29' title="bbox 243 1255 1205 1296; baseline -0.007 -6"><span class='ocrx_word' id='word_1_245' title='bbox 243 1261 364 1290; x_wconf 86' lang='lat' dir='ltr'>aurium</span> <span class='ocrx_word' id='word_1_246' title='bbox 384 1259 493 1288; x_wconf 86' lang='lat' dir='ltr'>nuntio</span> <span class='ocrx_word' id='word_1_247' title='bbox 513 1256 677 1286; x_wconf 78' lang='lat' dir='ltr'>naturalem</span> <span class='ocrx_word' id='word_1_248' title='bbox 696 1255 844 1296; x_wconf 87' lang='lat' dir='ltr'>quandam</span> <span class='ocrx_word' id='word_1_249' title='bbox 855 1257 888 1284; x_wconf 89' lang='lat' dir='ltr'>in</span> <span class='ocrx_word' id='word_1_250' title='bbox 898 1255 926 1285; x_wconf 88' lang='lat' dir='ltr'>se</span> <span class='ocrx_word' id='word_1_251' title='bbox 939 1256 1076 1284; x_wconf 88' lang='lat' dir='ltr'>continet</span> <span class='ocrx_word' id='word_1_252' title='bbox 1092 1263 1205 1284; x_wconf 90' lang='lat' dir='ltr'>vocum</span> 
     </span>
     <span class='ocr_line' id='line_1_30' title="bbox 245 1295 1207 1338; baseline -0.006 -7"><span class='ocrx_word' id='word_1_253' title='bbox 245 1303 390 1332; x_wconf 87' lang='lat' dir='ltr'>omnium</span> <span class='ocrx_word' id='word_1_254' title='bbox 402 1298 602 1330; x_wconf 80' lang='lat' dir='ltr'>mensionem.</span> <span class='ocrx_word' id='word_1_255' title='bbox 626 1300 726 1338; x_wconf 87' lang='lat' dir='ltr'>Itaque</span> <span class='ocrx_word' id='word_1_256' title='bbox 738 1297 769 1327; x_wconf 87' lang='lat'>&amp;</span> <span class='ocrx_word' id='word_1_257' title='bbox 780 1298 924 1338; x_wconf 87' lang='lat' dir='ltr'>longiora,</span> <span class='ocrx_word' id='word_1_258' title='bbox 939 1297 970 1326; x_wconf 90' lang='lat'>&amp;</span> <span class='ocrx_word' id='word_1_259' title='bbox 982 1295 1207 1336; x_wconf 78' lang='lat' dir='ltr'>breviorajudi-</span> 
     </span>
     <span class='ocr_line' id='line_1_31' title="bbox 243 1338 1207 1382; baseline -0.008 -7"><span class='ocrx_word' id='word_1_260' title='bbox 243 1352 303 1377; x_wconf 84' lang='lat' dir='ltr'>cat,</span> <span class='ocrx_word' id='word_1_261' title='bbox 316 1344 348 1373; x_wconf 85' lang='lat'>&amp;</span> <span class='ocrx_word' id='word_1_262' title='bbox 360 1340 500 1382; x_wconf 67' lang='lat' dir='ltr'>perfefta,</span> <span class='ocrx_word' id='word_1_263' title='bbox 512 1351 545 1371; x_wconf 92' lang='lat' dir='ltr'>ac</span> <span class='ocrx_word' id='word_1_264' title='bbox 557 1340 707 1370; x_wconf 90' lang='lat' dir='ltr'>moderata</span> <span class='ocrx_word' id='word_1_265' title='bbox 718 1340 832 1379; x_wconf 86' lang='lat' dir='ltr'>semper</span> <span class='ocrx_word' id='word_1_266' title='bbox 841 1338 998 1378; x_wconf 69' lang='lat' dir='ltr'>exspe6iat.</span> <span class='ocrx_word' id='word_1_267' title='bbox 1022 1339 1133 1368; x_wconf 87' lang='lat' dir='ltr'>Mutila</span> <span class='ocrx_word' id='word_1_268' title='bbox 1141 1338 1207 1368; x_wconf 88' lang='lat' dir='ltr'>sen-</span> 
     </span>
     <span class='ocr_line' id='line_1_32' title="bbox 243 1379 1207 1427; baseline -0.007 -11"><span class='ocrx_word' id='word_1_269' title='bbox 243 1387 281 1416; x_wconf 87' lang='lat' dir='ltr'>tit</span> <span class='ocrx_word' id='word_1_270' title='bbox 289 1385 437 1427; x_wconf 80' lang='lat' dir='ltr'>quaedam‚</span> <span class='ocrx_word' id='word_1_271' title='bbox 450 1383 482 1413; x_wconf 86' lang='lat'>&amp;</span> <span class='ocrx_word' id='word_1_272' title='bbox 491 1381 570 1424; x_wconf 88' lang='lat' dir='ltr'>quasi</span> <span class='ocrx_word' id='word_1_273' title='bbox 580 1381 725 1412; x_wconf 83' lang='lat' dir='ltr'>decurtata</span> <span class='ocrx_word' id='word_1_274' title='bbox 737 1392 742 1410; x_wconf 82' lang='lat'>2</span> <span class='ocrx_word' id='word_1_275' title='bbox 753 1381 1016 1422; x_wconf 87' lang='lat' dir='ltr'>quibus,tanquam</span> <span class='ocrx_word' id='word_1_276' title='bbox 1026 1379 1119 1409; x_wconf 71' lang='lat' dir='ltr'>debito</span> <span class='ocrx_word' id='word_1_277' title='bbox 1128 1379 1207 1409; x_wconf 82' lang='lat' dir='ltr'>frau-</span> 
     </span>
     <span class='ocr_line' id='line_1_33' title="bbox 244 1420 1206 1464; baseline -0.009 -5"><span class='ocrx_word' id='word_1_278' title='bbox 244 1427 349 1461; x_wconf 82' lang='lat' dir='ltr'>detur,</span> <span class='ocrx_word' id='word_1_279' title='bbox 361 1425 539 1457; x_wconf 73' lang='lat' dir='ltr'>offenditur:</span> <span class='ocrx_word' id='word_1_280' title='bbox 555 1422 746 1464; x_wconf 66' lang='lat' dir='ltr'>produfflora</span> <span class='ocrx_word' id='word_1_281' title='bbox 756 1423 813 1452; x_wconf 86' lang='lat' dir='ltr'>alia</span> <span class='ocrx_word' id='word_1_282' title='bbox 823 1442 831 1456; x_wconf 95' lang='lat'>,</span> <span class='ocrx_word' id='word_1_283' title='bbox 844 1423 877 1452; x_wconf 69' lang='grc' dir='ltr'>ὃς</span> <span class='ocrx_word' id='word_1_284' title='bbox 886 1420 964 1463; x_wconf 85' lang='lat' dir='ltr'>quasi</span> <span class='ocrx_word' id='word_1_285' title='bbox 977 1420 1206 1452; x_wconf 71' lang='lat' dir='ltr'>immoderatius</span> 
     </span>
     <span class='ocr_line' id='line_1_34' title="bbox 244 1462 1204 1508; baseline -0.009 -7"><span class='ocrx_word' id='word_1_286' title='bbox 244 1470 441 1501; x_wconf 63' lang='lat' dir='ltr'>excurrentia,</span> <span class='ocrx_word' id='word_1_287' title='bbox 452 1477 517 1508; x_wconf 88' lang='lat' dir='ltr'>quae</span> <span class='ocrx_word' id='word_1_288' title='bbox 527 1467 620 1506; x_wconf 86' lang='lat' dir='ltr'>magis</span> <span class='ocrx_word' id='word_1_289' title='bbox 630 1467 720 1495; x_wconf 88' lang='lat' dir='ltr'>etiam</span> <span class='ocrx_word' id='word_1_290' title='bbox 733 1465 923 1504; x_wconf 86' lang='lat' dir='ltr'>aspernantur</span> <span class='ocrx_word' id='word_1_291' title='bbox 932 1473 1014 1493; x_wconf 82' lang='lat' dir='ltr'>aures</span> <span class='ocrx_word' id='word_1_292' title='bbox 1025 1475 1029 1492; x_wconf 89' lang='lat'><strong>:</strong></span> <span class='ocrx_word' id='word_1_293' title='bbox 1039 1462 1121 1504; x_wconf 79' lang='lat' dir='ltr'>quod</span> <span class='ocrx_word' id='word_1_294' title='bbox 1131 1462 1204 1493; x_wconf 77' lang='lat' dir='ltr'>cum</span> 
     </span>
     <span class='ocr_line' id='line_1_35' title="bbox 245 1504 1205 1552; baseline -0.007 -10"><span class='ocrx_word' id='word_1_295' title='bbox 245 1514 279 1542; x_wconf 82' lang='lat' dir='ltr'>in</span> <span class='ocrx_word' id='word_1_296' title='bbox 289 1511 435 1552; x_wconf 89' lang='lat' dir='ltr'>plerisque</span> <span class='ocrx_word' id='word_1_297' title='bbox 445 1529 453 1543; x_wconf 87' lang='lat'>‚</span> <span class='ocrx_word' id='word_1_298' title='bbox 475 1518 542 1539; x_wconf 89' lang='lat' dir='ltr'>tum</span> <span class='ocrx_word' id='word_1_299' title='bbox 552 1510 584 1538; x_wconf 88' lang='lat' dir='ltr'>in</span> <span class='ocrx_word' id='word_1_300' title='bbox 595 1508 654 1537; x_wconf 87' lang='lat' dir='ltr'>hoc</span> <span class='ocrx_word' id='word_1_301' title='bbox 662 1516 769 1547; x_wconf 82' lang='lat' dir='ltr'>genere</span> <span class='ocrx_word' id='word_1_302' title='bbox 780 1509 931 1536; x_wconf 70' lang='lat' dir='ltr'>Nimium</span> <span class='ocrx_word' id='word_1_303' title='bbox 942 1506 1023 1546; x_wconf 90' lang='lat' dir='ltr'>quod</span> <span class='ocrx_word' id='word_1_304' title='bbox 1034 1505 1077 1536; x_wconf 90' lang='lat' dir='ltr'>est</span> <span class='ocrx_word' id='word_1_305' title='bbox 1087 1525 1095 1539; x_wconf 89' lang='lat'>‚</span> <span class='ocrx_word' id='word_1_306' title='bbox 1108 1504 1205 1535; x_wconf 82' lang='lat' dir='ltr'>offen-</span> 
     </span>
     <span class='ocr_line' id='line_1_36' title="bbox 245 1547 1207 1591; baseline -0.007 -7"><span class='ocrx_word' id='word_1_307' title='bbox 245 1554 291 1585; x_wconf 86' lang='lat' dir='ltr'>dit</span> <span class='ocrx_word' id='word_1_308' title='bbox 299 1550 524 1583; x_wconf 76' lang='lat' dir='ltr'>vehementius,</span> <span class='ocrx_word' id='word_1_309' title='bbox 537 1549 627 1591; x_wconf 70' lang='lat' dir='ltr'>quam</span> <span class='ocrx_word' id='word_1_310' title='bbox 638 1550 668 1579; x_wconf 86' lang='lat' dir='ltr'>id</span> <span class='ocrx_word' id='word_1_311' title='bbox 680 1569 688 1583; x_wconf 83' lang='lat'>‚</span> <span class='ocrx_word' id='word_1_312' title='bbox 700 1547 782 1590; x_wconf 91' lang='lat' dir='ltr'>quod</span> <span class='ocrx_word' id='word_1_313' title='bbox 793 1548 912 1578; x_wconf 84' lang='lat' dir='ltr'>videtur</span> <span class='ocrx_word' id='word_1_314' title='bbox 921 1557 1038 1587; x_wconf 87' lang='lat' dir='ltr'>parum.</span> <span class='ocrx_word' id='word_1_315' title='bbox 1064 1550 1107 1578; x_wconf 89' lang='lat' dir='ltr'>Ut</span> <span class='ocrx_word' id='word_1_316' title='bbox 1117 1549 1207 1589; x_wconf 83' lang='lat' dir='ltr'>igitur</span> 
     </span>
     <span class='ocr_line' id='line_1_37' title="bbox 243 1589 1207 1637; baseline -0.008 -11"><span class='ocrx_word' id='word_1_317' title='bbox 243 1597 378 1637; x_wconf 76' lang='lat' dir='ltr'>poetica,</span> <span class='ocrx_word' id='word_1_318' title='bbox 397 1593 538 1624; x_wconf 85' lang='lat' dir='ltr'>&amp;versus</span> <span class='ocrx_word' id='word_1_319' title='bbox 551 1594 693 1622; x_wconf 84' lang='lat' dir='ltr'>inventus</span> <span class='ocrx_word' id='word_1_320' title='bbox 709 1589 751 1620; x_wconf 85' lang='lat' dir='ltr'>est</span> <span class='ocrx_word' id='word_1_321' title='bbox 769 1591 982 1620; x_wconf 85' lang='lat' dir='ltr'>terminatione</span> <span class='ocrx_word' id='word_1_322' title='bbox 993 1591 1129 1623; x_wconf 88' lang='lat' dir='ltr'>aurium,</span> <span class='ocrx_word' id='word_1_323' title='bbox 1150 1589 1207 1619; x_wconf 91' lang='lat' dir='ltr'>ob-</span> 
     </span>
     <span class='ocr_line' id='line_1_38' title="bbox 242 1630 1206 1676; baseline -0.009 -7"><span class='ocrx_word' id='word_1_324' title='bbox 242 1638 409 1669; x_wconf 80' lang='lat' dir='ltr'>servatione</span> <span class='ocrx_word' id='word_1_325' title='bbox 418 1634 613 1676; x_wconf 79' lang='lat' dir='ltr'>piudentium</span> <span class='ocrx_word' id='word_1_326' title='bbox 625 1644 630 1662; x_wconf 93' lang='lat'><strong>:</strong></span> <span class='ocrx_word' id='word_1_327' title='bbox 657 1631 694 1663; x_wconf 83' lang='lat' dir='ltr'>sic</span> <span class='ocrx_word' id='word_1_328' title='bbox 706 1634 737 1662; x_wconf 90' lang='lat' dir='ltr'>in</span> <span class='ocrx_word' id='word_1_329' title='bbox 748 1634 883 1662; x_wconf 87' lang='lat' dir='ltr'>oratione</span> <span class='ocrx_word' id='word_1_330' title='bbox 893 1632 1134 1662; x_wconf 89' lang='lat' dir='ltr'>animadversum</span> <span class='ocrx_word' id='word_1_331' title='bbox 1144 1630 1187 1661; x_wconf 89' lang='lat' dir='ltr'>est</span> <span class='ocrx_word' id='word_1_332' title='bbox 1197 1651 1206 1665; x_wconf 84' lang='lat'>‚</span> 
     </span>
     <span class='ocr_line' id='line_1_39' title="bbox 244 1672 1227 1719; baseline -0.008 -9"><span class='ocrx_word' id='word_1_333' title='bbox 244 1680 347 1710; x_wconf 89' lang='lat' dir='ltr'>multo</span> <span class='ocrx_word' id='word_1_334' title='bbox 365 1678 441 1709; x_wconf 90' lang='lat' dir='ltr'>illud</span> <span class='ocrx_word' id='word_1_335' title='bbox 452 1676 576 1719; x_wconf 90' lang='lat' dir='ltr'>quidem</span> <span class='ocrx_word' id='word_1_336' title='bbox 588 1673 680 1706; x_wconf 77' lang='lat' dir='ltr'>serius</span> <span class='ocrx_word' id='word_1_337' title='bbox 691 1694 699 1708; x_wconf 87' lang='lat'><em>‚</em></span> <span class='ocrx_word' id='word_1_338' title='bbox 719 1674 768 1705; x_wconf 90' lang='lat' dir='ltr'>sed</span> <span class='ocrx_word' id='word_1_339' title='bbox 778 1672 882 1704; x_wconf 73' lang='lat' dir='ltr'>eadem</span> <span class='ocrx_word' id='word_1_340' title='bbox 893 1683 992 1703; x_wconf 87' lang='lat' dir='ltr'>natura</span> <span class='ocrx_word' id='word_1_341' title='bbox 1003 1673 1185 1704; x_wconf 88' lang='lat' dir='ltr'>admonente</span> <span class='ocrx_word' id='word_1_342' title='bbox 1197 1693 1206 1707; x_wconf 85' lang='lat'>,</span> <span class='ocrx_word' id='word_1_343' title='bbox 1225 1677 1227 1686; x_wconf 78' lang='lat'><strong>⁴</strong></span> 
     </span>
     <span class='ocr_line' id='line_1_40' title="bbox 245 1714 1205 1762; baseline -0.008 -10"><span class='ocrx_word' id='word_1_344' title='bbox 245 1720 306 1752; x_wconf 80' lang='lat' dir='ltr'>effe</span> <span class='ocrx_word' id='word_1_345' title='bbox 325 1720 470 1762; x_wconf 79' lang='lat' dir='ltr'>quosdam</span> <span class='ocrx_word' id='word_1_346' title='bbox 489 1726 585 1750; x_wconf 84' lang='lat' dir='ltr'>certos</span> <span class='ocrx_word' id='word_1_347' title='bbox 606 1717 705 1747; x_wconf 86' lang='lat' dir='ltr'>cursus</span> <span class='ocrx_word' id='word_1_348' title='bbox 716 1736 724 1749; x_wconf 85' lang='lat'><strong>‚</strong></span> <span class='ocrx_word' id='word_1_349' title='bbox 744 1714 1010 1756; x_wconf 73' lang='lat' dir='ltr'>conclusionesque</span> <span class='ocrx_word' id='word_1_350' title='bbox 1030 1715 1205 1745; x_wconf 86' lang='lat' dir='ltr'>verborum.</span> 
     </span>
     <span class='ocr_line' id='line_1_41' title="bbox 244 1757 1206 1806; baseline -0.008 -12"><span class='ocrx_word' id='word_1_351' title='bbox 244 1766 402 1806; x_wconf 83' lang='lat' dir='ltr'>Qoniam</span> <span class='ocrx_word' id='word_1_352' title='bbox 413 1763 501 1803; x_wconf 85' lang='lat' dir='ltr'>igitur</span> <span class='ocrx_word' id='word_1_353' title='bbox 509 1760 625 1790; x_wconf 83' lang='lat' dir='ltr'>causam</span> <span class='ocrx_word' id='word_1_354' title='bbox 638 1768 756 1799; x_wconf 87' lang='lat' dir='ltr'>quoque</span> <span class='ocrx_word' id='word_1_355' title='bbox 767 1757 1102 1788; x_wconf 72' lang='lat' dir='ltr'>ostendimuszmtuiam</span> <span class='ocrx_word' id='word_1_356' title='bbox 1114 1768 1206 1790; x_wconf 91' lang='lat' dir='ltr'>nunc,</span> 
     </span>
     <span class='ocr_line' id='line_1_42' title="bbox 245 1799 1207 1846; baseline -0.007 -10"><span class='ocrx_word' id='word_1_357' title='bbox 245 1806 289 1846; x_wconf 92' lang='lat' dir='ltr'>(id</span> <span class='ocrx_word' id='word_1_358' title='bbox 300 1807 384 1835; x_wconf 91' lang='lat' dir='ltr'>enim</span> <span class='ocrx_word' id='word_1_359' title='bbox 395 1812 454 1834; x_wconf 87' lang='lat' dir='ltr'>erat</span> <span class='ocrx_word' id='word_1_360' title='bbox 463 1802 597 1840; x_wconf 73' lang='lat' dir='ltr'>tertium)</span> <span class='ocrx_word' id='word_1_361' title='bbox 608 1799 628 1829; x_wconf 85' lang='lat' dir='ltr'>si</span> <span class='ocrx_word' id='word_1_362' title='bbox 638 1804 740 1840; x_wconf 81' lang='lat' dir='ltr'>piacet,</span> <span class='ocrx_word' id='word_1_363' title='bbox 759 1801 946 1840; x_wconf 82' lang='lat' dir='ltr'>explicemus</span> <span class='ocrx_word' id='word_1_364' title='bbox 958 1810 963 1828; x_wconf 73' lang='lat'><em>2</em></span> <span class='ocrx_word' id='word_1_365' title='bbox 973 1809 1038 1840; x_wconf 86' lang='lat' dir='ltr'>quae</span> <span class='ocrx_word' id='word_1_366' title='bbox 1048 1799 1207 1840; x_wconf 88' lang='lat' dir='ltr'>disputatio</span> 
     </span>
     <span class='ocr_line' id='line_1_43' title="bbox 244 1841 1206 1883; baseline -0.008 -5"><span class='ocrx_word' id='word_1_367' title='bbox 244 1858 310 1879; x_wconf 90' lang='lat' dir='ltr'>nori</span> <span class='ocrx_word' id='word_1_368' title='bbox 329 1847 417 1883; x_wconf 84' lang='lat' dir='ltr'>hujus</span> <span class='ocrx_word' id='word_1_369' title='bbox 438 1844 566 1875; x_wconf 89' lang='lat' dir='ltr'>instituti</span> <span class='ocrx_word' id='word_1_370' title='bbox 576 1844 722 1873; x_wconf 82' lang='lat' dir='ltr'>sermonis</span> <span class='ocrx_word' id='word_1_371' title='bbox 732 1841 775 1871; x_wconf 90' lang='lat' dir='ltr'>est</span> <span class='ocrx_word' id='word_1_372' title='bbox 786 1862 794 1875; x_wconf 95' lang='lat'>,</span> <span class='ocrx_word' id='word_1_373' title='bbox 814 1841 861 1872; x_wconf 89' lang='lat' dir='ltr'>sed</span> <span class='ocrx_word' id='word_1_374' title='bbox 871 1843 939 1871; x_wconf 89' lang='lat' dir='ltr'>artis</span> <span class='ocrx_word' id='word_1_375' title='bbox 949 1844 1076 1871; x_wconf 86' lang='lat' dir='ltr'>intimae.</span> <span class='ocrx_word' id='word_1_376' title='bbox 1136 1843 1206 1870; x_wconf 88' lang='lat' dir='ltr'>uaeri</span> 
     </span>
     <span class='ocr_line' id='line_1_44' title="bbox 244 1882 1206 1929; baseline -0.008 -9"><span class='ocrx_word' id='word_1_377' title='bbox 244 1891 329 1920; x_wconf 86' lang='lat' dir='ltr'>enim</span> <span class='ocrx_word' id='word_1_378' title='bbox 339 1884 452 1929; x_wconf 85' lang='lat' dir='ltr'>potest,</span> <span class='ocrx_word' id='word_1_379' title='bbox 463 1888 515 1927; x_wconf 90' lang='lat' dir='ltr'>qui</span> <span class='ocrx_word' id='word_1_380' title='bbox 527 1885 560 1915; x_wconf 86' lang='lat' dir='ltr'>sit</span> <span class='ocrx_word' id='word_1_381' title='bbox 570 1885 714 1914; x_wconf 88' lang='lat' dir='ltr'>orationis</span> <span class='ocrx_word' id='word_1_382' title='bbox 726 1893 881 1917; x_wconf 54' lang='lat' dir='ltr'>numeru&amp;</span> <span class='ocrx_word' id='word_1_383' title='bbox 894 1883 925 1913; x_wconf 88' lang='lat'>&amp;</span> <span class='ocrx_word' id='word_1_384' title='bbox 937 1883 988 1913; x_wconf 77' lang='lat' dir='ltr'>ubi</span> <span class='ocrx_word' id='word_1_385' title='bbox 999 1882 1031 1913; x_wconf 88' lang='lat' dir='ltr'>sit</span> <span class='ocrx_word' id='word_1_386' title='bbox 1041 1882 1161 1923; x_wconf 86' lang='lat' dir='ltr'>positus,</span> <span class='ocrx_word' id='word_1_387' title='bbox 1174 1883 1206 1912; x_wconf 86' lang='lat'>&amp;</span> 
     </span>
     <span class='ocr_line' id='line_1_45' title="bbox 246 1920 1228 1970; baseline -0.007 -9"><span class='ocrx_word' id='word_1_388' title='bbox 246 1939 332 1962; x_wconf 85' lang='lat' dir='ltr'>natus</span> <span class='ocrx_word' id='word_1_389' title='bbox 341 1940 378 1961; x_wconf 87' lang='lat' dir='ltr'>ex</span> <span class='ocrx_word' id='word_1_390' title='bbox 386 1939 465 1970; x_wconf 88' lang='lat' dir='ltr'>quo:</span> <span class='ocrx_word' id='word_1_391' title='bbox 487 1929 556 1958; x_wconf 88' lang='lat' dir='ltr'>&amp;is</span> <span class='ocrx_word' id='word_1_392' title='bbox 567 1926 682 1956; x_wconf 86' lang='lat' dir='ltr'>unusne</span> <span class='ocrx_word' id='word_1_393' title='bbox 693 1923 726 1955; x_wconf 86' lang='lat' dir='ltr'>sit</span> <span class='ocrx_word' id='word_1_394' title='bbox 737 1945 744 1958; x_wconf 89' lang='lat'><em>‚</em></span> <span class='ocrx_word' id='word_1_395' title='bbox 762 1935 800 1955; x_wconf 86' lang='lat' dir='ltr'>an</span> <span class='ocrx_word' id='word_1_396' title='bbox 810 1925 871 1955; x_wconf 91' lang='lat' dir='ltr'>duo</span> <span class='ocrx_word' id='word_1_397' title='bbox 881 1945 889 1959; x_wconf 93' lang='lat'>‚</span> <span class='ocrx_word' id='word_1_398' title='bbox 909 1935 945 1955; x_wconf 89' lang='lat' dir='ltr'>an</span> <span class='ocrx_word' id='word_1_399' title='bbox 955 1926 1068 1965; x_wconf 88' lang='lat' dir='ltr'>plures,</span> <span class='ocrx_word' id='word_1_400' title='bbox 1093 1935 1207 1966; x_wconf 88' lang='lat' dir='ltr'>quaque</span> <span class='ocrx_word' id='word_1_401' title='bbox 1226 1920 1228 1968; x_wconf 55' lang='grc' dir='ltr'>ζ</span> 
     </span>
     <span class='ocr_line' id='line_1_46' title="bbox 243 1967 1228 2011; baseline -0.008 -7"><span class='ocrx_word' id='word_1_402' title='bbox 243 1976 360 2003; x_wconf 83' lang='lat' dir='ltr'>ratione</span> <span class='ocrx_word' id='word_1_403' title='bbox 372 1978 571 2011; x_wconf 79' lang='lat' dir='ltr'>componatur</span> <span class='ocrx_word' id='word_1_404' title='bbox 582 1988 590 2002; x_wconf 89' lang='lat'>‚</span> <span class='ocrx_word' id='word_1_405' title='bbox 606 1968 638 1998; x_wconf 72' lang='grc' dir='ltr'>δε</span> <span class='ocrx_word' id='word_1_406' title='bbox 647 1967 682 1997; x_wconf 89' lang='lat' dir='ltr'>ad</span> <span class='ocrx_word' id='word_1_407' title='bbox 692 1977 783 2007; x_wconf 84' lang='lat' dir='ltr'>quam</span> <span class='ocrx_word' id='word_1_408' title='bbox 794 1977 857 1997; x_wconf 91' lang='lat' dir='ltr'>rem</span> <span class='ocrx_word' id='word_1_409' title='bbox 869 1987 876 2000; x_wconf 88' lang='lat'><em>.</em></span> <span class='ocrx_word' id='word_1_410' title='bbox 900 1967 932 1996; x_wconf 90' lang='lat'>&amp;</span> <span class='ocrx_word' id='word_1_411' title='bbox 942 1967 1062 2007; x_wconf 73' lang='lat' dir='ltr'>quando</span> <span class='ocrx_word' id='word_1_412' title='bbox 1073 1987 1080 2001; x_wconf 92' lang='lat'>,</span> <span class='ocrx_word' id='word_1_413' title='bbox 1101 1968 1132 1997; x_wconf 86' lang='lat'>&amp;</span> <span class='ocrx_word' id='word_1_414' title='bbox 1144 1977 1206 2008; x_wconf 84' lang='lat' dir='ltr'>quo</span> <span class='ocrx_word' id='word_1_415' title='bbox 1226 1971 1228 2000; x_wconf 70' lang='grc' dir='ltr'><strong><em>ξ</em></strong></span> 
     </span>
     <span class='ocr_line' id='line_1_47' title="bbox 244 2008 1228 2054; baseline -0.007 -9"><span class='ocrx_word' id='word_1_416' title='bbox 244 2016 313 2045; x_wconf 84' lang='lat' dir='ltr'>loco</span> <span class='ocrx_word' id='word_1_417' title='bbox 326 2036 333 2047; x_wconf 91' lang='lat'>,</span> <span class='ocrx_word' id='word_1_418' title='bbox 355 2014 387 2044; x_wconf 69' lang='grc' dir='ltr'>ὃς</span> <span class='ocrx_word' id='word_1_419' title='bbox 397 2010 658 2054; x_wconf 86' lang='lat' dir='ltr'>quemadmodum</span> <span class='ocrx_word' id='word_1_420' title='bbox 671 2009 822 2039; x_wconf 77' lang='lat' dir='ltr'>adhibitus</span> <span class='ocrx_word' id='word_1_421' title='bbox 830 2008 942 2049; x_wconf 87' lang='lat' dir='ltr'>aliquid</span> <span class='ocrx_word' id='word_1_422' title='bbox 959 2009 1120 2049; x_wconf 85' lang='lat' dir='ltr'>voluptatis</span> <span class='ocrx_word' id='word_1_423' title='bbox 1134 2008 1206 2039; x_wconf 79' lang='lat' dir='ltr'>affe·</span> <span class='ocrx_word' id='word_1_424' title='bbox 1226 2008 1228 2011; x_wconf 78' lang='grc'>’</span> 
     </span>
     <span class='ocr_line' id='line_1_48' title="bbox 244 2049 1206 2094; baseline -0.007 -7"><span class='ocrx_word' id='word_1_425' title='bbox 244 2067 295 2088; x_wconf 85' lang='lat' dir='ltr'>rat.</span> <span class='ocrx_word' id='word_1_426' title='bbox 319 2056 374 2087; x_wconf 87' lang='lat' dir='ltr'>Sed</span> <span class='ocrx_word' id='word_1_427' title='bbox 386 2076 393 2089; x_wconf 96' lang='lat'>,</span> <span class='ocrx_word' id='word_1_428' title='bbox 406 2057 480 2085; x_wconf 88' lang='lat' dir='ltr'>utin</span> <span class='ocrx_word' id='word_1_429' title='bbox 490 2053 638 2094; x_wconf 84' lang='lat' dir='ltr'>plerisque</span> <span class='ocrx_word' id='word_1_430' title='bbox 648 2051 734 2081; x_wconf 84' lang='lat' dir='ltr'>rebus</span> <span class='ocrx_word' id='word_1_431' title='bbox 744 2072 752 2084; x_wconf 89' lang='lat'>‚</span> <span class='ocrx_word' id='word_1_432' title='bbox 765 2049 846 2081; x_wconf 81' lang='lat' dir='ltr'>sicin</span> <span class='ocrx_word' id='word_1_433' title='bbox 856 2052 922 2083; x_wconf 78' lang='lat' dir='ltr'>hac,</span> <span class='ocrx_word' id='word_1_434' title='bbox 936 2050 1049 2091; x_wconf 86' lang='lat' dir='ltr'>duplex</span> <span class='ocrx_word' id='word_1_435' title='bbox 1058 2050 1100 2081; x_wconf 85' lang='lat' dir='ltr'>est</span> <span class='ocrx_word' id='word_1_436' title='bbox 1109 2050 1206 2081; x_wconf 92' lang='lat' dir='ltr'>consi-</span> 
     </span>
     <span class='ocr_line' id='line_1_49' title="bbox 245 2092 1207 2137; baseline -0.006 -8"><span class='ocrx_word' id='word_1_437' title='bbox 245 2098 369 2129; x_wconf 73' lang='lat' dir='ltr'>derandi</span> <span class='ocrx_word' id='word_1_438' title='bbox 378 2099 441 2127; x_wconf 83' lang='lat' dir='ltr'>via:</span> <span class='ocrx_word' id='word_1_439' title='bbox 461 2104 587 2137; x_wconf 83' lang='lat' dir='ltr'>quarum</span> <span class='ocrx_word' id='word_1_440' title='bbox 599 2094 686 2123; x_wconf 85' lang='lat' dir='ltr'>altera</span> <span class='ocrx_word' id='word_1_441' title='bbox 697 2093 738 2122; x_wconf 87' lang='lat' dir='ltr'>est</span> <span class='ocrx_word' id='word_1_442' title='bbox 750 2094 868 2134; x_wconf 83' lang='lat' dir='ltr'>longior</span> <span class='ocrx_word' id='word_1_443' title='bbox 879 2113 888 2125; x_wconf 84' lang='lat'>,</span> <span class='ocrx_word' id='word_1_444' title='bbox 901 2092 1020 2123; x_wconf 86' lang='lat' dir='ltr'>brevior</span> <span class='ocrx_word' id='word_1_445' title='bbox 1029 2093 1118 2123; x_wconf 89' lang='lat' dir='ltr'>altera</span> <span class='ocrx_word' id='word_1_446' title='bbox 1129 2113 1137 2126; x_wconf 86' lang='lat'><strong>‚</strong></span> <span class='ocrx_word' id='word_1_447' title='bbox 1159 2103 1207 2123; x_wconf 88' lang='lat' dir='ltr'>ea-</span> 
     </span>
     <span class='ocr_line' id='line_1_50' title="bbox 245 2134 1204 2178; baseline -0.007 -7"><span class='ocrx_word' id='word_1_448' title='bbox 245 2141 315 2171; x_wconf 82' lang='lat' dir='ltr'>dem</span> <span class='ocrx_word' id='word_1_449' title='bbox 327 2141 416 2170; x_wconf 86' lang='lat' dir='ltr'>etiam</span> <span class='ocrx_word' id='word_1_450' title='bbox 429 2138 556 2178; x_wconf 79' lang='lat' dir='ltr'>planior.</span> <span class='ocrx_word' id='word_1_451' title='bbox 576 2135 628 2166; x_wconf 89' lang='lat' dir='ltr'>Est</span> <span class='ocrx_word' id='word_1_452' title='bbox 637 2144 738 2165; x_wconf 87' lang='lat' dir='ltr'>autem</span> <span class='ocrx_word' id='word_1_453' title='bbox 748 2135 894 2174; x_wconf 86' lang='lat' dir='ltr'>longioris</span> <span class='ocrx_word' id='word_1_454' title='bbox 903 2136 998 2173; x_wconf 80' lang='lat' dir='ltr'>prima</span> <span class='ocrx_word' id='word_1_455' title='bbox 1009 2135 1059 2164; x_wconf 89' lang='lat' dir='ltr'>illa</span> <span class='ocrx_word' id='word_1_456' title='bbox 1069 2145 1132 2175; x_wconf 80' lang='lat' dir='ltr'>quae</span> <span class='ocrx_word' id='word_1_457' title='bbox 1138 2134 1204 2168; x_wconf 87' lang='lat' dir='ltr'>stio,</span> 
     </span>
     <span class='ocr_line' id='line_1_51' title="bbox 245 2175 1228 2217; baseline -0.008 -4"><span class='ocrx_word' id='word_1_458' title='bbox 245 2181 319 2213; x_wconf 81' lang='lat' dir='ltr'>fitne</span> <span class='ocrx_word' id='word_1_459' title='bbox 338 2182 469 2210; x_wconf 81' lang='lat' dir='ltr'>omnino</span> <span class='ocrx_word' id='word_1_460' title='bbox 489 2179 549 2208; x_wconf 89' lang='lat' dir='ltr'>ulla</span> <span class='ocrx_word' id='word_1_461' title='bbox 565 2177 706 2215; x_wconf 54' lang='lat' dir='ltr'>numeros&amp;</span> <span class='ocrx_word' id='word_1_462' title='bbox 725 2176 824 2204; x_wconf 71' lang='lat' dir='ltr'>orario.</span> <span class='ocrx_word' id='word_1_463' title='bbox 848 2175 1036 2217; x_wconf 77' lang='lat' dir='ltr'>Qibusdam</span> <span class='ocrx_word' id='word_1_464' title='bbox 1047 2179 1131 2205; x_wconf 90' lang='lat' dir='ltr'>enim</span> <span class='ocrx_word' id='word_1_465' title='bbox 1143 2187 1205 2205; x_wconf 90' lang='lat' dir='ltr'>nori</span> <span class='ocrx_word' id='word_1_466' title='bbox 1226 2184 1228 2214; x_wconf 57' lang='grc' dir='ltr'><em>ζ</em></span> 
     </span>
     <span class='ocr_line' id='line_1_52' title="bbox 243 2215 1227 2262; baseline -0.01 -8"><span class='ocrx_word' id='word_1_467' title='bbox 243 2223 365 2255; x_wconf 82' lang='lat' dir='ltr'>videtui·</span> <span class='ocrx_word' id='word_1_468' title='bbox 378 2233 383 2250; x_wconf 91' lang='lat'>:</span> <span class='ocrx_word' id='word_1_469' title='bbox 403 2224 472 2262; x_wconf 77' lang='lat' dir='ltr'>quia</span> <span class='ocrx_word' id='word_1_470' title='bbox 483 2220 561 2250; x_wconf 86' lang='lat' dir='ltr'>nihil</span> <span class='ocrx_word' id='word_1_471' title='bbox 573 2217 639 2249; x_wconf 86' lang='lat' dir='ltr'>insit</span> <span class='ocrx_word' id='word_1_472' title='bbox 650 2221 683 2247; x_wconf 90' lang='lat' dir='ltr'>in</span> <span class='ocrx_word' id='word_1_473' title='bbox 692 2228 724 2247; x_wconf 89' lang='lat' dir='ltr'>ea</span> <span class='ocrx_word' id='word_1_474' title='bbox 735 2219 827 2250; x_wconf 83' lang='lat' dir='ltr'>certi,</span> <span class='ocrx_word' id='word_1_475' title='bbox 840 2226 870 2246; x_wconf 90' lang='lat' dir='ltr'>ut</span> <span class='ocrx_word' id='word_1_476' title='bbox 883 2227 914 2246; x_wconf 90' lang='lat' dir='ltr'>in</span> <span class='ocrx_word' id='word_1_477' title='bbox 924 2215 1053 2246; x_wconf 86' lang='lat' dir='ltr'>versibus</span> <span class='ocrx_word' id='word_1_478' title='bbox 1064 2228 1068 2245; x_wconf 82' lang='lat' dir='ltr'>z</span> <span class='ocrx_word' id='word_1_479' title='bbox 1081 2217 1114 2246; x_wconf 74' lang='grc' dir='ltr'>δε</span> <span class='ocrx_word' id='word_1_480' title='bbox 1124 2216 1206 2257; x_wconf 72' lang='lat' dir='ltr'>quod</span> <span class='ocrx_word' id='word_1_481' title='bbox 1226 2248 1227 2251; x_wconf 14' lang='grc' dir='ltr'><strong>Ἴ</strong></span> 
     </span>
     <span class='ocr_line' id='line_1_53' title="bbox 244 2257 1227 2306; baseline -0.008 -11"><span class='ocrx_word' id='word_1_482' title='bbox 244 2264 309 2306; x_wconf 85' lang='lat' dir='ltr'>ipsi,</span> <span class='ocrx_word' id='word_1_483' title='bbox 320 2266 372 2305; x_wconf 90' lang='lat' dir='ltr'>qui</span> <span class='ocrx_word' id='word_1_484' title='bbox 382 2263 532 2293; x_wconf 79' lang='lat' dir='ltr'>affirmant</span> <span class='ocrx_word' id='word_1_485' title='bbox 541 2271 590 2291; x_wconf 83' lang='lat' dir='ltr'>eos</span> <span class='ocrx_word' id='word_1_486' title='bbox 602 2258 822 2292; x_wconf 74' lang='lat' dir='ltr'>ess&#39;e&#39;numeros,</span> <span class='ocrx_word' id='word_1_487' title='bbox 835 2260 992 2292; x_wconf 80' lang='lat' dir='ltr'>rationem,</span> <span class='ocrx_word' id='word_1_488' title='bbox 1003 2268 1055 2288; x_wconf 91' lang='lat' dir='ltr'>cur</span> <span class='ocrx_word' id='word_1_489' title='bbox 1065 2257 1129 2292; x_wconf 89' lang='lat' dir='ltr'>sint,</span> <span class='ocrx_word' id='word_1_490' title='bbox 1141 2268 1206 2288; x_wconf 90' lang='lat' dir='ltr'>non</span> <span class='ocrx_word' id='word_1_491' title='bbox 1226 2261 1227 2288; x_wconf 68' lang='lat'>1</span> 
     </span>
     <span class='ocr_line' id='line_1_54' title="bbox 267 2299 1206 2341; baseline -0.01 -4"><span class='ocrx_word' id='word_1_492' title='bbox 267 2315 354 2337; x_wconf 89' lang='lat' dir='ltr'>ueant</span> <span class='ocrx_word' id='word_1_493' title='bbox 364 2305 494 2335; x_wconf 87' lang='lat' dir='ltr'>reddere.</span> <span class='ocrx_word' id='word_1_494' title='bbox 519 2302 627 2333; x_wconf 87' lang='lat' dir='ltr'>deinde</span> <span class='ocrx_word' id='word_1_495' title='bbox 639 2322 648 2334; x_wconf 95' lang='lat'>,</span> <span class='ocrx_word' id='word_1_496' title='bbox 661 2300 682 2330; x_wconf 88' lang='lat' dir='ltr'>fi</span> <span class='ocrx_word' id='word_1_497' title='bbox 692 2299 726 2330; x_wconf 85' lang='lat' dir='ltr'>fit</span> <span class='ocrx_word' id='word_1_498' title='bbox 737 2309 880 2329; x_wconf 88' lang='lat' dir='ltr'>numerus</span> <span class='ocrx_word' id='word_1_499' title='bbox 894 2301 926 2329; x_wconf 91' lang='lat' dir='ltr'>in</span> <span class='ocrx_word' id='word_1_500' title='bbox 937 2301 1073 2330; x_wconf 89' lang='lat' dir='ltr'>oratione</span> <span class='ocrx_word' id='word_1_501' title='bbox 1086 2311 1091 2328; x_wconf 87' lang='lat'>:</span> <span class='ocrx_word' id='word_1_502' title='bbox 1110 2301 1206 2341; x_wconf 88' lang='lat' dir='ltr'>qualis</span> 
     </span>
     <span class='ocr_line' id='line_1_55' title="bbox 243 2342 1226 2388; baseline -0.009 -9"><span class='ocrx_word' id='word_1_503' title='bbox 243 2358 279 2380; x_wconf 76' lang='lat' dir='ltr'>iit</span> <span class='ocrx_word' id='word_1_504' title='bbox 290 2370 298 2382; x_wconf 90' lang='lat'>‚</span> <span class='ocrx_word' id='word_1_505' title='bbox 319 2356 369 2378; x_wconf 87' lang='lat' dir='ltr'>aut</span> <span class='ocrx_word' id='word_1_506' title='bbox 378 2346 494 2388; x_wconf 87' lang='lat' dir='ltr'>quales:</span> <span class='ocrx_word' id='word_1_507' title='bbox 516 2345 548 2375; x_wconf 72' lang='grc' dir='ltr'>δε</span> <span class='ocrx_word' id='word_1_508' title='bbox 560 2344 576 2374; x_wconf 77' lang='grc' dir='ltr'>ὲ</span> <span class='ocrx_word' id='word_1_509' title='bbox 587 2343 751 2384; x_wconf 74' lang='lat' dir='ltr'>poeticisne</span> <span class='ocrx_word' id='word_1_510' title='bbox 761 2344 913 2374; x_wconf 86' lang='lat' dir='ltr'>numeris,</span> <span class='ocrx_word' id='word_1_511' title='bbox 934 2351 971 2372; x_wconf 86' lang='lat' dir='ltr'>an</span> <span class='ocrx_word' id='word_1_512' title='bbox 983 2351 1020 2371; x_wconf 90' lang='lat' dir='ltr'>ex</span> <span class='ocrx_word' id='word_1_513' title='bbox 1030 2342 1089 2371; x_wconf 89' lang='lat' dir='ltr'>alio</span> <span class='ocrx_word' id='word_1_514' title='bbox 1097 2351 1204 2382; x_wconf 84' lang='lat' dir='ltr'>genere</span> <span class='ocrx_word' id='word_1_515' title='bbox 1225 2363 1226 2382; x_wconf 29' lang='grc' dir='ltr'>ἶ</span> 
     </span>
     <span class='ocr_line' id='line_1_56' title="bbox 245 2381 1226 2432; baseline -0.009 -12"><span class='ocrx_word' id='word_1_516' title='bbox 245 2390 394 2432; x_wconf 82' lang='lat' dir='ltr'>quodam:</span> <span class='ocrx_word' id='word_1_517' title='bbox 409 2388 441 2418; x_wconf 76' lang='grc' dir='ltr'>δε</span> <span class='ocrx_word' id='word_1_518' title='bbox 451 2408 459 2421; x_wconf 85' lang='grc'>,</span> <span class='ocrx_word' id='word_1_519' title='bbox 472 2385 492 2416; x_wconf 86' lang='lat' dir='ltr'>si</span> <span class='ocrx_word' id='word_1_520' title='bbox 503 2386 518 2417; x_wconf 79' lang='grc' dir='ltr'>ἐ</span> <span class='ocrx_word' id='word_1_521' title='bbox 529 2386 655 2426; x_wconf 85' lang='lat' dir='ltr'>po&#39;e&#39;ticis</span> <span class='ocrx_word' id='word_1_522' title='bbox 665 2395 670 2413; x_wconf 80' lang='lat'>2</span> <span class='ocrx_word' id='word_1_523' title='bbox 681 2386 748 2425; x_wconf 86' lang='lat' dir='ltr'>quis</span> <span class='ocrx_word' id='word_1_524' title='bbox 758 2394 864 2413; x_wconf 89' lang='lat' dir='ltr'>eorum</span> <span class='ocrx_word' id='word_1_525' title='bbox 876 2381 925 2416; x_wconf 83' lang='lat' dir='ltr'>fit,</span> <span class='ocrx_word' id='word_1_526' title='bbox 937 2392 986 2413; x_wconf 89' lang='lat' dir='ltr'>aut</span> <span class='ocrx_word' id='word_1_527' title='bbox 995 2385 1056 2424; x_wconf 91' lang='lat' dir='ltr'>qui.</span> <span class='ocrx_word' id='word_1_528' title='bbox 1074 2393 1205 2424; x_wconf 85' lang='lat' dir='ltr'>namque</span> <span class='ocrx_word' id='word_1_529' title='bbox 1224 2383 1226 2411; x_wconf 72' lang='grc' dir='ltr'>ἐ</span> 
     </span>
     <span class='ocr_line' id='line_1_57' title="bbox 243 2424 1226 2466; baseline -0.009 -3"><span class='ocrx_word' id='word_1_530' title='bbox 243 2434 310 2464; x_wconf 78' lang='lat' dir='ltr'>:iliis</span> <span class='ocrx_word' id='word_1_531' title='bbox 324 2440 401 2461; x_wconf 86' lang='lat' dir='ltr'>unus</span> <span class='ocrx_word' id='word_1_532' title='bbox 412 2427 524 2462; x_wconf 73' lang='lat' dir='ltr'>modo,</span> <span class='ocrx_word' id='word_1_533' title='bbox 541 2428 606 2458; x_wconf 74' lang='lat' dir='ltr'>aliis</span> <span class='ocrx_word' id='word_1_534' title='bbox 617 2426 715 2466; x_wconf 88' lang='lat' dir='ltr'>plures</span> <span class='ocrx_word' id='word_1_535' title='bbox 724 2445 732 2459; x_wconf 84' lang='lat'>‚</span> <span class='ocrx_word' id='word_1_536' title='bbox 753 2426 818 2455; x_wconf 86' lang='lat' dir='ltr'>aliis</span> <span class='ocrx_word' id='word_1_537' title='bbox 829 2434 936 2455; x_wconf 89' lang='lat' dir='ltr'>omnes</span> <span class='ocrx_word' id='word_1_538' title='bbox 948 2424 1042 2455; x_wconf 82' lang='lat' dir='ltr'>iidem</span> <span class='ocrx_word' id='word_1_539' title='bbox 1052 2425 1201 2455; x_wconf 88' lang='lat' dir='ltr'>videntur.</span> <span class='ocrx_word' id='word_1_540' title='bbox 1224 2446 1226 2459; x_wconf 71' lang='grc'>,</span> 
     </span>
     <span class='ocr_line' id='line_1_58' title="bbox 246 2465 1202 2513; baseline -0.009 -9"><span class='ocrx_word' id='word_1_541' title='bbox 246 2473 356 2504; x_wconf 82' lang='lat' dir='ltr'>deinde</span> <span class='ocrx_word' id='word_1_542' title='bbox 368 2493 375 2506; x_wconf 91' lang='lat'>,</span> <span class='ocrx_word' id='word_1_543' title='bbox 388 2474 571 2513; x_wconf 84' lang='lat' dir='ltr'>quicumque</span> <span class='ocrx_word' id='word_1_544' title='bbox 582 2470 650 2500; x_wconf 89' lang='lat' dir='ltr'>sunt</span> <span class='ocrx_word' id='word_1_545' title='bbox 660 2488 668 2502; x_wconf 87' lang='lat'>‚</span> <span class='ocrx_word' id='word_1_546' title='bbox 680 2466 738 2497; x_wconf 87' lang='lat' dir='ltr'>five</span> <span class='ocrx_word' id='word_1_547' title='bbox 750 2477 826 2497; x_wconf 81' lang='lat' dir='ltr'>unus</span> <span class='ocrx_word' id='word_1_548' title='bbox 837 2487 846 2500; x_wconf 87' lang='lat'>,</span> <span class='ocrx_word' id='word_1_549' title='bbox 858 2465 916 2497; x_wconf 82' lang='lat' dir='ltr'>five</span> <span class='ocrx_word' id='word_1_550' title='bbox 926 2467 1023 2506; x_wconf 88' lang='lat' dir='ltr'>plures</span> <span class='ocrx_word' id='word_1_551' title='bbox 1034 2479 1042 2501; x_wconf 83' lang='lat'>;</span> <span class='ocrx_word' id='word_1_552' title='bbox 1061 2477 1202 2497; x_wconf 90' lang='lat' dir='ltr'>commu-</span> 
     </span>
     <span class='ocr_line' id='line_1_59' title="bbox 245 2508 1226 2553; baseline -0.008 -7"><span class='ocrx_word' id='word_1_553' title='bbox 245 2516 336 2546; x_wconf 85' lang='lat' dir='ltr'>nesne</span> <span class='ocrx_word' id='word_1_554' title='bbox 348 2513 499 2544; x_wconf 78' lang='lat' dir='ltr'>sintomni</span> <span class='ocrx_word' id='word_1_555' title='bbox 514 2513 615 2553; x_wconf 84' lang='lat' dir='ltr'>generi</span> <span class='ocrx_word' id='word_1_556' title='bbox 625 2510 784 2540; x_wconf 83' lang='lat' dir='ltr'>orationis:</span> <span class='ocrx_word' id='word_1_557' title='bbox 804 2510 952 2549; x_wconf 78' lang='lat' dir='ltr'>quoniam</span> <span class='ocrx_word' id='word_1_558' title='bbox 962 2509 1042 2538; x_wconf 88' lang='lat' dir='ltr'>aliud</span> <span class='ocrx_word' id='word_1_559' title='bbox 1057 2518 1151 2550; x_wconf 87' lang='lat' dir='ltr'>genus</span> <span class='ocrx_word' id='word_1_560' title='bbox 1162 2508 1205 2538; x_wconf 87' lang='lat' dir='ltr'>est</span> <span class='ocrx_word' id='word_1_561' title='bbox 1224 2535 1226 2546; x_wconf 27' lang='grc' dir='ltr'>ι</span> 
     </span>
     <span class='ocr_line' id='line_1_60' title="bbox 245 2550 1204 2594; baseline -0.008 -7"><span class='ocrx_word' id='word_1_562' title='bbox 245 2556 394 2589; x_wconf 80' lang='lat' dir='ltr'>narrandi,</span> <span class='ocrx_word' id='word_1_563' title='bbox 406 2554 487 2585; x_wconf 85' lang='lat' dir='ltr'>aliud</span> <span class='ocrx_word' id='word_1_564' title='bbox 497 2551 703 2594; x_wconf 82' lang='lat' dir='ltr'>persuadendi,</span> <span class='ocrx_word' id='word_1_565' title='bbox 715 2550 795 2581; x_wconf 86' lang='lat' dir='ltr'>aliud</span> <span class='ocrx_word' id='word_1_566' title='bbox 806 2550 935 2581; x_wconf 85' lang='lat' dir='ltr'>docendi</span> <span class='ocrx_word' id='word_1_567' title='bbox 947 2561 952 2579; x_wconf 89' lang='lat'><strong>:</strong></span> <span class='ocrx_word' id='word_1_568' title='bbox 964 2560 1001 2580; x_wconf 86' lang='lat' dir='ltr'>an</span> <span class='ocrx_word' id='word_1_569' title='bbox 1010 2550 1137 2590; x_wconf 81' lang='lat' dir='ltr'>dispares</span> <span class='ocrx_word' id='word_1_570' title='bbox 1147 2560 1204 2580; x_wconf 91' lang='lat' dir='ltr'>nu-</span> 
     </span>
     <span class='ocr_line' id='line_1_61' title="bbox 247 2592 1205 2637; baseline -0.007 -9"><span class='ocrx_word' id='word_1_571' title='bbox 247 2599 325 2628; x_wconf 85' lang='lat' dir='ltr'>meri</span> <span class='ocrx_word' id='word_1_572' title='bbox 335 2600 442 2637; x_wconf 80' lang='lat' dir='ltr'>cuique</span> <span class='ocrx_word' id='word_1_573' title='bbox 451 2597 595 2626; x_wconf 73' lang='lat' dir='ltr'>orationis</span> <span class='ocrx_word' id='word_1_574' title='bbox 603 2594 704 2636; x_wconf 87' lang='lat' dir='ltr'>generi</span> <span class='ocrx_word' id='word_1_575' title='bbox 715 2592 992 2622; x_wconf 83' lang='lat' dir='ltr'>accommodentur.</span> <span class='ocrx_word' id='word_1_576' title='bbox 1022 2594 1052 2622; x_wconf 83' lang='lat' dir='ltr'>Si</span> <span class='ocrx_word' id='word_1_577' title='bbox 1062 2602 1205 2622; x_wconf 89' lang='lat' dir='ltr'>commu-</span> 
     </span>
     <span class='ocr_line' id='line_1_62' title="bbox 245 2633 1225 2680; baseline -0.008 -9"><span class='ocrx_word' id='word_1_578' title='bbox 245 2650 310 2673; x_wconf 81' lang='lat' dir='ltr'>nes,</span> <span class='ocrx_word' id='word_1_579' title='bbox 321 2639 454 2680; x_wconf 71' lang='lat' dir='ltr'>quisine:</span> <span class='ocrx_word' id='word_1_580' title='bbox 476 2635 497 2666; x_wconf 88' lang='lat' dir='ltr'><strong>fi</strong></span> <span class='ocrx_word' id='word_1_581' title='bbox 507 2636 634 2677; x_wconf 82' lang='lat' dir='ltr'>dispares</span> <span class='ocrx_word' id='word_1_582' title='bbox 644 2656 652 2670; x_wconf 85' lang='lat'>‚</span> <span class='ocrx_word' id='word_1_583' title='bbox 665 2635 735 2676; x_wconf 88' lang='lat' dir='ltr'>quid</span> <span class='ocrx_word' id='word_1_584' title='bbox 746 2633 863 2664; x_wconf 81' lang='lat' dir='ltr'>intersit</span> <span class='ocrx_word' id='word_1_585' title='bbox 871 2654 879 2667; x_wconf 93' lang='lat'>,</span> <span class='ocrx_word' id='word_1_586' title='bbox 896 2634 929 2664; x_wconf 90' lang='lat'>&amp;</span> <span class='ocrx_word' id='word_1_587' title='bbox 939 2643 991 2664; x_wconf 88' lang='lat' dir='ltr'>cur</span> <span class='ocrx_word' id='word_1_588' title='bbox 1001 2644 1065 2663; x_wconf 90' lang='lat' dir='ltr'>non</span> <span class='ocrx_word' id='word_1_589' title='bbox 1076 2634 1160 2674; x_wconf 77' lang='lat' dir='ltr'>aeque</span> <span class='ocrx_word' id='word_1_590' title='bbox 1171 2636 1204 2663; x_wconf 87' lang='lat' dir='ltr'>in</span> <span class='ocrx_word' id='word_1_591' title='bbox 1224 2655 1225 2663; x_wconf 40' lang='lat'>1</span> 
     </span>
     <span class='ocr_line' id='line_1_63' title="bbox 244 2675 1204 2720; baseline -0.007 -8"><span class='ocrx_word' id='word_1_592' title='bbox 244 2684 380 2712; x_wconf 81' lang='lat' dir='ltr'>oratione</span> <span class='ocrx_word' id='word_1_593' title='bbox 391 2701 398 2714; x_wconf 86' lang='lat'>,</span> <span class='ocrx_word' id='word_1_594' title='bbox 409 2689 494 2720; x_wconf 85' lang='lat' dir='ltr'>atque</span> <span class='ocrx_word' id='word_1_595' title='bbox 504 2681 535 2708; x_wconf 89' lang='lat' dir='ltr'>in</span> <span class='ocrx_word' id='word_1_596' title='bbox 545 2679 631 2708; x_wconf 87' lang='lat' dir='ltr'>versu</span> <span class='ocrx_word' id='word_1_597' title='bbox 642 2687 787 2707; x_wconf 89' lang='lat' dir='ltr'>numerus</span> <span class='ocrx_word' id='word_1_598' title='bbox 798 2685 940 2716; x_wconf 80' lang='lat' dir='ltr'>appareat.</span> <span class='ocrx_word' id='word_1_599' title='bbox 971 2675 1090 2706; x_wconf 89' lang='lat' dir='ltr'>Deinde</span> <span class='ocrx_word' id='word_1_600' title='bbox 1102 2696 1109 2708; x_wconf 85' lang='lat'>‚</span> <span class='ocrx_word' id='word_1_601' title='bbox 1123 2675 1204 2716; x_wconf 92' lang='lat' dir='ltr'>quod</span> 
     </span>
     <span class='ocr_line' id='line_1_64' title="bbox 244 2717 1202 2754; baseline -0.007 0"><span class='ocrx_word' id='word_1_602' title='bbox 244 2724 355 2754; x_wconf 81' lang='lat' dir='ltr'>dicitur</span> <span class='ocrx_word' id='word_1_603' title='bbox 372 2725 405 2752; x_wconf 85' lang='lat' dir='ltr'>in</span> <span class='ocrx_word' id='word_1_604' title='bbox 423 2722 557 2751; x_wconf 83' lang='lat' dir='ltr'>oratione</span> <span class='ocrx_word' id='word_1_605' title='bbox 576 2719 771 2750; x_wconf 84' lang='lat' dir='ltr'>numerosum</span> <span class='ocrx_word' id='word_1_606' title='bbox 783 2737 791 2752; x_wconf 86' lang='lat'>‚</span> <span class='ocrx_word' id='word_1_607' title='bbox 813 2718 843 2748; x_wconf 89' lang='lat' dir='ltr'>id</span> <span class='ocrx_word' id='word_1_608' title='bbox 855 2717 956 2748; x_wconf 73' lang='lat' dir='ltr'>utrum</span> <span class='ocrx_word' id='word_1_609' title='bbox 967 2727 1095 2748; x_wconf 85' lang='lat' dir='ltr'>numero</span> <span class='ocrx_word' id='word_1_610' title='bbox 1104 2718 1202 2748; x_wconf 86' lang='lat' dir='ltr'>solum</span> 
     </span>
     <span class='ocr_line' id='line_1_65' title="bbox 244 2758 1203 2802; baseline -0.008 -6"><span class='ocrx_word' id='word_1_611' title='bbox 244 2764 390 2796; x_wconf 74' lang='lat' dir='ltr'>efficiatur</span> <span class='ocrx_word' id='word_1_612' title='bbox 401 2784 408 2797; x_wconf 86' lang='lat'>‚</span> <span class='ocrx_word' id='word_1_613' title='bbox 429 2773 466 2793; x_wconf 91' lang='lat' dir='ltr'>an</span> <span class='ocrx_word' id='word_1_614' title='bbox 477 2764 566 2792; x_wconf 82' lang='lat' dir='ltr'>etiam</span> <span class='ocrx_word' id='word_1_615' title='bbox 577 2758 853 2800; x_wconf 87' lang='lat' dir='ltr'>velcompositione</span> <span class='ocrx_word' id='word_1_616' title='bbox 865 2759 990 2802; x_wconf 80' lang='lat' dir='ltr'>quadam</span> <span class='ocrx_word' id='word_1_617' title='bbox 1000 2780 1008 2793; x_wconf 95' lang='lat'>‚</span> <span class='ocrx_word' id='word_1_618' title='bbox 1029 2759 1078 2789; x_wconf 90' lang='lat' dir='ltr'>vel</span> <span class='ocrx_word' id='word_1_619' title='bbox 1096 2769 1203 2801; x_wconf 88' lang='lat' dir='ltr'>genere</span> 
     </span>
     <span class='ocr_line' id='line_1_66' title="bbox 244 2801 1200 2843; baseline -0.007 -6"><span class='ocrx_word' id='word_1_620' title='bbox 244 2807 423 2837; x_wconf 75' lang='lat' dir='ltr'>verborum:</span> <span class='ocrx_word' id='word_1_621' title='bbox 440 2815 477 2834; x_wconf 85' lang='lat' dir='ltr'>an</span> <span class='ocrx_word' id='word_1_622' title='bbox 488 2804 530 2833; x_wconf 89' lang='lat' dir='ltr'>est</span> <span class='ocrx_word' id='word_1_623' title='bbox 541 2805 626 2834; x_wconf 85' lang='lat' dir='ltr'>suum</span> <span class='ocrx_word' id='word_1_624' title='bbox 636 2802 777 2843; x_wconf 86' lang='lat' dir='ltr'>cujusque</span> <span class='ocrx_word' id='word_1_625' title='bbox 790 2812 796 2831; x_wconf 82' lang='lat' dir='ltr'><strong><em>z</em></strong></span> <span class='ocrx_word' id='word_1_626' title='bbox 813 2811 847 2832; x_wconf 85' lang='lat' dir='ltr'>ut</span> <span class='ocrx_word' id='word_1_627' title='bbox 862 2810 1006 2831; x_wconf 87' lang='lat' dir='ltr'>numerus</span> <span class='ocrx_word' id='word_1_628' title='bbox 1017 2801 1181 2831; x_wconf 77' lang='lat' dir='ltr'>inteivallis</span> <span class='ocrx_word' id='word_1_629' title='bbox 1191 2820 1200 2834; x_wconf 90' lang='lat'>,</span> 
     </span>
    </p>
   </div>
   <div class='ocr_carea' id='block_1_5' title="bbox 1225 844 1231 2910">
    <p class='ocr_par' dir='ltr' id='par_1_5' title="bbox 1225 844 1231 2910">
     <span class='ocr_line' id='line_1_67' title="bbox 1225 844 1231 2910; baseline 0 0"><span class='ocrx_word' id='word_1_630' title='bbox 1225 844 1231 2910; x_wconf 95' lang='lat' dir='ltr'> </span> 
     </span>
    </p>
   </div>
   <div class='ocr_carea' id='block_1_6' title="bbox 242 2842 1200 2927">
    <p class='ocr_par' dir='ltr' id='par_1_6' title="bbox 242 2842 1200 2927">
     <span class='ocr_line' id='line_1_68' title="bbox 242 2842 1200 2888; baseline -0.007 -9"><span class='ocrx_word' id='word_1_631' title='bbox 242 2847 423 2888; x_wconf 85' lang='lat' dir='ltr'>compositio</span> <span class='ocrx_word' id='word_1_632' title='bbox 432 2845 559 2876; x_wconf 85' lang='lat' dir='ltr'>vocibus</span> <span class='ocrx_word' id='word_1_633' title='bbox 567 2865 575 2878; x_wconf 85' lang='lat'>,</span> <span class='ocrx_word' id='word_1_634' title='bbox 595 2854 687 2885; x_wconf 82' lang='lat' dir='ltr'>genus</span> <span class='ocrx_word' id='word_1_635' title='bbox 696 2844 794 2883; x_wconf 82' lang='lat' dir='ltr'>ipsum</span> <span class='ocrx_word' id='word_1_636' title='bbox 804 2843 967 2873; x_wconf 86' lang='lat' dir='ltr'>verborum</span> <span class='ocrx_word' id='word_1_637' title='bbox 977 2842 1056 2884; x_wconf 88' lang='lat' dir='ltr'>quasi</span> <span class='ocrx_word' id='word_1_638' title='bbox 1065 2843 1200 2884; x_wconf 84' lang='lat' dir='ltr'>quaedam</span> 
     </span>
     <span class='ocr_line' id='line_1_69' title="bbox 244 2884 1198 2927; baseline -0.005 -7"><span class='ocrx_word' id='word_1_639' title='bbox 244 2890 361 2923; x_wconf 79' lang='lat' dir='ltr'>forma,</span> <span class='ocrx_word' id='word_1_640' title='bbox 383 2890 415 2919; x_wconf 69' lang='grc' dir='ltr'>δε</span> <span class='ocrx_word' id='word_1_641' title='bbox 434 2889 526 2917; x_wconf 72' lang='lat' dir='ltr'>lumen</span> <span class='ocrx_word' id='word_1_642' title='bbox 544 2895 672 2916; x_wconf 63' lang='lat' dir='ltr'>oratione</span> <span class='ocrx_word' id='word_1_643' title='bbox 688 2894 836 2926; x_wconf 78' lang='lat' dir='ltr'>appareat:</span> <span class='ocrx_word' id='word_1_644' title='bbox 858 2884 948 2927; x_wconf 83' lang='lat' dir='ltr'>sitque</span> <span class='ocrx_word' id='word_1_645' title='bbox 966 2887 1109 2915; x_wconf 89' lang='lat' dir='ltr'>omnium</span> <span class='ocrx_word' id='word_1_646' title='bbox 1127 2884 1198 2916; x_wconf 88' lang='lat' dir='ltr'>fons</span> 
     </span>
    </p>
   </div>
   <div class='ocr_carea' id='block_1_7' title="bbox 1239 119 1773 167">
    <p class='ocr_par' dir='ltr' id='par_1_7' title="bbox 1239 119 1773 167">
     <span class='ocr_line' id='line_1_70' title="bbox 1239 119 1773 167; baseline -0.004 -1"><span class='ocrx_word' id='word_1_647' title='bbox 1239 119 1773 167; x_wconf 69' lang='lat' dir='ltr'>thnnonxs</span> 
     </span>
    </p>
   </div>
   <div class='ocr_carea' id='block_1_8' title="bbox 1241 197 2212 540">
    <p class='ocr_par' dir='ltr' id='par_1_8' title="bbox 1241 197 2212 540">
     <span class='ocr_line' id='line_1_71' title="bbox 1244 197 2208 244; baseline 0.002 -12"><span class='ocrx_word' id='word_1_648' title='bbox 1244 200 1423 243; x_wconf 87' lang='lat' dir='ltr'>compositio</span> <span class='ocrx_word' id='word_1_649' title='bbox 1432 221 1441 236; x_wconf 91' lang='lat'>,</span> <span class='ocrx_word' id='word_1_650' title='bbox 1451 212 1490 233; x_wconf 86' lang='lat' dir='ltr'>ex</span> <span class='ocrx_word' id='word_1_651' title='bbox 1500 211 1591 244; x_wconf 88' lang='lat' dir='ltr'>eaque</span> <span class='ocrx_word' id='word_1_652' title='bbox 1601 200 1634 233; x_wconf 87' lang='lat'>&amp;</span> <span class='ocrx_word' id='word_1_653' title='bbox 1644 210 1790 232; x_wconf 84' lang='lat' dir='ltr'>numerus</span> <span class='ocrx_word' id='word_1_654' title='bbox 1801 197 1948 232; x_wconf 68' lang='lat' dir='ltr'>effic-latur</span> <span class='ocrx_word' id='word_1_655' title='bbox 1957 220 1965 235; x_wconf 75' lang='lat'>‚</span> <span class='ocrx_word' id='word_1_656' title='bbox 1984 198 2017 232; x_wconf 74' lang='lat'>86</span> <span class='ocrx_word' id='word_1_657' title='bbox 2026 207 2058 233; x_wconf 81' lang='lat' dir='ltr'>ea</span> <span class='ocrx_word' id='word_1_658' title='bbox 2066 220 2074 236; x_wconf 68' lang='lat'><strong><em>³</em></strong></span> <span class='ocrx_word' id='word_1_659' title='bbox 2085 209 2151 243; x_wconf 80' lang='lat' dir='ltr'>quae</span> <span class='ocrx_word' id='word_1_660' title='bbox 2160 200 2208 234; x_wconf 71' lang='lat' dir='ltr'>di·</span> 
     </span>
     <span class='ocr_line' id='line_1_72' title="bbox 1244 238 2210 287; baseline 0 -12"><span class='ocrx_word' id='word_1_661' title='bbox 1244 238 1354 275; x_wconf 59' lang='lat' dir='ltr'>cuntur</span> <span class='ocrx_word' id='word_1_662' title='bbox 1363 246 1509 276; x_wconf 84' lang='lat' dir='ltr'>orationis</span> <span class='ocrx_word' id='word_1_663' title='bbox 1519 243 1599 287; x_wconf 89' lang='lat' dir='ltr'>quasi</span> <span class='ocrx_word' id='word_1_664' title='bbox 1608 243 1764 278; x_wconf 84' lang='lat' dir='ltr'>formae,&amp;</span> <span class='ocrx_word' id='word_1_665' title='bbox 1776 244 1972 284; x_wconf 83' lang='lat' dir='ltr'>lumina,quae</span> <span class='ocrx_word' id='word_1_666' title='bbox 1983 242 2029 283; x_wconf 86' lang='lat' dir='ltr'>(ut</span> <span class='ocrx_word' id='word_1_667' title='bbox 2036 244 2112 285; x_wconf 81' lang='lat' dir='ltr'>dixi)</span> <span class='ocrx_word' id='word_1_668' title='bbox 2124 247 2210 275; x_wconf 78' lang='lat' dir='ltr'>Grae·</span> 
     </span>
     <span class='ocr_line' id='line_1_73' title="bbox 1242 285 2211 330; baseline 0.001 -11"><span class='ocrx_word' id='word_1_669' title='bbox 1242 291 1271 319; x_wconf 85' lang='lat' dir='ltr'>ci</span> <span class='ocrx_word' id='word_1_670' title='bbox 1282 298 1391 321; x_wconf 85' lang='lat' dir='ltr'>vocant</span> <span class='ocrx_word' id='word_1_671' title='bbox 1400 285 1532 330; x_wconf 57' lang='grc' dir='ltr'><em>χέμαἿα.</em></span> <span class='ocrx_word' id='word_1_672' title='bbox 1557 293 1671 321; x_wconf 84' lang='lat' dir='ltr'>Atrion</span> <span class='ocrx_word' id='word_1_673' title='bbox 1680 289 1724 320; x_wconf 90' lang='lat' dir='ltr'>est</span> <span class='ocrx_word' id='word_1_674' title='bbox 1733 298 1830 320; x_wconf 90' lang='lat' dir='ltr'>unum</span> <span class='ocrx_word' id='word_1_675' title='bbox 1839 308 1849 323; x_wconf 90' lang='lat'>‚</span> <span class='ocrx_word' id='word_1_676' title='bbox 1861 299 1918 319; x_wconf 87' lang='lat' dir='ltr'>nec</span> <span class='ocrx_word' id='word_1_677' title='bbox 1927 288 2010 319; x_wconf 89' lang='lat' dir='ltr'>idem</span> <span class='ocrx_word' id='word_1_678' title='bbox 2021 309 2029 323; x_wconf 92' lang='lat'>‚</span> <span class='ocrx_word' id='word_1_679' title='bbox 2041 289 2124 330; x_wconf 90' lang='lat' dir='ltr'>quod</span> <span class='ocrx_word' id='word_1_680' title='bbox 2132 297 2211 320; x_wconf 76' lang='lat' dir='ltr'>voce</span> 
     </span>
     <span class='ocr_line' id='line_1_74' title="bbox 1241 329 2210 373; baseline 0 -11"><span class='ocrx_word' id='word_1_681' title='bbox 1241 332 1414 372; x_wconf 84' lang='lat' dir='ltr'>jucundum</span> <span class='ocrx_word' id='word_1_682' title='bbox 1432 331 1475 362; x_wconf 91' lang='lat' dir='ltr'>est</span> <span class='ocrx_word' id='word_1_683' title='bbox 1487 351 1496 366; x_wconf 91' lang='lat'>‚</span> <span class='ocrx_word' id='word_1_684' title='bbox 1515 332 1548 362; x_wconf 78' lang='grc' dir='ltr'>δε</span> <span class='ocrx_word' id='word_1_685' title='bbox 1557 331 1638 373; x_wconf 88' lang='lat' dir='ltr'>quod</span> <span class='ocrx_word' id='word_1_686' title='bbox 1648 331 1856 362; x_wconf 85' lang='lat' dir='ltr'>moderatione</span> <span class='ocrx_word' id='word_1_687' title='bbox 1866 331 2039 361; x_wconf 88' lang='lat' dir='ltr'>absolutum</span> <span class='ocrx_word' id='word_1_688' title='bbox 2052 351 2060 365; x_wconf 90' lang='lat'>‚</span> <span class='ocrx_word' id='word_1_689' title='bbox 2080 331 2114 361; x_wconf 89' lang='lat'>&amp;</span> <span class='ocrx_word' id='word_1_690' title='bbox 2125 329 2210 372; x_wconf 78' lang='lat' dir='ltr'>quod</span> 
     </span>
     <span class='ocr_line' id='line_1_75' title="bbox 1244 371 2212 416; baseline 0.001 -12"><span class='ocrx_word' id='word_1_691' title='bbox 1244 374 1453 404; x_wconf 87' lang='lat' dir='ltr'>illuminatum</span> <span class='ocrx_word' id='word_1_692' title='bbox 1473 384 1580 416; x_wconf 87' lang='lat' dir='ltr'>genere</span> <span class='ocrx_word' id='word_1_693' title='bbox 1596 374 1779 404; x_wconf 87' lang='lat' dir='ltr'>verborum:</span> <span class='ocrx_word' id='word_1_694' title='bbox 1797 383 1979 414; x_wconf 88' lang='lat' dir='ltr'>quamquam</span> <span class='ocrx_word' id='word_1_695' title='bbox 1991 373 2022 403; x_wconf 89' lang='lat' dir='ltr'>id</span> <span class='ocrx_word' id='word_1_696' title='bbox 2034 372 2160 414; x_wconf 80' lang='lat' dir='ltr'>quidem</span> <span class='ocrx_word' id='word_1_697' title='bbox 2171 371 2212 405; x_wconf 80' lang='lat' dir='ltr'>fi-</span> 
     </span>
     <span class='ocr_line' id='line_1_76' title="bbox 1245 413 2210 456; baseline -0.002 -10"><span class='ocrx_word' id='word_1_698' title='bbox 1245 417 1392 446; x_wconf 89' lang='lat' dir='ltr'>nitimum</span> <span class='ocrx_word' id='word_1_699' title='bbox 1404 415 1447 446; x_wconf 90' lang='lat' dir='ltr'>est</span> <span class='ocrx_word' id='word_1_700' title='bbox 1456 425 1596 450; x_wconf 77' lang='lat' dir='ltr'>flumem,</span> <span class='ocrx_word' id='word_1_701' title='bbox 1607 417 1677 456; x_wconf 85' lang='lat' dir='ltr'>quia</span> <span class='ocrx_word' id='word_1_702' title='bbox 1686 425 1738 455; x_wconf 89' lang='lat' dir='ltr'>pei·</span> <span class='ocrx_word' id='word_1_703' title='bbox 1750 415 1777 444; x_wconf 92' lang='lat' dir='ltr'>se</span> <span class='ocrx_word' id='word_1_704' title='bbox 1785 416 1961 455; x_wconf 84' lang='lat' dir='ltr'>plerumque</span> <span class='ocrx_word' id='word_1_705' title='bbox 1975 414 2144 455; x_wconf 63' lang='lat' dir='ltr'>perfefimm</span> <span class='ocrx_word' id='word_1_706' title='bbox 2155 413 2210 444; x_wconf 79' lang='lat' dir='ltr'>est:</span> 
     </span>
     <span class='ocr_line' id='line_1_77' title="bbox 1245 455 2211 498; baseline -0.004 -10"><span class='ocrx_word' id='word_1_707' title='bbox 1245 456 1425 497; x_wconf 82' lang='lat' dir='ltr'>compositio</span> <span class='ocrx_word' id='word_1_708' title='bbox 1434 466 1533 488; x_wconf 88' lang='lat' dir='ltr'>autem</span> <span class='ocrx_word' id='word_1_709' title='bbox 1543 458 1580 487; x_wconf 92' lang='lat' dir='ltr'>ab</span> <span class='ocrx_word' id='word_1_710' title='bbox 1590 466 1717 498; x_wconf 81' lang='lat' dir='ltr'>uti-oque</span> <span class='ocrx_word' id='word_1_711' title='bbox 1727 455 1826 486; x_wconf 82' lang='lat' dir='ltr'>differt</span> <span class='ocrx_word' id='word_1_712' title='bbox 1836 476 1845 491; x_wconf 91' lang='lat'>‚</span> <span class='ocrx_word' id='word_1_713' title='bbox 1865 466 1930 497; x_wconf 85' lang='lat' dir='ltr'>quae</span> <span class='ocrx_word' id='word_1_714' title='bbox 1941 465 2002 486; x_wconf 86' lang='lat' dir='ltr'>tota</span> <span class='ocrx_word' id='word_1_715' title='bbox 2010 456 2211 497; x_wconf 75' lang='lat' dir='ltr'>servitgravi-</span> 
     </span>
     <span class='ocr_line' id='line_1_78' title="bbox 1246 497 2209 540; baseline 0 -12"><span class='ocrx_word' id='word_1_716' title='bbox 1246 501 1304 528; x_wconf 81' lang='lat' dir='ltr'>rati</span> <span class='ocrx_word' id='word_1_717' title='bbox 1313 509 1425 529; x_wconf 90' lang='lat' dir='ltr'>vocum</span> <span class='ocrx_word' id='word_1_718' title='bbox 1434 518 1443 533; x_wconf 85' lang='lat'>‚</span> <span class='ocrx_word' id='word_1_719' title='bbox 1457 507 1505 529; x_wconf 88' lang='lat' dir='ltr'>aut</span> <span class='ocrx_word' id='word_1_720' title='bbox 1511 499 1669 539; x_wconf 72' lang='lat' dir='ltr'>suavitati.</span> <span class='ocrx_word' id='word_1_721' title='bbox 1694 501 1768 528; x_wconf 85' lang='lat' dir='ltr'>Haec</span> <span class='ocrx_word' id='word_1_722' title='bbox 1777 500 1867 540; x_wconf 86' lang='lat' dir='ltr'>igitur</span> <span class='ocrx_word' id='word_1_723' title='bbox 1879 497 1940 528; x_wconf 73' lang='lat' dir='ltr'>fere</span> <span class='ocrx_word' id='word_1_724' title='bbox 1950 498 2016 527; x_wconf 90' lang='lat' dir='ltr'>sunt</span> <span class='ocrx_word' id='word_1_725' title='bbox 2028 518 2036 532; x_wconf 91' lang='lat'>‚</span> <span class='ocrx_word' id='word_1_726' title='bbox 2054 500 2085 527; x_wconf 90' lang='lat' dir='ltr'>in</span> <span class='ocrx_word' id='word_1_727' title='bbox 2096 497 2209 539; x_wconf 77' lang='lat' dir='ltr'>quibus</span> 
     </span>
    </p>
   </div>
   <div class='ocr_carea' id='block_1_9' title="bbox 1245 538 2275 584">
    <p class='ocr_par' dir='ltr' id='par_1_9' title="bbox 1245 538 2275 584">
     <span class='ocr_line' id='line_1_79' title="bbox 1245 538 2275 584; baseline 0 -14"><span class='ocrx_word' id='word_1_728' title='bbox 1245 543 1287 571; x_wconf 88' lang='lat' dir='ltr'>rei</span> <span class='ocrx_word' id='word_1_729' title='bbox 1299 550 1400 572; x_wconf 86' lang='lat' dir='ltr'>natura</span> <span class='ocrx_word' id='word_1_730' title='bbox 1410 541 1566 582; x_wconf 88' lang='lat' dir='ltr'>quaerenda</span> <span class='ocrx_word' id='word_1_731' title='bbox 1585 539 1628 570; x_wconf 87' lang='lat' dir='ltr'>fit.</span> <span class='ocrx_word' id='word_1_732' title='bbox 1664 538 1731 571; x_wconf 81' lang='lat' dir='ltr'>Effe</span> <span class='ocrx_word' id='word_1_733' title='bbox 1750 550 1820 581; x_wconf 88' lang='lat' dir='ltr'>ergo</span> <span class='ocrx_word' id='word_1_734' title='bbox 1838 541 1872 569; x_wconf 89' lang='lat' dir='ltr'>in</span> <span class='ocrx_word' id='word_1_735' title='bbox 1890 541 2026 569; x_wconf 88' lang='lat' dir='ltr'>oratione</span> <span class='ocrx_word' id='word_1_736' title='bbox 2043 549 2207 570; x_wconf 89' lang='lat' dir='ltr'>numerum</span> <span class='ocrx_word' id='word_1_737' title='bbox 2225 550 2275 584; x_wconf 83' lang='lat'>55</span> 
     </span>
    </p>
   </div>
   <div class='ocr_carea' id='block_1_10' title="bbox 1243 581 2212 1884">
    <p class='ocr_par' dir='ltr' id='par_1_10' title="bbox 1243 581 2212 1130">
     <span class='ocr_line' id='line_1_80' title="bbox 1246 581 2209 623; baseline 0 -11"><span class='ocrx_word' id='word_1_738' title='bbox 1246 582 1397 623; x_wconf 82' lang='lat' dir='ltr'>quendam</span> <span class='ocrx_word' id='word_1_739' title='bbox 1410 604 1418 617; x_wconf 94' lang='lat'>,</span> <span class='ocrx_word' id='word_1_740' title='bbox 1438 593 1501 613; x_wconf 89' lang='lat' dir='ltr'>non</span> <span class='ocrx_word' id='word_1_741' title='bbox 1512 581 1555 613; x_wconf 88' lang='lat' dir='ltr'>est</span> <span class='ocrx_word' id='word_1_742' title='bbox 1566 581 1692 612; x_wconf 85' lang='lat' dir='ltr'>difficile</span> <span class='ocrx_word' id='word_1_743' title='bbox 1700 582 1889 623; x_wconf 87' lang='lat' dir='ltr'>cognoscere.</span> <span class='ocrx_word' id='word_1_744' title='bbox 1909 581 2024 620; x_wconf 88' lang='lat' dir='ltr'>judicat</span> <span class='ocrx_word' id='word_1_745' title='bbox 2039 583 2123 611; x_wconf 90' lang='lat' dir='ltr'>enim</span> <span class='ocrx_word' id='word_1_746' title='bbox 2140 581 2209 612; x_wconf 90' lang='lat' dir='ltr'>sen-</span> 
     </span>
     <span class='ocr_line' id='line_1_81' title="bbox 1248 622 2210 666; baseline -0.002 -11"><span class='ocrx_word' id='word_1_747' title='bbox 1248 625 1294 655; x_wconf 87' lang='lat' dir='ltr'>sus</span> <span class='ocrx_word' id='word_1_748' title='bbox 1309 635 1314 653; x_wconf 89' lang='lat'><strong>:</strong></span> <span class='ocrx_word' id='word_1_749' title='bbox 1333 626 1365 655; x_wconf 93' lang='lat' dir='ltr'>in</span> <span class='ocrx_word' id='word_1_750' title='bbox 1375 635 1436 666; x_wconf 88' lang='lat' dir='ltr'>quo</span> <span class='ocrx_word' id='word_1_751' title='bbox 1447 627 1588 666; x_wconf 89' lang='lat' dir='ltr'>iniquum</span> <span class='ocrx_word' id='word_1_752' title='bbox 1599 623 1642 654; x_wconf 88' lang='lat' dir='ltr'>est</span> <span class='ocrx_word' id='word_1_753' title='bbox 1651 644 1659 658; x_wconf 93' lang='lat'>‚</span> <span class='ocrx_word' id='word_1_754' title='bbox 1670 624 1752 665; x_wconf 92' lang='lat' dir='ltr'>quod</span> <span class='ocrx_word' id='word_1_755' title='bbox 1763 623 1879 657; x_wconf 87' lang='lat' dir='ltr'>accidit,</span> <span class='ocrx_word' id='word_1_756' title='bbox 1892 632 1957 653; x_wconf 90' lang='lat' dir='ltr'>non</span> <span class='ocrx_word' id='word_1_757' title='bbox 1965 624 2144 664; x_wconf 87' lang='lat' dir='ltr'>cognoscere</span> <span class='ocrx_word' id='word_1_758' title='bbox 2154 644 2162 657; x_wconf 84' lang='lat'>‚</span> <span class='ocrx_word' id='word_1_759' title='bbox 2175 622 2210 658; x_wconf 83' lang='lat' dir='ltr'>fi.</span> 
     </span>
     <span class='ocr_line' id='line_1_82' title="bbox 1245 665 2212 707; baseline 0 -11"><span class='ocrx_word' id='word_1_760' title='bbox 1245 676 1297 696; x_wconf 88' lang='lat' dir='ltr'>cui·</span> <span class='ocrx_word' id='word_1_761' title='bbox 1307 666 1337 696; x_wconf 90' lang='lat' dir='ltr'>id</span> <span class='ocrx_word' id='word_1_762' title='bbox 1350 667 1460 698; x_wconf 83' lang='lat' dir='ltr'>accidat</span> <span class='ocrx_word' id='word_1_763' title='bbox 1469 687 1477 700; x_wconf 94' lang='lat'>,</span> <span class='ocrx_word' id='word_1_764' title='bbox 1496 668 1623 707; x_wconf 84' lang='lat' dir='ltr'>reperire</span> <span class='ocrx_word' id='word_1_765' title='bbox 1632 675 1827 707; x_wconf 86' lang='lat' dir='ltr'>nequeamus.</span> <span class='ocrx_word' id='word_1_766' title='bbox 1858 667 1966 705; x_wconf 87' lang='lat' dir='ltr'>Neque</span> <span class='ocrx_word' id='word_1_767' title='bbox 1975 667 2060 695; x_wconf 83' lang='lat' dir='ltr'>enim</span> <span class='ocrx_word' id='word_1_768' title='bbox 2073 665 2134 706; x_wconf 86' lang='lat' dir='ltr'>ipse</span> <span class='ocrx_word' id='word_1_769' title='bbox 2144 675 2212 696; x_wconf 81' lang='lat' dir='ltr'>ver·</span> 
     </span>
     <span class='ocr_line' id='line_1_83' title="bbox 1246 707 2210 749; baseline -0.001 -11"><span class='ocrx_word' id='word_1_770' title='bbox 1246 708 1294 738; x_wconf 87' lang='lat' dir='ltr'>sus</span> <span class='ocrx_word' id='word_1_771' title='bbox 1310 710 1425 739; x_wconf 89' lang='lat' dir='ltr'>ratione</span> <span class='ocrx_word' id='word_1_772' title='bbox 1440 708 1484 739; x_wconf 91' lang='lat' dir='ltr'>est</span> <span class='ocrx_word' id='word_1_773' title='bbox 1500 710 1638 749; x_wconf 83' lang='lat' dir='ltr'>cognitus</span> <span class='ocrx_word' id='word_1_774' title='bbox 1650 729 1657 741; x_wconf 90' lang='lat'><em>‚</em></span> <span class='ocrx_word' id='word_1_775' title='bbox 1679 707 1727 738; x_wconf 87' lang='lat' dir='ltr'>sed</span> <span class='ocrx_word' id='word_1_776' title='bbox 1746 715 1849 737; x_wconf 89' lang='lat' dir='ltr'>natura</span> <span class='ocrx_word' id='word_1_777' title='bbox 1860 727 1869 740; x_wconf 90' lang='lat'>,</span> <span class='ocrx_word' id='word_1_778' title='bbox 1890 715 1976 747; x_wconf 87' lang='lat' dir='ltr'>atque</span> <span class='ocrx_word' id='word_1_779' title='bbox 1994 707 2097 740; x_wconf 88' lang='lat' dir='ltr'>sensu,</span> <span class='ocrx_word' id='word_1_780' title='bbox 2117 715 2210 748; x_wconf 87' lang='lat' dir='ltr'>quem</span> 
     </span>
     <span class='ocr_line' id='line_1_84' title="bbox 1247 749 2204 791; baseline -0.001 -11"><span class='ocrx_word' id='word_1_781' title='bbox 1247 750 1382 780; x_wconf 86' lang='lat' dir='ltr'>dimensa</span> <span class='ocrx_word' id='word_1_782' title='bbox 1392 752 1465 781; x_wconf 89' lang='lat' dir='ltr'>ratio</span> <span class='ocrx_word' id='word_1_783' title='bbox 1476 770 1484 783; x_wconf 88' lang='lat'>‚</span> <span class='ocrx_word' id='word_1_784' title='bbox 1501 750 1604 781; x_wconf 86' lang='lat' dir='ltr'>docuit</span> <span class='ocrx_word' id='word_1_785' title='bbox 1613 770 1622 784; x_wconf 85' lang='lat'>‚</span> <span class='ocrx_word' id='word_1_786' title='bbox 1642 749 1715 791; x_wconf 87' lang='lat' dir='ltr'>quid</span> <span class='ocrx_word' id='word_1_787' title='bbox 1725 749 1874 780; x_wconf 85' lang='lat' dir='ltr'>acciderit.</span> <span class='ocrx_word' id='word_1_788' title='bbox 1898 750 1937 779; x_wconf 85' lang='lat' dir='ltr'>ita</span> <span class='ocrx_word' id='word_1_789' title='bbox 1948 750 2064 779; x_wconf 80' lang='lat' dir='ltr'>notatio</span> <span class='ocrx_word' id='word_1_790' title='bbox 2074 758 2184 780; x_wconf 70' lang='lat' dir='ltr'>naturae</span> <span class='ocrx_word' id='word_1_791' title='bbox 2194 768 2204 784; x_wconf 87' lang='lat'>,</span> 
     </span>
     <span class='ocr_line' id='line_1_85' title="bbox 1246 789 2210 832; baseline -0.001 -10"><span class='ocrx_word' id='word_1_792' title='bbox 1246 791 1279 822; x_wconf 87' lang='lat'>&amp;</span> <span class='ocrx_word' id='word_1_793' title='bbox 1288 791 1506 824; x_wconf 85' lang='lat' dir='ltr'>animadversio</span> <span class='ocrx_word' id='word_1_794' title='bbox 1517 794 1630 832; x_wconf 85' lang='lat' dir='ltr'>peperit</span> <span class='ocrx_word' id='word_1_795' title='bbox 1638 801 1741 822; x_wconf 87' lang='lat' dir='ltr'>artem.</span> <span class='ocrx_word' id='word_1_796' title='bbox 1765 790 1821 821; x_wconf 87' lang='lat' dir='ltr'>Sed</span> <span class='ocrx_word' id='word_1_797' title='bbox 1831 792 1864 820; x_wconf 88' lang='lat' dir='ltr'>in</span> <span class='ocrx_word' id='word_1_798' title='bbox 1873 789 2004 820; x_wconf 89' lang='lat' dir='ltr'>versibus</span> <span class='ocrx_word' id='word_1_799' title='bbox 2015 800 2059 821; x_wconf 85' lang='lat' dir='ltr'>res</span> <span class='ocrx_word' id='word_1_800' title='bbox 2073 790 2118 821; x_wconf 86' lang='lat' dir='ltr'>est</span> <span class='ocrx_word' id='word_1_801' title='bbox 2126 800 2210 831; x_wconf 89' lang='lat' dir='ltr'>aper-</span> 
     </span>
     <span class='ocr_line' id='line_1_86' title="bbox 1246 832 2209 876; baseline 0 -13"><span class='ocrx_word' id='word_1_802' title='bbox 1246 835 1305 863; x_wconf 90' lang='lat' dir='ltr'>tior</span> <span class='ocrx_word' id='word_1_803' title='bbox 1317 845 1323 864; x_wconf 89' lang='lat'>:</span> <span class='ocrx_word' id='word_1_804' title='bbox 1335 844 1519 876; x_wconf 83' lang='lat' dir='ltr'>quamquam</span> <span class='ocrx_word' id='word_1_805' title='bbox 1530 837 1617 864; x_wconf 88' lang='lat' dir='ltr'>etiam</span> <span class='ocrx_word' id='word_1_806' title='bbox 1629 833 1644 863; x_wconf 71' lang='grc' dir='ltr'>ὲ</span> <span class='ocrx_word' id='word_1_807' title='bbox 1655 832 1755 863; x_wconf 88' lang='lat' dir='ltr'>modis</span> <span class='ocrx_word' id='word_1_808' title='bbox 1765 832 1942 873; x_wconf 86' lang='lat' dir='ltr'>quibusdam</span> <span class='ocrx_word' id='word_1_809' title='bbox 1953 852 1961 866; x_wconf 83' lang='lat'>‚</span> <span class='ocrx_word' id='word_1_810' title='bbox 1977 841 2067 863; x_wconf 88' lang='lat' dir='ltr'>cantu</span> <span class='ocrx_word' id='word_1_811' title='bbox 2075 841 2209 867; x_wconf 80' lang='lat' dir='ltr'>remoto.</span> 
     </span>
     <span class='ocr_line' id='line_1_87' title="bbox 1245 874 2210 916; baseline 0 -11"><span class='ocrx_word' id='word_1_812' title='bbox 1245 875 1340 906; x_wconf 86' lang='lat' dir='ltr'>soluta</span> <span class='ocrx_word' id='word_1_813' title='bbox 1358 875 1416 905; x_wconf 81' lang='lat' dir='ltr'>effe</span> <span class='ocrx_word' id='word_1_814' title='bbox 1435 876 1570 906; x_wconf 81' lang='lat' dir='ltr'>videatur</span> <span class='ocrx_word' id='word_1_815' title='bbox 1579 878 1674 905; x_wconf 87' lang='lat' dir='ltr'>oratio</span> <span class='ocrx_word' id='word_1_816' title='bbox 1686 895 1694 909; x_wconf 91' lang='lat'>,</span> <span class='ocrx_word' id='word_1_817' title='bbox 1713 876 1907 915; x_wconf 79' lang='lat' dir='ltr'>maximeque</span> <span class='ocrx_word' id='word_1_818' title='bbox 1918 874 1948 904; x_wconf 93' lang='lat' dir='ltr'>id</span> <span class='ocrx_word' id='word_1_819' title='bbox 1961 876 1993 905; x_wconf 91' lang='lat' dir='ltr'>in</span> <span class='ocrx_word' id='word_1_820' title='bbox 2003 877 2122 915; x_wconf 88' lang='lat' dir='ltr'>optimo</span> <span class='ocrx_word' id='word_1_821' title='bbox 2131 885 2210 916; x_wconf 90' lang='lat' dir='ltr'>quo-</span> 
     </span>
     <span class='ocr_line' id='line_1_88' title="bbox 1243 919 2208 961; baseline 0 -11"><span class='ocrx_word' id='word_1_822' title='bbox 1243 930 1302 961; x_wconf 89' lang='lat' dir='ltr'>que</span> <span class='ocrx_word' id='word_1_823' title='bbox 1312 931 1419 951; x_wconf 83' lang='lat' dir='ltr'>eorum</span> <span class='ocrx_word' id='word_1_824' title='bbox 1432 922 1587 961; x_wconf 72' lang='lat' dir='ltr'>poetarum</span> <span class='ocrx_word' id='word_1_825' title='bbox 1600 940 1608 954; x_wconf 90' lang='lat'>‚</span> <span class='ocrx_word' id='word_1_826' title='bbox 1627 922 1679 961; x_wconf 90' lang='lat' dir='ltr'>qui</span> <span class='ocrx_word' id='word_1_827' title='bbox 1700 919 1816 956; x_wconf 64' lang='grc' dir='ltr'>λυρμωὶ</span> <span class='ocrx_word' id='word_1_828' title='bbox 1834 920 1849 950; x_wconf 75' lang='lat' dir='ltr'>a</span> <span class='ocrx_word' id='word_1_829' title='bbox 1860 921 1971 950; x_wconf 83' lang='lat' dir='ltr'>Graecis</span> <span class='ocrx_word' id='word_1_830' title='bbox 1991 922 2208 950; x_wconf 88' lang='lat' dir='ltr'>nominantur:</span> 
     </span>
     <span class='ocr_line' id='line_1_89' title="bbox 1245 961 2209 1005; baseline -0.001 -13"><span class='ocrx_word' id='word_1_831' title='bbox 1245 973 1321 1003; x_wconf 87' lang='lat' dir='ltr'>quos</span> <span class='ocrx_word' id='word_1_832' title='bbox 1339 972 1409 1005; x_wconf 77' lang='lat' dir='ltr'>cum</span> <span class='ocrx_word' id='word_1_833' title='bbox 1429 971 1518 993; x_wconf 84' lang='lat' dir='ltr'>cantu</span> <span class='ocrx_word' id='word_1_834' title='bbox 1536 962 1707 1002; x_wconf 84' lang='lat' dir='ltr'>spoliaveris</span> <span class='ocrx_word' id='word_1_835' title='bbox 1718 982 1726 996; x_wconf 88' lang='lat'>,</span> <span class='ocrx_word' id='word_1_836' title='bbox 1745 961 1824 992; x_wconf 89' lang='lat' dir='ltr'>nuda</span> <span class='ocrx_word' id='word_1_837' title='bbox 1843 961 1927 1002; x_wconf 74' lang='lat' dir='ltr'>paene</span> <span class='ocrx_word' id='word_1_838' title='bbox 1948 970 2084 992; x_wconf 84' lang='lat' dir='ltr'>remanet</span> <span class='ocrx_word' id='word_1_839' title='bbox 2102 963 2209 992; x_wconf 88' lang='lat' dir='ltr'>oratio.</span> 
     </span>
     <span class='ocr_line' id='line_1_90' title="bbox 1246 1003 2212 1047; baseline 0.002 -13"><span class='ocrx_word' id='word_1_840' title='bbox 1246 1007 1387 1047; x_wconf 84' lang='lat' dir='ltr'>Qorurn</span> <span class='ocrx_word' id='word_1_841' title='bbox 1407 1004 1515 1035; x_wconf 83' lang='lat' dir='ltr'>similia</span> <span class='ocrx_word' id='word_1_842' title='bbox 1531 1004 1600 1035; x_wconf 91' lang='lat' dir='ltr'>sunt</span> <span class='ocrx_word' id='word_1_843' title='bbox 1615 1004 1751 1045; x_wconf 86' lang='lat' dir='ltr'>quaedam</span> <span class='ocrx_word' id='word_1_844' title='bbox 1769 1006 1861 1034; x_wconf 84' lang='lat' dir='ltr'>etiam</span> <span class='ocrx_word' id='word_1_845' title='bbox 1878 1003 1955 1045; x_wconf 81' lang='lat' dir='ltr'>apud</span> <span class='ocrx_word' id='word_1_846' title='bbox 1974 1003 2111 1035; x_wconf 88' lang='lat' dir='ltr'>nostros:</span> <span class='ocrx_word' id='word_1_847' title='bbox 2126 1003 2212 1036; x_wconf 80' lang='lat' dir='ltr'>velut</span> 
     </span>
     <span class='ocr_line' id='line_1_91' title="bbox 1244 1046 1498 1087; baseline 0.016 -12"><span class='ocrx_word' id='word_1_848' title='bbox 1244 1047 1296 1076; x_wconf 85' lang='lat' dir='ltr'>illa</span> <span class='ocrx_word' id='word_1_849' title='bbox 1305 1048 1338 1076; x_wconf 90' lang='lat' dir='ltr'>in</span> <span class='ocrx_word' id='word_1_850' title='bbox 1348 1046 1480 1087; x_wconf 86' lang='lat' dir='ltr'>Thyeste</span> <span class='ocrx_word' id='word_1_851' title='bbox 1489 1067 1498 1080; x_wconf 84' lang='lat'>‚</span> 
     </span>
     <span class='ocr_line' id='line_1_92' title="bbox 1287 1086 2052 1130; baseline -0.001 -13"><span class='ocrx_word' id='word_1_852' title='bbox 1287 1088 1451 1130; x_wconf 79' lang='lat' dir='ltr'>Qemnam</span> <span class='ocrx_word' id='word_1_853' title='bbox 1462 1097 1489 1118; x_wconf 88' lang='lat' dir='ltr'>te</span> <span class='ocrx_word' id='word_1_854' title='bbox 1498 1087 1545 1126; x_wconf 80' lang='lat' dir='ltr'>effe</span> <span class='ocrx_word' id='word_1_855' title='bbox 1553 1088 1668 1119; x_wconf 79' lang='lat' dir='ltr'>dicam?</span> <span class='ocrx_word' id='word_1_856' title='bbox 1680 1092 1691 1110; x_wconf 82' lang='lat'>¹</span> <span class='ocrx_word' id='word_1_857' title='bbox 1723 1087 1755 1118; x_wconf 84' lang='lat' dir='ltr'>ui</span> <span class='ocrx_word' id='word_1_858' title='bbox 1764 1087 1846 1118; x_wconf 77' lang='lat' dir='ltr'>tarda</span> <span class='ocrx_word' id='word_1_859' title='bbox 1857 1088 1885 1116; x_wconf 83' lang='lat' dir='ltr'>in</span> <span class='ocrx_word' id='word_1_860' title='bbox 1892 1086 2052 1128; x_wconf 68' lang='lat' dir='ltr'>senec‘iute:</span> 
     </span>
    </p>

    <p class='ocr_par' dir='ltr' id='par_1_11' title="bbox 1244 1099 2210 1884">
     <span class='ocr_line' id='line_1_93' title="bbox 1244 1099 2208 1172; baseline 0.001 -12"><span class='ocrx_word' id='word_1_861' title='bbox 1244 1129 1277 1160; x_wconf 89' lang='lat'>&amp;</span> <span class='ocrx_word' id='word_1_862' title='bbox 1287 1141 1352 1171; x_wconf 83' lang='lat' dir='ltr'>quae</span> <span class='ocrx_word' id='word_1_863' title='bbox 1370 1130 1548 1171; x_wconf 86' lang='lat' dir='ltr'>sequuntur:</span> <span class='ocrx_word' id='word_1_864' title='bbox 1567 1141 1632 1172; x_wconf 77' lang='lat' dir='ltr'>quae</span> <span class='ocrx_word' id='word_1_865' title='bbox 1641 1151 1649 1165; x_wconf 91' lang='lat'>,</span> <span class='ocrx_word' id='word_1_866' title='bbox 1662 1099 1798 1161; x_wconf 46' lang='lat' dir='ltr'>nuscum</span> <span class='ocrx_word' id='word_1_867' title='bbox 1809 1130 1922 1160; x_wconf 80' lang='lat' dir='ltr'>tibicen</span> <span class='ocrx_word' id='word_1_868' title='bbox 1932 1129 2046 1160; x_wconf 84' lang='lat' dir='ltr'>acceffit</span> <span class='ocrx_word' id='word_1_869' title='bbox 2056 1150 2064 1164; x_wconf 95' lang='lat'>‚</span> <span class='ocrx_word' id='word_1_870' title='bbox 2076 1130 2208 1161; x_wconf 80' lang='lat' dir='ltr'>orationi</span> 
     </span>
     <span class='ocr_line' id='line_1_94' title="bbox 1244 1170 2209 1212; baseline 0 -10"><span class='ocrx_word' id='word_1_871' title='bbox 1244 1172 1312 1202; x_wconf 88' lang='lat' dir='ltr'>sunt</span> <span class='ocrx_word' id='word_1_872' title='bbox 1321 1172 1424 1202; x_wconf 79' lang='lat' dir='ltr'>solutae</span> <span class='ocrx_word' id='word_1_873' title='bbox 1436 1171 1601 1202; x_wconf 87' lang='lat' dir='ltr'>simillima.</span> <span class='ocrx_word' id='word_1_874' title='bbox 1631 1176 1671 1203; x_wconf 86' lang='lat' dir='ltr'>At</span> <span class='ocrx_word' id='word_1_875' title='bbox 1678 1174 1868 1203; x_wconf 88' lang='lat' dir='ltr'>comicorum</span> <span class='ocrx_word' id='word_1_876' title='bbox 1881 1172 1987 1201; x_wconf 87' lang='lat' dir='ltr'>senarii</span> <span class='ocrx_word' id='word_1_877' title='bbox 1996 1180 2116 1212; x_wconf 88' lang='lat' dir='ltr'>propter</span> <span class='ocrx_word' id='word_1_878' title='bbox 2125 1170 2209 1202; x_wconf 89' lang='lat' dir='ltr'>fimi-</span> 
     </span>
     <span class='ocr_line' id='line_1_95' title="bbox 1244 1212 2205 1255; baseline 0.003 -13"><span class='ocrx_word' id='word_1_879' title='bbox 1244 1213 1406 1244; x_wconf 89' lang='lat' dir='ltr'>litudinem</span> <span class='ocrx_word' id='word_1_880' title='bbox 1420 1215 1566 1244; x_wconf 86' lang='lat' dir='ltr'>sermonis</span> <span class='ocrx_word' id='word_1_881' title='bbox 1581 1213 1619 1244; x_wconf 90' lang='lat' dir='ltr'>sic</span> <span class='ocrx_word' id='word_1_882' title='bbox 1629 1215 1703 1254; x_wconf 82' lang='lat' dir='ltr'>saepe</span> <span class='ocrx_word' id='word_1_883' title='bbox 1714 1214 1782 1244; x_wconf 88' lang='lat' dir='ltr'>sunt</span> <span class='ocrx_word' id='word_1_884' title='bbox 1790 1212 1899 1250; x_wconf 71' lang='lat' dir='ltr'>abjeffi</span> <span class='ocrx_word' id='word_1_885' title='bbox 1910 1233 1918 1247; x_wconf 90' lang='lat'>‚</span> <span class='ocrx_word' id='word_1_886' title='bbox 1938 1222 1971 1243; x_wconf 91' lang='lat' dir='ltr'>ut</span> <span class='ocrx_word' id='word_1_887' title='bbox 1980 1223 2205 1255; x_wconf 87' lang='lat' dir='ltr'>nonnunquam</span> 
     </span>
     <span class='ocr_line' id='line_1_96' title="bbox 1244 1253 2208 1296; baseline 0.001 -11"><span class='ocrx_word' id='word_1_888' title='bbox 1244 1257 1299 1285; x_wconf 85' lang='lat' dir='ltr'>vix</span> <span class='ocrx_word' id='word_1_889' title='bbox 1309 1257 1342 1285; x_wconf 88' lang='lat' dir='ltr'>in</span> <span class='ocrx_word' id='word_1_890' title='bbox 1354 1256 1399 1285; x_wconf 81' lang='lat' dir='ltr'>iiis</span> <span class='ocrx_word' id='word_1_891' title='bbox 1411 1265 1555 1286; x_wconf 86' lang='lat' dir='ltr'>numerus</span> <span class='ocrx_word' id='word_1_892' title='bbox 1563 1275 1571 1289; x_wconf 85' lang='lat'>,</span> <span class='ocrx_word' id='word_1_893' title='bbox 1584 1256 1617 1286; x_wconf 72' lang='grc' dir='ltr'>δε</span> <span class='ocrx_word' id='word_1_894' title='bbox 1627 1256 1726 1286; x_wconf 87' lang='lat' dir='ltr'>versus</span> <span class='ocrx_word' id='word_1_895' title='bbox 1737 1255 1865 1296; x_wconf 87' lang='lat' dir='ltr'>intelligi</span> <span class='ocrx_word' id='word_1_896' title='bbox 1876 1253 1976 1295; x_wconf 86' lang='lat' dir='ltr'>poffit:</span> <span class='ocrx_word' id='word_1_897' title='bbox 1989 1265 2052 1296; x_wconf 91' lang='lat' dir='ltr'>quo</span> <span class='ocrx_word' id='word_1_898' title='bbox 2062 1254 2104 1285; x_wconf 90' lang='lat' dir='ltr'>est</span> <span class='ocrx_word' id='word_1_899' title='bbox 2113 1255 2148 1285; x_wconf 88' lang='lat' dir='ltr'>ad</span> <span class='ocrx_word' id='word_1_900' title='bbox 2158 1257 2208 1286; x_wconf 86' lang='lat' dir='ltr'>in-</span> 
     </span>
     <span class='ocr_line' id='line_1_97' title="bbox 1245 1296 2208 1338; baseline 0 -11"><span class='ocrx_word' id='word_1_901' title='bbox 1245 1297 1434 1328; x_wconf 81' lang='lat' dir='ltr'>veniendum</span> <span class='ocrx_word' id='word_1_902' title='bbox 1445 1297 1600 1328; x_wconf 83' lang='lat' dir='ltr'>difficilior</span> <span class='ocrx_word' id='word_1_903' title='bbox 1610 1300 1643 1328; x_wconf 89' lang='lat' dir='ltr'>in</span> <span class='ocrx_word' id='word_1_904' title='bbox 1654 1300 1788 1328; x_wconf 88' lang='lat' dir='ltr'>oratione</span> <span class='ocrx_word' id='word_1_905' title='bbox 1799 1307 1943 1327; x_wconf 87' lang='lat' dir='ltr'>numerus</span> <span class='ocrx_word' id='word_1_906' title='bbox 1951 1317 1960 1331; x_wconf 91' lang='lat'>‚</span> <span class='ocrx_word' id='word_1_907' title='bbox 1972 1297 2063 1338; x_wconf 74' lang='lat' dir='ltr'>quam</span> <span class='ocrx_word' id='word_1_908' title='bbox 2074 1299 2106 1327; x_wconf 87' lang='lat' dir='ltr'>in</span> <span class='ocrx_word' id='word_1_909' title='bbox 2117 1296 2208 1328; x_wconf 85' lang='lat' dir='ltr'>verfi-</span> 
     </span>
     <span class='ocr_line' id='line_1_98' title="bbox 1246 1338 2208 1381; baseline 0.001 -12"><span class='ocrx_word' id='word_1_910' title='bbox 1246 1339 1313 1369; x_wconf 92' lang='lat' dir='ltr'>bus.</span> <span class='ocrx_word' id='word_1_911' title='bbox 1338 1342 1477 1370; x_wconf 90' lang='lat' dir='ltr'>Omnino</span> <span class='ocrx_word' id='word_1_912' title='bbox 1488 1340 1549 1370; x_wconf 93' lang='lat' dir='ltr'>duo</span> <span class='ocrx_word' id='word_1_913' title='bbox 1559 1340 1627 1370; x_wconf 90' lang='lat' dir='ltr'>sunt</span> <span class='ocrx_word' id='word_1_914' title='bbox 1637 1360 1646 1373; x_wconf 88' lang='lat'>‚</span> <span class='ocrx_word' id='word_1_915' title='bbox 1661 1350 1727 1381; x_wconf 85' lang='lat' dir='ltr'>quae</span> <span class='ocrx_word' id='word_1_916' title='bbox 1737 1339 1880 1369; x_wconf 85' lang='lat' dir='ltr'>condiant</span> <span class='ocrx_word' id='word_1_917' title='bbox 1892 1341 2078 1369; x_wconf 88' lang='lat' dir='ltr'>orationem:</span> <span class='ocrx_word' id='word_1_918' title='bbox 2099 1338 2208 1370; x_wconf 79' lang='lat' dir='ltr'>verbo-</span> 
     </span>
     <span class='ocr_line' id='line_1_99' title="bbox 1245 1379 2208 1423; baseline 0.001 -12"><span class='ocrx_word' id='word_1_919' title='bbox 1245 1391 1314 1411; x_wconf 89' lang='lat' dir='ltr'>rum</span> <span class='ocrx_word' id='word_1_920' title='bbox 1323 1402 1331 1415; x_wconf 96' lang='lat'><em>‚</em></span> <span class='ocrx_word' id='word_1_921' title='bbox 1344 1391 1604 1423; x_wconf 69' lang='lat' dir='ltr'>nummorumque</span> <span class='ocrx_word' id='word_1_922' title='bbox 1610 1381 1792 1422; x_wconf 86' lang='lat' dir='ltr'>jucunditas.</span> <span class='ocrx_word' id='word_1_923' title='bbox 1815 1384 1851 1411; x_wconf 86' lang='lat' dir='ltr'>In</span> <span class='ocrx_word' id='word_1_924' title='bbox 1861 1381 1958 1412; x_wconf 89' lang='lat' dir='ltr'>verbis</span> <span class='ocrx_word' id='word_1_925' title='bbox 1969 1380 2046 1411; x_wconf 81' lang='lat' dir='ltr'>inest</span> <span class='ocrx_word' id='word_1_926' title='bbox 2054 1379 2134 1422; x_wconf 84' lang='lat' dir='ltr'>quafi</span> <span class='ocrx_word' id='word_1_927' title='bbox 2142 1391 2208 1412; x_wconf 78' lang='lat' dir='ltr'>rna-</span> 
     </span>
     <span class='ocr_line' id='line_1_100' title="bbox 1245 1422 2208 1464; baseline 0.001 -11"><span class='ocrx_word' id='word_1_928' title='bbox 1245 1425 1317 1454; x_wconf 85' lang='lat' dir='ltr'>teria</span> <span class='ocrx_word' id='word_1_929' title='bbox 1326 1423 1466 1464; x_wconf 87' lang='lat' dir='ltr'>quaedam</span> <span class='ocrx_word' id='word_1_930' title='bbox 1479 1434 1484 1453; x_wconf 90' lang='lat'>:</span> <span class='ocrx_word' id='word_1_931' title='bbox 1506 1426 1539 1454; x_wconf 91' lang='lat' dir='ltr'>in</span> <span class='ocrx_word' id='word_1_932' title='bbox 1548 1434 1677 1454; x_wconf 90' lang='lat' dir='ltr'>numero</span> <span class='ocrx_word' id='word_1_933' title='bbox 1686 1432 1785 1454; x_wconf 91' lang='lat' dir='ltr'>autem</span> <span class='ocrx_word' id='word_1_934' title='bbox 1796 1423 1955 1463; x_wconf 84' lang='lat' dir='ltr'>expolitio.</span> <span class='ocrx_word' id='word_1_935' title='bbox 1977 1422 2034 1453; x_wconf 89' lang='lat' dir='ltr'>Sed</span> <span class='ocrx_word' id='word_1_936' title='bbox 2054 1432 2086 1453; x_wconf 90' lang='lat' dir='ltr'>ut</span> <span class='ocrx_word' id='word_1_937' title='bbox 2103 1425 2208 1454; x_wconf 84' lang='lat' dir='ltr'>ceteris</span> 
     </span>
     <span class='ocr_line' id='line_1_101' title="bbox 1246 1465 2207 1507; baseline 0.002 -12"><span class='ocrx_word' id='word_1_938' title='bbox 1246 1467 1279 1495; x_wconf 90' lang='lat' dir='ltr'>in</span> <span class='ocrx_word' id='word_1_939' title='bbox 1298 1465 1386 1495; x_wconf 91' lang='lat' dir='ltr'>rebus</span> <span class='ocrx_word' id='word_1_940' title='bbox 1396 1485 1405 1500; x_wconf 90' lang='lat'>,</span> <span class='ocrx_word' id='word_1_941' title='bbox 1427 1467 1672 1496; x_wconf 68' lang='lat' dir='ltr'>NacassrrAris</span> <span class='ocrx_word' id='word_1_942' title='bbox 1691 1467 1814 1495; x_wconf 89' lang='lat' dir='ltr'>inventa</span> <span class='ocrx_word' id='word_1_943' title='bbox 1823 1465 1993 1505; x_wconf 86' lang='lat' dir='ltr'>antiquiora</span> <span class='ocrx_word' id='word_1_944' title='bbox 2008 1465 2078 1495; x_wconf 91' lang='lat' dir='ltr'>sunt</span> <span class='ocrx_word' id='word_1_945' title='bbox 2087 1484 2095 1499; x_wconf 90' lang='lat'>,</span> <span class='ocrx_word' id='word_1_946' title='bbox 2113 1465 2207 1507; x_wconf 71' lang='lat' dir='ltr'>quarn</span> 
     </span>
     <span class='ocr_line' id='line_1_102' title="bbox 1245 1506 2208 1548; baseline 0 -10"><span class='ocrx_word' id='word_1_947' title='bbox 1245 1507 1424 1548; x_wconf 87' lang='lat' dir='ltr'>voluptatis:</span> <span class='ocrx_word' id='word_1_948' title='bbox 1445 1509 1486 1538; x_wconf 90' lang='lat' dir='ltr'>ita</span> <span class='ocrx_word' id='word_1_949' title='bbox 1497 1507 1572 1537; x_wconf 89' lang='lat' dir='ltr'>&amp;in</span> <span class='ocrx_word' id='word_1_950' title='bbox 1583 1508 1675 1539; x_wconf 88' lang='lat' dir='ltr'>haere</span> <span class='ocrx_word' id='word_1_951' title='bbox 1685 1507 1808 1541; x_wconf 86' lang='lat' dir='ltr'>accidit,</span> <span class='ocrx_word' id='word_1_952' title='bbox 1829 1515 1862 1537; x_wconf 89' lang='lat' dir='ltr'>ut</span> <span class='ocrx_word' id='word_1_953' title='bbox 1880 1506 1985 1536; x_wconf 88' lang='lat' dir='ltr'>multis</span> <span class='ocrx_word' id='word_1_954' title='bbox 2007 1506 2120 1537; x_wconf 82' lang='lat' dir='ltr'>saeculis</span> <span class='ocrx_word' id='word_1_955' title='bbox 2137 1507 2208 1538; x_wconf 61' lang='lat' dir='ltr'>ante</span> 
     </span>
     <span class='ocr_line' id='line_1_103' title="bbox 1248 1548 2209 1589; baseline -0.001 -9"><span class='ocrx_word' id='word_1_956' title='bbox 1248 1551 1343 1580; x_wconf 78' lang='lat' dir='ltr'>oratio</span> <span class='ocrx_word' id='word_1_957' title='bbox 1352 1549 1433 1580; x_wconf 90' lang='lat' dir='ltr'>nuda</span> <span class='ocrx_word' id='word_1_958' title='bbox 1441 1569 1450 1583; x_wconf 83' lang='lat'><em>‚</em></span> <span class='ocrx_word' id='word_1_959' title='bbox 1464 1559 1496 1580; x_wconf 89' lang='lat' dir='ltr'>ac</span> <span class='ocrx_word' id='word_1_960' title='bbox 1506 1549 1588 1579; x_wconf 87' lang='lat' dir='ltr'>rudis</span> <span class='ocrx_word' id='word_1_961' title='bbox 1600 1549 1635 1580; x_wconf 91' lang='lat' dir='ltr'>ad</span> <span class='ocrx_word' id='word_1_962' title='bbox 1647 1550 1725 1579; x_wconf 89' lang='lat' dir='ltr'>solos</span> <span class='ocrx_word' id='word_1_963' title='bbox 1735 1550 1909 1579; x_wconf 88' lang='lat' dir='ltr'>animorum</span> <span class='ocrx_word' id='word_1_964' title='bbox 1921 1548 2021 1578; x_wconf 88' lang='lat' dir='ltr'>sensus</span> <span class='ocrx_word' id='word_1_965' title='bbox 2032 1550 2209 1589; x_wconf 85' lang='lat' dir='ltr'>exprimen-</span> 
     </span>
     <span class='ocr_line' id='line_1_104' title="bbox 1247 1590 2208 1633; baseline 0.001 -12"><span class='ocrx_word' id='word_1_966' title='bbox 1247 1591 1304 1621; x_wconf 90' lang='lat' dir='ltr'>dos</span> <span class='ocrx_word' id='word_1_967' title='bbox 1314 1590 1407 1621; x_wconf 89' lang='lat' dir='ltr'>fuerit</span> <span class='ocrx_word' id='word_1_968' title='bbox 1416 1600 1527 1632; x_wconf 73' lang='lat' dir='ltr'>repeita</span> <span class='ocrx_word' id='word_1_969' title='bbox 1536 1612 1544 1626; x_wconf 96' lang='lat'>,</span> <span class='ocrx_word' id='word_1_970' title='bbox 1562 1592 1655 1633; x_wconf 68' lang='lat' dir='ltr'>quam</span> <span class='ocrx_word' id='word_1_971' title='bbox 1667 1592 1741 1621; x_wconf 88' lang='lat' dir='ltr'>ratio</span> <span class='ocrx_word' id='word_1_972' title='bbox 1755 1599 1954 1620; x_wconf 88' lang='lat' dir='ltr'>numerorum</span> <span class='ocrx_word' id='word_1_973' title='bbox 1967 1610 1976 1623; x_wconf 84' lang='lat'><em>,</em></span> <span class='ocrx_word' id='word_1_974' title='bbox 1986 1590 2070 1621; x_wconf 87' lang='lat' dir='ltr'>causa</span> <span class='ocrx_word' id='word_1_975' title='bbox 2080 1590 2208 1622; x_wconf 63' lang='lat' dir='ltr'>deleffl—</span> 
     </span>
     <span class='ocr_line' id='line_1_105' title="bbox 1245 1631 2208 1675; baseline 0 -12"><span class='ocrx_word' id='word_1_976' title='bbox 1245 1635 1340 1664; x_wconf 89' lang='lat' dir='ltr'>tionis</span> <span class='ocrx_word' id='word_1_977' title='bbox 1351 1635 1467 1663; x_wconf 90' lang='lat' dir='ltr'>aurium</span> <span class='ocrx_word' id='word_1_978' title='bbox 1479 1652 1487 1667; x_wconf 84' lang='lat'>‚</span> <span class='ocrx_word' id='word_1_979' title='bbox 1498 1642 1671 1675; x_wconf 84' lang='lat' dir='ltr'>excogitata.</span> <span class='ocrx_word' id='word_1_980' title='bbox 1695 1635 1796 1674; x_wconf 85' lang='lat' dir='ltr'>Itaque</span> <span class='ocrx_word' id='word_1_981' title='bbox 1807 1632 1840 1662; x_wconf 90' lang='lat'>&amp;</span> <span class='ocrx_word' id='word_1_982' title='bbox 1851 1631 2035 1666; x_wconf 90' lang='lat' dir='ltr'>Herodotus,</span> <span class='ocrx_word' id='word_1_983' title='bbox 2045 1632 2078 1663; x_wconf 90' lang='lat'>&amp;</span> <span class='ocrx_word' id='word_1_984' title='bbox 2088 1632 2208 1668; x_wconf 80' lang='lat' dir='ltr'>eadem,</span> 
     </span>
     <span class='ocr_line' id='line_1_106' title="bbox 1247 1672 2208 1716; baseline 0 -11"><span class='ocrx_word' id='word_1_985' title='bbox 1247 1675 1436 1716; x_wconf 86' lang='lat' dir='ltr'>superiorque</span> <span class='ocrx_word' id='word_1_986' title='bbox 1447 1684 1513 1706; x_wconf 88' lang='lat' dir='ltr'>aetas</span> <span class='ocrx_word' id='word_1_987' title='bbox 1522 1685 1651 1712; x_wconf 81' lang='lat' dir='ltr'>numero</span> <span class='ocrx_word' id='word_1_988' title='bbox 1660 1676 1764 1707; x_wconf 90' lang='lat' dir='ltr'>caruit,</span> <span class='ocrx_word' id='word_1_989' title='bbox 1774 1672 1830 1704; x_wconf 84' lang='lat' dir='ltr'>nisi</span> <span class='ocrx_word' id='word_1_990' title='bbox 1839 1673 1960 1715; x_wconf 88' lang='lat' dir='ltr'>quando</span> <span class='ocrx_word' id='word_1_991' title='bbox 1970 1683 2092 1708; x_wconf 91' lang='lat' dir='ltr'>temere,</span> <span class='ocrx_word' id='word_1_992' title='bbox 2103 1685 2134 1704; x_wconf 86' lang='lat' dir='ltr'>ac</span> <span class='ocrx_word' id='word_1_993' title='bbox 2143 1674 2208 1705; x_wconf 82' lang='lat' dir='ltr'>for-</span> 
     </span>
     <span class='ocr_line' id='line_1_107' title="bbox 1246 1716 2210 1758; baseline 0 -11"><span class='ocrx_word' id='word_1_994' title='bbox 1246 1720 1323 1747; x_wconf 88' lang='lat' dir='ltr'>tuito</span> <span class='ocrx_word' id='word_1_995' title='bbox 1335 1727 1342 1745; x_wconf 77' lang='lat' dir='ltr'>t</span> <span class='ocrx_word' id='word_1_996' title='bbox 1363 1717 1396 1746; x_wconf 77' lang='grc' dir='ltr'>δε</span> <span class='ocrx_word' id='word_1_997' title='bbox 1406 1717 1564 1758; x_wconf 87' lang='lat' dir='ltr'>scriptores</span> <span class='ocrx_word' id='word_1_998' title='bbox 1574 1726 1739 1758; x_wconf 83' lang='lat' dir='ltr'>perveteres</span> <span class='ocrx_word' id='word_1_999' title='bbox 1748 1716 1786 1746; x_wconf 89' lang='lat' dir='ltr'>de</span> <span class='ocrx_word' id='word_1_1000' title='bbox 1797 1725 1926 1746; x_wconf 90' lang='lat' dir='ltr'>numero</span> <span class='ocrx_word' id='word_1_1001' title='bbox 1936 1716 2014 1745; x_wconf 86' lang='lat' dir='ltr'>nihil</span> <span class='ocrx_word' id='word_1_1002' title='bbox 2024 1716 2210 1750; x_wconf 85' lang='lat' dir='ltr'>omnino,de</span> 
     </span>
     <span class='ocr_line' id='line_1_108' title="bbox 1246 1758 2209 1800; baseline -0.001 -11"><span class='ocrx_word' id='word_1_1003' title='bbox 1246 1761 1381 1789; x_wconf 71' lang='lat' dir='ltr'>oratione</span> <span class='ocrx_word' id='word_1_1004' title='bbox 1391 1768 1534 1799; x_wconf 87' lang='lat' dir='ltr'>praecepta</span> <span class='ocrx_word' id='word_1_1005' title='bbox 1545 1760 1639 1789; x_wconf 88' lang='lat' dir='ltr'>multa</span> <span class='ocrx_word' id='word_1_1006' title='bbox 1649 1758 1739 1789; x_wconf 88' lang='lat' dir='ltr'>nobis</span> <span class='ocrx_word' id='word_1_1007' title='bbox 1750 1758 1943 1799; x_wconf 91' lang='lat' dir='ltr'>reliquerunt.</span> <span class='ocrx_word' id='word_1_1008' title='bbox 1955 1760 2048 1788; x_wconf 91' lang='lat' dir='ltr'>-Nam</span> <span class='ocrx_word' id='word_1_1009' title='bbox 2059 1761 2156 1800; x_wconf 82' lang='lat' dir='ltr'>Qon</span> <span class='ocrx_word' id='word_1_1010' title='bbox 2167 1767 2209 1788; x_wconf 76' lang='lat' dir='ltr'>m·</span> 
     </span>
     <span class='ocr_line' id='line_1_109' title="bbox 1247 1799 2209 1843; baseline -0.001 -12"><span class='ocrx_word' id='word_1_1011' title='bbox 1247 1801 1363 1831; x_wconf 80' lang='lat' dir='ltr'>facilius</span> <span class='ocrx_word' id='word_1_1012' title='bbox 1375 1801 1427 1835; x_wconf 88' lang='lat' dir='ltr'>est,</span> <span class='ocrx_word' id='word_1_1013' title='bbox 1440 1801 1473 1831; x_wconf 75' lang='grc' dir='ltr'>δε</span> <span class='ocrx_word' id='word_1_1014' title='bbox 1483 1802 1577 1843; x_wconf 86' lang='lat' dir='ltr'>magis</span> <span class='ocrx_word' id='word_1_1015' title='bbox 1589 1799 1795 1834; x_wconf 69' lang='lat' dir='ltr'>necessarium,</span> <span class='ocrx_word' id='word_1_1016' title='bbox 1808 1800 1838 1830; x_wconf 91' lang='lat' dir='ltr'>id</span> <span class='ocrx_word' id='word_1_1017' title='bbox 1849 1800 1966 1839; x_wconf 87' lang='lat' dir='ltr'>semper</span> <span class='ocrx_word' id='word_1_1018' title='bbox 1973 1800 2040 1830; x_wconf 74' lang='lat' dir='ltr'>ante</span> <span class='ocrx_word' id='word_1_1019' title='bbox 2051 1800 2209 1841; x_wconf 80' lang='lat' dir='ltr'>cognosci·</span> 
     </span>
     <span class='ocr_line' id='line_1_110' title="bbox 1247 1840 2210 1884; baseline 0 -11"><span class='ocrx_word' id='word_1_1020' title='bbox 1247 1852 1302 1873; x_wconf 91' lang='lat' dir='ltr'>tur.</span> <span class='ocrx_word' id='word_1_1021' title='bbox 1328 1846 1429 1884; x_wconf 86' lang='lat' dir='ltr'>Itaque</span> <span class='ocrx_word' id='word_1_1022' title='bbox 1441 1843 1554 1877; x_wconf 87' lang='lat' dir='ltr'>tralata,</span> <span class='ocrx_word' id='word_1_1023' title='bbox 1567 1851 1617 1873; x_wconf 89' lang='lat' dir='ltr'>aut</span> <span class='ocrx_word' id='word_1_1024' title='bbox 1628 1841 1704 1873; x_wconf 58' lang='lat' dir='ltr'>smita</span> <span class='ocrx_word' id='word_1_1025' title='bbox 1713 1862 1722 1875; x_wconf 90' lang='lat'>,</span> <span class='ocrx_word' id='word_1_1026' title='bbox 1739 1851 1788 1872; x_wconf 87' lang='lat' dir='ltr'>aut</span> <span class='ocrx_word' id='word_1_1027' title='bbox 1795 1840 1900 1881; x_wconf 69' lang='lat' dir='ltr'>jun&amp;a</span> <span class='ocrx_word' id='word_1_1028' title='bbox 1910 1841 1998 1871; x_wconf 91' lang='lat' dir='ltr'>verba</span> <span class='ocrx_word' id='word_1_1029' title='bbox 2007 1861 2016 1874; x_wconf 91' lang='lat'>,</span> <span class='ocrx_word' id='word_1_1030' title='bbox 2036 1841 2124 1872; x_wconf 76' lang='lat' dir='ltr'>facile</span> <span class='ocrx_word' id='word_1_1031' title='bbox 2139 1843 2210 1873; x_wconf 82' lang='lat' dir='ltr'>sunt</span> 
     </span>
    </p>
   </div>
   <div class='ocr_carea' id='block_1_11' title="bbox 1226 1878 2209 1927">
    <p class='ocr_par' dir='ltr' id='par_1_12' title="bbox 1226 1878 2209 1927">
     <span class='ocr_line' id='line_1_111' title="bbox 1226 1878 2209 1927; baseline -0.001 -12"><span class='ocrx_word' id='word_1_1032' title='bbox 1226 1878 1227 1888; x_wconf 51' lang='lat'>¹</span> <span class='ocrx_word' id='word_1_1033' title='bbox 1247 1887 1384 1927; x_wconf 83' lang='lat' dir='ltr'>cognita,</span> <span class='ocrx_word' id='word_1_1034' title='bbox 1405 1887 1474 1926; x_wconf 89' lang='lat' dir='ltr'>quia</span> <span class='ocrx_word' id='word_1_1035' title='bbox 1484 1884 1678 1915; x_wconf 87' lang='lat' dir='ltr'>sumebantur</span> <span class='ocrx_word' id='word_1_1036' title='bbox 1688 1883 1704 1914; x_wconf 78' lang='grc' dir='ltr'>ὲ</span> <span class='ocrx_word' id='word_1_1037' title='bbox 1714 1883 1930 1914; x_wconf 88' lang='lat' dir='ltr'>consuetudine</span> <span class='ocrx_word' id='word_1_1038' title='bbox 1941 1902 1949 1916; x_wconf 89' lang='lat'><strong><em>‚</em></strong></span> <span class='ocrx_word' id='word_1_1039' title='bbox 1967 1883 2209 1925; x_wconf 87' lang='lat' dir='ltr'>quotidianoque</span> 
     </span>
    </p>
   </div>
   <div class='ocr_carea' id='block_1_12' title="bbox 1247 1924 2209 2094">
    <p class='ocr_par' dir='ltr' id='par_1_13' title="bbox 1247 1924 2209 2094">
     <span class='ocr_line' id='line_1_112' title="bbox 1248 1924 2209 1965; baseline -0.001 -8"><span class='ocrx_word' id='word_1_1040' title='bbox 1248 1928 1395 1957; x_wconf 81' lang='lat' dir='ltr'>sermone.</span> <span class='ocrx_word' id='word_1_1041' title='bbox 1420 1930 1434 1946; x_wconf 90' lang='lat'><em>²</em></span> <span class='ocrx_word' id='word_1_1042' title='bbox 1444 1936 1589 1957; x_wconf 87' lang='lat' dir='ltr'>numerus</span> <span class='ocrx_word' id='word_1_1043' title='bbox 1598 1935 1698 1957; x_wconf 88' lang='lat' dir='ltr'>autem</span> <span class='ocrx_word' id='word_1_1044' title='bbox 1709 1935 1773 1955; x_wconf 91' lang='lat' dir='ltr'>non</span> <span class='ocrx_word' id='word_1_1045' title='bbox 1783 1925 1878 1955; x_wconf 89' lang='lat' dir='ltr'>domo</span> <span class='ocrx_word' id='word_1_1046' title='bbox 1888 1924 2117 1965; x_wconf 87' lang='lat' dir='ltr'>depromebatur</span> <span class='ocrx_word' id='word_1_1047' title='bbox 2125 1946 2135 1960; x_wconf 91' lang='lat'>‚</span> <span class='ocrx_word' id='word_1_1048' title='bbox 2153 1936 2209 1956; x_wconf 86' lang='lat' dir='ltr'>ne-</span> 
     </span>
     <span class='ocr_line' id='line_1_113' title="bbox 1247 1966 2208 2010; baseline -0.001 -11"><span class='ocrx_word' id='word_1_1049' title='bbox 1247 1979 1304 2010; x_wconf 85' lang='lat' dir='ltr'>que</span> <span class='ocrx_word' id='word_1_1050' title='bbox 1316 1969 1440 1999; x_wconf 86' lang='lat' dir='ltr'>habebat</span> <span class='ocrx_word' id='word_1_1051' title='bbox 1448 1969 1578 2010; x_wconf 86' lang='lat' dir='ltr'>aliquam</span> <span class='ocrx_word' id='word_1_1052' title='bbox 1590 1966 1845 2000; x_wconf 83' lang='lat' dir='ltr'>necessitudinem,</span> <span class='ocrx_word' id='word_1_1053' title='bbox 1857 1975 1906 1996; x_wconf 88' lang='lat' dir='ltr'>aut</span> <span class='ocrx_word' id='word_1_1054' title='bbox 1914 1969 2126 2008; x_wconf 87' lang='lat' dir='ltr'>cognationem</span> <span class='ocrx_word' id='word_1_1055' title='bbox 2136 1977 2208 1998; x_wconf 90' lang='lat' dir='ltr'>cum</span> 
     </span>
     <span class='ocr_line' id='line_1_114' title="bbox 1248 2007 2209 2051; baseline -0.002 -10"><span class='ocrx_word' id='word_1_1056' title='bbox 1248 2013 1393 2041; x_wconf 85' lang='lat' dir='ltr'>oratione.</span> <span class='ocrx_word' id='word_1_1057' title='bbox 1417 2013 1516 2051; x_wconf 87' lang='lat' dir='ltr'>itaque</span> <span class='ocrx_word' id='word_1_1058' title='bbox 1526 2010 1616 2041; x_wconf 76' lang='lat' dir='ltr'>serius</span> <span class='ocrx_word' id='word_1_1059' title='bbox 1627 2011 1779 2050; x_wconf 88' lang='lat' dir='ltr'>aliquanto</span> <span class='ocrx_word' id='word_1_1060' title='bbox 1789 2017 1918 2042; x_wconf 86' lang='lat' dir='ltr'>notatus,</span> <span class='ocrx_word' id='word_1_1061' title='bbox 1929 2009 1961 2038; x_wconf 91' lang='lat'>&amp;</span> <span class='ocrx_word' id='word_1_1062' title='bbox 1970 2010 2120 2051; x_wconf 88' lang='lat' dir='ltr'>cognitus,</span> <span class='ocrx_word' id='word_1_1063' title='bbox 2130 2007 2209 2050; x_wconf 74' lang='lat' dir='ltr'>quasi</span> 
     </span>
     <span class='ocr_line' id='line_1_115' title="bbox 1247 2051 2206 2094; baseline -0.003 -11"><span class='ocrx_word' id='word_1_1064' title='bbox 1247 2053 1395 2094; x_wconf 82' lang='lat' dir='ltr'>quandam</span> <span class='ocrx_word' id='word_1_1065' title='bbox 1405 2051 1566 2094; x_wconf 69' lang='lat' dir='ltr'>palaestmm,</span> <span class='ocrx_word' id='word_1_1066' title='bbox 1581 2052 1613 2082; x_wconf 88' lang='lat'>&amp;</span> <span class='ocrx_word' id='word_1_1067' title='bbox 1623 2061 1758 2082; x_wconf 86' lang='lat' dir='ltr'>extrema</span> <span class='ocrx_word' id='word_1_1068' title='bbox 1768 2051 1950 2081; x_wconf 88' lang='lat' dir='ltr'>lineamenta</span> <span class='ocrx_word' id='word_1_1069' title='bbox 1959 2053 2088 2081; x_wconf 89' lang='lat' dir='ltr'>orationi</span> <span class='ocrx_word' id='word_1_1070' title='bbox 2096 2051 2206 2082; x_wconf 84' lang='lat' dir='ltr'>attulit.</span> 
     </span>
    </p>
   </div>
   <div class='ocr_carea' id='block_1_13' title="bbox 1248 2092 2275 2138">
    <p class='ocr_par' dir='ltr' id='par_1_14' title="bbox 1248 2092 2275 2138">
     <span class='ocr_line' id='line_1_116' title="bbox 1248 2092 2275 2138; baseline -0.003 -13"><span class='ocrx_word' id='word_1_1071' title='bbox 1248 2094 1338 2137; x_wconf 75' lang='lat' dir='ltr'>Qod</span> <span class='ocrx_word' id='word_1_1072' title='bbox 1350 2093 1371 2124; x_wconf 88' lang='lat' dir='ltr'><strong>fi</strong></span> <span class='ocrx_word' id='word_1_1073' title='bbox 1382 2095 1414 2124; x_wconf 88' lang='lat'>&amp;</span> <span class='ocrx_word' id='word_1_1074' title='bbox 1425 2105 1460 2125; x_wconf 90' lang='lat' dir='ltr'>an</span> <span class='ocrx_word' id='word_1_1075' title='bbox 1483 2094 1546 2125; x_wconf 88' lang='lat' dir='ltr'>usta</span> <span class='ocrx_word' id='word_1_1076' title='bbox 1559 2094 1694 2134; x_wconf 84' lang='lat' dir='ltr'>quaedam</span> <span class='ocrx_word' id='word_1_1077' title='bbox 1705 2114 1714 2126; x_wconf 93' lang='lat'>,</span> <span class='ocrx_word' id='word_1_1078' title='bbox 1733 2101 1819 2133; x_wconf 89' lang='lat' dir='ltr'>atque</span> <span class='ocrx_word' id='word_1_1079' title='bbox 1830 2092 1947 2121; x_wconf 87' lang='lat' dir='ltr'>concisa</span> <span class='ocrx_word' id='word_1_1080' title='bbox 1960 2102 1965 2120; x_wconf 90' lang='lat'>:</span> <span class='ocrx_word' id='word_1_1081' title='bbox 1986 2092 2018 2122; x_wconf 92' lang='lat'>&amp;</span> <span class='ocrx_word' id='word_1_1082' title='bbox 2027 2092 2083 2122; x_wconf 89' lang='lat' dir='ltr'>alia</span> <span class='ocrx_word' id='word_1_1083' title='bbox 2092 2092 2135 2122; x_wconf 88' lang='lat' dir='ltr'>est</span> <span class='ocrx_word' id='word_1_1084' title='bbox 2144 2093 2208 2122; x_wconf 69' lang='lat' dir='ltr'>col-</span> <span class='ocrx_word' id='word_1_1085' title='bbox 2225 2096 2275 2138; x_wconf 77' lang='lat'>56</span> 
     </span>
    </p>
   </div>
   <div class='ocr_carea' id='block_1_14' title="bbox 1237 2105 2209 2958">
    <p class='ocr_par' dir='ltr' id='par_1_15' title="bbox 1237 2105 2209 2926">
     <span class='ocr_line' id='line_1_117' title="bbox 1247 2105 2209 2169; baseline -0.003 -2"><span class='ocrx_word' id='word_1_1086' title='bbox 1247 2137 1332 2167; x_wconf 85' lang='lat' dir='ltr'>latata</span> <span class='ocrx_word' id='word_1_1087' title='bbox 1340 2157 1349 2169; x_wconf 86' lang='lat'>,</span> <span class='ocrx_word' id='word_1_1088' title='bbox 1373 2136 1405 2165; x_wconf 88' lang='lat'>&amp;</span> <span class='ocrx_word' id='word_1_1089' title='bbox 1417 2105 1524 2165; x_wconf 71' lang='lat' dir='ltr'>diflgusa</span> <span class='ocrx_word' id='word_1_1090' title='bbox 1534 2138 1630 2165; x_wconf 84' lang='lat' dir='ltr'>oratio</span> <span class='ocrx_word' id='word_1_1091' title='bbox 1642 2146 1647 2163; x_wconf 82' lang='lat' dir='ltr'>z</span> <span class='ocrx_word' id='word_1_1092' title='bbox 1664 2132 1779 2164; x_wconf 84' lang='lat' dir='ltr'>necesse</span> <span class='ocrx_word' id='word_1_1093' title='bbox 1790 2132 1871 2163; x_wconf 91' lang='lat' dir='ltr'>estid</span> <span class='ocrx_word' id='word_1_1094' title='bbox 1882 2143 1947 2162; x_wconf 89' lang='lat' dir='ltr'>non</span> <span class='ocrx_word' id='word_1_1095' title='bbox 1956 2133 2119 2163; x_wconf 79' lang='lat' dir='ltr'>litterarum</span> <span class='ocrx_word' id='word_1_1096' title='bbox 2129 2136 2209 2164; x_wconf 91' lang='lat' dir='ltr'>acci—</span> 
     </span>
     <span class='ocr_line' id='line_1_118' title="bbox 1247 2175 2208 2216; baseline -0.001 -9"><span class='ocrx_word' id='word_1_1097' title='bbox 1247 2178 1315 2207; x_wconf 87' lang='lat' dir='ltr'>dere</span> <span class='ocrx_word' id='word_1_1098' title='bbox 1326 2186 1428 2207; x_wconf 81' lang='lat' dir='ltr'>natura</span> <span class='ocrx_word' id='word_1_1099' title='bbox 1438 2197 1446 2210; x_wconf 90' lang='lat'>,</span> <span class='ocrx_word' id='word_1_1100' title='bbox 1467 2176 1516 2207; x_wconf 85' lang='lat' dir='ltr'>sed</span> <span class='ocrx_word' id='word_1_1101' title='bbox 1526 2176 1754 2206; x_wconf 74' lang='lat' dir='ltr'>intervallorum</span> <span class='ocrx_word' id='word_1_1102' title='bbox 1767 2175 1929 2216; x_wconf 81' lang='lat' dir='ltr'>longorum</span> <span class='ocrx_word' id='word_1_1103' title='bbox 1940 2194 1948 2208; x_wconf 88' lang='lat'>‚</span> <span class='ocrx_word' id='word_1_1104' title='bbox 1963 2175 1995 2204; x_wconf 86' lang='lat'>&amp;</span> <span class='ocrx_word' id='word_1_1105' title='bbox 2007 2175 2145 2206; x_wconf 91' lang='lat' dir='ltr'>brevium</span> <span class='ocrx_word' id='word_1_1106' title='bbox 2156 2186 2208 2207; x_wconf 85' lang='lat' dir='ltr'>va-</span> 
     </span>
     <span class='ocr_line' id='line_1_119' title="bbox 1247 2216 2207 2258; baseline -0.001 -10"><span class='ocrx_word' id='word_1_1107' title='bbox 1247 2221 1347 2248; x_wconf 88' lang='lat' dir='ltr'>rietate</span> <span class='ocrx_word' id='word_1_1108' title='bbox 1358 2238 1366 2251; x_wconf 87' lang='lat'>‚</span> <span class='ocrx_word' id='word_1_1109' title='bbox 1380 2218 1488 2258; x_wconf 88' lang='lat' dir='ltr'>quibus</span> <span class='ocrx_word' id='word_1_1110' title='bbox 1499 2218 1651 2257; x_wconf 85' lang='lat' dir='ltr'>implicata</span> <span class='ocrx_word' id='word_1_1111' title='bbox 1660 2237 1668 2250; x_wconf 90' lang='lat'>‚</span> <span class='ocrx_word' id='word_1_1112' title='bbox 1681 2227 1764 2257; x_wconf 84' lang='lat' dir='ltr'>atque</span> <span class='ocrx_word' id='word_1_1113' title='bbox 1774 2216 1916 2256; x_wconf 78' lang='lat' dir='ltr'>permista</span> <span class='ocrx_word' id='word_1_1114' title='bbox 1925 2218 2021 2246; x_wconf 84' lang='lat' dir='ltr'>oratio</span> <span class='ocrx_word' id='word_1_1115' title='bbox 2031 2237 2039 2250; x_wconf 89' lang='lat'>‚</span> <span class='ocrx_word' id='word_1_1116' title='bbox 2059 2219 2207 2258; x_wconf 87' lang='lat' dir='ltr'>quoniam</span> 
     </span>
     <span class='ocr_line' id='line_1_120' title="bbox 1246 2257 2208 2297; baseline 0 -7"><span class='ocrx_word' id='word_1_1117' title='bbox 1246 2269 1312 2290; x_wconf 89' lang='lat' dir='ltr'>tum</span> <span class='ocrx_word' id='word_1_1118' title='bbox 1323 2259 1435 2289; x_wconf 87' lang='lat' dir='ltr'>stabilis</span> <span class='ocrx_word' id='word_1_1119' title='bbox 1444 2258 1488 2289; x_wconf 87' lang='lat' dir='ltr'>est</span> <span class='ocrx_word' id='word_1_1120' title='bbox 1498 2279 1506 2292; x_wconf 83' lang='lat'>‚</span> <span class='ocrx_word' id='word_1_1121' title='bbox 1521 2268 1586 2289; x_wconf 85' lang='lat' dir='ltr'>tum</span> <span class='ocrx_word' id='word_1_1122' title='bbox 1598 2258 1742 2288; x_wconf 47' lang='lat' dir='ltr'>volubilis</span> <span class='ocrx_word' id='word_1_1123' title='bbox 1753 2279 1761 2292; x_wconf 94' lang='lat'>‚</span> <span class='ocrx_word' id='word_1_1124' title='bbox 1783 2257 1898 2287; x_wconf 80' lang='lat' dir='ltr'>necesse</span> <span class='ocrx_word' id='word_1_1125' title='bbox 1908 2257 1950 2288; x_wconf 84' lang='lat' dir='ltr'>est</span> <span class='ocrx_word' id='word_1_1126' title='bbox 1960 2259 2110 2297; x_wconf 83' lang='lat' dir='ltr'>ejusmodi</span> <span class='ocrx_word' id='word_1_1127' title='bbox 2120 2268 2208 2290; x_wconf 86' lang='lat' dir='ltr'>natu-</span> 
     </span>
     <span class='ocr_line' id='line_1_121' title="bbox 1247 2299 2206 2341; baseline 0.001 -10"><span class='ocrx_word' id='word_1_1128' title='bbox 1247 2312 1309 2331; x_wconf 87' lang='lat' dir='ltr'>ram</span> <span class='ocrx_word' id='word_1_1129' title='bbox 1321 2303 1455 2330; x_wconf 86' lang='lat' dir='ltr'>numeris</span> <span class='ocrx_word' id='word_1_1130' title='bbox 1466 2302 1624 2330; x_wconf 87' lang='lat' dir='ltr'>contineri.</span> <span class='ocrx_word' id='word_1_1131' title='bbox 1648 2303 1730 2330; x_wconf 91' lang='lat' dir='ltr'>Nam</span> <span class='ocrx_word' id='word_1_1132' title='bbox 1741 2300 1878 2329; x_wconf 78' lang='lat' dir='ltr'>circuitus</span> <span class='ocrx_word' id='word_1_1133' title='bbox 1888 2299 1951 2333; x_wconf 88' lang='lat' dir='ltr'>ille,</span> <span class='ocrx_word' id='word_1_1134' title='bbox 1962 2310 2052 2341; x_wconf 90' lang='lat' dir='ltr'>quern</span> <span class='ocrx_word' id='word_1_1135' title='bbox 2063 2301 2206 2341; x_wconf 81' lang='lat' dir='ltr'>saepejam</span> 
     </span>
     <span class='ocr_line' id='line_1_122' title="bbox 1247 2341 2206 2385; baseline 0.001 -12"><span class='ocrx_word' id='word_1_1136' title='bbox 1247 2343 1383 2373; x_wconf 81' lang='lat' dir='ltr'>diximus</span> <span class='ocrx_word' id='word_1_1137' title='bbox 1395 2363 1402 2376; x_wconf 92' lang='lat'>,</span> <span class='ocrx_word' id='word_1_1138' title='bbox 1424 2344 1574 2372; x_wconf 86' lang='lat' dir='ltr'>incitatior</span> <span class='ocrx_word' id='word_1_1139' title='bbox 1584 2352 1712 2372; x_wconf 87' lang='lat' dir='ltr'>numero</span> <span class='ocrx_word' id='word_1_1140' title='bbox 1722 2342 1786 2381; x_wconf 88' lang='lat' dir='ltr'>ipso</span> <span class='ocrx_word' id='word_1_1141' title='bbox 1797 2341 1890 2371; x_wconf 88' lang='lat' dir='ltr'>fertur</span> <span class='ocrx_word' id='word_1_1142' title='bbox 1899 2361 1907 2375; x_wconf 90' lang='lat'>‚</span> <span class='ocrx_word' id='word_1_1143' title='bbox 1927 2342 1960 2371; x_wconf 90' lang='lat'>&amp;</span> <span class='ocrx_word' id='word_1_1144' title='bbox 1970 2341 2095 2376; x_wconf 85' lang='lat' dir='ltr'>labitur,</span> <span class='ocrx_word' id='word_1_1145' title='bbox 2107 2343 2206 2385; x_wconf 86' lang='lat' dir='ltr'>quoad</span> 
     </span>
     <span class='ocr_line' id='line_1_123' title="bbox 1246 2382 2207 2425; baseline 0 -11"><span class='ocrx_word' id='word_1_1146' title='bbox 1246 2386 1398 2425; x_wconf 83' lang='lat' dir='ltr'>perveniat</span> <span class='ocrx_word' id='word_1_1147' title='bbox 1407 2384 1440 2414; x_wconf 80' lang='lat' dir='ltr'>ad</span> <span class='ocrx_word' id='word_1_1148' title='bbox 1452 2383 1544 2414; x_wconf 87' lang='lat' dir='ltr'>finem</span> <span class='ocrx_word' id='word_1_1149' title='bbox 1557 2403 1565 2417; x_wconf 91' lang='lat'>‚</span> <span class='ocrx_word' id='word_1_1150' title='bbox 1579 2384 1611 2414; x_wconf 73' lang='grc' dir='ltr'>δε</span> <span class='ocrx_word' id='word_1_1151' title='bbox 1621 2382 1739 2413; x_wconf 76' lang='lat' dir='ltr'>insistat.</span> <span class='ocrx_word' id='word_1_1152' title='bbox 1764 2384 1956 2423; x_wconf 85' lang='lat' dir='ltr'>Perspicuum</span> <span class='ocrx_word' id='word_1_1153' title='bbox 1966 2382 2008 2413; x_wconf 85' lang='lat' dir='ltr'>est</span> <span class='ocrx_word' id='word_1_1154' title='bbox 2019 2385 2126 2425; x_wconf 86' lang='lat' dir='ltr'>igitur,</span> <span class='ocrx_word' id='word_1_1155' title='bbox 2147 2395 2207 2415; x_wconf 88' lang='lat' dir='ltr'>nu-</span> 
     </span>
     <span class='ocr_line' id='line_1_124' title="bbox 1247 2423 2204 2459; baseline 0.001 -3"><span class='ocrx_word' id='word_1_1156' title='bbox 1247 2427 1339 2456; x_wconf 80' lang='lat' dir='ltr'>meris</span> <span class='ocrx_word' id='word_1_1157' title='bbox 1353 2425 1522 2456; x_wconf 66' lang='lat' dir='ltr'>adstriCiam</span> <span class='ocrx_word' id='word_1_1158' title='bbox 1542 2427 1712 2456; x_wconf 83' lang='lat' dir='ltr'>orationem</span> <span class='ocrx_word' id='word_1_1159' title='bbox 1731 2423 1789 2454; x_wconf 78' lang='lat' dir='ltr'>ess&#39;e</span> <span class='ocrx_word' id='word_1_1160' title='bbox 1805 2425 1928 2459; x_wconf 85' lang='lat' dir='ltr'>debere,</span> <span class='ocrx_word' id='word_1_1161' title='bbox 1949 2435 2045 2455; x_wconf 87' lang='lat' dir='ltr'>carere</span> <span class='ocrx_word' id='word_1_1162' title='bbox 2062 2425 2204 2457; x_wconf 88' lang='lat' dir='ltr'>versibus.</span> 
     </span>
     <span class='ocr_line' id='line_1_125' title="bbox 1247 2465 2204 2508; baseline 0 -10"><span class='ocrx_word' id='word_1_1163' title='bbox 1247 2468 1295 2498; x_wconf 89' lang='lat' dir='ltr'>sed</span> <span class='ocrx_word' id='word_1_1164' title='bbox 1306 2469 1337 2497; x_wconf 88' lang='lat' dir='ltr'>hi</span> <span class='ocrx_word' id='word_1_1165' title='bbox 1348 2471 1466 2499; x_wconf 90' lang='lat' dir='ltr'>numeri</span> <span class='ocrx_word' id='word_1_1166' title='bbox 1478 2488 1486 2501; x_wconf 88' lang='lat'>,</span> <span class='ocrx_word' id='word_1_1167' title='bbox 1509 2469 1659 2507; x_wconf 69' lang='lat' dir='ltr'>poeticine</span> <span class='ocrx_word' id='word_1_1168' title='bbox 1670 2465 1725 2497; x_wconf 86' lang='lat' dir='ltr'>sint</span> <span class='ocrx_word' id='word_1_1169' title='bbox 1734 2487 1742 2500; x_wconf 93' lang='lat'>‚</span> <span class='ocrx_word' id='word_1_1170' title='bbox 1763 2477 1801 2497; x_wconf 86' lang='lat' dir='ltr'>an</span> <span class='ocrx_word' id='word_1_1171' title='bbox 1811 2476 1850 2496; x_wconf 88' lang='lat' dir='ltr'>ex</span> <span class='ocrx_word' id='word_1_1172' title='bbox 1859 2467 1919 2496; x_wconf 89' lang='lat' dir='ltr'>alio</span> <span class='ocrx_word' id='word_1_1173' title='bbox 1928 2477 2035 2508; x_wconf 87' lang='lat' dir='ltr'>genere</span> <span class='ocrx_word' id='word_1_1174' title='bbox 2053 2468 2185 2508; x_wconf 87' lang='lat' dir='ltr'>quodam</span> <span class='ocrx_word' id='word_1_1175' title='bbox 2195 2487 2204 2502; x_wconf 92' lang='lat'>,</span> 
     </span>
     <span class='ocr_line' id='line_1_126' title="bbox 1247 2508 2206 2550; baseline 0.001 -11"><span class='ocrx_word' id='word_1_1176' title='bbox 1247 2510 1386 2549; x_wconf 89' lang='lat' dir='ltr'>deinceps</span> <span class='ocrx_word' id='word_1_1177' title='bbox 1402 2509 1444 2539; x_wconf 89' lang='lat' dir='ltr'>est</span> <span class='ocrx_word' id='word_1_1178' title='bbox 1452 2509 1628 2540; x_wconf 88' lang='lat' dir='ltr'>videndum.</span> <span class='ocrx_word' id='word_1_1179' title='bbox 1662 2509 1774 2538; x_wconf 87' lang='lat' dir='ltr'>Nullus</span> <span class='ocrx_word' id='word_1_1180' title='bbox 1793 2508 1836 2538; x_wconf 84' lang='lat' dir='ltr'>est</span> <span class='ocrx_word' id='word_1_1181' title='bbox 1852 2510 1943 2550; x_wconf 89' lang='lat' dir='ltr'>igitur</span> <span class='ocrx_word' id='word_1_1182' title='bbox 1961 2519 2105 2539; x_wconf 83' lang='lat' dir='ltr'>numerus</span> <span class='ocrx_word' id='word_1_1183' title='bbox 2123 2518 2206 2540; x_wconf 78' lang='lat' dir='ltr'>extra</span> 
     </span>
     <span class='ocr_line' id='line_1_127' title="bbox 1246 2549 2203 2592; baseline -0.001 -11"><span class='ocrx_word' id='word_1_1184' title='bbox 1246 2553 1382 2592; x_wconf 73' lang='lat' dir='ltr'>poeticos</span> <span class='ocrx_word' id='word_1_1185' title='bbox 1391 2571 1398 2584; x_wconf 89' lang='lat'>‚</span> <span class='ocrx_word' id='word_1_1186' title='bbox 1413 2560 1566 2591; x_wconf 87' lang='lat' dir='ltr'>propterea</span> <span class='ocrx_word' id='word_1_1187' title='bbox 1575 2549 1658 2592; x_wconf 76' lang='lat' dir='ltr'>quod</span> <span class='ocrx_word' id='word_1_1188' title='bbox 1668 2549 1792 2581; x_wconf 86' lang='lat' dir='ltr'>definita</span> <span class='ocrx_word' id='word_1_1189' title='bbox 1802 2550 1869 2581; x_wconf 87' lang='lat' dir='ltr'>sunt</span> <span class='ocrx_word' id='word_1_1190' title='bbox 1878 2561 1984 2591; x_wconf 88' lang='lat' dir='ltr'>genera</span> <span class='ocrx_word' id='word_1_1191' title='bbox 1993 2561 2203 2582; x_wconf 86' lang='lat' dir='ltr'>numerorum.</span> 
     </span>
     <span class='ocr_line' id='line_1_128' title="bbox 1247 2591 2205 2634; baseline 0 -11"><span class='ocrx_word' id='word_1_1192' title='bbox 1247 2603 1318 2623; x_wconf 85' lang='lat' dir='ltr'>narn</span> <span class='ocrx_word' id='word_1_1193' title='bbox 1329 2596 1430 2623; x_wconf 90' lang='lat' dir='ltr'>omnis</span> <span class='ocrx_word' id='word_1_1194' title='bbox 1440 2594 1505 2623; x_wconf 86' lang='lat' dir='ltr'>talis</span> <span class='ocrx_word' id='word_1_1195' title='bbox 1515 2592 1557 2623; x_wconf 91' lang='lat' dir='ltr'>est</span> <span class='ocrx_word' id='word_1_1196' title='bbox 1566 2613 1574 2626; x_wconf 91' lang='lat'>‚</span> <span class='ocrx_word' id='word_1_1197' title='bbox 1590 2602 1621 2622; x_wconf 90' lang='lat' dir='ltr'>ut</span> <span class='ocrx_word' id='word_1_1198' title='bbox 1631 2602 1709 2622; x_wconf 87' lang='lat' dir='ltr'>unus</span> <span class='ocrx_word' id='word_1_1199' title='bbox 1719 2591 1752 2622; x_wconf 86' lang='lat' dir='ltr'>sit</span> <span class='ocrx_word' id='word_1_1200' title='bbox 1763 2592 1779 2622; x_wconf 81' lang='grc' dir='ltr'>ὲ</span> <span class='ocrx_word' id='word_1_1201' title='bbox 1793 2592 1898 2622; x_wconf 84' lang='lat' dir='ltr'>tribus.</span> <span class='ocrx_word' id='word_1_1202' title='bbox 1921 2595 1975 2622; x_wconf 88' lang='lat' dir='ltr'>Pes</span> <span class='ocrx_word' id='word_1_1203' title='bbox 1984 2594 2080 2627; x_wconf 88' lang='lat' dir='ltr'>enim,</span> <span class='ocrx_word' id='word_1_1204' title='bbox 2090 2595 2142 2634; x_wconf 91' lang='lat' dir='ltr'>qui</span> <span class='ocrx_word' id='word_1_1205' title='bbox 2152 2592 2205 2623; x_wconf 87' lang='lat' dir='ltr'>ad-</span> 
     </span>
     <span class='ocr_line' id='line_1_129' title="bbox 1246 2632 2202 2675; baseline 0 -11"><span class='ocrx_word' id='word_1_1206' title='bbox 1246 2635 1365 2665; x_wconf 88' lang='lat' dir='ltr'>hibetur</span> <span class='ocrx_word' id='word_1_1207' title='bbox 1374 2634 1408 2664; x_wconf 90' lang='lat' dir='ltr'>ad</span> <span class='ocrx_word' id='word_1_1208' title='bbox 1420 2644 1562 2664; x_wconf 88' lang='lat' dir='ltr'>numeros</span> <span class='ocrx_word' id='word_1_1209' title='bbox 1575 2655 1583 2668; x_wconf 92' lang='lat'>,</span> <span class='ocrx_word' id='word_1_1210' title='bbox 1596 2637 1608 2661; x_wconf 83' lang='lat'>3</span> <span class='ocrx_word' id='word_1_1211' title='bbox 1620 2636 1743 2674; x_wconf 86' lang='lat' dir='ltr'>partitur</span> <span class='ocrx_word' id='word_1_1212' title='bbox 1751 2635 1784 2664; x_wconf 89' lang='lat' dir='ltr'>in</span> <span class='ocrx_word' id='word_1_1213' title='bbox 1795 2636 1848 2664; x_wconf 89' lang='lat' dir='ltr'>tria</span> <span class='ocrx_word' id='word_1_1214' title='bbox 1857 2653 1866 2667; x_wconf 92' lang='lat'>,</span> <span class='ocrx_word' id='word_1_1215' title='bbox 1878 2642 1911 2664; x_wconf 91' lang='lat' dir='ltr'>ut</span> <span class='ocrx_word' id='word_1_1216' title='bbox 1919 2632 2034 2664; x_wconf 76' lang='lat' dir='ltr'>necess&#39;e</span> <span class='ocrx_word' id='word_1_1217' title='bbox 2045 2633 2079 2665; x_wconf 89' lang='lat' dir='ltr'>fit</span> <span class='ocrx_word' id='word_1_1218' title='bbox 2087 2643 2202 2675; x_wconf 89' lang='lat' dir='ltr'>partem</span> 
     </span>
     <span class='ocr_line' id='line_1_130' title="bbox 1245 2675 2204 2717; baseline 0 -11"><span class='ocrx_word' id='word_1_1219' title='bbox 1245 2677 1329 2716; x_wconf 86' lang='lat' dir='ltr'>pedis</span> <span class='ocrx_word' id='word_1_1220' title='bbox 1345 2685 1395 2706; x_wconf 88' lang='lat' dir='ltr'>aut</span> <span class='ocrx_word' id='word_1_1221' title='bbox 1410 2677 1556 2717; x_wconf 84' lang='lat' dir='ltr'>aequalem</span> <span class='ocrx_word' id='word_1_1222' title='bbox 1574 2675 1632 2707; x_wconf 85' lang='lat' dir='ltr'>effe</span> <span class='ocrx_word' id='word_1_1223' title='bbox 1641 2676 1724 2706; x_wconf 85' lang='lat' dir='ltr'>alteri</span> <span class='ocrx_word' id='word_1_1224' title='bbox 1733 2677 1805 2716; x_wconf 85' lang='lat' dir='ltr'>parti</span> <span class='ocrx_word' id='word_1_1225' title='bbox 1815 2696 1824 2708; x_wconf 87' lang='lat'>‚</span> <span class='ocrx_word' id='word_1_1226' title='bbox 1846 2679 1862 2702; x_wconf 82' lang='lat'>4</span> <span class='ocrx_word' id='word_1_1227' title='bbox 1872 2684 1920 2706; x_wconf 85' lang='lat' dir='ltr'>aut</span> <span class='ocrx_word' id='word_1_1228' title='bbox 1930 2676 2023 2705; x_wconf 89' lang='lat' dir='ltr'>altero</span> <span class='ocrx_word' id='word_1_1229' title='bbox 2033 2684 2116 2707; x_wconf 83' lang='lat' dir='ltr'>tanto</span> <span class='ocrx_word' id='word_1_1230' title='bbox 2127 2696 2136 2709; x_wconf 82' lang='lat'><em>‚</em></span> <span class='ocrx_word' id='word_1_1231' title='bbox 2153 2683 2204 2706; x_wconf 90' lang='lat' dir='ltr'>aut</span> 
     </span>
     <span class='ocr_line' id='line_1_131' title="bbox 1246 2716 2202 2759; baseline 0.001 -12"><span class='ocrx_word' id='word_1_1232' title='bbox 1246 2718 1340 2759; x_wconf 88' lang='lat' dir='ltr'>sesqui</span> <span class='ocrx_word' id='word_1_1233' title='bbox 1352 2716 1408 2748; x_wconf 82' lang='lat' dir='ltr'>effe</span> <span class='ocrx_word' id='word_1_1234' title='bbox 1420 2720 1577 2757; x_wconf 83' lang='lat' dir='ltr'>majorem.</span> <span class='ocrx_word' id='word_1_1235' title='bbox 1602 2720 1642 2748; x_wconf 89' lang='lat' dir='ltr'>ita</span> <span class='ocrx_word' id='word_1_1236' title='bbox 1660 2716 1692 2748; x_wconf 86' lang='lat' dir='ltr'>fit</span> <span class='ocrx_word' id='word_1_1237' title='bbox 1701 2718 1819 2759; x_wconf 86' lang='lat' dir='ltr'>aequalis</span> <span class='ocrx_word' id='word_1_1238' title='bbox 1831 2717 1964 2757; x_wconf 69' lang='lat' dir='ltr'>da6tylus</span> <span class='ocrx_word' id='word_1_1239' title='bbox 1974 2737 1982 2751; x_wconf 90' lang='lat'>‚</span> <span class='ocrx_word' id='word_1_1240' title='bbox 2004 2717 2202 2758; x_wconf 83' lang='lat' dir='ltr'>duplexjam-</span> 
     </span>
     <span class='ocr_line' id='line_1_132' title="bbox 1246 2757 2200 2801; baseline -0.001 -11"><span class='ocrx_word' id='word_1_1241' title='bbox 1246 2759 1302 2790; x_wconf 89' lang='lat' dir='ltr'>bus</span> <span class='ocrx_word' id='word_1_1242' title='bbox 1313 2779 1321 2793; x_wconf 83' lang='lat'>,</span> <span class='ocrx_word' id='word_1_1243' title='bbox 1343 2760 1436 2800; x_wconf 89' lang='lat' dir='ltr'>sesqui</span> <span class='ocrx_word' id='word_1_1244' title='bbox 1446 2769 1551 2800; x_wconf 77' lang='lat' dir='ltr'>paeon3</span> <span class='ocrx_word' id='word_1_1245' title='bbox 1570 2761 1621 2801; x_wconf 91' lang='lat' dir='ltr'>qui</span> <span class='ocrx_word' id='word_1_1246' title='bbox 1640 2759 1729 2799; x_wconf 89' lang='lat' dir='ltr'>pedes</span> <span class='ocrx_word' id='word_1_1247' title='bbox 1741 2763 1774 2789; x_wconf 88' lang='lat' dir='ltr'>in</span> <span class='ocrx_word' id='word_1_1248' title='bbox 1784 2761 1952 2789; x_wconf 80' lang='lat' dir='ltr'>orationem</span> <span class='ocrx_word' id='word_1_1249' title='bbox 1963 2769 2027 2789; x_wconf 88' lang='lat' dir='ltr'>non</span> <span class='ocrx_word' id='word_1_1250' title='bbox 2037 2760 2137 2790; x_wconf 82' lang='lat' dir='ltr'>cadere</span> <span class='ocrx_word' id='word_1_1251' title='bbox 2146 2757 2200 2800; x_wconf 75' lang='lat' dir='ltr'>qui</span> 
     </span>
     <span class='ocr_line' id='line_1_133' title="bbox 1244 2799 2200 2842; baseline 0 -11"><span class='ocrx_word' id='word_1_1252' title='bbox 1244 2800 1363 2841; x_wconf 82' lang='lat' dir='ltr'>poss&#39;unt</span> <span class='ocrx_word' id='word_1_1253' title='bbox 1375 2804 1385 2831; x_wconf 89' lang='lat'>?</span> <span class='ocrx_word' id='word_1_1254' title='bbox 1405 2802 1513 2842; x_wconf 87' lang='lat' dir='ltr'>quibus</span> <span class='ocrx_word' id='word_1_1255' title='bbox 1524 2802 1630 2832; x_wconf 89' lang='lat' dir='ltr'>ordine</span> <span class='ocrx_word' id='word_1_1256' title='bbox 1648 2802 1750 2831; x_wconf 83' lang='lat' dir='ltr'>locatis</span> <span class='ocrx_word' id='word_1_1257' title='bbox 1765 2821 1773 2834; x_wconf 92' lang='lat'>,</span> <span class='ocrx_word' id='word_1_1258' title='bbox 1793 2802 1875 2841; x_wconf 89' lang='lat' dir='ltr'>quod</span> <span class='ocrx_word' id='word_1_1259' title='bbox 1886 2799 2015 2831; x_wconf 87' lang='lat' dir='ltr'>efficitur</span> <span class='ocrx_word' id='word_1_1260' title='bbox 2023 2821 2032 2835; x_wconf 83' lang='lat'><em>‚</em></span> <span class='ocrx_word' id='word_1_1261' title='bbox 2053 2811 2200 2831; x_wconf 87' lang='lat' dir='ltr'>numero-</span> 
     </span>
     <span class='ocr_line' id='line_1_134' title="bbox 1245 2842 2200 2884; baseline -0.001 -10"><span class='ocrx_word' id='word_1_1262' title='bbox 1245 2844 1309 2874; x_wconf 91' lang='lat' dir='ltr'>sum</span> <span class='ocrx_word' id='word_1_1263' title='bbox 1323 2842 1356 2873; x_wconf 85' lang='lat' dir='ltr'>sit</span> <span class='ocrx_word' id='word_1_1264' title='bbox 1366 2842 1479 2873; x_wconf 83' lang='lat' dir='ltr'>necesse</span> <span class='ocrx_word' id='word_1_1265' title='bbox 1492 2843 1543 2873; x_wconf 88' lang='lat' dir='ltr'>est.</span> <span class='ocrx_word' id='word_1_1266' title='bbox 1566 2843 1622 2874; x_wconf 83' lang='lat' dir='ltr'>Sed</span> <span class='ocrx_word' id='word_1_1267' title='bbox 1632 2844 1773 2884; x_wconf 82' lang='lat' dir='ltr'>quaeritur</span> <span class='ocrx_word' id='word_1_1268' title='bbox 1782 2861 1790 2875; x_wconf 86' lang='lat'>,</span> <span class='ocrx_word' id='word_1_1269' title='bbox 1801 2853 1863 2883; x_wconf 90' lang='lat' dir='ltr'>quo</span> <span class='ocrx_word' id='word_1_1270' title='bbox 1871 2852 2002 2873; x_wconf 87' lang='lat' dir='ltr'>numero</span> <span class='ocrx_word' id='word_1_1271' title='bbox 2013 2862 2022 2876; x_wconf 86' lang='lat'>‚</span> <span class='ocrx_word' id='word_1_1272' title='bbox 2033 2852 2081 2874; x_wconf 90' lang='lat' dir='ltr'>aut</span> <span class='ocrx_word' id='word_1_1273' title='bbox 2090 2842 2200 2884; x_wconf 74' lang='lat' dir='ltr'>quibus</span> 
     </span>
     <span class='ocr_line' id='line_1_135' title="bbox 1237 2883 2201 2926; baseline -0.001 -11"><span class='ocrx_word' id='word_1_1274' title='bbox 1237 2883 1425 2926; x_wconf 74' lang='lat' dir='ltr'>potiffimum</span> <span class='ocrx_word' id='word_1_1275' title='bbox 1446 2884 1480 2915; x_wconf 85' lang='lat' dir='ltr'>sit</span> <span class='ocrx_word' id='word_1_1276' title='bbox 1496 2885 1653 2916; x_wconf 89' lang='lat' dir='ltr'>utendum.</span> <span class='ocrx_word' id='word_1_1277' title='bbox 1675 2884 1806 2914; x_wconf 87' lang='lat' dir='ltr'>incidere</span> <span class='ocrx_word' id='word_1_1278' title='bbox 1820 2883 1892 2915; x_wconf 76' lang='lat' dir='ltr'>verb</span> <span class='ocrx_word' id='word_1_1279' title='bbox 1909 2887 2029 2915; x_wconf 88' lang='lat' dir='ltr'>omneis</span> <span class='ocrx_word' id='word_1_1280' title='bbox 2039 2886 2073 2914; x_wconf 90' lang='lat' dir='ltr'>in</span> <span class='ocrx_word' id='word_1_1281' title='bbox 2088 2886 2201 2915; x_wconf 87' lang='lat' dir='ltr'>oratio-</span> 
     </span>
    </p>

    <p class='ocr_par' dir='ltr' id='par_1_16' title="bbox 2124 2935 2201 2958">
     <span class='ocr_line' id='line_1_136' title="bbox 2124 2935 2201 2958; baseline -0.026 0"><span class='ocrx_word' id='word_1_1282' title='bbox 2124 2935 2201 2958; x_wconf 83' lang='lat' dir='ltr'>nem</span> 
     </span>
    </p>
   </div>
   <div class='ocr_carea' id='block_1_15' title="bbox 246 2980 2202 2993">
    <p class='ocr_par' dir='ltr' id='par_1_17' title="bbox 246 2980 2202 2993">
     <span class='ocr_line' id='line_1_137' title="bbox 246 2980 2202 2993; baseline 0 402"><span class='ocrx_word' id='word_1_1283' title='bbox 246 2980 2202 2993; x_wconf 95' lang='lat' dir='ltr'> </span> 
     </span>
    </p>
   </div>
   <div class='ocr_carea' id='block_1_16' title="bbox 238 3009 1196 3192">
    <p class='ocr_par' dir='ltr' id='par_1_18' title="bbox 238 3009 1195 3087">
     <span class='ocr_line' id='line_1_138' title="bbox 279 3009 1195 3048; baseline -0.007 -6"><span class='ocrx_word' id='word_1_1284' title='bbox 279 3024 289 3042; x_wconf 81' lang='lat'>1</span> <span class='ocrx_word' id='word_1_1285' title='bbox 297 3037 303 3041; x_wconf 87' lang='lat'>.</span> <span class='ocrx_word' id='word_1_1286' title='bbox 322 3017 370 3048; x_wconf 70' lang='lat' dir='ltr'>Qi</span> <span class='ocrx_word' id='word_1_1287' title='bbox 377 3014 450 3040; x_wconf 61' lang='lat' dir='ltr'>tarda</span> <span class='ocrx_word' id='word_1_1288' title='bbox 458 3012 631 3046; x_wconf 57' lang='lat' dir='ltr'>insen-Hine]</span> <span class='ocrx_word' id='word_1_1289' title='bbox 643 3013 686 3038; x_wconf 84' lang='lat' dir='ltr'>Sic</span> <span class='ocrx_word' id='word_1_1290' title='bbox 694 3021 798 3047; x_wconf 83' lang='lat' dir='ltr'>quoque</span> <span class='ocrx_word' id='word_1_1291' title='bbox 810 3011 876 3037; x_wconf 77' lang='lat' dir='ltr'>Pau.</span> <span class='ocrx_word' id='word_1_1292' title='bbox 888 3010 968 3038; x_wconf 82' lang='lat' dir='ltr'>nostri</span> <span class='ocrx_word' id='word_1_1293' title='bbox 979 3010 1025 3038; x_wconf 85' lang='lat' dir='ltr'>iiifi</span> <span class='ocrx_word' id='word_1_1294' title='bbox 1036 3009 1106 3046; x_wconf 86' lang='lat' dir='ltr'>quod</span> <span class='ocrx_word' id='word_1_1295' title='bbox 1117 3019 1195 3041; x_wconf 84' lang='lat' dir='ltr'>uuus,</span> 
     </span>
     <span class='ocr_line' id='line_1_139' title="bbox 238 3046 1140 3087; baseline -0.006 -11"><span class='ocrx_word' id='word_1_1296' title='bbox 238 3055 307 3086; x_wconf 69' lang='lat' dir='ltr'>quin.</span> <span class='ocrx_word' id='word_1_1297' title='bbox 320 3052 368 3077; x_wconf 85' lang='lat' dir='ltr'>hoe</span> <span class='ocrx_word' id='word_1_1298' title='bbox 377 3059 456 3087; x_wconf 74' lang='lat' dir='ltr'>pono,</span> <span class='ocrx_word' id='word_1_1299' title='bbox 468 3048 538 3084; x_wconf 81' lang='lat' dir='ltr'>quod</span> <span class='ocrx_word' id='word_1_1300' title='bbox 550 3048 616 3074; x_wconf 78' lang='lat' dir='ltr'>edit.</span> <span class='ocrx_word' id='word_1_1301' title='bbox 628 3048 751 3074; x_wconf 80' lang='lat' dir='ltr'>Lambini</span> <span class='ocrx_word' id='word_1_1302' title='bbox 763 3056 896 3083; x_wconf 74' lang='lat' dir='ltr'>perperam</span> <span class='ocrx_word' id='word_1_1303' title='bbox 908 3046 1062 3078; x_wconf 72' lang='lat' dir='ltr'>exhibeant,</span> <span class='ocrx_word' id='word_1_1304' title='bbox 1073 3047 1140 3081; x_wconf 81' lang='lat' dir='ltr'>quid.</span> 
     </span>
    </p>

    <p class='ocr_par' dir='ltr' id='par_1_19' title="bbox 238 3082 1196 3192">
     <span class='ocr_line' id='line_1_140' title="bbox 276 3082 1196 3119; baseline -0.009 -5"><span class='ocrx_word' id='word_1_1305' title='bbox 276 3096 304 3113; x_wconf 84' lang='lat'>2.</span> <span class='ocrx_word' id='word_1_1306' title='bbox 319 3091 436 3113; x_wconf 74' lang='lat' dir='ltr'>Nnmerru</span> <span class='ocrx_word' id='word_1_1307' title='bbox 447 3093 523 3110; x_wconf 77' lang='lat' dir='ltr'>autem</span> <span class='ocrx_word' id='word_1_1308' title='bbox 532 3094 576 3110; x_wconf 78' lang='lat' dir='ltr'>non</span> <span class='ocrx_word' id='word_1_1309' title='bbox 586 3085 645 3109; x_wconf 66' lang='lat' dir='ltr'>domn</span> <span class='ocrx_word' id='word_1_1310' title='bbox 654 3083 854 3117; x_wconf 62' lang='lat' dir='ltr'>dipromebatur]</span> <span class='ocrx_word' id='word_1_1311' title='bbox 867 3084 944 3109; x_wconf 80' lang='lat' dir='ltr'>Hanc</span> <span class='ocrx_word' id='word_1_1312' title='bbox 953 3082 1107 3119; x_wconf 68' lang='lat' dir='ltr'>scripturam</span> <span class='ocrx_word' id='word_1_1313' title='bbox 1119 3091 1196 3108; x_wconf 84' lang='lat' dir='ltr'>revo-</span> 
     </span>
     <span class='ocr_line' id='line_1_141' title="bbox 238 3118 1195 3156; baseline -0.004 -7"><span class='ocrx_word' id='word_1_1314' title='bbox 238 3124 308 3150; x_wconf 67' lang='lat' dir='ltr'>carit</span> <span class='ocrx_word' id='word_1_1315' title='bbox 319 3132 351 3149; x_wconf 78' lang='lat' dir='ltr'>ei&lt;</span> <span class='ocrx_word' id='word_1_1316' title='bbox 364 3123 427 3149; x_wconf 79' lang='lat' dir='ltr'>Orci</span> <span class='ocrx_word' id='word_1_1317' title='bbox 439 3121 537 3147; x_wconf 71' lang='lat' dir='ltr'>cancris</span> <span class='ocrx_word' id='word_1_1318' title='bbox 550 3119 684 3146; x_wconf 53' lang='lat' dir='ltr'>Victorius</span> <span class='ocrx_word' id='word_1_1319' title='bbox 697 3139 705 3150; x_wconf 86' lang='lat'>‚</span> <span class='ocrx_word' id='word_1_1320' title='bbox 725 3119 764 3145; x_wconf 81' lang='lat' dir='ltr'>cul</span> <span class='ocrx_word' id='word_1_1321' title='bbox 777 3118 888 3145; x_wconf 87' lang='lat' dir='ltr'>ridicule</span> <span class='ocrx_word' id='word_1_1322' title='bbox 899 3118 1045 3147; x_wconf 75' lang='lat' dir='ltr'>Lambinus</span> <span class='ocrx_word' id='word_1_1323' title='bbox 1064 3118 1195 3156; x_wconf 76' lang='lat' dir='ltr'>praeponit</span> 
     </span>
     <span class='ocr_line' id='line_1_142' title="bbox 239 3154 952 3192; baseline -0.007 -5"><span class='ocrx_word' id='word_1_1324' title='bbox 239 3160 312 3188; x_wconf 79' lang='lat' dir='ltr'>suum</span> <span class='ocrx_word' id='word_1_1325' title='bbox 324 3159 432 3186; x_wconf 67' lang='lat' dir='ltr'>nondum.</span> <span class='ocrx_word' id='word_1_1326' title='bbox 454 3156 522 3184; x_wconf 70' lang='lat' dir='ltr'>Pali.</span> <span class='ocrx_word' id='word_1_1327' title='bbox 533 3157 561 3183; x_wconf 65' lang='grc' dir='ltr'>ὃς</span> <span class='ocrx_word' id='word_1_1328' title='bbox 570 3156 636 3183; x_wconf 82' lang='lat' dir='ltr'>olim</span> <span class='ocrx_word' id='word_1_1329' title='bbox 647 3155 697 3182; x_wconf 83' lang='lat' dir='ltr'>cusi</span> <span class='ocrx_word' id='word_1_1330' title='bbox 707 3154 853 3192; x_wconf 84' lang='lat' dir='ltr'>praeferuiit</span> <span class='ocrx_word' id='word_1_1331' title='bbox 865 3174 872 3187; x_wconf 84' lang='lat'>,</span> <span class='ocrx_word' id='word_1_1332' title='bbox 883 3156 952 3182; x_wconf 76' lang='lat' dir='ltr'>modo.</span> 
     </span>
    </p>
   </div>
   <div class='ocr_carea' id='block_1_17' title="bbox 1240 3007 2199 3216">
    <p class='ocr_par' dir='ltr' id='par_1_20' title="bbox 1240 3007 2199 3081">
     <span class='ocr_line' id='line_1_143' title="bbox 1278 3007 2199 3046; baseline 0 -10"><span class='ocrx_word' id='word_1_1333' title='bbox 1278 3019 1304 3046; x_wconf 88' lang='lat'>3.</span> <span class='ocrx_word' id='word_1_1334' title='bbox 1324 3013 1438 3035; x_wconf 76' lang='lat' dir='ltr'>&#39;Partitur</span> <span class='ocrx_word' id='word_1_1335' title='bbox 1447 3013 1472 3036; x_wconf 82' lang='lat' dir='ltr'>in</span> <span class='ocrx_word' id='word_1_1336' title='bbox 1480 3010 1558 3045; x_wconf 59' lang='lat' dir='ltr'>trias]</span> <span class='ocrx_word' id='word_1_1337' title='bbox 1570 3008 1640 3035; x_wconf 85' lang='lat' dir='ltr'>Illud</span> <span class='ocrx_word' id='word_1_1338' title='bbox 1651 3012 1676 3034; x_wconf 78' lang='lat' dir='ltr'>in</span> <span class='ocrx_word' id='word_1_1339' title='bbox 1685 3012 1735 3034; x_wconf 73' lang='lat' dir='ltr'>iria</span> <span class='ocrx_word' id='word_1_1340' title='bbox 1747 3029 1754 3041; x_wconf 89' lang='lat'><strong>‚</strong></span> <span class='ocrx_word' id='word_1_1341' title='bbox 1765 3019 1817 3035; x_wconf 84' lang='lat' dir='ltr'>non</span> <span class='ocrx_word' id='word_1_1342' title='bbox 1829 3014 1964 3045; x_wconf 75' lang='lat' dir='ltr'>comparet</span> <span class='ocrx_word' id='word_1_1343' title='bbox 1973 3008 2000 3035; x_wconf 89' lang='lat' dir='ltr'>in</span> <span class='ocrx_word' id='word_1_1344' title='bbox 2012 3007 2069 3035; x_wconf 86' lang='lat' dir='ltr'>Pal.</span> <span class='ocrx_word' id='word_1_1345' title='bbox 2079 3008 2159 3045; x_wconf 83' lang='lat' dir='ltr'>prim.</span> <span class='ocrx_word' id='word_1_1346' title='bbox 2169 3015 2199 3036; x_wconf 71' lang='lat' dir='ltr'>ae</span> 
     </span>
     <span class='ocr_line' id='line_1_144' title="bbox 1240 3044 2049 3081; baseline -0.002 -9"><span class='ocrx_word' id='word_1_1347' title='bbox 1240 3045 1290 3073; x_wconf 82' lang='lat' dir='ltr'>sec.</span> <span class='ocrx_word' id='word_1_1348' title='bbox 1301 3045 1343 3072; x_wconf 86' lang='lat' dir='ltr'>sed</span> <span class='ocrx_word' id='word_1_1349' title='bbox 1354 3055 1401 3072; x_wconf 87' lang='lat' dir='ltr'>iiec</span> <span class='ocrx_word' id='word_1_1350' title='bbox 1412 3046 1463 3072; x_wconf 80' lang='lat' dir='ltr'>fuit</span> <span class='ocrx_word' id='word_1_1351' title='bbox 1475 3047 1500 3072; x_wconf 88' lang='lat' dir='ltr'>iri</span> <span class='ocrx_word' id='word_1_1352' title='bbox 1512 3046 1583 3072; x_wconf 84' lang='lat' dir='ltr'>Pith.</span> <span class='ocrx_word' id='word_1_1353' title='bbox 1594 3044 1664 3081; x_wconf 85' lang='lat' dir='ltr'>quod</span> <span class='ocrx_word' id='word_1_1354' title='bbox 1676 3045 1745 3071; x_wconf 81' lang='lat' dir='ltr'>forte</span> <span class='ocrx_word' id='word_1_1355' title='bbox 1759 3054 1810 3071; x_wconf 82' lang='lat' dir='ltr'>non</span> <span class='ocrx_word' id='word_1_1356' title='bbox 1821 3045 1856 3071; x_wconf 80' lang='lat' dir='ltr'>est</span> <span class='ocrx_word' id='word_1_1357' title='bbox 1867 3044 2049 3070; x_wconf 80' lang='lat' dir='ltr'>temerarium.</span> 
     </span>
    </p>

    <p class='ocr_par' dir='ltr' id='par_1_21' title="bbox 1240 3079 2198 3211">
     <span class='ocr_line' id='line_1_145' title="bbox 1273 3079 2198 3119; baseline -0.002 -11"><span class='ocrx_word' id='word_1_1358' title='bbox 1273 3089 1303 3115; x_wconf 89' lang='lat'>4.</span> <span class='ocrx_word' id='word_1_1359' title='bbox 1313 3087 1377 3110; x_wconf 60' lang='lat' dir='ltr'>estut</span> <span class='ocrx_word' id='word_1_1360' title='bbox 1386 3084 1458 3108; x_wconf 76' lang='lat' dir='ltr'>altera</span> <span class='ocrx_word' id='word_1_1361' title='bbox 1467 3081 1672 3119; x_wconf 63' lang='lat' dir='ltr'>tanro‚autftspii</span> <span class='ocrx_word' id='word_1_1362' title='bbox 1680 3082 1719 3114; x_wconf 77' lang='lat' dir='ltr'>effe</span> <span class='ocrx_word' id='word_1_1363' title='bbox 1730 3081 1863 3115; x_wconf 61' lang='lat' dir='ltr'>majorem]</span> <span class='ocrx_word' id='word_1_1364' title='bbox 1876 3079 2019 3116; x_wconf 82' lang='lat' dir='ltr'>Perpeiidit</span> <span class='ocrx_word' id='word_1_1365' title='bbox 2029 3080 2116 3106; x_wconf 85' lang='lat' dir='ltr'>locum</span> <span class='ocrx_word' id='word_1_1366' title='bbox 2127 3079 2198 3106; x_wconf 84' lang='lat' dir='ltr'>hunc</span> 
     </span>
     <span class='ocr_line' id='line_1_146' title="bbox 1240 3116 2198 3154; baseline -0.002 -10"><span class='ocrx_word' id='word_1_1367' title='bbox 1240 3118 1351 3144; x_wconf 77' lang='lat' dir='ltr'>Budaeiis</span> <span class='ocrx_word' id='word_1_1368' title='bbox 1372 3117 1418 3144; x_wconf 90' lang='lat' dir='ltr'>lib.</span> <span class='ocrx_word' id='word_1_1369' title='bbox 1434 3127 1455 3144; x_wconf 86' lang='lat' dir='ltr'>i.</span> <span class='ocrx_word' id='word_1_1370' title='bbox 1475 3117 1507 3144; x_wconf 84' lang='lat' dir='ltr'>de</span> <span class='ocrx_word' id='word_1_1371' title='bbox 1518 3117 1590 3143; x_wconf 74' lang='lat' dir='ltr'>Asse.</span> <span class='ocrx_word' id='word_1_1372' title='bbox 1611 3116 1749 3154; x_wconf 81' lang='lat' dir='ltr'>censetque</span> <span class='ocrx_word' id='word_1_1373' title='bbox 1769 3116 1867 3144; x_wconf 61' lang='lat' dir='ltr'>rectius</span> <span class='ocrx_word' id='word_1_1374' title='bbox 1888 3117 1942 3154; x_wconf 77' lang='lat' dir='ltr'>legi</span> <span class='ocrx_word' id='word_1_1375' title='bbox 1955 3116 2024 3153; x_wconf 77' lang='lat' dir='ltr'>posse</span> <span class='ocrx_word' id='word_1_1376' title='bbox 2036 3135 2045 3150; x_wconf 88' lang='lat'>‚</span> <span class='ocrx_word' id='word_1_1377' title='bbox 2063 3123 2107 3143; x_wconf 81' lang='lat' dir='ltr'>am</span> <span class='ocrx_word' id='word_1_1378' title='bbox 2124 3117 2198 3142; x_wconf 71' lang='lat' dir='ltr'>altero</span> 
     </span>
     <span class='ocr_line' id='line_1_147' title="bbox 1241 3155 2191 3211; baseline -0.001 -31"><span class='ocrx_word' id='word_1_1379' title='bbox 1241 3161 1307 3181; x_wconf 76' lang='lat' dir='ltr'>tanto</span> <span class='ocrx_word' id='word_1_1380' title='bbox 1315 3156 1423 3189; x_wconf 71' lang='lat' dir='ltr'>majnram</span> <span class='ocrx_word' id='word_1_1381' title='bbox 1435 3173 1443 3187; x_wconf 89' lang='lat'>,</span> <span class='ocrx_word' id='word_1_1382' title='bbox 1454 3155 1588 3189; x_wconf 58' lang='lat' dir='ltr'>autfifijm&#39;.</span> <span class='ocrx_word' id='word_1_1383' title='bbox 2169 3187 2191 3211; x_wconf 73' lang='lat' dir='ltr'><em>U</em></span> 
     </span>
    </p>

    <p class='ocr_par' dir='ltr' id='par_1_22' title="bbox 2132 3191 2199 3216">
     <span class='ocr_line' id='line_1_148' title="bbox 2132 3191 2199 3216; baseline 0 -4"><span class='ocrx_word' id='word_1_1384' title='bbox 2132 3194 2144 3216; x_wconf 69' lang='grc' dir='ltr'><strong>Ξ</strong></span> <span class='ocrx_word' id='word_1_1385' title='bbox 2152 3205 2157 3212; x_wconf 85' lang='grc'><strong>.</strong></span> <span class='ocrx_word' id='word_1_1386' title='bbox 2189 3191 2199 3212; x_wconf 68' lang='lat'><em>5</em></span> 
     </span>
    </p>
   </div>
  </div>
 </body>
</html>
