2297 3389
133 1902 172 1935 13

575 154 837 199 ORATIO
887 167 1004 198 PRo
1050 153 1102 198 L.
1142 152 1480 198 CORNELto
1529 153 1747 199 BALBO.

198 233 344 267 civitatis,
366 240 420 262 nec
429 229 746 270 foedereimpediatur‚
764 229 825 270 quo
844 231 946 260 minus
961 240 998 260 ex
1006 231 1072 260 cive
1081 232 1148 261 Ro-

200 276 375 307 manocivis
385 273 545 304 Gaditanus
562 270 649 311 poffit
667 270 733 301 effe.
758 273 894 300 Duarum
912 274 1066 302 civitatum
1077 273 1153 302 civis

200 316 259 348 cffe
272 315 375 347 nostro
384 315 450 353 jure
464 314 547 343 civili
558 323 651 343 nemo
662 312 775 353 potest:
798 323 861 344 non
877 313 935 344 effe
953 315 1041 353 hujus
1052 315 1154 342 civita-

201 360 342 390 tiscivts‚
361 355 451 397 quise
461 355 513 384 alii
530 356 645 384 civitati
661 355 784 388 dicarit,
805 355 910 394 potest.
935 358 1041 395 Neque
1054 353 1151 384 folum

200 401 349 430 dicatione
358 417 369 430 ‚
383 396 464 437 quod
475 398 507 425 in
518 396 683 426 calamitate
691 395 856 427 clarissimis
866 398 937 426 viris
947 399 991 436 (ζζ
1000 397 1151 427 Maximo,

201 444 233 472 C.
244 441 356 470 Laenati
367 458 378 472 ‚
395 441 433 479 Q
446 438 584 478 Philippo
596 458 607 471 ,
626 441 657 468 N
661 440 783 472 uceriae,
803 441 835 468 C.
850 440 956 469 Catoni
975 441 1153 469 Tarracone,

200 485 237 520 Q.
247 481 385 520 Coepioni
397 499 406 512 ,
426 482 459 510 P.
471 481 608 513 Rutilio,
623 483 772 519 Smyrnae,
795 479 931 510 vidimus
949 477 1083 510 accidisse
1095 497 1103 511 ‚
1123 487 1156 507 ut

199 533 299 554 earum
310 523 466 552 civitatum
483 520 586 551 fierent
596 524 676 551 cives
686 542 697 555 ‚
717 523 791 551 hanc
801 521 870 551 ante
880 523 1014 551 amittere
1026 530 1089 565 non
1099 529 1156 559 po—

198 562 321 594 tuissent
331 584 339 596 ,
352 563 441 604 quam
453 563 542 601 hujus
553 563 650 593 solum
662 565 792 593 civitatis
805 565 971 593 mutatione
981 560 1152 592 vertissent:

197 605 347 636 sedetiam
358 604 550 644 postliminio
565 604 661 645 potest
678 607 804 635 civitatis
820 603 882 634 fieri
897 605 1033 633 mutatio.
1057 612 1154 642 neque

198 648 282 678 enim
294 645 354 676 fine
364 646 446 676 causa
461 646 497 676 de
516 649 572 677 Cn.
585 647 721 677 Publicio
737 647 905 676 Menandro
914 665 922 679 ‚
944 645 1087 674 libertino
1097 645 1154 688 hq-

198 691 283 719 mine
294 708 304 722 ,
317 699 408 729 quem
423 687 502 728 apud
520 690 648 727 majores
659 689 747 728 legati
757 687 849 718 nostri
860 689 892 716 in
907 688 1050 716 Graeciam
1063 688 1154 725 proh-

196 731 339 761 ciscentes
358 732 549 769 interpretem
568 731 666 760 secum
687 730 791 759 habere
809 728 989 772 voluerunt,
1009 727 1043 756 ad
1059 736 1153 765 popu-

197 772 263 802 lum
276 773 368 802 laturn
381 791 389 805 ‚
410 782 441 801 ut
455 774 479 801 is
496 772 649 802 Publicius
668 769 826 800 sidomum
844 766 1020 800 revenisset,
1042 767 1156 797 &inde

197 815 332 843 Romam
350 812 498 846 rediisset,
519 824 551 842 ne
559 814 651 841 minus
661 813 735 841 civis
753 809 832 840 ess‘et.
856 810 949 839 Multi
967 811 1056 839 etiam
1068 810 1155 849 supe-

198 858 276 885 riore
287 858 437 885 memoria
446 856 526 884 cives
536 855 670 883 Romani
681 853 730 882 sua
737 853 892 881 voluntate
913 851 1080 882 indemnati
1093 871 1101 884 ,
1123 851 1154 881 δε

197 897 368 927 incolumes
379 916 388 928 ,
407 897 453 925 his
465 895 551 925 rebus
560 893 672 924 reliEtis
681 913 690 926 ,
707 893 777 923 alias
787 894 815 922 se
825 894 857 923 in
868 894 1003 922 civitates
1015 893 1153 922 contule·

199 949 278 968 runt.
313 937 372 968 uod
381 937 402 966 sl
413 938 473 966 civi
482 939 624 966 Romano
632 936 701 965 licet
711 933 954 965 ess'eGaditanurn
965 933 1023 965 five
1035 933 1150 966 exsilio,

196 979 255 1010 five
265 990 304 1020 po
325 976 456 1008 ‘liminio
467 997 476 1011 ,
489 976 547 1007 five
561 976 723 1014 rejetffione
735 977 824 1013 hujus
837 979 965 1007 civitatis
979 987 984 1005 :
1004 986 1037 1006 ut
1048 977 1105 1011 iam
1117 976 1152 1006 ad

194 1021 294 1052 soedus
305 1022 423 1050 veniam
435 1039 443 1052 ,
465 1020 548 1059 quod
558 1019 594 1049 ad
607 1019 721 1049 causam
733 1019 809 1048 nihil
819 1019 948 1058 pertinet
967 1018 1015 1056 (de
1025 1019 1152 1048 civitatis

197 1065 280 1092 enim
291 1063 365 1100 jure,
376 1071 440 1091 non
453 1061 489 1090 de
496 1061 661 1091 foederibus
671 1059 880 1100 discePtamus)
898 1059 970 1100 quid
982 1059 1033 1093 est,
1044 1069 1150 1100 quam-

196 1104 301 1134 obrem
320 1104 381 1133 civi
393 1102 542 1133 Gaditano
559 1104 591 1132 in
605 1103 678 1132 hanc
691 1103 843 1132 civitatem
857 1104 960 1131 venire
971 1112 1034 1131 non
1045 1102 1149 1131 liceat?

195 1145 345 1186 Equidem
358 1144 447 1184 longe
459 1145 540 1174 secus
553 1145 656 1175 sentio.
681 1154 750 1174 nam
761 1142 831 1174 curn
843 1153 880 1173 ex
892 1143 1036 1173 omnibus
1045 1145 1150 1173 civita-

197 1187 279 1217 tibus
291 1188 339 1216 via
354 1185 428 1216 sitin
439 1186 571 1216 nostram
583 1206 591 1219 ,
601 1195 732 1226 cumque
743 1184 852 1215 nostris
862 1185 978 1216 civibus
992 1187 1152 1224 pateatiter

194 1228 230 1259 ad
240 1237 348 1258 ceteras
357 1230 506 1258 civitates:
524 1237 590 1257 tum
604 1227 677 1257 verb
687 1247 694 1260 ‚
706 1236 739 1256 ut
751 1231 873 1268 quaeque
884 1227 1042 1256 nobiscum
1055 1228 1152 1256 maxi-

193 1270 246 1300 me
258 1270 552 1302 societate,amicitia,
568 1267 887 1308 sponsione,pa6tione,
899 1268 1010 1298 foedere
1021 1269 1090 1308 conj
1096 1278 1151 1298 un-

194 1310 241 1342 &a
250 1310 311 1345 est3
326 1313 365 1341 ita
375 1312 452 1340 mihi
469 1312 603 1340 maxime
620 1311 838 1340 communionem
851 1308 1042 1347 beneficiorum
1053 1330 1061 1343 ,
1078 1319 1151 1349 prse—

195 1354 483 1386 miorum‚civitatis‚
491 1354 646 1383 continere
655 1351 782 1381 videtur.
808 1354 900 1392 Atqui
910 1360 1013 1381 ceterae
1028 1355 1036 1370 ¹
1048 1354 1150 1381 civita-

197 1403 241 1425 tes
251 1404 359 1424 omnes
370 1404 431 1423 non
443 1394 613 1424 dubitarent
622 1392 740 1423 nostros
749 1396 877 1433 recipere
892 1395 923 1422 in
935 1393 996 1423 suas
1005 1395 1149 1426 civitates,

195 1434 217 1465 fi
226 1435 307 1466 idem
323 1436 458 1474 nosjuris
469 1436 656 1468 haberemus,
666 1435 748 1475 quod
758 1437 858 1465 ceteri.
881 1434 929 1465 sed
941 1445 997 1465 nos
1008 1445 1070 1464 non
1081 1435 1150 1474 pos-

194 1478 296 1508 sumus
307 1477 338 1506 ὃς
348 1478 439 1512 hujus
453 1475 510 1506 effe
519 1478 649 1506 civitatis
660 1496 668 1510 ‚
686 1477 718 1506 &
728 1477 858 1513 cujusvis
868 1485 1024 1516 praeterea:
1047 1479 1151 1506 ceteris

191 1516 362 1548 concessum
371 1517 423 1548 est.
447 1521 547 1559 Itaque
559 1520 589 1548 in
601 1520 712 1548 Graecis
720 1518 892 1548 civitatibus
903 1519 1002 1548 videm
1008 1520 1150 1551 us,Athe·

191 1562 240 1590 nis
260 1560 398 1590 Rhodios
408 1580 417 1593 ,
436 1559 702 1592 Lacedaemonios,
727 1569 841 1590 ceteros
862 1560 995 1600 undique
1013 1560 1147 1593 adscribi,

191 1602 415 1642 multarumque
424 1600 481 1631 effe
492 1601 611 1633 eosdem
624 1603 766 1631 homines
779 1603 949 1632 civitatum.
972 1605 1041 1641 Qio
1051 1611 1150 1632 errore

190 1643 297 1673 duEtos
304 1643 367 1673 vidi
377 1652 498 1684 egomet
506 1643 673 1673 nonnullos
685 1645 841 1684 imperitos
856 1644 998 1673 homines
1011 1665 1019 1677 ,
1031 1644 1148 1675 nostros

189 1687 303 1719 civeis,
321 1685 448 1714 Athenis
465 1687 498 1715 in
519 1695 648 1715 numero
668 1685 804 1722 iudicum
825 1705 833 1718 ‚
857 1694 943 1726 atque
960 1689 1149 1728 Areopagita—

189 1736 260 1757 rum
275 1747 284 1760 ‚
308 1736 385 1756 certa
403 1727 481 1757 tribu
493 1747 501 1761 ‚
521 1736 602 1757 certo
611 1737 741 1757 numero
755 1739 764 1761 3
783 1726 853 1758 cum
865 1730 1035 1768 ignorarent
1051 1748 1059 1762 ,
1083 1727 1149 1758 fiil-

189 1768 249 1798 lam
260 1770 411 1798 civitatem
424 1767 517 1798 ess'ent
525 1769 633 1809 adepti,
644 1770 719 1799 hanc
730 1770 758 1799 se
767 1768 935 1809 perdidisse,
949 1768 1003 1799 nisi
1011 1769 1149 1812 postlimi-

190 1810 236 1846 nio
247 1808 469 1850 recuperassent.
494 1812 607 1841 Peritus
617 1810 690 1841 vero
701 1810 795 1841 nostri
804 1812 894 1850 juris,
907 1821 939 1840 ac
948 1815 1042 1841 moris
1054 1822 1148 1843 nemo

192 1861 336 1892 umquam
347 1871 355 1885 ‚
367 1853 419 1892 qui
430 1853 503 1882 hanc
513 1854 664 1882 civitatem
674 1854 800 1882 retinere
810 1853 902 1882 vellet
912 1872 920 1886 ‚
932 1854 966 1882 in
975 1853 1061 1883 aliam
1072 1857 1149 1884 civi-

193 1902 283 1923 tatem
295 1893 323 1922 se
333 1893 452 1923 dicavit.
476 1894 532 1924 Sed.
548 1895 599 1924 hic
610 1903 690 1924 totus
711 1895 795 1924 locus
812 1894 1040 1933 disputationis,
1061 1904 1148 1936 atque

192 1936 336 1965 orationis
350 1944 434 1967 meae,
444 1935 561 1973 judices
571 1955 580 1968 ,
600 1937 728 1974 pertinet
745 1935 782 1965 ad
793 1945 959 1965 commune
969 1936 1016 1973 jus
1027 1946 1148 1967 mutan-

191 1976 297 2006 darum
307 1978 464 2006 civitatum
477 1987 482 2004 2
506 1977 584 2005 nihil
594 1977 682 2006 habet
693 1997 702 2010 ,
721 1976 802 2017 quod
814 1975 847 2005 sit
856 1977 1013 2016 proprium
1024 1979 1148 2018 religio-

190 2020 253 2051 nis,
263 2027 293 2047 ac
303 2016 465 2047 foederum.
489 2016 631 2047 Defendo
645 2019 729 2047 enim
742 2027 806 2047 rem
818 2019 988 2048 universam
999 2038 1008 2052 ,
1028 2021 1146 2049 nullam

191 2057 248 2089 esse
259 2069 379 2099 gentem
389 2069 427 2088 ex
437 2062 523 2089 omni
533 2060 655 2100 regione
666 2069 818 2093 terrarum,
829 2070 925 2099 neque
937 2069 994 2090 tam
1006 2058 1146 2091 diffiden-

189 2109 253 2131 tem
267 2104 282 2130 a
292 2101 535 2140 pop-Rom-odio
546 2101 779 2142 quodam,atque
789 2101 1029 2142 discidio,neque
1041 2111 1099 2133 tam
1112 2102 1148 2132 fi-

188 2141 508 2183 de‚benevolentiaque
518 2143 724 2181 conjunstam,
738 2153 776 2173 ex
786 2153 842 2184 qua
853 2143 940 2173 nobis
950 2144 1145 2175 interdiestum

189 2182 237 2217 sit,
250 2193 282 2214 ut
293 2194 389 2224 neque
400 2185 536 2214 asciscere
546 2187 644 2215 civem
656 2205 664 2218 ,
684 2194 733 2215 aut
742 2187 861 2215 civitate
871 2185 981 2215 donare
992 2185 1145 2225 poffimus.

189 2226 290 2264 Ojura
299 2226 450 2265 praeclara,
469 2236 555 2267 atque
565 2226 712 2256 divinitus
726 2229 790 2266 jam
800 2227 898 2257 indea
916 2229 1064 2267 principio
1083 2231 1148 2258 Ro-

187 2268 272 2297 mani
282 2268 422 2297 nominis
431 2269 446 2297 a
458 2269 624 2307 majoribus
633 2267 740 2298 nostris
751 2277 918 2308 comparata
927 2289 935 2302 ,
959 2279 996 2299 ne
1010 2272 1076 2310 quis
1089 2280 1146 2300 no—

187 2307 282 2339 strum
293 2309 359 2348 plus
377 2310 468 2349 quam
480 2311 569 2339 unius
578 2312 706 2339 civitatis
718 2309 775 2339 effe
794 2308 880 2348 poffit
894 2321 899 2338 :
923 2309 1146 2348 (diffimilitudo

189 2352 273 2380 enim
283 2352 439 2380 civitatum
451 2370 460 2384 ,
470 2352 714 2389 varietatemjuris
724 2351 828 2381 habeat
837 2351 952 2381 necesse
963 2352 1016 2393 est)
1029 2363 1066 2382 ne
1079 2355 1145 2393 quis

188 2401 304 2422 invitus
313 2401 430 2422 civitate
441 2401 573 2423 mutetur
586 2404 591 2422 z
616 2403 692 2422 neve
710 2403 743 2423 in
754 2401 872 2423 civitate
891 2403 1008 2424 maneat
1019 2404 1143 2424 invitus.

189 2436 264 2464 Haec
273 2434 342 2464 sunt
352 2436 436 2464 enim
458 2433 656 2465 fundamenta
674 2433 842 2465 firmtffima
861 2431 967 2465 nostrat
986 2435 1143 2469 libertatis,

187 2475 233 2506 sui
242 2485 390 2516 quemque
403 2476 479 2514 juris
497 2476 530 2506 &
554 2476 725 2510 retinendi,
745 2477 777 2506 δι’.
789 2477 965 2507 dimittendi
977 2476 1032 2507 esse
1043 2477 1146 2507 domi-

186 2526 276 2547 num.
302 2517 380 2547 Illud
398 2517 469 2547 verb
489 2516 548 2548 fine
562 2519 622 2548 ulla
643 2518 831 2548 dubitatione
850 2519 989 2549 maxime
1005 2519 1143 2550 nostrum

185 2557 326 2588 fundavit
335 2561 508 2598 imperium,
522 2561 554 2590 δι’.
565 2561 670 2600 populi
679 2562 813 2590 Romani
824 2570 940 2590 nomen
949 2563 1033 2590 auxit
1044 2581 1052 2595 2
1063 2561 1144 2602 quod

185 2602 324 2640 princeps
340 2601 410 2634 ille,
429 2611 541 2632 creator
556 2603 645 2641 hujus
656 2601 738 2632 urbis
749 2621 757 2635 ,
777 2602 950 2635 Romulus,
970 2601 1084 2632 foedere
1095 2606 1145 2633 Sa-

188 2642 264 2672 bino
282 2642 401 2675 docuit,
422 2652 534 2674 ETlAM
557 2654 717 2674 nosrinus
744 2643 924 2682 recipiendis
947 2646 1044 2684 augeri
1069 2645 1146 2674 hanc

184 2684 339 2714 civitatem
357 2693 504 2725 oportere.
527 2687 573 2727 cuj
580 2696 612 2716 us
632 2684 806 2716 auetoritate
815 2705 823 2720 ,
846 2685 879 2715 &
898 2685 1041 2727 exemplo
1052 2696 1147 2717 nurn—

2055 167 2145 215 533

1201 239 1290 269 quam
1302 228 1343 259 est
1355 228 1522 260 intermissa
1531 229 1546 260 ὲ
1563 231 1729 270 majoribus
1747 229 1857 262 nostris
1867 231 1985 272 largitio
1995 250 2003 265 ,
2024 230 2055 261 δε
2065 239 2151 261 com-

1198 273 1363 301 municatio
1373 273 1511 302 civitatis.
1534 274 1636 312 Itaque
1656 273 1736 304 &ex
1745 272 1833 303 Latio
1851 275 1959 307 multi,
1980 274 2012 303 δε
2031 273 2150 303 Tuscu-

1196 312 1275 345 lani,
1296 313 1328 342 &
1340 315 1468 343 Lanuvii
1481 333 1489 346 ,
1508 313 1540 344 &
1550 324 1585 343 ex
1595 317 1699 344 ceteris
1717 316 1877 355 generibus
1894 324 1995 357 gentes
2005 314 2150 345 universae

1195 355 1227 382 in
1239 356 1390 384 civitatem
1404 355 1473 384 sunt
1482 365 1614 394 receptae3
1626 365 1658 386 ut
1667 357 1857 391 Sabinorum,
1868 357 2061 390 Volscorurn,
2071 358 2149 386 Her-

1196 396 1333 424 nicorum
1351 406 1356 424 ;
1379 396 1488 436 quibus
1506 407 1543 426 ex
1556 398 1726 428 civitatibus
1744 409 1800 429 nec
1817 398 1911 429 coatffi
1933 397 2027 428 ess'ent
2043 400 2150 428 civita-

1198 444 1257 464 tem
1270 445 1382 466 mutare
1394 457 1401 469 ‚
1422 436 1441 466 si
1452 439 1502 477 qui
1514 438 1677 475 noluissent:
1699 450 1754 470 nec
1764 460 1773 474 ,
1793 439 1813 470 si
1824 442 1875 481 qui
1885 439 1978 470 ess'ent
1993 442 2147 469 civitatem

1196 475 1329 506 nostram
1344 477 1491 507 beneficio
1508 483 1612 519 populi
1622 483 1717 511 Rom.
1738 483 1909 516 consecuti,
1931 482 2077 512 violatum
2089 480 2149 510 foe—

1196 517 1251 547 dus
1269 528 1376 547 eorum
1395 519 1556 549 videretur.
1580 524 1619 550 At
1636 524 1719 552 enim
1737 523 1873 563 quaedam
1891 523 2003 553 foedcra
2021 523 2148 556 exstant,

1197 568 1229 589 ut
1248 561 1472 590 Germanorum
1485 580 1493 594 ‚
1521 562 1691 593 Insubrium
1705 584 1712 597 ,
1733 566 1943 595 Helvetiorum
1958 586 1966 598 ‚
1993 565 2145 604 lapidum,

1197 601 1417 630 nonnullorum
1437 604 1509 631 item
1521 612 1557 631 ex
1569 604 1665 634 Gallia
1673 606 1865 636 Barbarorum
1877 627 1884 640 ‚
1905 617 2036 648 quorum
2048 609 2080 636 in
2090 605 2149 636 foe-

1195 641 1314 671 deribus
1327 652 1486 681 exceptum
1499 642 1541 672 est
1552 663 1560 676 ²
1580 654 1624 673 NE
1645 655 1723 684 Qis
1741 658 1846 678 corum
1861 649 1876 678 ξι
1890 649 1979 678 nobis
1988 650 2064 678 civis
2074 650 2150 677 rcci-

1194 686 1298 723 piatur.
1322 683 1413 724 Qod
1425 682 1445 712 si
1455 687 1592 724 exceptio
1602 685 1687 719 facit,
1708 697 1744 717 ne
1757 689 1840 719 liceat
1852 701 1857 718 ε
1882 691 1923 720 ibi
1934 688 2047 720 necesse
2059 689 2101 719 est
2111 690 2149 718 li-

1193 735 1258 755 cere
1268 745 1276 758 ,
1299 725 1350 754 ubi
1360 735 1424 755 non
1437 724 1478 754 est
1497 735 1665 765 exceptum.
1690 729 1751 758 Ubi
1761 730 1802 759 est
1820 733 1909 770 igitur
1919 741 2077 772 exceptum
2091 730 2151 761 foe-

1195 766 1263 796 dere
1275 767 1424 796 Gaditano
1434 786 1442 800 ‚
1463 777 1501 796 ne
1513 777 1604 807 quem
1623 770 1752 808 populus
1770 774 1863 800 Rom.
1883 774 2064 803 Gaditanum
2075 775 2150 803 rcci-

1194 810 1399 847 piatcivitate?
1420 809 1577 849 nusquam.
1601 819 1633 839 ac
1644 809 1733 840 sicubi
1749 811 1838 846 ess‘et3
1856 815 1967 844 2lexid
1978 816 2074 844 Gellia
2085 835 2093 848 .
2115 815 2149 844 ὃς

1196 850 1343 882 Cornelia,
1358 853 1370 877 3
1381 860 1445 890 quae
1457 850 1764 890 definitepotestatem
1779 857 1923 894 Pompeio
1933 859 2083 886 civitatem
2094 856 2151 886 do-

1195 890 1613 925 nandidederat,sustuliffet.
1638 896 1804 934 Exceptum
1816 895 1877 929 est,
1898 898 2016 937 inquit,
2036 898 2147 931 foedus,

1195 931 1339 973 siquidem
1358 933 1575 964 sacrosaiidlum
1593 933 1647 964 est.
1670 937 1796 976 Ignosco
1807 938 1862 967 tibi
1875 958 1882 971 ‚
1899 937 1919 967 s1
1932 949 2026 979 neque
2038 942 2150 969 Poeno-

1193 985 1260 1004 rum
1269 976 1334 1014 jura
1343 975 1448 1005 calles:
1478 976 1648 1016 (reliqueras
1659 988 1741 1007 enim
1751 981 1904 1009 civitatem
1916 989 1996 1009 tuam
2008 992 2013 1009 ε
2027 982 2036 1019 )
2052 991 2148 1021 neque

1192 1015 1304 1046 nostras
1317 1016 1442 1056 potuisti
1456 1017 1535 1057 leges
1546 1019 1704 1058 inspicere:
1729 1021 1798 1060 ipsae
1809 1023 1892 1051 enim
1903 1031 1929 1052 te
1947 1021 1962 1052 a
1975 1024 2148 1063 cognitione

1192 1058 1365 1097 suajudicio
1375 1059 1499 1098 publico
1517 1061 1698 1099 repulerunt.
1723 1063 1804 1103 Qid
1819 1062 1877 1093 fuit
1890 1065 1923 1093 in
1937 1073 2089 1105 rogatione
2103 1074 2146 1096 ea,

1190 1110 1256 1141 quae
1267 1100 1303 1130 de
1314 1101 1460 1140 Pompeio
1470 1100 1485 1130 a
1496 1102 1598 1131 Gellio
1608 1122 1618 1136 ,
1633 1103 1664 1132 &
1675 1103 1690 1133 a
1699 1105 1830 1134 Lentulo
1839 1125 1848 1138 ‚
1861 1108 1946 1135 Coss.
1956 1106 2012 1136 lata
2020 1105 2073 1138 est,
2090 1107 2151 1136 ‘ein

1191 1152 1248 1183 qua
1266 1142 1380 1182 aliquid
1397 1142 1615 1173 sacrosanaum
1633 1154 1790 1184 exceptum
1814 1146 1986 1177 videretur?
2008 1146 2149 1178 Primum

1191 1185 1276 1214 enim
1288 1204 1296 1217 ‚
1308 1183 1546 1214 sancrosanctum
1558 1183 1615 1214 esse
1628 1188 1705 1216 nihil
1716 1186 1812 1226 potest
1823 1209 1831 1222 ‚
1846 1187 1901 1218 nifi
1911 1189 1992 1229 quod
2003 1189 2146 1229 populus,

1191 1226 1329 1265 plebesve
1348 1224 1506 1256 sanxifl'et:
1530 1226 1639 1257 deinde
1657 1228 1826 1259 sanetiones
1841 1231 1979 1269 fizcrandae
1989 1231 2076 1264 sunt,
2097 1239 2148 1261 aut

1191 1278 1296 1308 genere
1307 1268 1374 1307 ipso
1384 1287 1392 1300 ,
1409 1276 1457 1297 aut
1469 1267 1667 1299 obtestatione
1678 1290 1686 1304 ‚
1707 1270 1738 1301 ὃ(
1747 1272 1971 1302 consecratione
1981 1273 2056 1314 legis
2065 1292 2073 1306 ‚
2096 1281 2150 1302 aut:

1191 1318 1297 1348 poeuae,
1312 1308 1382 1339 cum
1392 1319 1478 1349 caput
1487 1311 1562 1349 ejus,
1576 1313 1628 1351 qui
1638 1316 1741 1343 contra
1754 1311 1834 1347 facit,
1844 1315 2040 1345 consecratur.
2064 1313 2149 1356 Qid

1191 1351 1382 1391 habesigitur
1392 1351 1489 1381 dicere
1499 1352 1534 1381 de
1548 1353 1696 1384 Gaditano
1707 1353 1818 1385 foedere
1834 1356 1983 1395 ejusmodi
2000 1359 2011 1385 ?
2033 1356 2149 1386 Utrum

1190 1395 1292 1433 capitis
1302 1394 1526 1423 consecratione
1537 1413 1545 1427 ‚
1566 1404 1602 1424 an
1622 1395 1819 1426 obtestatione
1837 1398 1911 1438 legis
1928 1397 2148 1427 sacrosanctum

1190 1434 1247 1465 ess‘e
1263 1433 1424 1465 confirmas
1443 1437 1453 1463 ?
1475 1436 1555 1465 nihil
1583 1439 1715 1475 omnino
1744 1449 1888 1480 umquam
1906 1439 1942 1469 de
1955 1438 2012 1469 isto
2035 1438 2149 1469 foedere

1189 1476 1222 1507 ad
1234 1477 1380 1516 populum
1395 1497 1403 1509 ,
1426 1478 1504 1506 nihil
1521 1477 1555 1507 ad
1566 1478 1686 1517 plebem
1699 1480 1792 1510 latum
1808 1479 1865 1510 effe
1877 1481 1947 1511 dico
1962 1491 1967 1510 1
1990 1481 2147 1521 dequibus

1189 1521 1279 1548 etiam
1294 1517 1416 1548 filatum
1429 1517 1499 1548 effer
1509 1539 1518 1553 ‚
1539 1529 1634 1560 neque
1649 1521 1746 1562 legem
1758 1541 1767 1554 ‚
1789 1525 1906 1563 5neque
1916 1532 2037 1562 poenam
2058 1523 2148 1552 latam

1189 1559 1264 1594 effe,
1290 1570 1328 1589 ne
1340 1570 1430 1599 quem
1442 1562 1542 1590 civem
1560 1564 1776 1602 reciperemus:
1800 1573 1901 1594 tamen
1911 1564 1943 1594 id
1960 1563 2045 1597 esset,
2064 1563 2147 1604 quod

1187 1602 1316 1642 populus
1326 1599 1556 1641 posteajuffiss'et
1568 1623 1576 1635 ‚
1589 1612 1685 1634 ratum
1700 1615 1704 1633 :
1728 1615 1825 1645 neque
1835 1606 1999 1647 quidquam
2010 1606 2070 1635 illis
2081 1615 2150 1635 ver-

1191 1645 1247 1677 bis,
1258 1642 1278 1672 si
1288 1643 1360 1684 quid
1373 1643 1589 1674 saci—ostinetum
1603 1644 1683 1679 effer,
1696 1645 1752 1676 ess'e
1763 1657 1921 1687 exceptum
1932 1648 2091 1678 videretur.
2109 1647 2146 1677 de.

1190 1687 1246 1719 his,
1257 1684 1329 1716 cum
1343 1685 1473 1725 populus
1486 1688 1579 1716 Rom.
1593 1687 1671 1716 nihil
1684 1698 1828 1728 umquam
1842 1688 1964 1725 tufi'erit,
1979 1690 2145 1730 quidquam

1190 1727 1279 1757 audes
1298 1727 1395 1757 dicere
1414 1727 1631 1758 sacroiandtum
1651 1728 1760 1759 fuisse?
1792 1733 1859 1761 Nec
1880 1730 1952 1761 vero
1971 1733 2032 1761 haec
2050 1734 2146 1762 oratio

1189 1779 1256 1799 mea
1273 1769 1309 1800 ad
1330 1767 1548 1799 infirmandum
1569 1769 1667 1800 foedus
1684 1771 1902 1803 Gaditanorum
1913 1793 1921 1806 ,
1932 1773 2047 1813 judices
2061 1793 2068 1807 ,
2080 1772 2147 1813 perss

1189 1814 1274 1841 tinet.
1296 1822 1393 1852 neque
1402 1814 1485 1841 enim
1496 1811 1538 1842 est
1549 1822 1664 1847 meum,
1677 1823 1778 1844 contra
1789 1816 1968 1854 opinionem
1979 1815 2143 1849 vetustatis,

1188 1862 1346 1892 contraius
1356 1853 1472 1893 optime
1485 1857 1598 1884 merit-”e
1611 1857 1739 1885 civitatis
1748 1875 1756 1888 ,
1772 1865 1874 1886 contra
1883 1855 2090 1887 auctoritatem
2103 1858 2148 1887 se-

1189 1905 1274 1925 natus
1295 1895 1403 1925 dicere.
1437 1897 1525 1924 Duru
1545 1898 1629 1925 enirn
1651 1897 1804 1936 quondam
1825 1898 2011 1937 temporibus
2030 1899 2146 1939 reipub.

1190 1936 1310 1969 nostrae,
1320 1936 1392 1966 curn
1406 1946 1572 1976 praepOtens
1582 1946 1664 1970 terra,
1675 1939 1809 1978 marique
1819 1941 1980 1981 Karthago,
1988 1941 2062 1970 nixa
2075 1941 2148 1971 dua-

1189 1977 1244 2007 bus
1256 1979 1410 2017 Hispaniis
1420 1997 1429 2011 ,
1442 1979 1512 2008 huic
1521 1980 1652 2017 imperio
1664 1981 1849 2014 immineret,
1862 1981 1894 2010 &
1904 1991 1973 2011 curn
1988 1980 2003 2001 ⁶
2013 1983 2074 2012 duo
2083 1981 2146 2011 ful-

1189 2021 1273 2049 mina
1283 2018 1376 2048 nostri
1386 2021 1505 2058 imperii
1521 2018 1618 2049 subito
1631 2039 1639 2053 ‚
1654 2022 1684 2050 in
1698 2022 1858 2061 Hispania,
1874 2025 1928 2053 Cn.
1942 2023 1974 2053 &
1985 2027 2016 2053 P.
2029 2025 2145 2063 Scipio-

1189 2070 1253 2094 ne5‚
1265 2060 1405 2090 exstinffi
1415 2059 1605 2090 occidissent:
1630 2064 1664 2091 L.
1678 2064 1819 2098 Marcius,
1835 2066 2142 2104 primipilicenturiO,

1189 2112 1259 2133 cum
1273 2102 1428 2132 Gaditanis
1444 2102 1542 2132 foedus
1562 2102 1773 2134 icissedicitur.
1796 2106 1877 2146 quod
1891 2106 1961 2136 curn
1978 2111 2071 2148 magis
2082 2106 2141 2136 fide

1188 2146 1271 2174 illius
1281 2145 1385 2184 populi
1395 2164 1403 2178 ,
1412 2144 1524 2183 justitia
1534 2144 1628 2175 vestra
1637 2165 1646 2178 ‚
1665 2146 1806 2177 vetustate
1816 2148 1945 2189 denique
1956 2150 2017 2188 ipsa
2026 2169 2035 2182 2
2051 2152 2143 2190 quarn

1187 2187 1288 2226 aliquo
1299 2184 1409 2227 publico
1424 2186 1535 2215 vinculo
1555 2187 1711 2228 religionis
1731 2198 1896 2220 teneretur:
1920 2191 2065 2230 sapientes
2086 2192 2144 2220 ho-

1187 2226 1299 2260 mines,
1311 2228 1343 2257 ὃς
1355 2228 1552 2267 publicijuris
1562 2231 1660 2267 periti,
1675 2230 1826 2264 Gaditani,
1842 2234 1883 2261 M.
1897 2232 2024 2271 Lepido,
2036 2235 2073 2270 Q⁴
2087 2235 2143 2262 Ca-

1189 2269 1255 2299 tulo
1269 2272 1355 2299 Coss.
1367 2272 1383 2299 a
1392 2269 1491 2299 senatu
1503 2270 1538 2299 de
1546 2270 1657 2300 soedere
1666 2271 1900 2310 postulaverunt.
1925 2277 2009 2304 Tum
2018 2274 2060 2304 est
2068 2284 2140 2304 cum

1187 2311 1341 2341 Gaditanis
1358 2310 1457 2340 foedus
1477 2312 1715 2342 velrenovatum
1730 2334 1738 2347 ‚
1757 2315 1804 2344 vel
1823 2315 1929 2345 ictum.
1953 2316 1989 2346 de
2006 2326 2066 2357 quo
2083 2315 2143 2346 foe-

1187 2353 1254 2383 dere
1273 2354 1401 2392 populus
1420 2355 1552 2382 Roman.
1574 2354 1748 2384 sententiam
1769 2366 1831 2386 non
1850 2358 1935 2387 tulit:
1954 2361 2006 2398 qui
2027 2356 2142 2397 injuss'u

1187 2395 1241 2424 suo
1251 2414 1261 2428 ,
1275 2395 1360 2424 nullo
1369 2394 1456 2434 paeto
1469 2394 1565 2434 potest
1576 2396 1721 2436 religione
1736 2397 1868 2440 obligari.
1892 2402 1936 2429 Ita
1948 2399 2090 2429 Gaditana
2098 2401 2143 2429 ci-

1186 2446 1271 2469 vitas,
1282 2436 1364 2476 quod
1376 2436 1531 2466 beneficiis
1546 2438 1605 2467 suis
1618 2448 1683 2478 erga
1700 2440 1982 2478 rempubfnostram
1997 2441 2141 2481 consequi

1184 2480 1300 2517 potuit,
1321 2478 1403 2518 quod
1421 2480 1637 2517 imperatorum
1657 2479 1858 2515 testimoniis,
1878 2483 1959 2522 quod
1985 2481 2138 2517 vetustate,

1186 2520 1268 2560 quod
1280 2521 1425 2558 QCatuli
1438 2540 1446 2552 ,
1457 2520 1567 2549 summi
1578 2523 1635 2550 viri
1646 2541 1656 2554 ,
1671 2522 1847 2552 auctoritate
1858 2543 1865 2556 ,
1876 2523 1957 2563 quod
1966 2524 2082 2563 judicio
2092 2525 2140 2554 se—

1187 2571 1288 2595 natus,
1298 2562 1378 2602 quod
1394 2561 1516 2594 foedere,
1528 2562 1685 2592 consecuta
1695 2563 1753 2593 est:
1777 2565 1857 2604 quod
1865 2565 1984 2604 publica
1993 2566 2142 2607 religione

1188 2604 1293 2633 sanciri
1302 2605 1401 2642 potuit
1412 2623 1420 2636 ‚
1440 2603 1468 2632 id
1479 2602 1566 2632 abest.
1589 2605 1718 2643 populus
1729 2607 1811 2645 enim
1832 2606 1859 2635 se
1871 2607 2015 2647 nusquam
2025 2608 2142 2648 obliga-

1190 2647 1245 2675 vit.
1270 2655 1366 2684 neque
1384 2644 1454 2673 ideo
1472 2644 1513 2673 est
1528 2644 1744 2675 Gaditanorum
1765 2647 1847 2677 causa
1862 2648 1984 2677 deterior.
2008 2649 2141 2690 graviffi-

1190 2688 1250 2717 mis
1259 2688 1342 2717 enim
1355 2706 1362 2720 ,
1377 2686 1409 2716 &
1423 2687 1561 2728 plurimis
1572 2686 1656 2717 rebus
1667 2686 1709 2717 est
1718 2688 1802 2719 tu'lta.
1826 2689 1874 2720 sed
1888 2689 1935 2720 isti
1947 2691 2141 2731 disputationi

2059 2743 2138 2765 certe

226 2792 250 2810 1.
267 2787 387 2811 Civitates
405 2795 481 2812 emm-s
491 2796 534 2813 nori
545 2788 681 2813 dubitarent
698 2790 783 2821 nostros
804 2792 904 2822 recipere
915 2808 925 2820 ‚
942 2789 1010 2823 dra]
1035 2790 1144 2826 Haeqest

185 2818 269 2846 lectio
280 2821 347 2848 Pall.
356 2823 487 2854 omnium,
499 2823 592 2858 quibus
603 2824 702 2850 accedit
718 2824 828 2851 Erfurd.
839 2835 866 2851 :ic
878 2828 904 2851 S.
917 2824 988 2851 Vinci.
1009 2834 1072 2851 nam
1087 2826 1145 2851 vul-

186 2862 248 2916 gata
259 2856 414 2892 transposuit
428 2877 436 2890 ‚
448 2862 560 2884 cim-ates
571 2869 616 2885 mm
626 2860 762 2886 dubitarent
772 2863 855 2893 nastros
865 2861 960 2891 omneis,
970 2861 1021 2891 dyc.
1061 2871 1092 2887 ua
1103 2862 1144 2887 in-
1163 2872 1165 2884 ⁴

208 2890 284 2918 uitus
296 2892 347 2920 fuit
358 2894 520 2920 Gulielmius
534 2915 542 2926 ‚
554 2904 583 2921 ut
593 2896 748 2929 conjiceret,
758 2899 844 2929 nostros
855 2900 955 2922 homine:
967 2908 974 2927 ‚-
988 2871 1059 2931 quod
1071 2897 1145 2923 nullu
1163 2897 1165 2915 ¹¹

188 2933 242 2953 tam
252 2937 331 2963 capax
343 2929 405 2956 esset
415 2931 437 2956 ci
443 2940 450 2954 ι
458 2931 518 2963 itas,
529 2940 586 2967 quae
596 2941 688 2958 omnes
698 2933 816 2959 Roman.
828 2933 860 2960 ad
872 2933 895 2959 se
906 2933 1044 2969 reciperet.
1059 2932 1146 2960 videa·
1163 2934 1165 2939 '

189 2960 234 2989 tui*
243 2971 298 2998 cap.
312 2972 337 2989 v.
348 2965 374 2991 iu
388 2966 538 2993 l’oenulum.

223 3006 251 3023 ι.
272 3001 323 3024 Lex
329 3001 357 3024 id
365 3002 462 3035 Gellia]
486 3002 541 3029 Pal.
552 3013 636 3030 nonus
650 3023 657 3035 ,
677 3007 772 3032 tfflwlae
792 3005 819 3030 &-
839 3003 912 3031 Vic‘h
933 3003 1011 3031 codd.
1031 3007 1144 3038 tAgt-llia.

185 3032 250 3059 citm
261 3039 346 3060 tamt-n
358 3034 431 3070 supra
441 3046 496 3072 cap.
508 3038 535 3064 8.
546 3040 702 3074 praeferrent
713 3043 819 3066 Gellium.

227 3069 317 3108 3.-(244
326 3070 415 3103 definiti
424 3075 577 3108 potestatem]
593 3076 764 3102 Hotomanus
776 3076 823 3102 lib.
836 3085 871 3103 ιι,
883 3075 1025 3102 observat.
1038 3085 1143 3112 capno,
1162 3074 1164 3086 ’

187 3111 300 3138 (ΟΠἹΞΠ
308 3106 435 3138 ind‘fim‘tk.
456 3109 522 3134 l’all.
534 3109 629 3136 habent
639 3112 761 3144 definitam
772 3131 780 3143 ,
799 3112 920 3138 nonnulli
935 3112 1014 3139 etiam
1035 3113 1143 3147 difinita.
1163 3109 1164 3114 ¹

188 3147 248 3165 nam
261 3148 342 3166 nouus
354 3141 449 3174 definita
459 3146 639 3176 effporestatem.
664 3148 769 3182 vulgata
780 3147 916 3174 satisfacit.
1161 3122 1164 3177 i

1655 2780 2141 2788 Ἣ

1184 2791 1211 2816 8(
1225 2790 1334 2817 Erfurd.
1347 2800 1397 2818 vox
1409 2799 1526 2823 exceptum
1544 2793 1678 2818 sentcntiae
1687 2793 1784 2819 duuiuo
1795 2794 1809 2819 :i
1821 2793 1895 2820 libris
1907 2794 2030 2821 haetenus
2041 2795 2140 2822 abluit.

1185 2828 1317 2862 reperitur
1327 2835 1412 2853 autem
1424 2829 1505 2853 etiam
1517 2830 1543 2853 iu
1555 2828 1902 2865 oinuibusl‘all.expressitq;
1913 2830 1939 2855 8<
1951 2831 2035 2866 prima
2045 2831 2140 2864 editio.

1225 2872 1250 2895 ς.
1272 2867 1448 2897 Nequcpa-nam
1456 2866 1531 2888 latam
1541 2866 1592 2897 ese.
1601 2874 1629 2889 m·
1639 2875 1704 2898 quum
1714 2865 1814 2898 civem]
1839 2864 1930 2892 [ditio
1940 2867 2138 2903 priuceps,gra-

1184 2905 1235 2924 tam
1244 2901 1375 2924 ‘vi-Iratam
1385 2901 1434 2931 effe.
1455 2899 1524 2935 quod
1541 2908 1637 2931 ⁴<raram
1647 2908 1721 2926 extat
1732 2901 1758 2927 in
1770 2901 1864 2928 nostris
1877 2902 1933 2928 mss'.
1952 2903 2017 2929 item
2029 2904 2138 2930 tiembl.

1185 2936 1212 2959 S.
1227 2934 1296 2960 Visst.
1309 2943 1447 2970 mutatque
1459 2935 1619 2962 Gulielmius
1630 2936 1654 2962 in
1666 2944 1781 2969 rogatam.
1801 2937 1878 2964 rerba
1887 2938 2001 2974 denique
2013 2939 2045 2965 sic
2055 2940 2140 2966 traus-

1185 2969 1304 3005 ponenda
1316 2978 1406 3006 putat:
1428 2972 1491 2996 m'ln'!
1508 2972 1541 2996 ad
1549 2973 1633 3004 p‘ehem
1642 2974 1718 2998 larum
1736 2975 1777 3005 eff?
1786 2973 1851 3006 dico,-
1870 2984 1943 3008 neque
1959 2976 2027 3008 legem
2038 2995 2046 3007 ‚
2066 2985 2139 3009 neque

1162 3013 1164 3038 ς
1179 3014 1273 3038 pernam
1286 3014 1389 3038 rogatam
1399 3009 1449 3040 effi,
1462 3016 1558 3040 nequem
1567 3010 1640 3032 civem
1650 3011 1810 3041 reciperemus.
1832 3010 1988 3036 modestiore
1998 3012 2138 3040 comestu-

1162 3047 1164 3069 l
1183 3050 1221 3072 ra,
1233 3040 1302 3067 addo
1314 3043 1340 3067 &
1355 3042 1536 3068 xci-ilitniliorc
1548 3062 1556 3074 ,
1566 3052 1645 3079 quam
1657 3044 1792 3077 Lambini,
1803 3046 1875 3081 cujus
1885 3045 2010 3073 audacem
2022 3047 2139 3082 diligen-

1184 3078 1248 3103 tiam
1261 3079 1357 3103 merito
1370 3077 1540 3105 detestemur.

1219 3114 1246 3138 6.
1268 3117 1317 3138 Duo
1330 3115 1441 3146 Jiclmina⁴
1454 3116 1659 3150 nostri-inspersi]
1682 3116 1827 3144 Lambinus
1838 3119 1937 3144 lumina.
1958 3120 2138 3146 maleecerte

1182 3157 1274 3175 contra
1287 3149 1353 3175 l’all.
1364 3150 1391 3175 ἃ
1403 3150 1536 3185 quondum
1546 3151 1665 3179 excusos.
1685 3153 1741 3182 imo
1753 3160 1845 3183 contra
1856 3154 1995 3190 Virgilium
2009 3165 2017 3186 5
2037 3156 2076 3181 tui
2087 3159 2139 3180 Μ·

204 3177 262 3208 4.ln
271 3184 320 3210 qua
330 3177 603 3214 ahquidfizcrqsanelum
613 3189 729 3217 emelotam
737 3183 934 3220 videretur.]Sic
949 3183 1145 3213 Gcmblacenfis
1159 3183 1162 3217 l
1175 3184 1264 3219 piade,
1277 3186 1429 3221 &tofialmma
1441 3187 1511 3216 belli?

1535 3224 1652 3260 Xxxj.

2009 3235 2020 3254 3
2028 3246 2034 3254 .
2048 3229 2148 3254 Gemit-:1-

2170 534 2214 565 14

2170 1744 2210 1775 ¹5
