2297 3389
715 118 1023 165 ORATIO
1092 132 1230 164 rito
1300 117 1370 166 M.
1422 118 1712 167 CoELxO.

234 198 356 231 timeres
366 201 380 230 ἕ
397 208 459 231 non
469 207 582 241 patrem
591 206 679 230 tuum
691 196 830 228 videras?
849 207 912 228 non
923 206 1060 237 patruum
1071 216 1081 230 ,
1096 200 1106 216 ¹
1119 207 1185 228 non

2107 137 2200 188 519

1235 207 1297 230 tem
1308 219 1318 233 ‚
1329 208 1416 241 atque
1426 200 1536 231 durum
1549 207 1559 233 ?
1580 221 1603 236 ,‚
1614 204 1701 232 Nunc
1710 201 1783 232 enim
1799 202 1912 232 demum
1924 201 1996 232 mihi
2014 201 2127 232 animm
2145 214 2193 233 ar-

233 251 335 276 avum,
350 252 494 282 proavum
505 261 514 275 ‚
523 250 644 272 atavum
653 239 784 270 audieras
793 240 930 270 consules
939 236 1025 268 fuiffe
1035 241 1048 267 ἓ
1057 247 1122 268 non
1133 238 1187 268 de-
1232 240 1278 269 det
1287 261 1295 275 ,
1310 252 1382 271 nunc
1390 253 1483 271 meum
1492 254 1535 272 cor
1547 244 1711 273 cumulatur
1719 245 1782 273 ira:
1802 248 1863 275 Aut
1872 244 1961 275 illum
1974 265 1982 278 ‚
1995 260 2024 266 --
2046 247 2070 272 O
2081 245 2193 283 inftlm,

233 285 327 325 nique
342 282 436 313 modo
451 292 478 313 te
487 274 651 322 QMetelli
669 283 901 312 matrimonium
920 278 1045 310 tenuisse
1062 279 1185 326 sciebaS,
1235 279 1368 328 &scelesta
1403 301 1432 308 --
1444 287 1541 315 Ferrei
1551 286 1619 316 sunt
1628 285 1792 326 istipatres.
1804 302 1849 308 —--
1870 306 1893 320 ‚,
1907 285 1999 326 Ego'ne
2008 286 2082 332 quid
2086 286 2195 317 dicam?

232 322 381 355 clariffimi
392 344 401 357 ‚
423 334 454 354 ac
474 321 626 354 fortiffirni
643 325 719 357 viri,
738 326 894 364 patriaeque
903 319 1118 370 amantiffim1?
1135 331 1187 361 qui
1234 333 1313 362 egone
1322 324 1395 365 qued
1406 326 1493 355 velim
1505 330 1516 355 ,²
1528 336 1587 367 qua
1602 334 1634 355 tu
1642 328 1736 357 omnia
1746 327 1970 368 ruisfoedisfastu
1980 348 1988 362 ,
1997 329 2069 367 facu
2077 347 2087 362 ,
2102 336 2137 357 ut
2147 339 2195 358 ne-

233 364 354 396 fimulac
362 363 470 405 pedem
481 366 588 395 limine
599 365 743 396 extulerat
752 385 760 398 ,
784 366 904 395 omneis
913 373 1006 403 prope
1017 363 1110 392 civeis
1126 371 1187 391 vir-

232 415 294 437 tute
304 426 313 440 ,
332 407 426 447 gloria
436 425 445 439 ‚
465 406 607 447 dignitate
627 407 799 447 superabat?
815 405 946 437 cuicum
956 414 994 434 ex
1004 401 1187 449 ampliffirno

228 457 335 489 genere
352 450 384 477 in
404 446 552 478 familiam
563 447 753 478 clarissimam
765 447 907 488 nupsisses
917 467 926 480 ,
947 456 998 476 cur
1007 444 1062 475 tibi
1073 444 1188 474 Coelius

230 498 290 518 tam
301 488 483 528 conjunetus
491 489 550 520 suit
560 492 570 519 ?
580 493 744 531 cognatus?
761 488 858 520 affinis
871 490 949 519 ?viri
960 489 1003 518 tui
1018 485 1190 517 familiaris?

228 530 308 560 nihil
318 531 438 559 horum.
461 531 536 572 quid
548 533 638 573 igitur
646 532 720 566 fuit,
740 531 795 562 nisi
815 531 951 572 quaedam
968 529 1117 560 temeritas
1127 547 1135 561 ,
1157 537 1190 558 ac

227 569 313 600 libido
325 574 338 600 Ξ
357 581 461 602 nonne
474 583 502 603 te
515 572 536 603 si
546 573 654 604 nostrae
663 576 814 615 imagines
823 573 924 603 viriles
935 580 998 601 non
1009 579 1188 600 commove-

197 646 202 648 *
225 611 314 646 bant,
335 623 373 643 ne
390 617 547 656 progenies
563 617 687 657 quidem
708 626 775 646 mea
785 636 794 649 ,
817 614 918 656 Qilla
927 611 1048 657 Claudia
1057 631 1066 644 ‚
1093 621 1188 663 aemu·

225 653 286 684 lam
305 654 475 686 domesticae
496 657 592 687 laudis
609 659 642 688 in
660 659 756 699 gloria
777 656 916 687 muliebri
927 652 984 684 efle
993 653 1187 683 admonebat?

224 704 290 725 non
309 698 394 738 virgo
413 698 465 728 illa
484 698 610 729 Vestalis
632 699 756 730 Claudia
773 718 782 732 ,
814 707 880 738 quae
897 704 1009 736 patrem
1028 694 1187 740 complexa

223 738 461 777 triumphantem
481 740 517 770 ab
536 743 665 772 inimico
685 741 807 770 tribuno
823 737 902 784 pleb.
920 736 957 765 de
970 744 1056 783 curru
1070 733 1185 764 detrahi

222 777 300 818 past'a
309 789 372 809 non
385 780 425 811 est
438 784 448 810 ?
465 792 518 812 cur
537 791 564 812 te
581 782 707 812 fraterna
721 783 792 811 vitia
801 787 902 819 potius
913 797 922 810 ‚
943 785 1034 817 quarn
1044 775 1182 823 bona-pa-

224 829 305 851 terna
315 841 323 855 ‚
345 822 377 852 δε
387 825 463 853 avita
473 843 480 856 ‚
503 824 535 853 &
548 824 638 864 usque
650 823 666 853 ὲ
676 823 766 852 nobis
775 820 846 851 cum
858 821 891 849 in
900 820 973 849 viris
983 837 992 852 ‚
1013 827 1079 847 tum
1090 826 1182 865 etiarn

221 863 256 892 in
265 861 398 893 faeminis
407 866 527 904 repetita
537 884 545 897 ‚
566 872 732 894 moverunt
743 866 754 892 ?
773 862 884 892 ideone
901 869 956 901 ego
966 869 1069 904 pacem
1078 860 1183 899 Pyrrhi

221 903 350 939 diremi,
372 914 404 935 ut
421 914 452 936 tu
468 916 605 935 amorum
619 903 858 945 turpissimorum
868 902 1003 943 quotidie
1014 901 1127 948 ioedera
1136 900 1182 952 fex-

220 946 293 975 rires
308 950 319 975 ?
337 946 407 976 ideo
416 956 521 987 aquam
536 946 647 977 adduxi
660 967 668 980 ‚
687 956 721 976 ut
734 957 767 977 ea
781 956 813 976 tu
826 943 938 975 inceste
952 952 1064 973 uterere
1077 946 1089 972 ἓ
1108 942 1179 972 ideo

217 990 300 1017 viam
311 989 450 1021 munivi,
464 991 478 1007 2
490 997 522 1018 ut
531 999 596 1019 eam
608 997 638 1018 tu
648 989 755 1018 alienis
765 989 838 1018 viris
848 987 991 1017 comitata
1001 984 1178 1014 celebrares?

160 1030 172 1054 1
181 1031 201 1061 5
217 1028 273 1059 Sed
281 1028 354 1069 quid
363 1039 430 1069 ego,
438 1030 555 1068 judices
566 1050 574 1063 ‚
588 1031 629 1060 ita
639 1039 758 1071 gravem
768 1030 926 1069 personam
936 1026 1066 1076 induxi,
1082 1034 1115 1056 ut
1125 1036 1180 1073 ve-

216 1079 280 1100 rear
289 1090 299 1102 ,
313 1080 350 1100 ne
358 1070 387 1100 se
399 1070 481 1101 idem
492 1074 606 1111 Appius
616 1072 737 1112 repente
746 1079 900 1102 convertat
911 1090 920 1102 ‚
938 1068 971 1098 δε
981 1070 1115 1098 Coeuum
1129 1077 1179 1097 in-

215 1112 304 1150 cipiat
317 1112 450 1142 accusare
463 1113 515 1143 illa
532 1114 581 1143 sua
599 1114 739 1154 gravitate
752 1113 906 1143 censoria?
927 1110 984 1141 Sed
1003 1109 1106 1139 videro
1116 1110 1177 1140 hoc

212 1151 363 1192 posterius
373 1174 384 1186 ‚
394 1164 479 1195 atque
489 1156 539 1188 ita,
550 1155 663 1195 judices
674 1175 682 1189 ‚
695 1164 727 1185 ut
737 1155 784 1184 vel
797 1151 990 1184 severissimis
998 1151 1178 1191 disceptato-

214 1194 297 1224 ribus
309 1196 355 1224 M.
367 1197 455 1226 Coelii
469 1198 563 1226 vitam
583 1207 632 1226 me
645 1196 841 1236 probaturum
862 1193 921 1224 effe
940 1191 1104 1240 confidam.
1127 1195 1178 1223 Tu

214 1234 288 1265 vero
299 1237 411 1267 mulier
432 1238 503 1275 (jam
516 1240 600 1267 enim
611 1239 673 1278 ipse
692 1247 793 1268 tecum
809 1236 894 1266 nulla
904 1235 1029 1276 persona
1039 1234 1178 1264 introdu-

216 1275 265 1306 ἃᾶ
274 1278 394 1318 loquor)
407 1277 427 1308 fi
436 1289 479 1313 ea,
490 1289 554 1320 qua:
564 1279 649 1313 facis,
660 1290 726 1321 quae
735 1279 821 1311 dicis,
830 1288 896 1318 quae
907 1275 1074 1323 insimulas,
1087 1279 1099 1302 3
1111 1286 1176 1316 quae

213 1319 249 1348 in
259 1319 392 1350 sororem
404 1330 484 1350 tuam
497 1322 614 1351 moliris
624 1341 632 1354 ‚
643 1332 710 1362 quae
719 1323 815 1361 arguis
825 1339 833 1352 ‚
844 1318 967 1359 probare
979 1326 1090 1357 cogitas
1103 1327 1109 1345 t
1130 1327 1178 1347 ra-

215 1361 334 1390 tionem
353 1370 439 1391 tantae
457 1362 667 1393 familiaritatis
688 1382 697 1397 ,
717 1371 804 1392 tantae
821 1359 1068 1393 consuetudinis,
1088 1366 1176 1389 tantae

216 1401 446 1442 conjuntffionis
461 1403 565 1434 reddas
579 1424 587 1437 ,
607 1413 694 1444 atque
705 1413 836 1444 exponas
846 1399 961 1432 neceffe
971 1399 1025 1431 est.
1048 1400 1177 1430 Accusa-

213 1451 293 1473 tores
302 1443 425 1484 quidem
435 1444 581 1475 libidines
593 1465 601 1479 ,
614 1455 730 1476 amores
742 1465 751 1480 ,
766 1444 926 1477 adulteria,
944 1446 962 1470 4
973 1443 1054 1482 Bajas
1063 1462 1072 1476 ,
1083 1440 1174 1488 ἐι-ἃλς»

211 1487 354 1515 convivia
365 1505 373 1518 ‚
384 1484 609 1517 comissationes
619 1507 629 1520 ‚
640 1496 743 1517 cantus
755 1506 764 1520 ‚
777 1486 971 1526 symphonias
980 1504 988 1518 ‚
1001 1485 1120 1524 navigia
1128 1485 1176 1522 ja-

211 1524 293 1556 &ant
303 1537 308 1554 :
318 1526 471 1567 iidemque
481 1526 656 1569 significant,
668 1529 747 1559 nihil
757 1528 798 1562 se,
816 1527 960 1560 reinvita,
977 1525 1085 1556 dicere.
1096 1535 1175 1572 *quae

211 1575 255 1600 tu,
266 1570 412 1608 quoniam
423 1579 526 1599 mente
537 1570 640 1600 nescio
650 1580 708 1611 qua
718 1568 870 1602 effrenata,
880 1578 968 1609 atque
983 1569 1128 1608 praecipiti
1142 1569 1176 1597 in

210 1607 314 1640 forum
324 1609 442 1644 deferri,
449 1611 672 1653 judiciumque,
682 1611 805 1642 voluisti
817 1622 822 1640 z
832 1620 882 1641 aut
891 1610 988 1640 diluas
998 1618 1126 1649 oportet,
1140 1609 1173 1639 &

212 1649 283 1681 falsa
295 1650 353 1682 effe
364 1651 469 1682 doceas
481 1673 489 1686 ,
507 1655 645 1684 autnihil
654 1664 752 1695 neque
765 1654 887 1684 crimini
899 1661 952 1682 tuo
962 1671 971 1685 ‚
983 1660 1082 1700 neque
1092 1649 1172 1681 testi-

215 1694 327 1722 monio
343 1693 528 1725 credendum
545 1694 604 1725 effe
621 1694 738 1726 fateare.
763 1697 818 1726 Sin
839 1703 938 1725 autem
960 1693 1104 1723 urbanius
1122 1702 1171 1723 me

214 1744 297 1775 agere
306 1737 421 1765 mavis:
437 1735 476 1767 s1c
485 1747 568 1778 agam
582 1746 695 1768 tecum.
715 1737 882 1767 removebo
898 1736 988 1765 illum
1000 1735 1102 1765 senem
1117 1734 1175 1764 du-

213 1785 283 1805 rum
294 1795 303 1810 ³
322 1786 356 1806 ac
368 1777 453 1817 paene
474 1778 637 1820 agrestem:
658 1783 672 1806 5
683 1789 721 1810 ex
735 1780 781 1809 his
797 1780 888 1819 igitur
905 1779 965 1808 tuis
985 1776 1102 1807 sumam
1118 1777 1174 1807 ali—

212 1826 304 1857 quem
315 1837 324 1850 ,
346 1828 379 1848 ac
395 1818 586 1858 potiffimum
603 1823 774 1851 minimum
790 1820 930 1854 fratrem,
952 1821 1005 1860 qui
1020 1817 1063 1848 est
1073 1820 1107 1847 in
1117 1817 1173 1848 isto

212 1868 247 1899 ge
253 1867 320 1888 nere
330 1859 539 1892 urbaniffimus
552 1873 558 1892 z
580 1865 633 1904 qui
647 1872 673 1893 te
683 1872 762 1893 amat
769 1860 940 1903 plurimum
956 1871 961 1890 :
972 1862 1044 1901 qui,
1054 1869 1175 1900 propter

211 1899 431 1941 nescioquam,
448 1903 556 1937 credo,
576 1904 765 1934 timiditatem
779 1925 787 1937 ,
809 1902 1019 1934 &noeturnos
1026 1901 1173 1942 quosdam

210 1942 329 1971 inaneis
339 1951 438 1972 metus
448 1962 457 1976 ,
475 1952 576 1975 tecum
587 1946 702 1985 semper
711 1944 794 1985 pufio
805 1954 876 1975 cum
887 1944 1000 1983 majore
1009 1943 1109 1974 sorore
1118 1953 1171 1973 cu·
1195 1968 1197 1974 ⁴

210 1982 329 2013 bitavit.
345 1993 416 2014 eum
426 1994 528 2024 putato
540 1995 639 2016 tecum
650 1988 735 2028 loqui
748 1997 754 2015 z
772 1985 853 2028 Qiid
863 1985 1053 2016 tumultuaris
1066 1984 1170 2015 soror?
1195 2015 1196 2019 ,

210 2023 284 2064 quid
305 2025 433 2055 insanis?
453 2027 526 2067 quid
536 2028 668 2058 clamore
686 2028 807 2062 exorsa,
826 2026 945 2060 verbis,
964 2035 1085 2066 pai-vam
1093 2035 1169 2060 rem,

210 2075 352 2106 magnam
363 2066 436 2098 facis
447 2072 460 2097 ἓ
478 2070 616 2099 vicinum
637 2069 893 2100 adolescentulum
904 2067 1064 2107 adspexisti
1076 2078 1082 2096 ;
1100 2077 1170 2098 can-

210 2106 268 2137 dor
277 2108 328 2147 huj
334 2118 367 2137 us
383 2116 411 2138 te
421 2129 431 2143 ‚
450 2110 483 2140 δε
493 2113 652 2150 proceritas
662 2112 764 2142 vultus
777 2131 786 2145 ,
809 2111 949 2151 oculique
959 2109 1168 2150 perpulerunt:

210 2149 318 2188 saepius
328 2150 428 2181 videre
444 2151 568 2183 voluisti
580 2163 586 2182 :
602 2163 835 2194 nonnumquam
848 2156 881 2182 in
895 2152 1002 2182 iisdem
1015 2153 1110 2181 hortis
1122 2153 1171 2182 vi-

208 2190 239 2221 sa
251 2190 364 2220 nobilis
373 2192 484 2223 mulier
495 2203 500 2223 :
522 2194 612 2225 illum
621 2193 720 2225 filium
738 2193 871 2225 familias
885 2201 967 2236 patre
974 2202 1054 2234 parco
1065 2213 1074 2226 ‚
1085 2203 1118 2224 ac
1127 2202 1171 2224 te-

206 2233 294 2265 naci,
313 2232 420 2264 habere
440 2236 499 2264 tuis
516 2238 613 2275 copiis
629 2235 808 2267 devinstum
822 2246 887 2266 non
904 2244 1008 2275 potes:
1028 2235 1168 2269 calcitrat,

206 2273 318 2312 respuit
328 2293 336 2307 ‚
348 2284 410 2304 non
419 2285 501 2315 putat
512 2286 561 2307 tua
572 2277 653 2308 dona
660 2276 718 2307 effe
728 2281 814 2309 tanti.
830 2277 938 2308 confer
947 2287 975 2308 te
983 2277 1055 2307 alio.
1080 2277 1170 2307 habes

206 2315 311 2345 hortos
320 2315 355 2346 ad
366 2317 522 2347 Tiberim:
541 2328 574 2348 ac
591 2319 750 2360 diligenter
770 2329 807 2349 eo
826 2319 896 2349 loco
909 2318 1070 2358 praeparasti
1082 2339 1090 2352 ‚
1106 2317 1168 2359 quo

208 2358 311 2386 omnis
325 2358 469 2397 juventus
490 2360 610 2391 natandi
622 2361 706 2392 causa
725 2363 819 2391 venit.
840 2361 912 2390 hinc
925 2360 995 2390 licet
1013 2360 1168 2390 conditio-

147 2404 160 2431 1
171 2398 193 2432 6
211 2408 264 2428 nes
271 2399 406 2439 quotidie
417 2400 504 2441 legas.
516 2411 570 2431 cur
578 2403 660 2436 huic,
670 2404 723 2443 qui
733 2412 761 2433 te
770 2403 891 2443 spernit,
903 2400 1030 2432 molesta
1039 2412 1069 2431 es
1081 2405 1092 2431 ?
1104 2403 1167 2432 Re-

206 2440 264 2470 deo
274 2450 356 2470 nunc
365 2441 400 2472 ad
408 2451 454 2476 te,
475 2443 570 2477 Coeli,
589 2443 716 2474 viciffim
731 2465 739 2478 ‚
758 2445 877 2475 acmihi
888 2442 1097 2474 auetoritatem
1112 2453 1165 2483 pa-

204 2484 290 2512 triam
302 2502 310 2515 ‚
322 2482 564 2526 severitatemque
584 2486 726 2526 suscipio:
747 2487 796 2517 sed
807 2485 912 2517 dubito
924 2505 932 2518 ‚
944 2495 1038 2526 quem
1050 2494 1162 2525 patrem

196 2522 392 2565 potiffimum
409 2525 535 2557 sumam.
559 2528 795 2558 Caecilianumne
818 2529 950 2568 aliquem
965 2547 973 2561 ‚
995 2529 1163 2558 vehemen-

1234 365 1395 406 quz'dqaam
1405 368 1501 396 veiim.
1524 370 1586 398 Vix
1599 368 1720 400 ferenda
1737 370 1850 400 diceret
1870 371 1934 400 talis
1950 379 2031 410 pater
2042 390 2051 403 ,
2073 379 2141 400 cun
2150 380 2193 401 τε

1233 407 1264 434 in
1277 405 1362 436 istam
1377 410 1563 439 vicinitatem
1577 413 1776 441 meretriciam
1788 410 1941 442 contulisti
1953 418 1963 443 ?
1981 411 2192 443 curillecebris

1233 450 1361 486 cognitis
1370 458 1434 478 non
1448 450 1581 491 refugisti
1591 458 1601 483 ἒ
1611 462 1663 481 cur
1673 453 1801 482 alienam
1813 454 1905 483 ullam
1923 453 2086 483 mulierem
2097 452 2190 484 nosti?

1233 484 1248 505 ⁶
1257 487 1327 517 dide
1336 498 1368 518 ac
1377 489 1486 525 diffice,
1498 501 1548 530 per
1558 502 1606 522 me
1616 493 1728 524 licebit.
1743 493 1764 523 si
1779 495 1890 536 egebis,
1902 494 1958 524 tibi
1972 494 2096 525 dolebit:
2108 495 2189 525 mihi

1232 529 1274 560 sat
1283 528 1496 570 est2qu52aetatis
1505 534 1585 572 quod
1598 535 1746 574 reliquum
1757 535 1807 570 est,
1820 536 1973 567 obleSoem
1984 546 2068 566 meae.
2083 541 2097 564 7
2109 538 2190 568 Huic

1232 569 1308 600 tristi
1319 591 1328 604 ‚
1347 581 1379 601 ac
1391 572 1543 612 decrepito
1552 574 1614 604 serii
1624 577 1815 615 responderet
1824 579 1937 608 Coelius
1949 598 1957 612 ‚
1973 578 2001 608 se
2012 578 2094 609 nulla
2102 581 2190 618 cupi-

1231 612 1322 642 ditate
1332 612 1494 643 inductum
1505 614 1541 645 de
1553 618 1602 645 via
1612 616 1767 648 deceffiffe.
1791 620 1872 660 Qid
1883 618 2048 660 figni?nulli
2059 619 2189 653 sumtus,

1230 653 1444 694 nullajaEIura,
1457 656 1542 686 nulla
1551 658 1676 687 versura.
1700 662 1738 689 At
1750 659 1907 699 fuitfama.
1931 663 2050 703 Qotus
2059 661 2189 703 quisque

1230 694 1319 725 istam
1332 694 1460 737 effugere
1481 697 1577 736 potest
1595 700 1627 728 in
1642 708 1702 729 tam
1721 702 1865 733 maledica
1881 703 2021 733 civitate?
2039 704 2189 734 Vicinum

1230 737 1295 775 ejus
1305 738 1440 768 mulieris
1451 741 1567 769 miraris
1579 740 1656 769 male
1673 740 1784 771 audisse
1796 762 1803 775 ,
1824 744 1869 782 cuj
1878 754 1910 773 us
1927 743 2014 774 frater
2029 754 2192 785 germanus

1228 778 1382 808 sermones
1397 781 1574 820 iniquorum
1592 779 1721 822 effugere
1734 792 1799 813 non
1818 787 1935 823 potuit?
1954 787 2030 815 Leni
2040 785 2112 816 vero
2123 807 2132 820 ,
2153 786 2188 816 δε

1228 820 1372 850 clementi
1383 825 1469 861 patri,
1481 822 1653 861 cujusmodi
1662 824 1714 853 ille
1725 823 1783 854 est:
1795 841 1824 845 --
1847 845 1867 859 ,2
1881 828 1955 855 fores
1965 828 2076 867 effregit
2086 832 2098 857 ?
2108 827 2187 864 resti-

1227 869 1343 890 tuentur
1351 872 1362 889 :
1379 863 1497 902 diffidit
1505 862 1628 900 vestem?
1643 865 1809 904 refhrcietur
1819 886 1827 899 ,
1849 868 1937 897 coelii
1948 869 2029 898 causa
2037 868 2079 899 est
2092 879 2185 909 expe-

1226 901 1375 934 ditiffima.
1400 905 1481 946 Qid
1491 907 1575 935 enirn
1586 904 1656 936 effer
1668 926 1676 940 ,
1698 908 1731 937 in
1740 917 1801 948 quo
1812 907 1840 938 se
1858 918 1922 937 non
1932 908 2018 939 facile
2040 910 2184 940 defende-

1228 949 1293 975 ret?
1310 946 1459 986 nihiljam
1468 948 1503 976 in
1517 946 1603 977 istam
1614 949 1776 978 mulierem
1787 949 1874 980 dico:
1895 949 1941 980 sed
1953 970 1961 982 ‚
1978 949 1997 979 fi
2008 950 2077 981 effet
2086 953 2185 992 aliqua

1226 985 1380 1017 dissimilis
1392 986 1488 1022 istius,
1503 998 1569 1029 quae
1578 989 1607 1019 se
1617 990 1763 1020 omnibus
1777 992 1960 1033 pervulgaret
1970 1011 1978 1026 ‚
1989 1002 2055 1032 quae
2066 993 2185 1024 haberet

1224 1028 1323 1068 palam
1335 1024 1348 1047 ⁸
1357 1029 1497 1059 decretum
1506 1031 1623 1071 semper
1630 1032 1774 1072 aliquem,
1784 1034 1830 1072 cuj
1835 1043 1869 1063 us
1880 1037 1911 1063 in
1921 1034 2182 1069 hortos,domum,

1227 1071 1320 1110 Bajas,
1328 1073 1396 1111 jure
1405 1071 1459 1101 suo
1469 1071 1613 1103 libidines
1625 1083 1675 1103 om
1681 1076 1768 1104 nium
1778 1084 1984 1105 commearent
1996 1085 2001 1104 :
2012 1085 2078 1115 qua:
2092 1078 2184 1106 etiam

1225 1112 1315 1143 aleret
1324 1112 1539 1143 adolescenteis
1548 1133 1557 1148 ,
1579 1114 1611 1144 ὃς
1620 1113 1830 1155 paifimoniam
1839 1125 1956 1157 patrum
1964 1117 2024 1147 suis
2035 1117 2184 1147 sumtibus

1224 1152 1321 1184 susten
1327 1163 1398 1185 taret
1410 1165 1415 1184 :
1426 1154 1447 1184 fi
1461 1155 1512 1186 vid
1518 1166 1552 1185 ua
1562 1156 1666 1190 libere,
1676 1167 1811 1197 proterva
1820 1158 1998 1198 petulanter,
2011 1158 2096 1189 dives
2106 1157 2183 1188 effu-

1224 1195 1256 1225 se
1268 1215 1276 1229 ‚
1296 1196 1460 1226 libidinosa
1467 1200 1637 1228 meretricio
1648 1209 1733 1229 more
1741 1201 1852 1230 viveret
1863 1212 1871 1234 3
1887 1200 2052 1229 adulterum
2060 1210 2116 1241 ego
2125 1210 2182 1240 pu-

1224 1245 1315 1267 tarem
1327 1257 1335 1271 ‚
1346 1236 1367 1267 fi
1381 1240 1447 1278 quis
1456 1239 1532 1269 hanc
1540 1239 1643 1279 paullo
1654 1240 1777 1271 liberius
1786 1240 1930 1271 salutasset
1940 1244 1950 1271 ?
1963 1243 2052 1272 Dicet
2060 1243 2179 1283 aliquis.

1225 1281 1298 1309 Haec
1312 1281 1401 1320 igitur
1411 1279 1453 1310 est
1462 1288 1511 1310 tua
1520 1280 1696 1321 disciplina?
1716 1281 1752 1313 sic
1761 1292 1792 1312 tu
1805 1283 1937 1314 instituis
1955 1283 2181 1314 adolescenteis?

1224 1320 1265 1349 ob
1274 1321 1350 1351 hanc
1359 1322 1476 1351 causam
1487 1322 1543 1351 tibi
1555 1324 1634 1352 hunc
1642 1333 1769 1363 puerum
1780 1335 1884 1364 parens
1895 1325 2132 1360 commendavit,
2148 1326 2183 1357 δε

1223 1361 1343 1392 tradidit
1354 1383 1363 1396 ‚
1375 1371 1407 1392 ut
1415 1364 1448 1392 in
1457 1373 1560 1393 amore
1571 1384 1580 1398 ‚
1598 1365 1630 1394 &
1640 1365 1844 1405 voluptatibus
1853 1366 2083 1396 adolescentiam
2096 1368 2114 1397 s
2111 1378 2182 1399 uam

1221 1403 1399 1434 collocaret:
1419 1404 1452 1435 δε
1462 1405 1538 1435 hanc
1546 1415 1577 1435 tu
1587 1408 1681 1436 vitam
1690 1427 1698 1440 ‚
1711 1416 1799 1448 atque
1809 1409 1870 1438 haec
1881 1407 1976 1438 studia
1983 1407 2160 1439 defenderes
2169 1415 2183 1441 ?

1199 1452 1201 1458 ⁴
1222 1447 1287 1486 Ego
1298 1465 1308 1479 ‚
1321 1444 1341 1475 fi
1350 1448 1404 1486 qui
1413 1465 1421 1480 ,
1436 1446 1553 1486 judices
1564 1467 1572 1481 ,
1594 1450 1652 1478 hoc
1662 1448 1768 1479 robore
1777 1451 1892 1483 animi,
1912 1459 1999 1490 atque
2011 1450 2063 1479 hac
2073 1450 2183 1480 indole

1220 1490 1339 1518 virtutis
1350 1507 1358 1521 ‚
1369 1498 1401 1518 ac
1411 1490 1609 1519 continentiae
1620 1488 1680 1520 fuit
1690 1511 1698 1523 ‚
1711 1500 1744 1520 ut
1752 1491 1902 1531 respueret
1910 1492 2031 1521 omneis
2041 1492 2183 1531 volupta-

1224 1537 1266 1558 tes
1278 1548 1287 1563 ,
1302 1538 1489 1570 omnemque
1500 1532 1569 1561 vitae
1579 1531 1635 1561 suae
1646 1532 1764 1562 cursum
1775 1535 1808 1562 in
1817 1532 1916 1563 labore
1925 1534 2059 1573 corporis
2067 1551 2077 1566 ,
2093 1542 2183 1573 atque

1221 1580 1254 1600 in
1265 1571 1362 1600 animi
1373 1573 1572 1602 contentione
1582 1571 1744 1604 conficeret
1755 1585 1759 1603 :
1771 1584 1863 1615 quem
1877 1584 1942 1605 non
1951 1576 2049 1615 quies,
2060 1583 2123 1604 non
2132 1585 2178 1605 re-

1221 1610 1322 1642 miffio
1333 1633 1342 1646 ‚
1352 1622 1416 1642 non
1426 1614 1588 1654 aequalium
1600 1613 1694 1645 studia
1704 1635 1713 1648 ,
1731 1625 1796 1645 non
1806 1615 1869 1645 ludi
1881 1635 1889 1650 ,
1903 1625 1967 1646 non
1976 1617 2117 1646 convivia
2127 1616 2183 1646 de-

1220 1652 1362 1684 letisarent
1373 1665 1379 1683 1
1391 1656 1469 1684 nihil
1480 1656 1513 1684 in
1525 1658 1586 1685 vita
1595 1656 1798 1696 expetendum
1810 1666 1924 1697 putaret
1935 1677 1944 1691 ,
1956 1655 2011 1687 nisi
2021 1657 2101 1698 quod
2111 1656 2184 1689 esset

1222 1706 1286 1725 cum
1295 1696 1386 1730 leude,
1393 1696 1427 1729 &-
1438 1707 1501 1725 cum
1508 1696 1650 1738 dignitate
1657 1699 1727 1738 conj
1731 1698 1858 1729 umerum
1871 1709 1876 1728 :
1889 1701 1969 1729 hunc
1984 1709 2050 1729 mea
2060 1699 2181 1730 senten-

1224 1739 1263 1768 tia
1273 1737 1386 1768 divinis
1394 1738 1571 1779 quibusdam
1583 1739 1671 1769 bonis
1681 1739 1961 1781 instrusslumffitque
1972 1749 2110 1771 ornatum
2120 1751 2180 1781 pu—

1219 1787 1260 1809 to.
1284 1783 1332 1810 Ex
1342 1781 1400 1810 hoc
1411 1790 1521 1821 genere
1532 1781 1602 1811 illos
1611 1780 1697 1811 fuiffe
1707 1782 1843 1816 arbitror,
1855 1782 2176 1818 Camillosffiabricios,

1220 1823 1327 1851 Curios
1340 1841 1348 1855 ,
1369 1822 1548 1863 omneisque
1567 1833 1618 1853 eos
1628 1843 1637 1857 ‚
1655 1825 1780 1864 quihaec
1793 1834 1831 1854 ex
1848 1825 1991 1854 minimis
2004 1833 2083 1855 tanta
2098 1824 2180 1855 fece-

1218 1871 1301 1893 runt.
1323 1863 1440 1893 Verum
1454 1865 1518 1894 haec
1533 1874 1639 1906 genera
1647 1868 1795 1895 virtutum
1808 1875 1870 1895 non
1885 1864 1986 1896 solum
1997 1867 2031 1895 in
2042 1866 2181 1897 moribus

1196 1916 1197 1930 ι
1218 1903 1347 1938 nostris,
1368 1904 1417 1935 sed
1431 1907 1484 1935 vix
1490 1908 1554 1945 jam
1566 1908 1598 1936 in
1609 1906 1694 1936 libris
1711 1908 1907 1946 reperiuntur.
1930 1908 2177 1949 chartaequoque,

1219 1955 1285 1986 quae
1303 1946 1388 1976 illam
1407 1946 1563 1986 pristinam
1583 1948 1767 1978 severitatem
1784 1948 2000 1982 continebant,
2021 1949 2179 1979 obsoleve-

1219 1996 1300 2021 runt,
1311 1997 1408 2027 neque
1418 1986 1517 2018 solum
1529 1988 1605 2028 apud
1618 1992 1740 2030 nos,qui
1751 1991 1826 2020 hanc
1841 1989 2177 2031 se&am‚rationemque

1217 2030 1286 2058 vitae
1300 2047 1309 2062 ‚
1324 2039 1352 2057 re
1360 2030 1448 2069 magis
1458 2049 1467 2062 ‚
1478 2030 1567 2071 quiam
1575 2029 1662 2059 verbis
1672 2051 1680 2064 ‚
1700 2031 1789 2062 secuti
1801 2032 1920 2067 sumus,
1940 2031 1988 2062 sed
1998 2041 2088 2062 etiam
2097 2032 2178 2073 apud

1218 2072 1356 2104 Graecos,
1374 2069 1562 2101 doffiflimos
1580 2072 1741 2102 homines:
1761 2073 1890 2114 quibus,
1912 2073 1984 2104 cum
2001 2073 2097 2104 facere
2111 2084 2177 2106 non

1215 2110 1435 2153 poffent,loqui
1444 2113 1593 2147 tamem&
1602 2114 1727 2144 scribere
1741 2114 1879 2148 honeste,
1891 2116 1923 2145 δε
1934 2113 2094 2156 magnifice
2104 2115 2178 2146 lice-

1216 2154 1276 2184 bat.
1299 2154 1367 2184 Alia
1375 2154 1511 2195 quaedam
1524 2175 1532 2189 =
1543 2157 1667 2186 mutatis
1677 2158 1797 2186 Graeciae
1813 2157 2000 2197 temporibus
2010 2177 2019 2190 ,
2034 2167 2178 2198 praecepta

1215 2194 1402 2226 exstiterunt.
1424 2198 1525 2237 Itaque
1534 2197 1586 2227 alii
1601 2197 1752 2239 voluptaria
1762 2199 1846 2238 causa
1862 2199 1956 2227 omnia
1970 2199 2178 2240 fizpzenreisfa-

1216 2237 1441 2267 ceredixerunt:
1462 2248 1559 2279 neque
1576 2238 1612 2269 ab
1631 2240 1685 2269 hac
1702 2242 1847 2270 orationis
1861 2241 2046 2281 turpitudine
2065 2241 2176 2272 eruditi

1215 2280 1358 2309 homines
1366 2278 1546 2320 refugerunt.
1563 2280 1615 2310 alii
1623 2291 1694 2311 cum
1705 2282 1855 2322 voluptate
1865 2282 2036 2322 dignitatem
2044 2284 2113 2321 conj
2118 2293 2176 2313 un—

1213 2320 1342 2361 gendam
1357 2330 1557 2360 putaverunt,
1577 2331 1662 2353 utres
1685 2323 1819 2354 maxime
1838 2325 1916 2354 inter
1926 2324 1954 2354 se
1964 2327 2176 2365 repugnanteis

1214 2362 1336 2392 dicendi
1358 2362 1496 2393 facultate
1512 2365 1742 2406 conjungerent.
1765 2364 1841 2395 illud
1852 2375 1950 2395 unum
1960 2365 2107 2396 direE‘tum
2119 2368 2177 2396 iter

1213 2403 1249 2433 ad
1263 2403 1385 2434 laudem
1399 2415 1470 2434 cum
1485 2405 1584 2436 labore
1595 2410 1646 2447 qui
1663 2407 1864 2447 probaverunt
1874 2428 1882 2441 ,
1900 2408 1990 2447 prope
2000 2408 2062 2447 jam
2073 2407 2127 2437 soli
2139 2410 2173 2438 in

1214 2446 1323 2475 scholis
1334 2445 1517 2477 suntreliffi.
1541 2449 1636 2478 multa
1653 2451 1736 2479 enim
1752 2449 1840 2479 nobis
1851 2449 2057 2479 blandimenta
2068 2457 2173 2482 natura

1215 2487 1276 2527 ipsa
1289 2489 1413 2528 genuit,
1426 2493 1440 2515 9
1449 2489 1558 2528 quibus
1569 2490 1662 2529 sopita
1670 2492 1764 2520 virtus
1777 2492 1933 2519 conniveret
1942 2501 1953 2517 .·
1973 2490 2172 2521 &interdum

1212 2529 1322 2560 multas
1334 2531 1395 2560 vias
1414 2530 1619 2561 adolescentiae
1632 2532 1758 2562 lubricas
1771 2531 1902 2562 ostendit
1913 2552 1921 2566 ‚
1939 2531 2048 2572 quibus
2058 2532 2171 2603 islbain-

2069 2584 2079 2603 1
2108 2584 2168 2609 ere,

242 2648 253 2666 ι
261 2659 268 2666 .
285 2644 346 2674 ’ὶζῳι
354 2648 438 2671 mum,
444 2648 571 2674 promum,
582 2649 682 2668 aravum
692 2642 830 2677 audieras]
843 2643 900 2669 Pal.
912 2651 1010 2674 nonus,
1021 2653 1064 2669 non
1075 2652 1160 2675 avum,

201 2684 247 2703 uim
260 2684 363 2702 ara-rum
373 2676 495 2704 audiena.
514 2687 599 2714 neque
612 2678 691 2705 :iliter
701 2677 750 2704 sec.
762 2686 826 2705 tert.
841 2679 924 2706 Grut.
936 2678 982 2705 uisi
994 2678 1065 2714 quod
1079 2681 1160 2706 omit-

203 2719 262 2738 tant
272 2719 433 2747 negativam.

239 2756 268 2774 2.
289 2751 317 2773 Ut
327 2757 377 2773 eam
385 2749 469 2775 alienis
485 2750 549 2776 viris
558 2752 669 2776 comitata
678 2750 835 2785 celebrares]
856 2750 914 2777 1³:11.
925 2760 1009 2778 nonus
1019 2758 1098 2786 atque
1110 2752 1160 2778 Er-

201 2781 276 2810 furd.
288 2785 434 2810 tenebram.

239 2827 252 2854 3
260 2839 266 2846 .
283 2820 338 2852 ,ἕξει
344 2820 474 2853 infirorem
483 2828 549 2847 tuam
558 2822 672 2856 moliris]
695 2822 819 2859 Supplevi
831 2821 972 2849 clausulam
983 2822 1057 2849 istam
1068 2832 1101 2849 ex
1114 2833 1161 2849 ve-

200 2854 301 2882 teribus
311 2854 373 2881 edd.
392 2856 419 2882 &
430 2857 498 2883 Pall.
508 2858 574 2884 item
584 2859 611 2884 S.
621 2858 694 2886 Via.
704 2859 732 2885 ὅ(
745 2856 828 2886 Grut.
839 2858 980 2886 omiserant
991 2859 1063 2885 enim
1072 2860 1160 2895 poste-

204 2890 300 2921 τίοι-ες,
312 2893 336 2917 in
348 2892 449 2924 firorem
466 2900 543 2919 ruam.

238 2933 267 2959 4.
285 2928 372 2960 Bajas,
382 2930 459 2960 afim,
469 2930 608 2964 comi-via]
629 2930 746 2958 Restitui
764 2939 797 2958 ex
809 2931 837 2957 S.
847 2929 965 2957 Vi&oris
977 2950 985 2962 ,
1006 2940 1091 2967 neque
1102 2931 1159 2957 abi-

203 2958 268 2988 bant
279 2961 346 2988 Pau.
356 2964 435 2998 quam
447 2965 518 3000 quod
528 2965 546 2991 ii
556 2968 632 3000 Baju
643 2986 651 2998 ‚
662 2969 717 2992 aHa
727 2971 821 2993 cmiv.
833 2966 902 2993 male
915 2967 994 3002 vulgo
1008 2986 1015 2998 ,
1028 2969 1094 3001 BaJiae
1104 2970 1160 2993 at‘i'a

203 2999 323 3022 ton-thia.
341 2998 396 3024 imo
409 3000 459 3026 tria
469 3001 556 3036 potius
567 3001 727 3036 objiciebant
741 3012 749 3033 3
771 3005 846 3036 Bajas
856 3004 882 3028 St
895 3005 962 3028 anas
974 3023 981 3035 ,
991 3004 1018 3030 δε
1030 3011 1158 3039 praeterea

205 3034 326 3072 emi-1123.
345 3032 377 3060 de
387 3035 456 3069 Bajis
470 3035 528 3063 fatis
540 3045 632 3063 notum
646 3038 685 3064 vel
705 3047 738 3065 ex
751 3039 873 3073 Epistolis
884 3040 1002 3065 Senecae.
1017 3039 1050 3066 de
1059 3039 1118 3066 asta
1128 3040 1155 3066 &e

203 3065 282 3097 aChs,
292 3066 420 3101 diximus,
430 3078 476 3098 aut
484 3070 578 3099 dixere
587 3073 632 3099 alii
643 3074 669 3100 in
681 3075 811 3100 Verrinis.

232 3105 302 3134 5.Ex
309 3103 344 3128 his
352 3107 425 3136 Igitur
434 3108 505 3141 rma]
512 3108 575 3133 Haec
583 3109 619 3136 est
630 3108 712 3136 lectio
721 3109 1027 3148 edd.vet.librorumque
1037 3112 1155 3137 omnium

202 3137 333 3165 mss-certe
344 3139 412 3166 1’211.
421 3142 502 3170 Grut.
510 3143 611 3171 svict.
623 3153 727 3181 recepta
737 3153 824 3174 tamen
834 3147 945 3182 praeferi
954 3158 983 3174 cx
990 3148 1070 3182 hififue
1080 3149 1137 3175 tim.

1244 2645 1271 2670 6.
1292 2645 1349 2670 Dide
1359 2653 1387 2669 ac
1398 2644 1471 2676 difficc
1484 2662 1491 2673 ,
1510 2643 1577 2677 elva]
1599 2644 1643 2669 Est
1655 2645 1670 2670 ἐι
1690 2642 1842 2677 conje&ura
1862 2643 1985 2670 Lambini
2003 2653 2033 2670 ac
2044 2644 2169 2676 Putet-ani,

1206 2678 1249 2706 sed
1261 2680 1321 2706 satis
1339 2680 1444 2706 firmata
1455 2687 1469 2703 a
1480 2678 1555 2705 libris
1566 2679 1670 2705 nostris.
1692 2679 1747 2704 Pal.
1770 2679 1840 2706 enim
1853 2688 1893 2715 pr.
1913 2680 1966 2705 dede
1975 2689 2003 2705 ac
2013 2681 2096 2713 diffice.
2118 2679 2168 2707 sec.

1206 2725 1268 2742 non.
1283 2717 1307 2741 di
1316 2716 1359 2741 diue
1369 2716 1459 2749 αᾹᾹὶζι-ι·
1470 2734 1478 2745 ,
1493 2724 1577 2750 neque
1587 2715 1665 2741 aliter
1675 2715 1756 2741 ceteri
1769 2734 1778 2746 ,
1798 2714 1843 2741 nisi
1854 2714 1924 2751 quod
1944 2715 2050 2751 longius
2070 2715 2167 2743 abeant

1205 2752 1219 2777 a
1231 2761 1306 2783 ,vero-
1324 2753 1403 2778 etiam
1415 2752 1440 2777 in
1451 2750 1568 2778 editione
1578 2752 1663 2787 prima
1673 2759 1802 2783 remanet,
1812 2751 1890 2776 videte
1899 2760 1927 2777 ac
1937 2751 2005 2786 disce.
2017 2751 2164 2788 sequiorcs,

1205 2788 1258 2812 dede
1269 2795 1289 2812 te
1301 2797 1329 2813 ac
1338 2788 1424 2821 disjice.

1240 2831 1270 2857 7.
1289 2828 1349 2849 Huic
1358 2825 1419 2855 tristi
1429 2833 1456 2848 ac
1466 2823 1631 2858 Airei‘Tsoseni]
1654 2823 1696 2849 Sic
1707 2823 1764 2849 Pal.
1776 2832 1859 2850 nonus
1872 2842 1880 2855 ‚
1900 2823 1933 2850 sic
1943 2824 1970 2849 S.
1979 2822 2053 2850 viel.
2064 2823 2166 2851 &libri

1205 2859 1328 2886 Lambini
1342 2879 1350 2891 ,
1368 2860 1519 2896 placuitque
1530 2859 1673 2887 admodum
1684 2859 1833 2886 Gulielmio
1844 2868 1897 2895 prae
1909 2859 2018 2895 vulgato
2028 2859 2143 2894 decrepito
2155 2870 2164 2891 ς

1203 2894 1245 2921 std
1256 2897 1277 2922 js
1290 2903 1375 2922 tamen
1396 2896 1508 2921 direc‘t'um
1519 2894 1598 2921 sumit
1634 2905 1662 2922 ro
1674 2895 1785 2926 vetulo,
1807 2894 1968 2931 adducitque
1980 2895 2113 2922 Pedonem
2136 2897 2163 2923 iii

1203 2931 1349 2958 Mecenatis
1360 2932 1462 2957 obitum
1474 2942 1479 2956 z
1506 2932 1598 2963 Viscera
1607 2906 1689 2958 dium
1709 2939 1849 2958 mutaverat
1862 2934 1945 2958 arietis
1954 2935 2010 2966 agni
2021 2951 2030 2964 ‚
2047 2933 2098 2964 &ci
2119 2933 2164 2959 ubi

1203 2967 1271 2994 male
1282 2976 1319 2994 :ut
1330 2968 1446 3002 Scaliger
1456 2967 1551 2999 diffcfli.

1238 3003 1265 3030 8.
1287 3004 1501 3036 Decreiiniscmper
1510 3003 1636 3037 aliquem]
1661 3003 1703 3030 Ita
1712 3003 1836 3030 meliores
1847 3002 1916 3030 Pau.
1929 3003 1974 3030 nili
1985 3003 2055 3039 quod
2066 3003 2115 3030 sec.
2135 3013 2165 3030 :ic

1202 3046 1265 3065 tert.
1277 3040 1398 3072 discr-ctum
1411 3058 1419 3070 ,
1441 3037 1511 3074 quod
1523 3039 1602 3065 etiam
1614 3038 1690 3066 habet
1700 3049 1753 3075 quo
1763 3039 1787 3066 se
1797 3048 1916 3073 tuentur.
1927 3039 2029 3067 Guliel.
2040 3041 2166 3074 conjicie-

1205 3074 1368 3108 batfimmm
1379 3087 1385 3101 .·
1404 3074 1447 3101 sed
1458 3075 1506 3100 hoe
1515 3074 1585 3101 idern
1596 3084 1655 3101 cum
1667 3076 1770 3109 Aifireio.

1241 3120 1269 3145 9.
1291 3112 1384 3143 {Qibur
1394 3112 1470 3144 fhpita
1479 3113 1562 3136 virius
1572 3112 1730 3146 conniveret]
1752 3111 1824 3138 Male
1835 3110 1964 3138 editiones
1977 3110 2167 3142 Lambinianae,

1202 3154 1347 3173 ‘mnus-et.
1364 3148 1470 3176 videtur
1481 3154 1569 3176 tamen
1581 3147 1747 3177 scribendum
1758 3149 1925 3183 <waramum
1935 3146 1997 3176 inde
2008 3149 2110 3174 miii-oli.
2119 3183 2139 3199 o*
2158 3188 2170 3207 e

2082 3190 2091 3208 1
2100 3202 2104 3207 .
2119 3204 2121 3206 .
2132 3190 2155 3207 Ν)
