2360 3400
580 82 675 115 DE

117 151 197 186 desse
204 160 294 193 quam
306 149 447 191 plurimis
457 169 466 183 ‚
478 149 675 180 vehementer
684 149 716 179 &
727 149 761 180 ad
774 158 846 189 opes
855 147 1002 189 augendas
1014 157 1081 188 per-

117 198 194 227 tinet
204 214 212 228 ‚
226 194 258 224 δε
269 193 303 222 ad
314 194 447 234 gratiam.
466 195 567 233 Itaque
578 190 650 222 cum
664 191 758 222 multa
769 192 905 231 praeclara
915 191 1007 229 majOi
1016 199 1078 223 um,

117 236 183 269 tum
195 234 276 275 quod
289 235 407 274 optime
417 233 572 264 constituti
581 234 653 272 juris
666 233 758 262 civilis
771 233 895 262 summo
912 232 1028 272 semper
1044 233 1076 260 in

114 278 234 308 honore
251 275 309 306 fuit
327 277 462 316 cognitio
476 296 484 308 ,
503 285 590 316 atque
608 276 830 315 interpretatio:
853 284 941 314 quam
953 272 1076 314 quidem

116 327 184 350 ante
204 319 278 348 hanc
288 316 498 347 confusionem
510 326 683 357 temporum
697 319 728 346 in
746 314 922 356 posseffione
935 315 983 344 sua
993 316 1074 354 prin-

114 362 196 400 cipes
214 361 421 390 retinuerunt.
443 369 524 388 nuuc
537 368 567 388 ut
580 360 709 388 honores
721 377 729 391 ‚
752 367 784 387 ut
801 367 909 386 ornnes
924 356 1077 396 dignitatis

113 402 241 444 gradus,
262 399 299 430 sic
319 402 407 440 hujus
421 402 551 431 scientiae
565 399 704 440 splendor
723 399 838 430 deletus
856 397 915 428 est:
936 400 1025 438 idque
1040 406 1076 427 eo

114 444 280 483 iiidigniu5‚
292 443 373 484 quod
385 453 420 472 eo
433 452 565 483 tempore
577 444 635 471 hoc
644 443 772 482 contigit
782 461 789 473 ‚
803 439 911 470 cumis
922 437 992 469 ess'et
1003 459 1011 472 ,
1023 440 1075 480 qui

114 486 236 516 omneis
248 485 412 524 superiores
423 505 431 518 ‚
454 484 562 524 quibus
573 484 688 512 honore
698 493 748 523 par
757 481 826 512 esset
838 501 846 514 ‚
860 482 979 511 scientia
989 479 1076 511 facile

113 524 239 557 vicisset.
265 529 339 556 Haec
358 528 448 567 igitur
467 535 556 565 opera
568 544 575 558 ,
596 534 674 565 grata
688 525 811 558 multis,
833 523 909 554 &ad
922 521 1077 552 beneficiis

115 568 346 610 obstringendos
367 570 508 597 homines
525 566 759 597 accommodata.
785 570 882 606 Atque
895 566 964 596 huic
975 565 1028 595 arti
1040 562 1076 594 fi-

112 612 224 640 nitima
237 610 278 640 est
292 610 411 640 dicendi
430 611 547 649 gravior
565 608 686 638 facultas
697 628 704 642 ,
727 608 878 649 &gratior
889 607 920 636 &
932 607 1076 636 ornatior.

113 653 196 690 Quid
216 654 299 682 enim
320 652 476 692 eloquentia
494 649 688 690 praestabilius
709 671 719 684 ,
739 652 786 679 vel
806 649 1006 679 admiratione
1025 658 1078 678 au-

112 693 286 726 dientium,
312 695 359 723 vel
380 694 426 732 spe
448 693 670 732 indigentium,
691 692 738 722 vel
752 701 857 721 eorum
873 711 883 724 ‚
902 688 1078 730 quidefensi

112 734 183 767 sunt
195 754 203 768 ,
221 738 332 774 gratia?
353 736 421 764 huic
431 743 553 774 quoque
563 744 633 774 ergo
644 734 659 764 a
671 733 836 771 majoribus
851 732 957 762 nostris
968 730 1011 762 est
1023 735 1031 751 ¹
1045 733 1078 761 in

114 785 183 817 toga
204 776 355 817 dignitatis
375 778 557 816 principatus
578 776 673 805 datus.
695 775 808 805 Diserti
823 776 911 814 igitur
926 774 1078 806 hominis,

114 817 245 850 &facile
257 817 419 847 laborantis
430 837 438 850 ‚
458 817 599 857 quodque
611 819 643 846 in
655 818 757 857 patriis
769 815 810 846 est
819 815 957 845 moribus
969 834 978 848 ,
999 815 1078 846 inul-

114 869 217 891 torum
236 858 353 891 causas.
375 859 407 888 &
422 868 483 887 non
504 860 622 899 gravate
637 878 646 891 ‚
667 859 699 889 &
717 857 846 898 gratuito
865 856 1056 887 defendentis
1069 877 1078 891 ,

113 899 260 933 beneficia
272 921 281 934 ,
295 900 328 930 ὃς
338 902 501 940 patrocinia
512 900 568 929 late
577 909 686 940 patent.
710 899 904 930 Admonebat
916 909 964 928 me
976 908 1036 932 res,
1047 908 1080 928 ut

114 944 172 973 hoc
182 952 303 983 quoque
315 943 383 972 loco
394 940 650 972 iuter-mistionem
659 943 838 983 eloquentiae
850 961 858 975 ‚
871 951 908 970 ne
920 941 1017 970 dicam
1031 942 1078 970 in—

114 987 237 1015 teritum
249 1004 257 1018 ‚
270 984 474 1024 deplorarem:
491 986 523 1013 ni
534 993 649 1013 vererer
659 1003 668 1017 ‚
683 994 720 1013 ne
732 983 768 1013 de
781 983 896 1023 meipso
908 982 1022 1023 ahquid
1034 984 1078 1012 vi-

114 1025 198 1058 derer
207 1028 300 1066 queri.
324 1026 380 1056 Sed
392 1035 493 1056 tamen
505 1025 645 1056 videmus
657 1046 667 1059 ‚
687 1025 798 1066 quibus
809 1023 967 1055 exstrueus
977 1033 1078 1054 orato-

112 1068 197 1099 ribus
210 1088 218 1101 .
239 1078 329 1109 quarn
341 1069 374 1098 in
385 1070 484 1107 paucis
495 1068 558 1107 spes
570 1087 579 1100 ‚
600 1077 715 1108 quanto
736 1069 769 1097 in
784 1067 973 1107 paucioribus
985 1066 1078 1096 facul-

114 1118 178 1143 tas,
199 1112 288 1151 quam
310 1111 342 1139 in
363 1110 468 1139 multis
487 1108 520 1139 sit
538 1108 669 1138 audacia.
695 1108 774 1139 Cum
786 1118 883 1139 autem
896 1117 1005 1137 omnes
1015 1117 1079 1138 non

112 1150 241 1192 postiae,
263 1162 300 1181 ne
312 1152 400 1181 multi
410 1151 533 1192 quidem
546 1171 555 1184 ,
579 1151 797 1191 autjurispcriti
811 1149 868 1180 tss'e
881 1171 891 1184 ,
901 1159 950 1179 aut
959 1149 1059 1179 diserti
1072 1160 1078 1178 :

112 1195 184 1224 licet
201 1203 301 1223 tamen
322 1203 410 1233 opera
427 1192 562 1232 prodess'e
582 1194 687 1223 multis
701 1212 710 1226 ,
736 1191 881 1223 beneficia
900 1200 1052 1232 petentem
1065 1211 1074 1224 ‚

111 1236 383 1266 commendantem
396 1235 550 1274 judicibus
561 1255 570 1269 ‚
595 1234 627 1264 &
638 1233 857 1275 magistratibus
869 1255 878 1268 ,
900 1234 1077 1275 vigilantem

112 1286 169 1317 pro
180 1287 209 1307 re
219 1277 338 1307 alterius
350 1297 359 1311 ‚
373 1286 425 1307 eos
435 1277 514 1317 ipsos
525 1296 534 1310 ‚
550 1279 603 1317 qui
614 1287 662 1308 aut
673 1277 890 1309 consuluntur,
911 1284 959 1306 aut
971 1274 1076 1305 defen-

111 1318 213 1351 dunt,
224 1328 393 1359 rogantem:
409 1318 490 1360 quod
502 1321 554 1359 qui
565 1318 678 1349 faciunt
690 1338 698 1352 ,
712 1319 882 1358 plurimum
893 1319 991 1359 gratiae
1003 1326 1079 1347 con-

113 1360 281 1401 sequuntur
291 1381 301 1394 ,
313 1359 509 1401 latiffimeque
522 1370 627 1390 eorum
641 1359 903 1390 manatindustria.
921 1361 989 1401 Jam
1001 1358 1078 1388 illud

112 1411 178 1432 non
190 1401 455 1432 suntadmonendi
468 1422 476 1436 ,
498 1401 552 1440 (est
567 1404 651 1431 enim
671 1404 705 1432 in
725 1403 858 1441 promtu)
876 1400 1078 1431 ²utanimad-

112 1453 249 1477 vertant,
263 1454 282 1473 c
294 1454 315 1474 u
328 1454 355 1474 M
372 1453 386 1482 J
396 1453 416 1473 υ
427 1453 444 1473 ν
454 1453 475 1473 Α
485 1453 506 1472 a
518 1452 537 1472 E
551 1444 627 1472 alios
640 1443 733 1474 velint
743 1463 755 1476 ,
775 1453 811 1473 ne
822 1453 899 1484 quos
910 1441 1078 1472 offendant.

111 1485 190 1526 saepe
201 1487 284 1515 enim
296 1494 345 1515 aut
355 1495 406 1515 eos
419 1483 534 1515 laedunt
543 1504 551 1517 ,
564 1494 640 1524 quos
651 1494 713 1514 non
724 1484 850 1514 debent:
861 1493 911 1514 aut
920 1493 971 1513 eos
982 1503 990 1518 ,
1002 1493 1078 1524 quos

114 1537 181 1557 non
193 1526 324 1566 expedit.
347 1525 368 1555 fi
379 1526 585 1566 imprudentes
595 1546 604 1559 ,
627 1526 817 1566 negligentiae
827 1525 884 1555 est:
911 1524 931 1554 si
943 1526 1077 1558 scientes,

111 1570 306 1601 temeritatis.
328 1568 485 1598 Utendum
502 1569 594 1598 etiam
608 1566 651 1597 est
662 1567 854 1597 excusatione
864 1565 1002 1596 adversus
1013 1576 1077 1599 eos,

112 1620 193 1651 ,quos
203 1611 318 1640 invitus
328 1607 463 1640 offendas
475 1629 484 1644 ‚
505 1619 692 1650 quacumque
704 1607 791 1649 poffis
803 1628 811 1642 ,
831 1618 918 1649 quare
930 1607 959 1638 id
972 1627 980 1642 ‚
997 1607 1078 1648 quod

114 1697 213 1734 operis
224 1714 235 1727 ‚
247 1694 278 1724 &
291 1691 400 1723 officiis
412 1694 467 1723 erit
477 1692 508 1723 id
519 1712 528 1726 ‚
545 1692 628 1733 quod
639 1692 786 1722 violatum
796 1690 838 1721 est
849 1710 858 1725 ,
878 1692 1078 1731 compensan-

53 1746 98 1772 20
115 1735 200 1766 dum.
241 1735 297 1765 Sed
308 1745 378 1765 cum
390 1738 423 1764 in
434 1734 761 1774 hominibusjuvandis
771 1743 819 1763 aut
831 1742 931 1762 mores
943 1732 1077 1773 speclari,

111 1787 164 1811 aut
175 1777 295 1808 fortuna
307 1776 395 1807 soleat
407 1787 412 1805 :
427 1775 510 1807 diditu
522 1775 645 1817 quidem
657 1774 698 1805 est
709 1776 841 1815 proclive
853 1794 862 1808 ‚
876 1776 974 1814 itaque
986 1774 1077 1815 vulgo
1097 1778 1099 1783 ⁸

111 1820 278 1860 loquuntur
288 1839 296 1852 ‚
304 1818 334 1858 [ἒ
345 1820 373 1849 in
383 1817 514 1856 beneficia
525 1817 679 1847 collocanda
687 1827 772 1846 mores
782 1817 926 1846 hominum
938 1835 946 1849 ,
958 1816 1076 1855 nonfor-
1097 1817 1099 1836 i

108 1868 212 1892 tunam
220 1860 315 1901 [ἔφη’.
337 1860 462 1890 honesta
472 1861 568 1889 oratio
580 1859 623 1890 est
637 1871 642 1888 2
656 1859 704 1890 sed
726 1868 777 1898 Q
794 1869 805 1888 i
818 1869 831 1888 s
852 1867 892 1888 Es
904 1868 923 1887 τ
941 1858 1074 1891 tandem,

110 1905 163 1944 qui
174 1905 294 1943 inopis,
315 1901 348 1932 &
360 1904 472 1942 optimi
491 1904 547 1931 viri
559 1901 653 1932 causae
664 1911 728 1931 non
745 1909 925 1940 anteponat,
946 1901 978 1929 in
988 1908 1077 1939 opera

109 1944 206 1975 danda
219 1965 227 1978 ,
238 1945 362 1985 gratiam
373 1944 517 1974 fortunati
528 1963 536 1977 ‚
549 1944 581 1973 &
592 1952 724 1983 potentis
736 1945 746 1972 ?
757 1943 772 1972 ὲ
783 1952 844 1984 quo
855 1944 940 1972 enim
952 1940 1074 1982 expedi·
1095 1962 1097 1973 2

110 1988 171 2019 tior
181 2006 189 2020 ,
206 1986 238 2017 δε
247 1986 375 2017 celerior
385 1987 587 2016 remuneratio
597 1984 662 2015 fote
673 1985 791 2015 videtur
802 2004 810 2018 ‚
831 1987 864 2014 in
875 1994 945 2014 eum
957 1983 1018 2014 fere
1031 1982 1076 2013 est

108 2029 251 2059 voluntas
269 2027 368 2058 nostra
383 2026 567 2068 propensior.
589 2026 646 2057 Sed
657 2025 960 2057 animadvertendum
969 2024 1013 2056 est
1027 2024 1072 2054 di-

109 2069 255 2111 ligentius
269 2090 278 2103 ,
290 2079 356 2110 quae
369 2078 472 2100 natura
483 2079 582 2099 rerum
594 2068 637 2098 sit.
656 2070 804 2098 nimirum
817 2070 900 2098 enim
913 2070 1003 2108 inops
1013 2067 1074 2101 ille,

109 2155 189 2189 certe
201 2153 308 2194 potest.
333 2153 508 2184 Commode
516 2162 615 2183 autem
628 2173 636 2185 ‚
658 2154 841 2193 quicumque
853 2151 950 2185 dixit,
970 2160 1072 2181 PECU-

110 2205 206 2227 NiAM
227 2206 289 2237 ορ)
308 2205 444 2225 iiAssF-A‘r
462 2215 471 2229 ,
495 2204 562 2224 NoN
584 2204 801 2224 annninisss:
825 2194 878 2234 qui
897 2192 1071 2227 reddiderit,

110 2247 177 2269 non
188 2238 295 2268 habere
308 2248 312 2266 z
326 2240 449 2278 gratiam
461 2246 559 2267 autem
573 2236 604 2266 &
614 2239 665 2277 qui
678 2237 812 2265 retulerit
822 2255 830 2269 ‚
844 2235 950 2265 habere
963 2247 968 2265 ;
980 2235 1076 2276 &qui

110 2280 219 2314 habeat
231 2299 239 2314 ,
261 2277 403 2310 retuliffe.
426 2283 465 2309 At
477 2300 486 2312 ‚
503 2289 553 2319 qui
564 2278 592 2308 se
603 2278 779 2318 locupleteis
790 2297 798 2311 ‚
811 2278 974 2307 honoratos
985 2298 993 2312 ‚
1007 2278 1074 2308 bea-

111 2330 158 2353 tos
171 2330 295 2362 putant,
315 2322 397 2351 hine
409 2321 533 2362 obligari
544 2320 668 2361 quidem
682 2318 828 2350 beneficio
840 2319 959 2350 volunt.
983 2322 1074 2360 quin-

110 2364 202 2394 etiam
220 2374 239 2393 Β
252 2373 298 2393 EN
309 2373 376 2392 i-:Fi
391 2372 409 2392 c
423 2372 434 2392 1
446 2373 469 2393 u
481 2373 508 2391 M
529 2363 556 2393 se
575 2360 685 2392 dediffe
704 2362 880 2391 arbitrantur
891 2382 903 2394 ,
920 2361 991 2391 cum
1006 2360 1073 2402 ipfi,

110 2407 250 2447 quamvis
261 2414 407 2446 magnum
417 2404 540 2445 aliquod
553 2406 737 2444 acceperint:
757 2404 841 2443 aeque
857 2405 948 2433 etiarn
960 2404 975 2434 a
986 2404 1014 2433 se
1025 2414 1074 2434 aut

109 2446 256 2488 postulari
269 2467 278 2480 ‚
298 2456 348 2477 aut
365 2447 529 2486 exspectari
548 2446 662 2486 aliquid
683 2445 883 2485 suspicantur:
903 2447 1072 2485 patrocinio

108 2488 182 2519 vero
202 2489 230 2518 se
250 2489 318 2519 usos
330 2507 339 2522 ,
360 2488 391 2517 &
403 2489 540 2518 clienteis
555 2488 693 2528 appellari
706 2507 714 2521 ,
736 2488 842 2516 mortis
856 2487 947 2517 instar
959 2496 1072 2527 putant.

110 2529 295 2560 Atveroille
308 2531 425 2562 tenuis,
446 2539 516 2559 curn
529 2548 538 2563 ,
558 2529 706 2570 quidquid
721 2527 834 2559 fabium
847 2527 879 2558 sit
893 2549 902 2562 ,
922 2529 950 2558 se
962 2528 1073 2569 spefih-

109 2581 175 2601 tum
187 2592 195 2605 ,
209 2581 272 2601 non
282 2571 436 2602 fortunam
445 2580 530 2610 putet
540 2590 548 2604 ‚
561 2581 623 2600 non
636 2570 806 2604 modoini,
819 2573 869 2611 qui
882 2570 924 2601 est
933 2573 1069 2606 meritus,
1088 2600 1091 2613 <

110 2613 160 2644 sed
179 2623 270 2643 etiam
289 2614 350 2643 illis
360 2632 367 2645 ‚
390 2612 523 2653 aquibus
534 2612 684 2653 exspetihu
697 2615 773 2654 (eget
784 2623 869 2642 enim
879 2613 996 2654 multis)
1005 2623 1072 2653 gra·
1089 2615 1090 2625 ¹

111 2663 177 2685 tum
189 2655 217 2685 se
230 2655 323 2685 videti
336 2654 442 2685 studet.
466 2664 563 2695 neque
582 2654 654 2685 vero
673 2656 771 2685 verbis
788 2664 873 2696 auget
893 2655 985 2685 suum
1001 2653 1089 2692 triu-‘J

153 2758 175 2775 i.
191 2752 219 2775 In
229 2757 279 2783 toga
290 2750 443 2783 dignitatis]
463 2747 541 2775 Haud
553 2749 631 2775 aliter
643 2750 777 2776 Palatinus
788 2759 829 2785 pr.
842 2759 889 2775 nec
898 2749 986 2776 abibat
998 2750 1070 2776 Petri

110 2785 230 2812 Danielis
242 2786 309 2813 liber
322 2805 330 2817 ‚
345 2794 424 2822 quam
435 2784 505 2820 quod
516 2785 537 2811 is
552 2793 602 2818 roga
611 2786 736 2818 dignitate.
757 2786 882 2821 publicati
894 2785 950 2812 feri:
963 2805 971 2818 ‚
990 2789 1016 2812 in
1025 2793 1076 2812 tota

112 2822 236 2855 dignitate.
256 2822 358 2858 inepte.
379 2830 430 2854 tuga
440 2822 510 2847 enim
523 2822 736 2858 opponitursngn.
748 2829 853 2849 tueatur
864 2823 1002 2850 Manutius
1014 2824 1071 2849 Ne—

111 2866 172 2894 pos,
183 2858 210 2884 ὃ(
222 2858 323 2884 Naniui
337 2859 398 2894 Sym
405 2857 495 2884 mifta.

149 2902 177 2920 2.
198 2894 459 2927 &animati-vertam]
482 2894 616 2920 Minutum
627 2893 736 2929 quidem
748 2894 783 2921 est
798 2913 805 2926 ,
815 2893 858 2920 sed
869 2901 956 2921 tamen
969 2896 1072 2921 moneri

111 2937 200 2966 operae
211 2931 325 2964 pretium
337 2930 372 2957 est
385 2941 392 2962 5
405 2930 554 2957 Pal-itiiiuni
568 2940 608 2966 pr.
619 2930 724 2956 servare
734 2933 838 2956 animum
851 2930 992 2957 advertam.

150 2973 175 3001 3.
199 2968 304 2992 vtemiar
313 2967 373 3000 san?
385 2967 446 3001 fir.]
468 2967 521 2993 Diu
538 2967 572 2993 est
583 2966 653 3002 quod
666 2969 770 2993 monuit
780 2965 921 2993 Turnebus
933 2967 1073 2994 restituen-

112 3000 173 3028 dam
184 3005 198 3028 ὲ
211 3001 268 3028 mss.
289 3004 355 3029 hanc
365 3002 517 3038 scripturam
531 3012 538 3034 ;
560 3002 602 3028 sed
614 3012 693 3029 nemo
711 3002 736 3029 id
757 3002 820 3028 fecit
833 3022 840 3034 ‚
859 3002 981 3029 deterriti
994 3002 1073 3029 credo

111 3038 221 3064 raritate
232 3039 315 3064 vocis.
335 3039 362 3064 S<
375 3040 438 3064 vero
450 3040 511 3065 cum
524 3038 699 3075 conspiciatur
711 3040 736 3065 in
750 3039 875 3065 Palatinis
888 3057 896 3070 ,
918 3039 944 3065 iii
959 3040 988 3065 F.
1000 3039 1025 3065 iu
1038 3040 1072 3065 D.

107 3082 168 3117 eam
181 3083 231 3100 non
243 3073 385 3102 admittere
400 3075 496 3111 religio
506 3075 570 3103 fuit.
590 3075 690 3112 vulgati
702 3075 904 3111 priusyorsmiot.
928 3075 1072 3103 Lambinus

111 3117 248 3142 opnaenrtor.

755 70 1210 117 OFF1011s

1293 71 1333 118 L
1369 86 1386 116 1
1424 87 1466 117 Β.
1549 72 1622 120 11,
1954 89 2077 139 ¹239

1118 160 1175 181 nus
1184 171 1192 185 ‚
1204 149 1223 181 si
1234 161 1294 192 quo
1305 150 1382 182 forte
1393 151 1547 193 fungitur,
1562 153 1608 184 sed
1619 155 1709 186 etiam
1722 164 1870 189 extenuat.
1885 155 2079 187 Videndum-

1116 203 1173 233 que
1194 193 1269 222 illud
1284 192 1325 223 est
1336 213 1344 227 ‚
1366 194 1447 234 quod
1459 193 1480 224 si
1490 196 1670 236 opulentum
1682 217 1690 233 ‚
1712 197 1960 239 fortunatumque
1971 198 2077 230 defen.-

1116 235 1194 263 deris
1204 254 1212 267 ‚
1227 237 1257 264 in
1271 236 1326 264 illo
1338 246 1399 264 uno
1409 256 1417 269 ,
1430 247 1478 267 aut
1489 236 1566 268 forte
1578 240 1609 269 in
1622 239 1724 271 liberis
1735 241 1798 277 ejus
1809 250 1908 271 manet
1917 243 2014 280 gratia.
2031 239 2074 271 fin

1115 285 1214 305 autem
1227 279 1361 316 inopem,
1373 279 1501 316 probum
1515 289 1626 314 tamen,
1639 282 1671 311 &
1683 280 1873 312 modestum:
1890 292 1998 315 omnes
2009 292 2075 313 non

1116 318 1247 356 improbi
1274 320 1406 363 humiles
1427 320 1504 360 (quat
1524 331 1631 361 magna
1652 325 1682 352 in
1702 324 1816 363 populo
1837 324 2002 358 multitudo
2020 324 2076 363 est)

1113 357 1280 398 praesidium
1296 361 1347 390 iibi
1359 370 1490 400 paratum
1503 363 1618 397 vident.
1631 365 1839 402 Quamobrem
1855 376 1982 397 mamus
1999 365 2076 406 apud

1114 402 1212 431 bonos
1223 421 1232 434 ‚
1254 402 1343 441 quam
1356 403 1431 442 apud
1443 402 1610 435 fortunatos
1620 426 1628 439 ,
1643 405 1822 437 beneficium
1836 406 1979 437 collocari
1991 418 2073 447 puto-

1116 442 1223 472 Danda
1233 446 1364 487 omnino
1377 454 1465 484 opera
1474 445 1516 476 est
1528 466 1536 479 ,
1561 457 1592 476 ut
1602 450 1688 478 omni
1700 452 1801 488 generi
1815 449 1977 479 satisfacere
1987 448 2077 489 poffi-

1115 494 1199 513 rrius.
1224 484 1300 514 sedii
1313 488 1399 515 resin
1410 490 1640 519 contentionem
1653 500 1753 520 veniet
1765 510 1772 524 ,
1786 492 1933 520 nimirum
1947 494 2078 521 Themi-

1116 525 1222 556 stocles
1234 524 1275 555 est
1283 526 1386 556 auctor
1396 528 1593 563 adhibendus,
1604 531 1734 572 quicum
1745 533 1958 566 consuleretur,
1972 533 2075 563 utrum

1116 567 1199 597 bono
1210 570 1274 597 viro
1285 578 1423 615 pauperi,
1444 581 1480 600 an
1493 574 1594 602 minus
1605 574 1728 612 probato
1739 574 1826 604 diviti
1841 573 1933 604 filiam
1945 576 2079 606 colloca-

1118 618 1176 639 ret:
1192 611 1252 649 Ego
1264 620 1336 643 vero,
1351 613 1449 651 inquit
1461 632 1469 645 ,
1481 611 1557 642 mdz'o
1570 616 1664 644 virum
1676 636 1684 648 ,
1696 617 1871 657 quipecunia
1880 625 1976 656 egeat,
1990 626 2078 657 quam

1115 658 1262 692 pecuniam
1272 671 1280 683 ,
1291 662 1350 692 qus
1362 663 1431 682 viro.
1445 655 1502 684 Sed
1513 659 1645 696 corrupti
1659 667 1757 689 mores
1767 678 1775 691 ,
1787 658 2000 699 depravatique
2011 659 2080 689 sunt

1117 693 1317 722 admiratione
1344 694 1518 725 divitiarum
1543 707 1548 725 :
1583 707 1708 738 quarum
1740 700 1916 741 magnitudo
1941 700 2014 740 quid
2043 700 2079 730 ad

1120 744 1368 775 unumquemque
1380 735 1516 767 nostrum
1528 743 1678 777 pertinet?
1702 741 1792 770 Illum
1812 740 1929 772 fortass'e
1947 742 2080 781 adjuvat,

1117 778 1168 823 qui
1180 777 1266 806 'nabet
1277 787 1282 804 2
1295 787 1332 807 ne
1344 777 1373 807 id
1384 779 1508 818 quidem
1522 780 1647 820 semper.
1671 782 1719 813 sed
1731 781 1774 812 fac
1784 784 1887 822 juvare
1902 794 1908 812 ;
1922 787 1934 811 ³
1948 786 2081 815 utentior

1119 822 1186 848 lane
1205 816 1254 848 sit:
1279 818 1435 849 honestior
1453 821 1525 851 vero
1543 823 1722 862 quomodo?
1745 825 1834 865 Qod
1849 824 1968 856 sietiam
1981 825 2080 860 bonus

1120 861 1174 890 erit
1185 862 1231 907 vir
1243 880 1251 893 ,
1267 870 1305 890 ne
1316 861 1484 900 impediant
1494 863 1607 896 divitiae
1618 885 1626 898 ,
1645 875 1706 905 quo
1717 876 1820 896 minus
1831 868 1948 906 juvetur
1960 889 1967 901 ,
1986 866 2080 901 modo

1121 911 1159 931 ne
1168 902 1325 942 adjuvent:
1340 901 1432 943 sitque
1444 914 1462 933 ο
1474 915 1498 934 M
1509 915 1528 934 N
1541 915 1559 935 ε
1571 907 1721 945 judicium
1736 928 1743 940 ,
1756 917 1818 937 non
1830 910 1919 949 quam
1933 909 2078 950 locuples,

1121 943 1168 973 sed
1179 945 1275 990 qualis
1286 945 1410 985 quisque
1422 944 1466 975 sit.
1491 950 1669 979 EXtremum
1681 959 1780 982 autem
1793 960 1972 990 praeceptum
1985 953 2015 981 iti
2029 951 2081 981 be-

1121 983 1258 1019 neficiis,
1276 996 1422 1027 operaque
1444 988 1539 1021 danda
1558 989 1618 1024 est,
1641 1001 1678 1020 ne
1697 991 1770 1031 quid
1788 1002 1891 1023 contra
1910 994 2081 1033 aequitatem

1119 1028 1283 1074 contendas
1304 1048 1313 1060 ,
1343 1039 1379 1058 ne
1400 1029 1472 1069 quid
1492 1041 1543 1070 per
1562 1033 1715 1070 injuriam.
1749 1043 1794 1062 Fu
1805 1043 1825 1062 N
1837 1045 1856 1063 D
1867 1044 1886 1063 Α
1901 1044 1925 1063 M
1936 1044 1954 1063 E.
1964 1044 1984 1064 N
1995 1045 2014 1064 τ
2025 1045 2042 1064 u
2054 1045 2083 1065 M

1119 1079 1203 1099 enim
1214 1078 1362 1109 perpetua:
1374 1073 1666 1107 commendationis,
1679 1075 1710 1105 &
1721 1074 1818 1108 famae,
1834 1075 1875 1105 est
1885 1075 2007 1114 justitia,
2021 1075 2081 1109 sine

1122 1120 1179 1151 qua
1192 1112 1272 1140 nihil
1283 1111 1380 1151 potest
1391 1111 1447 1142 esse
1459 1114 1615 1145 laudabile.
1647 1117 1702 1146 Sed
1717 1119 1863 1157 quoniam
1877 1117 1913 1147 de
1927 1128 1964 1148 eo
1974 1127 2082 1160 genere

2102 1130 2120 1153 Ζ
2131 1128 2145 1152 ί·

1120 1151 1341 1186 beneficiorum
1352 1153 1469 1184 ἀίἃυῐῃ
1480 1155 1541 1190 est,
1561 1167 1625 1197 qua:
1636 1158 1670 1188 ad
1683 1157 1813 1199 singulos
1826 1159 1972 1199 speetant:
1993 1159 2083 1191 dein·
2130 1170 2134 1175 ’

1120 1204 1188 1234 ceps
1199 1195 1235 1224 de
1245 1197 1282 1225 iis
1293 1215 1301 1229 ‚
1316 1206 1381 1236 quae
1391 1197 1426 1226 ad
1440 1199 1595 1228 universos
1608 1219 1616 1233 ,
1629 1210 1755 1240 quoeque
1764 1200 1798 1230 ad
1811 1210 1908 1241 remp.
1918 1203 2080 1241 pertinent,

1121 1236 1335 1276 disputandum
1347 1237 1401 1271 est.
1424 1241 1538 1272 Eorum
1552 1250 1652 1271 autem
1665 1242 1801 1281 ipsorum
1811 1245 1918 1282 partim
1930 1243 2081 1283 ejusmodi

1123 1278 1191 1308 sunt
1201 1298 1211 1312 ‚
1225 1288 1255 1308 ut
1265 1279 1300 1309 ad
1314 1281 1468 1310 universos
1479 1284 1573 1312 civeis
1581 1285 1749 1322 pertineant
1760 1303 1769 1318 ,
1787 1287 1894 1324 partim
1907 1283 2038 1326 singulos
2049 1294 2083 1316 ut

1121 1322 1284 1361 attingant,
1304 1331 1370 1361 quae
1384 1322 1452 1353 sunt
1463 1326 1551 1354 etiam
1563 1327 1701 1365 gratiora.
1723 1325 1818 1357 danda
1828 1326 1868 1357 est
1879 1337 1968 1366 opera
1978 1329 2084 1361 omni-

1122 1372 1162 1391 no
1175 1382 1183 1395 ,
1203 1361 1222 1391 si
1232 1361 1337 1402 possit,
1358 1364 1487 1405 utrisque
1498 1385 1507 1399 ,
1523 1376 1577 1397 nec
1589 1366 1694 1398 minsis
1705 1387 1714 1401 ‚
1731 1370 1862 1398 ucetiam
1875 1367 1997 1409 singulis
2006 1378 2082 1399 con-

1122 1404 1248 1434 sulatut:
1262 1405 1371 1450 sed-ita,
1384 1415 1415 1436 ut
1425 1417 1457 1438 ea
1467 1417 1511 1437 res
1522 1418 1570 1438 aut
1579 1407 1669 1448 prosit
1677 1429 1686 1443 ,
1697 1419 1746 1441 aut
1756 1410 1835 1440 certe
1845 1420 1911 1440 non
1921 1409 1998 1441 obsit
2007 1412 2081 1451 reip.

1121 1448 1152 1475 C.
1166 1447 1496 1483 Gracchitrumeutaria
1509 1460 1614 1489 magna
1625 1451 1763 1492 largitio;
1781 1452 1971 1485 exhauriebat
1991 1453 2084 1492 igitur

1120 1490 1257 1534 aerariurn
1271 1498 1276 1516 ε
1297 1489 1416 1521 modica
1428 1491 1470 1520 M.
1484 1490 1600 1522 osiavu
1611 1511 1623 1525 ‚
1633 1492 1665 1522 &
1677 1494 1748 1532 reip.
1760 1493 1925 1526 tolerabilis
1937 1512 1945 1527 ,
1958 1493 1991 1523 δε
2000 1494 2084 1533 plebi

1120 1527 1286 1559 necessaria.
1310 1540 1381 1570 ergo
1393 1531 1551 1565 &civibus
1563 1553 1571 1566 ‚
1590 1533 1622 1563 δε
1632 1534 1746 1573 reipub.
1757 1534 1901 1567 salutaris.
1924 1537 1960 1563 In
1974 1536 2083 1574 primis

1121 1579 1221 1600 autem
1242 1571 1408 1601 Videndum
1429 1574 1484 1603 erit
1500 1576 1526 1603 ei
1540 1593 1549 1606 .
1569 1576 1621 1614 qui
1641 1575 1776 1614 rempub.
1788 1574 2011 1606 administrabit
2020 1594 2030 1609 ,
2049 1585 2085 1606 ut

1120 1615 1139 1641 S
1149 1622 1166 1640 u
1177 1622 1193 1641 u
1206 1622 1231 1641 M
1268 1613 1319 1641 uis
1335 1622 1373 1642 ue
1732 1618 1735 1621 '
1803 1618 1807 1622 '
2038 1619 2042 1624 '
2068 1617 2076 1625 “

112 1653 222 1683 feceris
232 1671 240 1686 ‚
251 1650 365 1682 necess'e
376 1650 478 1685 fuerit,
490 1661 545 1681 nec
555 1651 640 1680 aliter
649 1656 744 1681 tacere
754 1652 889 1690 potueris
901 1650 1079 1690 :ceterisque
1098 1644 1100 1675 i
1246 1622 1266 1653 q
1313 1623 1333 1653 q
1344 1653 1354 1657 ⁴
1383 1621 1481 1648 teneat
1489 1633 1497 1648 ’
1509 1625 1606 1656 neque
1617 1615 1654 1645 de
1664 1616 1753 1647 ὕοι-118
1765 1626 1950 1656 prlvatomm
1961 1617 2082 1657 PUbhee

1119 1653 1317 1684 4deminutio
1336 1656 1395 1685 hat.
1418 1657 1587 1695 perniciose
1605 1651 1856 1699 enisi-iPhilippus
1871 1661 1902 1689 in
1917 1660 2082 1693 tribunatu,

1120 1695 1193 1740 cuni
1213 1696 1310 1737 legem
1327 1699 1472 1738 agrariam
1486 1697 1575 1733 ferret
1587 1719 1597 1732 ‚
1616 1698 1705 1739 quam
1720 1708 1820 1730 tamen
1832 1702 1980 1741 antiquari
1992 1700 2082 1731 facile

1119 1736 1215 1776 paflus
1233 1737 1276 1767 est
1288 1757 1302 1770 ,,
1320 1738 1353 1773 &
1367 1741 1399 1768 in
1413 1749 1450 1769 eo
1465 1741 1661 1771 vehementer
1678 1741 1706 1771 se
1725 1741 1917 1772 moderatum
1936 1743 2082 1782 praebuit:

1120 1778 1170 1808 sed
1188 1777 1260 1808 curn
1280 1781 1312 1808 in
1332 1780 1448 1819 agendo
1468 1782 1563 1811 multa
1582 1783 1776 1821 populariter:
1798 1793 1862 1818 tum
1885 1784 1962 1814 illud
1983 1784 2082 1815 male:

1120 1830 1173 1848 non
1192 1818 1240 1856 effi
1258 1820 1288 1849 in
1307 1821 1431 1850 civitate
1448 1822 1501 1851 duo
1520 1824 1612 1852 miHia
1623 1824 1786 1858 hominum,
1806 1826 1859 1867 qui
1869 1836 1927 1855 rem
1936 1824 2081 1856 haberent,

1097 1890 1098 1895 ,
1119 1862 1261 1900 Capitalis
1282 1864 1397 1896 oratio,
1418 1863 1450 1893 &
1470 1863 1506 1894 ad
1525 1867 1727 1905 aequationem
1745 1866 1897 1898 bonorum
1910 1870 2082 1907 pertinens:

1120 1912 1177 1943 qua
1196 1902 1275 1951 pesie
1294 1913 1360 1944 quae
1379 1904 1475 1944 potest
1495 1904 1553 1936 effe
1575 1908 1692 1946 major?
1716 1909 1802 1939 Hanc
1817 1911 1902 1939 enim
1914 1910 1954 1939 ob
1963 1909 2082 1940 causam

1120 1954 1257 1975 maxime
1270 1966 1279 1979 ,
1302 1949 1316 1972 5
1337 1955 1369 1976 ut
1387 1947 1435 1976 sua
1456 1957 1646 1982 tenerentur,
1668 1950 1783 1990 respub.
1803 1951 2081 1992 civitatesquecon-

1119 1986 1227 2017 stitutae
1246 1987 1323 2017 sunt.
1355 1989 1436 2018 Nam
1457 1988 1508 2019 etsi
1526 1990 1601 2020 duce
1624 2001 1725 2022 natura
1745 1993 1999 2034 congregabantur
2021 1995 2080 2024 ho-

1119 2031 1219 2059 mines
1238 2048 1247 2062 ‚
1277 2038 1378 2059 tamen
1405 2031 1454 2070 spe
1483 2031 1624 2062 custodiae
1648 2043 1752 2068 ‘rerum
1783 2035 1925 2069 suarum,
1957 2035 2082 2066 urbium.

329 2114 332 2117 Ι
415 2113 419 2117 ,
558 2111 561 2113 -
699 2113 701 2115 ¹
1094 2105 1095 2109 Ἰ
1117 2068 1248 2110 praesidia
1266 2071 1449 2111 quaerebant.
1481 2074 1588 2104 Danda
1608 2077 1698 2105 etiam
1719 2085 1809 2115 opera
1829 2075 1871 2106 est
1887 2097 1897 2110 ,
1917 2087 1955 2107 ne
1973 2077 2080 2118 (quod

109 2111 132 2142 fi
144 2114 241 2142 bonus
251 2111 293 2142 est
305 2121 351 2141 vir
361 2131 371 2145 ,
382 2121 471 2142 etiam
483 2109 505 2140 fi
515 2114 623 2140 reterre
631 2120 754 2151 gratiam
767 2120 830 2140 non
842 2108 938 2150 potest
948 2129 956 2144 ,
969 2109 1075 2139 habere
1094 2121 1095 2124 ¹

1115 2112 1193 2151 apud
1214 2114 1342 2151 majores
1362 2113 1480 2146 nostros
1498 2116 1571 2156 saepe
1592 2114 1679 2149 fiebat
1699 2137 1707 2151 ,
1731 2126 1852 2157 propter
1868 2121 1962 2149 aei-arii
1981 2127 2081 2149 tenui-

1119 2163 1209 2184 tatem
1222 2174 1230 2188 ,
1241 2153 1495 2197 assiduitatemque
1507 2157 1654 2188 bellorum
1669 2160 1678 2197 )
1698 2169 1718 2188 τ
1729 2169 1751 2189 R
1764 2171 1775 2189 i
1787 2153 1810 2189 ‘n
1822 2170 1843 2190 u
1855 2169 1875 2190 r
1886 2171 1906 2190 u
1921 2171 1946 2190 M
1958 2159 1990 2190 sit
2000 2171 2077 2191 con-

1094 2226 1095 2241 ἱ
1115 2194 1292 2226 ferendum:
1314 2196 1404 2238 idque
1423 2208 1461 2228 ne
1486 2202 1625 2234 eveniat,
1650 2201 1750 2232 multo
1770 2202 1838 2232 ante
1850 2203 2084 2242 eritpi·oviden.-

1117 2238 1202 2268 dum.
1225 2237 1267 2268 fin
1284 2249 1342 2279 qua
1360 2239 1510 2274 necessitas
1530 2243 1618 2281 hujus
1638 2245 1775 2272 muneris
1791 2244 2010 2284 ,alicuiieipub-
2023 2244 2080 2274 ob-

1116 2282 1233 2310 venerit
1244 2291 1249 2308 ·.
1260 2278 1274 2299 ⁶
1286 2287 1296 2319 'k
1309 2278 1391 2311 maio
1402 2284 1484 2313 enim
1498 2283 1587 2323 quarn
1598 2283 1705 2319 nostrae
1715 2287 1968 2326 ominai·i,neque
1979 2296 2080 2322 tamen

1116 2321 1154 2351 de
1173 2320 1272 2352 nostra
1284 2342 1292 2355 ‚
1312 2323 1360 2356 sed
1378 2324 1414 2359 de
1426 2328 1513 2354 omni
1525 2326 1627 2365 repub.
1639 2326 1782 2367 disputo)
1806 2327 1901 2358 danda
1911 2329 1968 2358 erit
1978 2338 2079 2368 opera,

1117 2372 1150 2393 ut
1167 2373 1276 2394 omues
1297 2366 1485 2406 intelligant,
1505 2365 1546 2405 (si
1561 2368 1631 2398 salvi
1641 2366 1699 2398 esse
1711 2369 1825 2409 velint)
1854 2379 2081 2400 NECESSITATr

1116 2403 1173 2435 effe
1183 2406 1359 2445 parendum.
1377 2417 1464 2449 atque
1474 2410 1565 2444 etiam
1577 2419 1697 2443 omne-3,
1715 2412 1766 2451 qui
1780 2411 1916 2450 rempub.
1929 2412 2080 2452 guberna-

1117 2447 1202 2480 bunt,
1213 2449 1367 2493 consulere
1379 2449 1551 2491 debebunt,
1573 2461 1606 2481 ut
1616 2461 1738 2482 EARUM
1750 2462 1848 2483 rerum
1860 2456 1946 2493 copia
1956 2453 2000 2487 fit,
2012 2463 2078 2494 quae

1116 2488 1184 2519 sunt
1197 2489 1373 2521 necessariae.
1396 2502 1523 2532 quarum
1534 2494 1629 2533 qualis
1639 2497 1825 2534 comparatio
1836 2493 1899 2524 fieri
1911 2495 2001 2525 soleat
2015 2515 2023 2529 ‚
2043 2495 2078 2529 δε

1115 2530 1328 2564 debeata-*non
1348 2532 1526 2564 est'necess'e
1548 2535 1703 2574 disputare.
1734 2535 1776 2566 est
1792 2538 1877 2566 enim
1898 2539 1930 2566 in
1946 2546 2077 2576 promtu:

1113 2571 1232 2602 tanturn
1254 2574 1338 2603 locus
1357 2576 1548 2616 attingendus
1565 2576 1633 2607 fuit.
1657 2579 1752 2616 Caput
1779 2588 1879 2608 autem
1890 2578 1933 2609 est
1946 2589 1978 2608 in
1989 2580 2078 2609 omni

1112 2617 1322 2655 procuratione
1341 2620 1475 2658 negotii,
1505 2619 1682 2649 &muneris
1692 2619 1824 2658 publici,
1845 2629 2074 2652 utAVAiuriAE

1113 2657 1237 2697 pellatur
1249 2658 1338 2687 etiam
1351 2661 1481 2689 minima
1491 2660 1630 2700 suspicio.
1654 2666 1668 2690 7
1683 2663 1809 2692 Utinam
1821 2682 1829 2696 ,
1841 2664 1940 2703 inquit
1950 2665 1983 2693 (L
1996 2665 2078 2693 Pou-

2020 2707 2079 2734 tius

1150 2754 1330 2812 4.bll)emimttio
1337 2753 1414 2787 fian]
1437 2754 1579 2790 Exemplar
1592 2755 1740 2782 Palatinum
1751 2765 1793 2791 pr.
1805 2758 1904 2782 minutio
1913 2755 2010 2792 syllaba
2021 2757 2077 2793 pri·-

1114 2796 1179 2813 maa
1212 2795 1264 2814 ata.

1154 2832 1180 2856 5.
1201 2824 1281 2857 Utsim
1292 2825 1453 2859 tenerentur]
1477 2825 1611 2852 Palatinus
1625 2825 1695 2853 idem
1709 2834 1824 2854 renerent.

1152 2859 1183 2886 6.
1200 2861 1267 2885 Malo
1276 2863 1336 2885 enim
1346 2859 1418 2894 quim
1437 2862 1514 2893 nostrae
1532 2863 1659 2896 ominari]
1682 2863 1724 2889 Sic
1735 2873 1841 2903 quoque
1853 2863 1989 2891 Palatium
2004 2871 2079 2891 uter-

1116 2904 1166 2931 que
1181 2914 1186 2925 ,
1199 2895 1249 2921 sine
1262 2895 1309 2921 illo
1320 2898 1363 2921 asti
1377 2916 1384 2927 ,
1395 2904 1439 2922 aut
1452 2898 1576 2924 asteriam
1587 2900 1667 2925 alime
1679 2918 1686 2931 ,
1705 2898 1815 2926 invessto
1835 2910 1848 2926 a
1861 2900 2057 2927 concistoribus
2070 2911 2079 2933 5

1116 2931 1239 2992 guodquc
1258 2931 1309 2957 suis
1329 2941 1435 2968 quoque
1453 2932 1563 2960 abfuill'e
1582 2935 1690 2962 &status
1709 2935 1745 2962 est
1763 2937 1791 2962 &
1809 2936 1928 2973 Lnngius
1947 2939 1974 2963 ὃ(
1995 2939 2078 2964 Lam-

1134 2976 1205 2993 inus.

1153 3003 1179 3029 8.
1205 3006 1301 3029 Utinam
1310 3007 1389 3037 inquit
1407 3008 1436 3030 C.
1448 3007 1548 3030 ‘Pon-tim
1557 3008 1652 3033 samnis*
1663 3026 1671 3038 ‚
1690 3007 1758 3042 εἶχε]
1780 3009 1843 3035 Non
1858 3008 1934 3034 video
1944 3008 2079 3045 quomodo

1118 3046 1208 3065 votum
1221 3039 1334 3066 bominis
1348 3041 1397 3066 liiic
1407 3040 1536 3076 quadret:
1566 3042 1612 3068 uisi
1627 3043 1738 3070 velimus
1760 3052 1844 3071 vatem
1857 3044 1933 3071 fuisse
1949 3055 1956 3075 3
1976 3054 2019 3070 aut
2032 3054 2079 3080 po-

1118 3075 1170 3101 tius
1182 3075 1235 3101 haec
1245 3075 1326 3111 ipsuni
1340 3077 1512 3112 pronunciare
1522 3078 1589 3114 apud
1602 3078 1713 3106 inferos.
1726 3080 1741 3106 li
1756 3079 1797 3114 ἧς·
1810 3079 1925 3107 viderint
1937 3081 2079 3112 acutiores,

1117 3120 1180 3139 num
1191 3121 1224 3139 ex
1239 3111 1324 3140 verbis
1335 3112 1412 3149 ipilus
1424 3114 1480 3141 crui
1497 3113 1574 3150 poilit
1584 3123 1666 3151 genus
1678 3116 1790 3152 aliquod
1802 3117 1961 3144 carminum.

1594 3168 1598 3172 .
1648 3167 1652 3171 -
1808 3167 1810 3169 -
1981 3159 2003 3178 1.
2015 3154 2080 3177 Tan-
