2301 3395
163 109 237 178 50
628 94 711 152 bs
788 91 1121 150 TULL11

163 202 224 228 mo
236 188 376 226 haberet
388 213 397 230 ,
421 185 560 224 Caeffiris
573 184 722 222 domum
734 183 822 220 clam
836 179 971 229 ingredi
980 229 985 234 ι
994 177 1127 232 sibique

162 251 243 276 ante
254 239 339 275 lares
349 237 422 285 ejus
436 249 559 273 manus
571 234 698 271 inferre
711 260 719 272 ‚
745 244 845 280 atque
863 230 908 266 ita
921 228 1056 282 furiales
1069 240 1123 263 in-

165 289 347 337 temperias
359 287 407 322 illi
422 286 623 335 impingere.
638 283 703 320 Sed
715 282 755 317 ab
766 293 804 316 ea
814 279 947 316 ratione
955 287 1127 331 crucia-tus

163 349 261 374 metu
285 336 462 383 depulsus,
485 335 548 371 alia
567 333 678 370 rursus
699 328 912 366 tumultuosa
932 326 1073 365 consi-lia
1091 338 1128 362 in

164 388 285 436 pessus
300 385 456 421 instituit.
481 386 516 420 ὃς
536 382 637 419 servis
651 379 682 415 se
704 378 745 414 ad
759 378 915 426 Cajetam
939 377 1127 426 deportan-

165 436 253 472 dum
276 434 416 482 navigio
439 430 611 468 commisit
633 452 640 467 2
677 428 737 465 ubi
762 427 888 476 praedia
909 425 1074 466 habebat,
1094 426 1129 460 δε

165 483 336 521 blandum
357 481 466 519 aestate
488 478 679 517 Etesiarum
701 476 821 514 diebus
844 475 1055 525 perfugium.
1081 472 1130 509 est

165 533 300 569 ibidem
312 532 408 580 supra
421 542 513 566 mare
526 528 686 565 sacellum
699 526 869 575 Apollinis
883 539 890 560 :
917 525 1011 562 unde
1029 521 1130 560 corvi

165 595 250 619 cum
273 581 435 627 clangore
457 578 498 614 ad
512 577 692 614 Ciceronis
714 588 840 612 navem
856 601 866 616 ,
885 587 963 623 quae
982 572 1024 610 ad
1049 572 1130 608 litus

166 631 399 680 appellebatur
411 654 419 669 ,
437 626 625 663 confertim
637 625 855 663 advolarunt,
868 635 971 672 atque
983 636 1026 659 ex
1038 632 1132 658 utra-

166 693 237 729 que
258 690 349 727 parte
371 688 530 713 antennae
557 673 741 711 insidentes
760 674 886 722 partim
907 672 1133 709 crocitatum,

165 728 291 777 partim
310 727 500 763 rudentum
512 725 621 773 capita
642 723 757 760 rostris
776 722 1004 759 tutuderunt:
1030 719 1134 767 idque

168 777 306 824 signum
329 776 496 811 omnibus
514 772 704 810 infaustum
722 772 770 808 est
790 771 912 808 visum.
939 771 1065 806 Cicero
1081 780 1134 804 ta-

166 838 250 861 men
273 823 422 873 egressus
441 824 478 859 in
499 823 616 859 villam
637 823 667 858 se
688 822 835 868 recepit,
859 820 1014 868 &quieti
1028 817 1133 854 dedit.

169 875 218 910 ibi
232 886 422 911 corvorum
435 885 559 919 magna
571 884 644 920 pars
664 870 750 906 tristi
774 882 862 906 voce
884 869 929 905 ad
950 867 1134 904 fenestram

167 923 287 960 assedit
308 936 315 958 :
351 935 442 958 unus
462 922 498 956 in
521 921 650 957 le&um
672 919 847 956 devolavit
860 944 869 958 ‚
894 919 929 954 ὃς
946 917 1058 953 rostro
1073 927 1135 952 ve-

169 972 256 1008 stem
266 995 276 1010 ‚
288 984 356 1019 qua
366 971 490 1007 Cicero
504 971 616 1006 tessus
628 980 699 1005 erat
712 992 722 1006 ,
734 968 899 1016 paulatim
912 966 953 1003 ab
965 978 1025 1002 ore
1034 964 1136 1012 ipfius

167 1021 331 1059 removit.
356 1022 408 1055 De
421 1019 539 1055 eadem
553 1032 588 1054 re
601 1018 760 1054 Valerius
771 1018 830 1053 lib.
848 1030 874 1052 1.
889 1028 998 1064 cap.4.
1015 1016 1063 1050 M.
1077 1013 1136 1048 Ci-

168 1069 291 1106 ceroni
305 1082 400 1105 mors
423 1069 609 1104 imminens
622 1066 769 1114 auspicio
782 1065 945 1114 praedissa
955 1064 1024 1100 est:
1053 1062 1137 1098 cum

170 1117 268 1155 enim
291 1120 327 1154 in
352 1117 608 1165 villaCajetana
629 1115 731 1156 esset,
756 1127 884 1151 corvus
896 1114 931 1150 in
950 1112 1137 1160 conspesz

167 1166 242 1215 ejus
256 1166 431 1214 horologii
445 1166 577 1203 ferrum
590 1166 669 1201 loco
686 1175 827 1200 motum
839 1162 996 1203 excussit,
1010 1164 1044 1198 ὃς
1054 1173 1137 1210 pro-

170 1218 266 1253 tinus
280 1216 322 1251 ad
334 1216 444 1263 ipsum
456 1214 603 1251 tetendit
615 1238 625 1253 ,
646 1227 684 1250 ac
697 1213 857 1249 laciniam
868 1224 960 1260 togae
978 1212 1021 1247 eo
1034 1211 1140 1258 usque

168 1266 289 1301 morsu
302 1267 415 1301 tenuit
428 1291 435 1303 ‚
460 1264 574 1300 donec
593 1264 706 1299 servus
721 1286 730 1300 ‚
753 1262 794 1298 ad
808 1260 1043 1297 occidendum
1056 1270 1139 1295 eum

171 1314 300 1351 milites
325 1313 475 1351 venisse,
501 1312 686 1349 nuntiaret.
714 1312 879 1347 ha&enus
893 1309 1071 1346 Valerius:
1096 1319 1139 1343 ex

171 1376 245 1412 quo
258 1362 434 1411 perspicue
455 1361 677 1410 cognoscitur
694 1360 785 1408 apud
799 1359 1023 1395 Plutarchum
1035 1357 1067 1397 ἔς
1078 1371 1140 1399 »ωο-

174 1412 271 1451 πὶτας
296 1411 460 1448 mendose
484 1424 556 1446 non
580 1423 644 1458 pro
669 1410 787 1458 Capua
807 1434 817 1449 ‚
844 1408 899 1445 sed
921 1407 1039 1455 Cajeta
1059 1405 1140 1453 legi.

173 1461 334 1509 quamvis
347 1460 521 1507 Appianus
533 1460 690 1506 Capuam
703 1457 861 1494 nominet
871 1481 882 1496 ‚
894 1457 936 1493 ad
948 1468 1054 1505 quam
1066 1455 1141 1491 fiie—

173 1511 220 1546 rit
242 1511 315 1545 haec
328 1508 511 1545 Ciceronis
535 1508 618 1544 villa
631 1533 641 1547 ,
665 1508 700 1543 in
722 1520 790 1556 qua
808 1506 1074 1542 adventantibus
1084 1503 1140 1540 in—

175 1558 400 1607 quisitoribus
422 1558 442 1593 a
463 1557 581 1593 corvis
595 1557 613 1592 ἐ
626 1557 748 1592 somno
760 1556 928 1592 excitatus
942 1554 989 1591 fit·
1017 1552 1141 1602 Sequi-

176 1619 236 1644 tur
248 1607 284 1643 in
298 1607 484 1643 Plutarcho
501 1620 508 1642 :
533 1606 627 1642 Servi
652 1607 726 1642 haec
745 1604 942 1652 aspicientes
961 1603 1057 1640 suam
1082 1600 1142 1650 ipfi

174 1656 353 1704 ignaviam
379 1656 590 1691 damnarunt
604 1679 614 1693 ‚
634 1654 658 1690 si
679 1655 795 1691 herilis
817 1653 919 1690 caedis
942 1653 1144 1700 spthatores

174 1704 243 1741 esse
267 1704 472 1741 sustinerent
494 1720 503 1747 3
538 1716 690 1752 cumque
722 1703 841 1739 bestias
865 1702 1012 1739 domino
1039 1712 1144 1749 opem

175 1754 268 1790 ferre
289 1765 327 1789 ac
377 1766 417 1789 ro
430 1752 577 1800 indigno
598 1752 670 1800 ejus
692 1752 767 1788 casu
789 1751 933 1788 solicitas
956 1750 1021 1787 esse
1044 1750 1142 1787 vide-

175 1813 257 1839 rent
269 1828 279 1843 ‚
304 1803 338 1851 ip
354 1815 366 1837 1
381 1813 464 1838 eum
476 1815 550 1837 non
561 1801 808 1845 defenderent,
832 1801 955 1849 partim
975 1799 1143 1847 precibus,

175 1851 304 1899 partim
325 1851 360 1887 vi
382 1849 584 1899 impositum
606 1850 736 1886 lesticae
757 1849 798 1885 ad
818 1862 912 1885 mare
931 1849 1143 1885 detulerunt.

175 1900 327 1937 Interim
349 1899 560 1948 percussores
592 1911 675 1935 cum
700 1897 862 1934 ministris
884 1898 1144 1946 superveniunt,

175 1949 375 1987 Herennius
387 1948 547 1984 centurio
560 1972 570 1986 ‚
583 1950 617 1985 δε
629 1947 792 1995 Popillius
804 1947 964 1983 tribunus
977 1947 1143 1984 militum,

177 2010 285 2046 quern
297 1996 468 2045 parricidii
481 2009 581 2033 reum
589 1997 716 2032 Cicero
729 1995 817 2031 olim
829 1995 1038 2033 defenderat.

226 2049 278 2082 De
292 2046 440 2093 Popillio
463 2047 532 2081 hoc
553 2045 664 2080 multa
674 2047 803 2080 Seneca
820 2045 857 2079 in
869 2043 1143 2081 Declamationi-

178 2095 243 2130 bus
264 2096 299 2131 ὃς
321 2093 498 2130 Suasoriis.
524 2093 567 2128 de
589 2092 714 2128 eodem
728 2092 886 2127 Valerius
907 2093 964 2126 lib.
978 2103 1009 2133 5.
1029 2102 1101 2136 cap.
1118 2101 1144 2132 3.

179 2145 232 2179 M.
244 2140 371 2179 Cicero
383 2144 425 2178 C.
438 2141 625 2188 Popillium
640 2142 816 2176 Laenatem
829 2139 959 2174 Picenae
980 2136 1144 2186 regionis,

182 2202 307 2239 rogatu
321 2191 482 2227 MCoelii
494 2216 503 2231 ,
517 2202 590 2225 non
604 2188 741 2225 minore
752 2201 846 2228 cura,
856 2187 963 2235 quam
975 2187 1142 2235 eloquen-

179 2241 228 2276 tia
238 2239 416 2276 defendit:
444 2250 595 2287 eumque
616 2236 714 2274 causa
735 2236 927 2275 admodum
949 2235 1053 2272 dubia
1075 2234 1144 2270 flu-

181 2290 363 2326 ituantem
374 2314 384 2329 ,
408 2287 541 2324 salvum
554 2286 595 2323 ad
608 2296 745 2335 penates
757 2286 834 2322 suos
847 2284 983 2321 remisit.
1008 2284 1065 2319 hic
1077 2283 1144 2317 Po-

181 2338 298 2386 pillius
315 2337 429 2384 postea
452 2349 516 2372 nec
540 2348 577 2372 re
594 2359 605 2374 ,
629 2347 693 2371 nec
705 2335 814 2370 verbo
827 2334 845 2369 εὶ
858 2334 1029 2369 Cicerone
1039 2332 1147 2369 laesus,

181 2387 277 2423 ultro
291 2389 340 2423 M.
354 2385 552 2422 Antonium
571 2384 730 2432 rogavit,
755 2394 793 2419 ut
814 2382 857 2419 ad
878 2383 978 2419 illum
997 2380 1146 2430 proscri-

182 2446 285 2484 ptum
319 2434 594 2483 persequendum
616 2436 650 2469 &
672 2431 908 2480 jugulandum
931 2431 1145 2467 mitteretur:

185 2483 442 2532 impetratisque
459 2481 664 2519 detestabilis
682 2480 860 2517 ministerii
871 2480 1022 2528 partibus
1034 2506 1042 2521 ,
1063 2491 1146 2527 gau-

184 2532 245 2568 dio
257 2531 416 2569 exultans
429 2531 584 2578 Cajetam
608 2529 766 2566 cucurrit
776 2556 786 2570 ‚
808 2531 843 2566 &
857 2530 973 2565 virum
985 2553 994 2567 ,
1020 2528 1147 2564 omitto

185 2581 283 2628 quod
296 2579 508 2628 amplissimae
521 2579 697 2627 dignitatis
708 2603 717 2617 ‚
727 2578 819 2614 certe
831 2579 954 2614 salubri
967 2577 1078 2614 studio
1089 2576 1151 2660 fita

186 2630 266 2677 lego
289 2629 308 2664 ὀ
333 2628 582 2676 manuscriptis)
594 2627 781 2675 praestantis
792 2625 897 2663 officii
913 2627 1075 2675 privatim
1101 2624 1148 2660 ibi

185 2677 427 2714 venerandum
437 2677 622 2724 ‚jugulum
636 2677 786 2724 praebere
795 2675 914 2724 jussit:
940 2688 977 2712 ac
989 2674 1150 2724 protinus

186 2738 293 2773 caput
316 2728 485 2762 Romanae
508 2725 714 2774 eloquentiae
728 2749 737 2763 ‚
760 2728 795 2762 &
816 2726 906 2774 pacis
933 2724 1150 2761 clariffimam

187 2775 366 2811 dexteram
384 2787 445 2823 per
464 2775 639 2811 summum
652 2777 686 2811 &
699 2775 857 2810 securum
869 2774 983 2810 otium
996 2783 1149 2821 amputa-

188 2824 263 2860 vit:
289 2836 396 2872 eaque
416 2824 742 2872 sarcina,tanquam
754 2823 879 2870 opimis
892 2822 913 2858 s
928 2822 1027 2861 oliis,
1044 2823 1152 2858 alacer

189 2872 225 2908 in
238 2873 363 2909 urbem
375 2873 525 2908 reversus
537 2872 595 2908 est.
621 2885 733 2920 neque
753 2872 783 2908 ei
803 2871 887 2908 scele
921 2883 981 2907 um
1000 2870 1150 2919 portanti

188 2933 280 2957 onus
301 2921 470 2957 succurrit
481 2946 491 2960 ‚
516 2921 602 2957 illud
613 2922 644 2957 se
657 2933 759 2970 caput
771 2920 858 2957 ferre
874 2946 884 2962 ‚
907 2919 1004 2969 quod
1015 2933 1078 2969 pro
1091 2931 1148 2956 ca-

189 2969 258 3019 pite
272 2969 343 3017 ejus
356 2970 534 3019 quondam
547 2981 776 3019 peroraverat·

237 3020 279 3054 Se
306 3019 402 3055 uitur
413 3020 501 3066 apud
515 3019 737 3055 Plutarchum
752 3033 759 3055 :
773 3019 985 3057 Percussores
997 3030 1079 3055 cum
1091 3017 1146 3054 fo-

190 3079 244 3103 res
266 3079 284 3102 c
300 3066 390 3104 ausas
411 3067 639 3109 invenissent,
664 3080 718 3104 eas
737 3067 970 3116 effregerunt:
996 3079 1148 3116 cumque

191 3115 317 3155 Cicero
329 3129 402 3154 non
414 3127 598 3167 appareret,
610 3119 645 3157 ὃς
653 3117 678 3155 ii
691 3141 702 3159 ,
710 3117 770 3168 qui
781 3118 874 3156 intus
885 3128 996 3160 crant,
1007 3116 1090 3155 scire
1100 3116 1143 3160 se,

1197 83 1708 144 thnnouts

1175 174 1233 214 ubi
1243 174 1329 230 esset
1346 177 1542 225 ,negassent
1553 201 1563 216 ,
1574 179 1674 225 ajunt
1691 176 1942 214 adolescentem
1952 173 2142 226 quendam,

1175 227 1194 261 a
1206 225 1379 262 Cicerone
1390 227 1435 263 'in
1456 227 1559 263 bonis
1573 226 1678 263 literis
1692 229 1728 263 &
1743 226 1929 275 disciplinis
1942 226 2144 266 educatum,

1177 274 1301 323 Qinti
1316 274 1429 312 fratris
1440 276 1606 313 libertum
1619 299 1628 314 ‚
1650 275 1874 323 Philologum
1887 275 2033 312 nomine
2045 302 2055 318 ,
2074 274 2143 312 'tri-

1175 324 1273 359 buno
1298 324 1419 363 dixisse
1432 349 1441 364 ,
1465 325 1625 362 le&icam
1639 337 1697 373 per
1711 324 1876 361 silvestres
1889 326 1924 362 δι
1934 338 2056 374 opacas
2068 337 2144 362 am—

1177 373 1369 411 bulationes
1391 373 1433 410 ad
1455 386 1550 410 mare
1570 373 1709 412 deferri.
1737 373 1921 411 Tribunus
1937 374 2047 422 igitur
2061 387 2146 411 cum

1177 423 1293 471 paucis
1312 423 1500 461 comiti-bus
1521 423 1657 460 circum
1676 422 1928 460 ambulationes
1945 423 1987 459 ad
2008 423 2146 460 exitum

1178 473 1345 525 cucurrit:
1353 472 1551 511 Herennius
1560 472 1653 509 reeta
1663 485 1724 521 per
1731 471 1864 509 easdem
1875 471 2036 508 accurrit:
2047 471 2146 520 quod

1179 521 1239 556 ubi
1252 521 1379 559 Cicero
1389 522 1637 560 animadvertit
1647 548 1656 563 ‚
1672 521 1787 558 servos
1800 521 1958 558 lecticam
1971 520 2020 556 ibi
2034 520 2145 568 depo-

1180 583 1261 607 nere
1275 570 1384 616 jussit·
1411 572 1518 611 Satis,
1539 571 1654 621 inquit
1675 570 1819 612 Livius,
1841 569 1977 607 constat
1991 596 2001 612 ,
2028 570 2149 606 servos

1180 618 1316 657 fortiter
1336 620 1553 669 fideliterque
1571 631 1704 668 paratos
1718 618 1816 656 fuisse
1827 619 1869 657 ad
1881 618 2122 657 dimicandum
2137 632 2147 655 ι

1180 667 1292 717 ipsum
1304 669 1432 720 deponi
1452 670 1610 707 lecticam
1622 694 1632 708 ,
1654 672 1690 707 ὃς
1705 670 1842 718 quietos
1853 668 1946 717 pati,
1971 667 2067 718 quod
2081 667 2152 704 sors

1182 718 1302 771 iniqua
1314 730 1473 768 cogeret,
1491 718 1632 767 juffiffe.
1659 718 1836 767 Appianus
1859 717 1998 756 scribit,
2020 717 2152 753 multos

1182 766 1372 804 discurrisse
1385 778 1577 818 quaerentes
1588 793 1596 808 ,
1613 780 1702 804 num
1715 767 1841 803 alicubi
1855 767 1983 803 Cicero
1999 765 2088 802 visus
2100 765 2150 801 es-

1183 815 1229 852 set
1246 829 1253 851 :
1278 829 1431 865 cumque
1450 817 1506 854 alii
1520 816 1767 853 benevolentia
1780 818 1815 853 ὃς
1830 814 2063 853 misericordia
2073 826 2154 862 per-

1184 865 1296 906 moti,
1315 879 1399 902 eum
1417 867 1454 902 in
1473 866 1543 902 alto
1563 865 1628 901 esse
1647 865 1829 905 dixissent,
1853 865 2017 901 clientem
2030 862 2152 899 Clodii

1183 915 1341 951 acerrimi
1353 915 1486 952 inimici
1498 914 1691 956 Ciceronis,
1701 915 1848 963 Popillio
1864 913 1994 951 Laenati
2008 913 2154 949 tribuno

1186 963 1340 1000 militum
1358 963 1519 1000 indicasse
1539 964 1633 1001 viam
1647 990 1657 1005 ‚
1680 977 1749 1012 qua
1759 964 1881 1000 leffica
1893 962 2155 1012 deportabatur,

1185 1024 1227 1047 eo
1249 1012 1352 1049 illum
1375 1013 1533 1062 irrupisse
1557 1036 1567 1051 ,
1599 1015 1635 1049 δε
1656 1025 1739 1049 cum
1760 1012 1877 1050 servos
1901 1012 2006 1060 longe
2026 1010 2154 1060 plures,

1186 1061 1290 1109 qudm
1305 1062 1373 1111 ipse
1386 1063 1503 1099 secum
1515 1062 1661 1098 habebat
1672 1086 1683 1100 ‚
1711 1061 1752 1097 ad
1765 1060 2006 1098 dimicandum
2019 1070 2155 1108 paratos

1187 1110 1322 1147 vidisset
1335 1137 1344 1152 ,
1357 1112 1478 1148 callide
1489 1111 1690 1148 exclamasse
1701 1134 1711 1149 ‚
1725 1111 1876 1147 Tribuni
1890 1136 1899 1152 ,
1914 1110 1974 1159 qui
1986 1110 2024 1146 in
2037 1119 2156 1146 extre-

1189 1171 1248 1194 mo
1261 1160 1401 1208 agmine
1413 1161 1491 1196 sunt
1503 1184 1513 1198 ‚
1534 1159 1778 1208 ingrediantur
1791 1173 1799 1195 :
1825 1171 1903 1196 tum
1915 1161 2030 1195 servos
2040 1157 2155 1206 majo-

1187 1221 1262 1244 rem
1284 1209 1552 1245 multitudinem
1571 1208 1804 1258 exspe&antes
1823 1207 2024 1256 perterritos
2045 1205 2155 1243 fuisse.

1189 1257 1314 1293 Cicero
1328 1284 1337 1299 ,
1359 1258 1405 1294 ait
1419 1256 1577 1294 Aufidius
1595 1257 1708 1294 Bassus
1728 1257 1821 1306 apud
1841 1259 2007 1293 Senecam
2021 1283 2031 1297 ‚
2054 1255 2153 1304 paul-

1189 1306 1264 1342 lum
1286 1318 1424 1343 remoto
1447 1307 1527 1343 velo
1541 1333 1551 1349 ,
1574 1306 1756 1355 postquam
1774 1317 1924 1343 armatos
1944 1305 2032 1343 vidit
2045 1329 2055 1343 ‚
2076 1307 2156 1351 Ego

1190 1367 1274 1392 vero
1288 1355 1438 1392 consisto
1451 1382 1460 1398 ‚
1474 1356 1541 1392 ait:
1565 1355 1687 1392 accede
1701 1366 1862 1392 veterane
1874 1381 1883 1396 ,
1897 1357 1933 1392 δε
1945 1380 1954 1396 ,
1975 1354 1999 1391 fi
2012 1354 2080 1390 hoc
2093 1353 2156 1390 sal-

1186 1415 1259 1440 tem
1271 1416 1365 1452 potes
1379 1404 1472 1441 reste
1485 1405 1596 1442 facere
1606 1432 1616 1447 ‚
1639 1404 1755 1441 incide
1767 1404 1952 1441 cervicem.
1979 1401 2156 1442 trementi,

1187 1453 1313 1490 deinde
1324 1453 1575 1503 dubitantique.
1585 1454 1681 1503 Qid
1695 1452 1720 1489 fi
1732 1453 1774 1491 ad
1788 1466 1856 1495 me,
1869 1451 2156 1501 inquit‚primum

1189 1502 1361 1539 venissetis
1377 1518 1383 1540 ι
1399 1503 1575 1540 Butridius
1590 1506 1702 1551 Niger
1712 1502 1805 1552 apud
1816 1502 1990 1540 eundem:
2017 1499 2157 1549 Elapsus

1190 1551 1332 1588 interim
1353 1553 1456 1589 altera
1472 1563 1566 1601 parte
1583 1552 1674 1589 villae
1687 1553 1813 1588 Cicero
1835 1551 1956 1589 leffica
1976 1562 2037 1599 per
2056 1559 2159 1597 agros

1191 1600 1370 1638 ferebatur.
1398 1601 1454 1637 sed
1478 1612 1517 1638 ut
1540 1601 1628 1638 vidit
1650 1601 1925 1651 appropinquare
1948 1610 2076 1636 notum
2094 1596 2159 1634 fibi

1192 1650 1339 1686 militem
1353 1650 1542 1699 Popillium
1553 1652 1698 1687 nomine
1709 1676 1719 1692 ,
1742 1663 1881 1687 memor
1891 1648 2072 1686 defensum
2084 1648 2102 1684 :i
2113 1647 2158 1688 se,

1191 1699 1322 1736 laetiore
1345 1700 1448 1737 vultu
1471 1699 1599 1748 aspexit
1610 1717 1621 1745 5
1641 1711 1675 1736 at
1695 1699 1774 1738 ille,
1795 1699 1987 1737 vistoribus
2006 1696 2158 1746 idipsum

1190 1748 1421 1795 imputaturus
1445 1760 1594 1798 occupat
1614 1749 1749 1786 facinus
1762 1771 1773 1787 ,
1795 1759 1968 1797 caputque
1987 1746 2156 1786 decisum,

1191 1798 1279 1833 nihil
1291 1798 1327 1835 in
1340 1797 1465 1834 ultimo
1477 1797 1550 1834 fine
1562 1798 1641 1834 vitae
1653 1797 1810 1834 facientis
1823 1821 1833 1836 ‚
1844 1796 1942 1846 quod
1954 1795 2158 1832 alterutram

1189 1848 1225 1883 in
1240 1858 1371 1895 partem
1383 1847 1491 1895 posset
1505 1857 1617 1883 notari
1630 1872 1639 1887 ,
1655 1846 1812 1882 Antonio
1826 1856 1940 1894 portat
1953 1871 1962 1885 ,
1982 1844 2113 1880 oblitus
2125 1841 2160 1879 se

1189 1896 1292 1944 paulo
1313 1907 1392 1932 ante
1414 1895 1594 1933 defensum
1615 1896 1657 1932 ab
1678 1894 1751 1931 illo.
1779 1893 1997 1930 Prominenti
2010 1916 2020 1932 ‚
2040 1891 2160 1941 inquit

1191 1945 1311 1981 Livius
1326 1971 1335 1987 ,
1357 1957 1400 1983 ex
1413 1945 1557 1985 lchica,
1582 1944 1820 1993 praebentique
1843 1943 2027 1978 immotam
2041 1940 2156 1977 cervi-

1189 2006 1267 2030 cem
1279 2020 1289 2035 ,
1315 2004 1417 2041 caput
1435 1994 1615 2043 praecisum
1628 1992 1677 2029 est
1688 2019 1697 2034 ‚
1720 2004 1784 2028 nec
1797 1991 1872 2027 satis
1883 1990 2015 2026 stolidae
2029 1989 2157 2024 crude-

1189 2042 1274 2078 litati
1295 2042 1451 2078 militum
1474 2042 1563 2082 fuit,
1588 2052 1710 2076 manus
1731 2050 1896 2087 quoque,
1920 2036 2080 2085 scripsisse
2092 2037 2156 2074 ali-

1189 2088 1273 2135 quid
1308 2089 1345 2123 in
1372 2090 1570 2124 Antonium
1595 2087 1842 2136 exprobrantes
1866 2112 1876 2128 ,
1911 2085 2157 2134 praeciderunt,

1190 2137 1413 2172 Plutarchus:
1440 2136 1566 2173 Cicero
1585 2147 1746 2173 mentum
1758 2160 1769 2175 ‚
1795 2136 1841 2172 ita
1861 2146 1900 2171 ut
1919 2134 2159 2172 consueverat,

1189 2194 1355 2232 tangens,
1375 2186 1412 2221 in
1426 2185 1678 2233 percussoribus
1704 2185 1826 2220 oculos
1855 2183 2054 2221 constanter
2078 2182 2159 2222 fixit

1190 2233 1354 2282 squaloris
1370 2234 1489 2282 plenus
1504 2260 1514 2276 ,
1537 2236 1571 2271 &
1582 2233 1706 2282 capillo
1724 2232 1868 2269 demisso
1881 2259 1891 2274 ,
1910 2233 2089 2282 macieque
2108 2232 2157 2269 ob

1190 2282 1423 2319 solicitudines
1436 2282 1615 2319 confessus
1625 2308 1634 2324 ‚
1645 2282 1751 2331 usque
1760 2295 1803 2318 eo
1814 2293 1854 2319 ut
1862 2281 2005 2330 plurimi
2016 2284 2155 2319 Heren-

1192 2330 1252 2366 nio
1274 2343 1356 2367 eum
1371 2331 1556 2380 jugulante
1569 2332 1679 2380 capita
1691 2331 1923 2368 obnuberent.
1950 2330 2093 2367 Occisus
2105 2329 2156 2367 est

1191 2379 1344 2427 praebens
1356 2381 1529 2418 cervicem
1539 2392 1636 2417 extra
1647 2380 1823 2420 lecticam,
1837 2392 1921 2417 cum
1938 2378 2156 2427 annumjam

1194 2440 1300 2464 wa.
1322 2440 1448 2478 ageret.
1483 2429 1638 2466 Praecidit
1655 2429 1705 2465 illi
1722 2428 1817 2477 jussu
1831 2429 1978 2466 Antonii
1997 2438 2101 2476 caput
2119 2429 2158 2466 &

1194 2490 1316 2531 manus
1338 2503 1348 2517 ‚
1382 2479 1507 2527 quibus
1531 2478 1730 2527 Philippicas
1753 2478 1934 2526 scripserat.
1969 2477 2090 2516 Vixit,
2108 2477 2160 2514 ait

1195 2527 1316 2563 Livius
1337 2538 1404 2564 tres
1429 2529 1464 2565 &
1487 2539 1547 2564 Lx.
1558 2540 1688 2565 annos:
1710 2538 1771 2566 ut,
1795 2526 1820 2563 si
1839 2527 1889 2563 vis
1910 2525 2092 2564 abfuiffet,
2110 2537 2156 2562 ne

1194 2575 1380 2628 immatura
1404 2577 1546 2626 quidem
1570 2589 1665 2613 mors
1689 2576 1798 2613 videri
1823 2575 1934 2624 possit.
1967 2574 2154 2612 Eusebius:

1196 2624 1320 2661 Cicero
1342 2626 1379 2662 in
1392 2626 1576 2662 Formiano
1600 2626 1659 2662 suo
1681 2626 1722 2661 ab
1735 2625 1916 2662 Herennio
1928 2648 1939 2663 ‚
1964 2623 2156 2669 &Popillio

1196 2674 1367 2710 occiditur
1381 2687 1482 2711 LXIV.
1497 2675 1603 2711 aetatis
1614 2675 1680 2712 suae
1692 2687 1797 2711 ann0.
1825 2673 2002 2722 Appianus
2016 2686 2024 2709 :
2046 2671 2156 2708 Occi-

1196 2722 1231 2757 so
1253 2723 1424 2760 Cicerone
1445 2724 1587 2773 quidam
1609 2724 1705 2773 equis
1719 2748 1730 2763 ‚
1756 2723 1812 2759 alii
1837 2722 1984 2770 navigiis
2007 2720 2158 2758 incitatis

1196 2774 1420 2820 properabant
1433 2774 1588 2810 Antonio
1608 2774 1704 2809 hunc
1724 2773 1892 2809 nuntium
1914 2770 2086 2820 perferre,
2107 2770 2158 2805 ei-

1197 2822 1312 2868 quein
1331 2822 1408 2858 foro
1428 2822 1554 2858 sedenti
1568 2825 1687 2859 Laenas
1700 2831 1802 2869 caput
1813 2823 1848 2858 &
1858 2831 2004 2856 manum
2019 2818 2157 2855 eminus

1197 2869 1346 2907 ostendit
1357 2894 1366 2908 ‚
1385 2884 1456 2919 quo
1469 2871 1526 2907 ille
1537 2871 1688 2907 maxime
1701 2870 1830 2907 laetatus
1843 2893 1854 2908 ‚
1867 2867 2049 2905 tribunum
2061 2866 2158 2903 mili-

1195 2928 1272 2954 tum
1285 2920 1469 2960 coronavit
1480 2946 1488 2961 ‚
1504 2922 1537 2957 ὃς
1546 2922 1634 2955 H-S.
1643 2919 1757 2956 decies
1771 2928 1917 2955 centena
1927 2916 2036 2952 millia
2047 2915 2078 2951 ei
2090 2927 2156 2963 pro

1196 2968 1349 3004 maximo
1362 2968 1505 3016 praemio
1517 2967 1613 3004 dedit
1623 2991 1633 3006 ‚
1654 2968 1750 3017 quod
1762 2967 1942 3004 summum
1953 2967 1989 3002 δε
2000 2963 2158 3001 infensis-

1195 3015 1318 3053 fimum
1331 3016 1430 3057 suum
1440 3017 1622 3053 inimicum
1632 3016 1817 3053 occidisset.
1826 3014 2026 3053 Plutarchus
2038 3027 2046 3049 :
2058 3013 2156 3050 Cum

1195 3066 1350 3103 membra
1368 3065 1548 3102 Ciceronis
1568 3068 1721 3102 Romam
1742 3065 1872 3114 perlata
1893 3062 2020 3101 essent,
2040 3064 2157 3098 Anto-

1194 3114 1270 3154 nius
1281 3141 1291 3158 ,
1303 3114 1362 3165 qui
1375 3124 1453 3154 tum
1465 3113 1556 3154 forts:
1568 3115 1712 3154 comitia
1721 3114 1885 3156 habebat,
1899 3113 1939 3151 iis
1953 3110 2030 3150 visis
2041 3111 2157 3164 excla-

2039 3169 2161 3200 mavit,
