2379 3400
208 2329 218 2354 1
231 2319 247 2351 8
266 2312 486 2344 commodanda
496 2331 504 2345 ‚

243 120 363 183 ,23⁴8
658 105 1157 155 M‘runem

237 211 325 242 eaque
335 196 350 227 ὲ
361 199 383 226 le
391 195 492 234 isiffimo
501 194 610 233 quoque
618 198 628 215 :
638 189 667 216 in
676 197 730 228 quo
740 192 831 213 tamen
842 181 895 222 ipss
907 176 964 209 νηὶ
973 177 1186 218 cumfiztierate,

241 249 372 271 memoria
390 244 498 277 quoque
516 233 653 261 moriatur
670 228 832 267 voluptatu.
857 225 935 252 Bene
948 230 1037 251 ctiam
1055 219 1170 259 colligit
1181 236 1189 250 ‚

242 285 293 311 luc
302 289 388 322 pneris
399 299 406 310 ‚
429 278 462 308 (ἐν
473 271 638 304 Μκιίενειιίη
651 290 658 302 ,
679 270 714 301 &1
728 268 813 308 servis
824 287 832 300 ,
853 260 1193 304 &fervorumfimi'llimu

241 324 329 353 libcru
340 341 347 353 ,
373 318 420 356 effe
433 324 530 357 grata.
549 323 636 354 gravi
648 309 712 340 verb
725 308 849 340 homini,
872 306 907 338 (9-
921 314 965 334 EA
980 313 1061 343 QAE
1075 310 1193 334 ΡιυΝτ,

236 363 345 404 jndicio
356 368 425 389 ccrto
440 350 731 399 ponderanti,probari
747 348 815 392 poffii
823 350 896 378 naun
905 346 991 376 modo.
1012 352 1194 385 quamquam

243 404 426 442 intellig0‚in
440 398 537 429 nostra
548 397 667 426 civitate
679 398 686 413 ¹
702 389 942 428 inveterafl‘ejam
954 388 969 417 a
980 386 1069 417 bonis
1079 394 1196 424 tempo-

243 446 324 476 ribus
336 463 343 476 ,
365 452 396 472 ut
413 440 551 481 splendor
561 436 737 468 aedilitatum
750 433 786 463 ab
799 433 925 472 optimis
939 429 1010 459 viris
1020 426 1194 468 postuletur.

244 490 340 526 itaque
360 485 391 514 ὃ(
412 479 566 513 P-Crass'us
585 480 655 508 ciim
675 476 858 518 cognomine
876 472 980 504 dives,
1000 478 1069 499 tum
1086 469 1193 507 copiis,

185 535 224 567 17
244 527 365 558 siinStus
384 524 426 555 est
445 523 571 553 aedilitio
590 521 727 550 maximo
748 524 881 546 munere.
926 511 1072 551 Etpaullo
1083 509 1150 549 post
1160 511 1195 539 L.

244 567 357 600 Crass'us
375 576 443 597 cum
462 565 606 594 omnium
623 562 785 590 hominum
802 553 1056 587 moderatiffimo,
1076 554 1196 591 QMu-

242 614 291 641 cio
306 631 314 643 ,
340 603 627 649 magnificentiffima
645 602 785 632 aedilitite
802 597 925 628 funerus
942 595 984 626 est
1005 605 1010 624 :
1034 594 1144 624 deinde
1161 594 1195 622 C.

243 652 385 683 Claudius
396 670 403 683 ‚
418 650 504 689 Appii
516 645 597 676 filius
610 657 614 674 ;
631 648 645 664 ²
657 644 744 673 multi
756 640 822 682 post
834 660 841 673 .
854 638 991 670 Luculli,
1007 632 1197 666 Hortensius,

245 695 373 725 Silanus.
398 693 517 721 omneis
529 695 627 718 autem
638 689 668 717 P.
679 684 826 716 Lentulus
838 701 846 715 ‚
859 691 906 710 me
917 679 1040 710 consule
1050 698 1058 711 ,
1069 679 1142 707 vicit
1152 676 1197 705 su—

246 737 387 777 periores
420 734 498 762 hunc
525 729 565 760 est
583 732 705 760 Scaurus
727 727 869 755 imitatus.
904 716 1197 761 Magnificentiffima

246 777 319 807 veto
331 774 423 805 nostri
434 774 571 812 Pompeii
582 778 706 800 munera
716 766 846 798 secundo
856 763 1028 795 consulatu:
1047 763 1080 790 in
1089 759 1198 800 quibus

248 818 393 848 omnibus
404 815 474 856 quid
487 815 562 844 mihi
575 813 702 852 placeat,
715 808 806 839 vides.
830 809 857 836 V
869 816 879 836 t
889 816 908 835 τ
919 815 940 834 Α
952 814 972 833 N
983 814 1002 832 n
1011 813 1033 833 A
1044 811 1144 833 tamen
1154 799 1197 830 est

248 860 375 899 suspicio
392 858 531 888 avaritiae.
563 857 718 884 Mamerco
728 871 736 884 ‚
758 850 878 880 homini
898 843 1042 877 ditissimo
1054 865 1062 877 .
1082 851 1199 883 praeter-

250 900 348 931 musio
363 901 509 929 aedilitatis
522 896 691 927 consulatus
705 892 850 932 repulsam
864 889 971 919 attulit.
994 889 1090 928 Qiare
1106 885 1138 915 &
1149 904 1158 916 .
1182 881 1202 912 si

248 942 413 983 postulatur
427 940 442 970 ὲ
456 940 570 980 populo
579 957 588 971 ,
607 938 695 967 bonis
706 936 778 964 vitis
787 931 807 962 si
819 941 881 962 non
893 927 1122 960 desiderantibus
1133 946 1140 959 ,
1161 934 1202 955 at—

250 994 353 1015 tamen
363 980 594 1023 approbantibus
606 999 614 1012 ,
633 975 803 1008 faciendum
814 973 856 1003 est
867 993 876 1006 ,
891 970 985 1001 modo
995 980 1048 1010 pro
1058 968 1202 999 facultati—

250 1027 324 1060 bus3
337 1023 455 1064 nosipsi
470 1033 500 1053 ut
509 1022 636 1052 fecimus
647 1030 652 1048 2
665 1019 710 1051 &,
722 1015 864 1058 siquando
873 1014 971 1054 aliqua
980 1022 1024 1042 res
1036 1011 1131 1049 major
1140 1029 1148 1042 ,
1159 1017 1203 1038 at-

250 1078 308 1109 que
323 1067 427 1097 utilior
440 1064 574 1105 populari
591 1063 747 1102 largitione
759 1058 937 1098 acquiritur:
957 1063 989 1084 ut
1002 1052 1097 1084 Oresti
1113 1059 1205 1090 nuper

252 1108 374 1150 prandia
387 1109 416 1137 in
431 1108 545 1137 semitis
554 1105 687 1134 decumae
697 1102 824 1131 nomine
834 1106 944 1138 magno
955 1097 1064 1125 honori
1073 1093 1204 1123 fuerunt.

252 1162 291 1181 ne
303 1153 408 1180 Marco
422 1148 546 1189 quidem
557 1148 626 1177 Seio
640 1145 716 1174 vitio
729 1142 831 1172 datum
844 1141 886 1170 est
899 1158 906 1172 ,
923 1142 935 1166 3
948 1137 1030 1178 quod
1044 1138 1076 1165 in
1089 1137 1204 1165 caritate

251 1191 308 1223 asse
327 1191 465 1221 modium
483 1189 594 1230 populo
607 1186 698 1217 dedit.
723 1183 921 1223 magnaenim
935 1180 962 1210 se
976 1200 984 1213 ,
1005 1179 1207 1208 &inveterata

252 1234 369 1264 invidia
379 1253 387 1266 ‚
399 1242 453 1262 nec
463 1233 541 1270 turpi
551 1228 662 1269 ja6tura
673 1248 680 1260 ,
695 1225 814 1267 quando
824 1232 882 1253 erat
892 1221 998 1254 aedilis,
1012 1230 1066 1249 nec
1076 1220 1207 1248 maxima

252 1277 397 1306 liberavit.
422 1273 478 1305 Sed
498 1272 607 1302 honori
627 1270 749 1300 summo
768 1275 862 1306 nuper
880 1262 983 1293 nostro
994 1263 1107 1291 Miloni
1126 1259 1184 1288 fuit
1197 1278 1205 1291 ,

253 1317 337 1358 quod
357 1315 568 1357 gladiatoribus
586 1314 674 1342 emtis
693 1312 764 1348 reip.
785 1307 866 1338 causa
880 1326 888 1340 ,
911 1315 977 1346 quae
997 1304 1087 1334 salute
1107 1301 1207 1331 nostra

255 1358 465 1390 continebatur
476 1376 484 1389 ,
502 1356 624 1385 omneis
635 1351 767 1383 P.Clodii
779 1357 902 1380 conatus
911 1366 920 1380 ‚
939 1345 1111 1384 furoresque
1121 1352 1208 1373 com-

255 1399 362 1442 prcffit.
385 1399 477 1430 Causa
489 1399 578 1438 igitur
591 1395 758 1435 largitionis
771 1391 812 1421 est
823 1411 830 1424 ‚
852 1388 871 1419 si
887 1398 937 1419 aut
948 1385 1063 1418 necess'e
1076 1384 1118 1415 est
1132 1405 1139 1418 ,
1158 1393 1208 1414 aut

253 1443 338 1473 utile.
351 1445 385 1472 ln
401 1442 446 1471 his
461 1449 560 1470 autem
573 1435 639 1478 ipsis
650 1433 862 1465 mediocritatis
873 1431 975 1473 regula
983 1430 1099 1469 optima
1108 1426 1158 1456 cst.
1170 1428 1205 1456 L.

256 1483 380 1525 quidem
393 1483 547 1522 Philippus
556 1483 594 1519 Q.
608 1477 687 1508 filius
697 1497 705 1510 ,
717 1485 826 1516 magno
838 1475 884 1503 vir
893 1474 1016 1512 ingenio
1026 1490 1034 1504 ,
1047 1473 1078 1499 in
1090 1467 1208 1508 primis-

256 1535 317 1566 que
324 1525 419 1555 clarus
430 1543 437 1557 ,
458 1523 576 1564 gloriati
587 1520 717 1551 solebat,
734 1517 828 1558 fefine
837 1517 891 1544 ullo
902 1523 1012 1542 munere
1020 1512 1151 1553 adeptum
1161 1508 1208 1546 effe

257 1567 354 1595 omnia
365 1585 373 1599 ‚
384 1574 443 1605 qim
452 1563 613 1592 haberentur
621 1559 799 1600 ampltffima.
818 1557 934 1587 dicebat
944 1555 1024 1584 idem
1036 1556 1122 1583 Cotta
1131 1570 1139 1584 ‚
1148 1553 1209 1580 Cu-

256 1610 314 1638 rio.
325 1607 423 1636 Nobis
434 1614 553 1646 quoque
564 1605 633 1632 licet
643 1604 675 1631 in
686 1603 741 1630 hoc
750 1596 980 1640 quodammodo
987 1595 1115 1635 gloriari.
1128 1595 1208 1622 Nam

255 1658 311 1690 pro
320 1647 518 1687 amplitudine
530 1646 680 1674 honorum
691 1661 700 1675 ‚
719 1649 795 1682 quos
814 1638 931 1670 cunetis
953 1635 1097 1676 suffragiis
1112 1634 1209 1672 adepti

260 1691 362 1722 sumus
375 1687 459 1724 nostrii
472 1686 595 1728 quidem
609 1694 690 1715 anno
701 1703 709 1717 ‚
728 1680 811 1723 quod
822 1681 948 1720 contigit
959 1687 1065 1708 eorum
1079 1676 1208 1707 nemini,

260 1741 336 1773 quos
349 1728 442 1760 modo
456 1729 634 1760 nominavi,
646 1725 714 1756 sane
724 1725 850 1763 exiguus
861 1721 976 1751 sumtus
986 1718 1136 1749 aedilitatis
1143 1717 1210 1745 fuit.

258 1777 356 1814 Atque
364 1774 454 1802 etiam
465 1770 523 1800 illae
534 1768 675 1808 impensae
699 1765 838 1795 meliores
849 1782 857 1796 ,
879 1764 977 1794 muri,
998 1759 1130 1791 navalia,
1142 1767 1211 1797 por-

261 1824 308 1846 tus
319 1835 326 1848 ,
347 1822 488 1854 aquarum
499 1810 608 1841 duetus
620 1829 628 1842 ,
642 1810 804 1846 omniaque
816 1824 825 1838 ,
842 1814 908 1844 quae
918 1803 952 1832 ad
964 1802 1049 1831 usum
1061 1802 1132 1838 reip.
1145 1808 1212 1838 per·

259 1859 366 1887 tinent.
389 1861 570 1896 quamquam
585 1850 666 1891 quod
679 1847 804 1889 praesens
817 1854 970 1884 tamquam
985 1845 1016 1872 in
1032 1851 1151 1871 manum
1163 1840 1213 1868 da-

260 1906 318 1931 tur,
331 1895 487 1934 jucundius
496 1893 554 1924 est:
566 1901 667 1923 tamen
680 1893 741 1920 haec
751 1891 783 1918 in
796 1886 945 1928 posterum
957 1886 1091 1926 gratiora.
1113 1883 1212 1912 Thea-

260 1949 304 1971 tra
317 1960 324 1973 ‚
336 1940 467 1978 porticus
477 1956 485 1969 ‚
497 1945 575 1965 nova
586 1934 696 1973 templa
707 1952 715 1964 ‚
726 1928 924 1961 verecundius
935 1924 1133 1967 reprehende,
1145 1933 1215 1964 pro-

260 1990 325 2022 ptei·
333 1981 513 2020 Pompeium
527 1988 532 2006 :
547 1976 596 2007 sed
607 1972 770 2005 doeiiffimi
782 1981 844 2001 non
857 1968 974 2012 probant
986 1989 994 2001 ‚
1010 1977 1042 1997 ut
1053 1967 1085 1997 &
1098 1968 1145 1996 hie
1155 1965 1216 2005 ipse

262 2024 408 2054 Panaetius
419 2041 428 2055 ,
447 2029 537 2061 quem
550 2017 683 2048 multum
699 2020 716 2043 4
727 2025 757 2045 in
770 2014 815 2043 his
826 2014 910 2042 libris
920 2012 1034 2042 secutus
1046 2009 1111 2039 sum
1125 2028 1133 2041 ‚
1151 2017 1216 2037 non

262 2067 468 2104 interpretatus
489 2072 494 2090 ε
524 2061 556 2091 &
573 2059 727 2090 Phalereus
746 2055 921 2086 Demetrius
940 2073 949 2086 ,
979 2053 1030 2093 qui
1048 2050 1191 2081 Periclem
1206 2069 1214 2082 ‚

262 2108 429 2147 principem
445 2104 566 2133 Graeciae
583 2103 730 2140 vituperat
743 2118 751 2132 ‚
772 2095 854 2138 quod
873 2104 986 2125 tantam
1003 2093 1163 2133 pecuniam
1182 2093 1216 2120 in

263 2148 399 2188 praeclaia
417 2146 466 2176 illa
484 2143 631 2184 propylaea
650 2141 821 2180 conjecerit.
845 2137 901 2168 Sed
912 2136 948 2166 de
959 2137 1016 2165 hnc
1025 2143 1132 2176 genere
1141 2142 1216 2168 toto,

264 2192 296 2219 in
309 2191 344 2219 iis
357 2188 440 2217 libris
452 2199 460 2220 3
480 2195 554 2227 quos
569 2185 604 2214 de
616 2183 718 2223 repub.
729 2178 825 2220 scripsi
836 2200 844 2213 ‚
862 2179 1021 2220 diligenter
1034 2175 1076 2205 est
1088 2175 1217 2213 disputa-

265 2240 341 2262 tum.
363 2232 441 2260 Tota
453 2232 459 2257 i
485 2237 540 2258 itui·
551 2228 626 2256 ratio
636 2225 741 2255 talium
753 2223 942 2264 largitionum
956 2239 963 2252 ‚
975 2227 1098 2260 genere,
1111 2216 1219 2245 vitiosa

266 2272 309 2302 est
321 2279 456 2312 :tempori
478 2278 510 2297 m
520 2288 528 2302 ,
540 2265 695 2298 necess'aria
707 2278 715 2300 3
732 2265 764 2295 &
774 2273 839 2294 tum
852 2262 912 2302 ipsa
924 2261 956 2291 &
966 2261 1001 2290 ad
1012 2259 1162 2289 facultates
1172 2267 1218 2287 ac-

517 2311 548 2340 &
559 2309 763 2339 mediocritate
774 2303 956 2335 moderanda
965 2301 1017 2332 est.
1057 2303 1093 2330 In
1103 2300 1158 2329 illo
1167 2309 1217 2328 au-

265 2365 327 2386 tem
346 2355 438 2385 altero
456 2361 563 2393 genere
575 2348 717 2392 largiendi
729 2369 737 2382 ,
758 2345 1046 2388 quodalibcralitate
1055 2339 1219 2382 proficisci-

1231 101 1776 148 Cictznouts

1224 188 1270 208 tur
1283 197 1291 210 ,
1313 187 1375 208 non
1391 186 1453 207 urio
1468 176 1562 207 modo
1576 179 1608 206 in
1622 176 1785 217 disparibus
1797 180 1887 211 causis
1899 180 1996 212 aste&
2011 180 2068 213 esse
2087 182 2180 213 debe·

1229 229 1305 266 mus.
1330 219 1396 249 Alia
1406 219 1488 266 causa
1496 218 1538 248 est
1548 219 1611 257 ejus
1622 238 1630 252 ‚
1650 219 1874 260 quicalamitate
1885 226 2028 261 premitur
2039 244 2047 257 ,
2060 224 2092 254 &
2103 225 2177 263 ejus,

1230 271 1281 301 qui
1303 270 1346 290 res
1366 261 1506 290 meliores
1525 262 1651 300 quaerit,
1673 260 1765 290 nullis
1781 262 1841 291 suis
1852 264 1938 293 rebus
1952 265 2085 295 adversis.
2109 268 2181 296 Pro-

1231 301 1537 348 pensior'benignitas
1557 299 1613 331 effe
1630 301 1752 332 debebit
1771 304 1802 332 in
1821 303 2013 344 calamitosis,
2029 305 2082 336 nifi
2102 305 2179 336 forte

1231 353 1317 374 erunt
1334 343 1419 385 digni
1436 343 1609 374 calamitate.
1634 345 1666 372 in
1680 344 1727 372 his
1736 352 1837 374 tamen
1850 364 1858 378 ‚
1875 348 1927 385 qui
1940 346 1968 376 se
1982 347 2111 385 adjuvari
2125 357 2180 377 vo·

1232 387 1293 415 lent
1302 405 1310 419 ,
1326 395 1389 414 non
1400 395 1432 414 ut
1443 394 1479 414 ne
1490 383 1667 425 affligantur,
1679 384 1727 414 sed
1739 395 1770 416 ut
1779 386 1915 416 altiorem
1926 387 2046 426 gradum
2058 389 2090 419 ad
2097 390 2181 419 scen-

1232 427 1302 457 dant
1314 447 1322 460 ,
1345 425 1471 457 restriEfi
1486 436 1617 456 omnino
1629 424 1686 455 esse
1698 427 1784 457 nullo
1795 427 1890 457 modo
1906 427 2067 458 debemus:
2088 430 2134 460 sed
2148 432 2182 460 in

1232 469 1399 517 deligendis
1410 469 1529 498 idoneis
1537 467 1699 506 judicium,
1712 467 1744 498 &
1753 468 1942 510 diligentiam
1953 469 2100 500 adbibere·
2112 481 2182 502 nam

1233 511 1371 550 praeclare
1387 511 1503 540 Ennius
1519 519 1525 538 z

1327 550 1477 591 Benefasta
1485 549 1558 579 male¹
1569 550 1660 580 locata
1669 571 1676 584 ,
1686 551 1838 591 malefasta
1845 551 1976 582 arbitror.

1234 593 1324 641 Qod
1337 602 1436 637 autem
1452 593 1600 622 tributum
1614 592 1656 622 est
1670 593 1753 623 bono
1766 597 1831 624 viro
1846 594 1878 624 &
1890 604 1972 634 grato
1992 614 2001 627 ‚
2023 595 2054 624 in
2067 603 2104 624 eo
2115 592 2186 625 cum

1234 645 1272 680 eie
1283 635 1346 674 ipso
1356 634 1470 664 rruStus
1481 633 1522 680 es}
1532 654 1541 667 ,
1568 643 1633 664 tum
1644 637 1733 664 etiam
1745 646 1783 666 ex
1792 637 1906 666 ceteris.
1928 637 2093 666 temeritate
2104 637 2188 666 enim

1234 685 1367 723 remota,
1388 675 1568 716 5gratiss1ma
1587 675 1630 705 est
1645 676 1821 707 liberalitas:
1842 687 1939 718 coque
1949 687 2015 707 eam
2026 675 2186 707 studiosius

1234 719 1368 758 plerique
1379 718 1499 748 laudant
1509 738 1517 751 ,
1537 716 1620 758 quod
1636 728 1750 748 summ
1767 728 1937 758 cojosQE
1951 718 2070 748 bonitas
2081 737 2089 751 ,
2103 727 2192 748 com·

1236 770 1329 806 mune
1342 758 1510 807 perfugium
1523 759 1565 789 est
1582 762 1735 789 omnium.
1759 761 1864 791 Danda
1878 762 1966 801 igitur
1979 769 2065 800 opera
2075 758 2117 789 est
2129 778 2138 793 ‚
2158 768 2191 789 ut

1236 802 1281 849 his
1295 802 1446 831 benehciis
1458 802 1547 841 quam
1564 801 1712 840 plurimos
1723 800 1887 832 afficiamus
1898 822 1906 835 ,
1925 812 2055 842 quorum
2070 810 2192 830 memo-

1237 853 1278 873 ria
1296 843 1398 873 liberis
1414 843 1596 890 posterisque
1607 843 1747 882 prodatur
1759 864 1767 878 ,
1792 853 1824 874 ut
1835 846 1872 873 iis
1882 845 2001 885 ingratis
2011 841 2069 872 ess‘c
2080 853 2142 872 non
2154 842 2193 872 li-

1238 894 1308 915 ceat.
1318 929 1322 933 ι
1332 895 1387 931 olm
1398 895 1418 933 ‚N
1431 895 1470 915 ες
1485 894 1568 914 enim
1580 886 1796 915 immemorem
1808 884 1946 915 beneficii
1957 885 2086 916 oderunt
2096 893 2192 914 :eam-

1239 936 1295 966 que
1316 936 1455 966 inJuriam
1478 924 1535 955 ⁶in
1552 926 1725 957 deterrenda
1739 927 1911 957 liberalitate
1929 924 1982 957 fibi
1999 929 2088 956 etiarn
2104 924 2191 959 fieris

1240 977 1368 1009 eumque
1380 988 1388 1001 ,
1409 970 1459 1008 qui
1478 967 1565 998 faciat
1576 987 1585 1001 ‚
1603 978 1801 998 communem
1816 967 1932 998 hostem
1951 970 2123 998 tenuiorum
2135 977 2192 1006 pu-

1240 1019 1314 1057 tant.⁸
1335 1014 1433 1050 Atque
1447 1011 1507 1039 haec
1518 1010 1683 1050 benignitas
1694 1012 1783 1040 etiam
1798 1019 1869 1049 reip.
1883 1010 1964 1040 utilis
1974 1009 2017 1039 est
2027 1029 2035 1042 ‚
2056 1008 2164 1038 redimi
2174 1007 2192 1038 ὲ

1242 1052 1380 1098 servitute
1391 1060 1501 1091 captos,
1513 1051 1686 1090 locupletari
1697 1053 1847 1082 tenuiores
1860 1051 1957 1092 :quod
1966 1051 2089 1092 quidem
2100 1049 2192 1091 vulgo

1241 1093 1362 1140 solitum
1382 1091 1446 1122 fieri
1463 1093 1500 1122 ab
1517 1093 1624 1122 ordine
1643 1092 1746 1123 nostro
1764 1096 1796 1123 in
1810 1095 1946 1123 oratione
1957 1090 2042 1122 Craffi
2052 1092 2194 1132 scripturn

1242 1136 1367 1182 copiose,
1377 1134 1525 1180 videmus.
1550 1137 1636 1164 Hanc
1650 1145 1721 1176 ergo
1731 1133 1978 1165 consuetudinem
1989 1134 2195 1173 benignitatis,

1242 1182 1412 1224 marginem
1423 1185 1570 1205 munerum
1582 1176 1670 1217 longe
1682 1186 1841 1216 antepono.
1866 1177 1929 1206 haec
1941 1175 1981 1206 est
1994 1176 2127 1216 gravium
2140 1175 2196 1203 ho·

1245 1228 1364 1265 minum
1376 1238 1385 1252 ,
1406 1227 1492 1258 atque
1503 1227 1681 1259 magnorum
1697 1229 1702 1247 ;
1723 1214 1736 1237 ⁸
1748 1219 1798 1248 illa
1816 1216 1895 1258 quasi
1913 1216 2120 1248 assentatorum
2142 1225 2198 1255 po-

1242 1261 1324 1300 puli,
1345 1259 1551 1289 multitudinis
1562 1260 1714 1289 levitatem
1735 1262 1888 1299 voluptate
1906 1257 1984 1299 quasi
1997 1258 2196 1288 titillantium.

1244 1304 1414 1349 Conveniet
1434 1311 1533 1331 autem
1551 1301 1622 1331 cum
1640 1304 1673 1331 'in
1687 1302 1785 1332 dando
1797 1299 1979 1331 munificum
1989 1297 2047 1330 effe
2059 1319 2068 1332 ‚
2088 1308 2152 1329 tum
2163 1300 2198 1328 in

1243 1344 1393 1386 exigendo
1404 1353 1468 1373 non
1478 1344 1617 1373 acerbum
1630 1354 1635 1372 ;
1650 1345 1682 1372 in
1692 1346 1838 1384 omnique
1851 1353 1879 1372 re
1889 1341 2090 1372 contrahenda
2102 1360 2111 1374 ‚
2123 1349 2199 1370 ven-

1246 1387 1346 1430 dendo
1357 1405 1364 1418 ,
1375 1385 1506 1415 emendo
1518 1404 1526 1418 ,
1535 1385 1734 1415 conducendo
1746 1405 1753 1418 ‚
1766 1385 1893 1415 locando
1906 1396 1914 1418 ς
1925 1387 1940 1411 9
1952 1382 2153 1413 vicinitatibus
2163 1381 2198 1412 &

1244 1430 1386 1458 conhniis
1398 1446 1407 1459 ‚
1428 1436 1548 1467 aequum
1559 1446 1568 1460 ,
1587 1427 1620 1456 δε
1630 1427 1749 1457 facilem
1762 1438 1771 1460 5
1792 1426 1885 1456 multa
1899 1426 2003 1455 multis
2016 1424 2130 1459 dejure
2144 1419 2197 1453 suo

1244 1469 1399 1516 cedentem
1414 1480 1419 1497 :
1440 1472 1456 1499 a
1474 1469 1578 1498 litibus
1595 1467 1667 1497 vero
1679 1488 1687 1501 ‚
1706 1476 1851 1508 quantum
1873 1467 1976 1499 liceat,
1998 1466 2031 1496 &
2044 1466 2146 1495 nescio
2159 1473 2198 1494 an

1246 1512 1346 1551 paullo
1365 1512 1431 1548 plus
1450 1512 1538 1539 etiam
1558 1519 1646 1549 quam
1661 1509 1764 1542 liceat,
1787 1509 2011 1538 abhorrentem.
2043 1506 2094 1536 Est
2109 1507 2196 1536 enim

1249 1562 1312 1582 non
1332 1550 1426 1580 modo
1443 1551 1560 1580 liberale
1571 1570 1579 1583 ‚
1602 1560 1767 1581 PAULLUM
1783 1558 2012 1588 nonnumquam
2025 1547 2060 1577 de
2072 1548 2198 1587 suojui·e

1246 1591 1407 1624 decedere,
1428 1591 1474 1622 sed
1487 1591 1640 1621 interdum
1660 1594 1749 1622 etiam
1761 1591 1958 1621 fruCtuosum·
1983 1589 2127 1619 Habenda
2145 1597 2198 1618 au-

1245 1643 1306 1681 tem
1317 1633 1360 1663 est
1370 1635 1443 1662 ratio
1453 1636 1493 1662 rei
1505 1631 1677 1666 familiaris,
1688 1643 1776 1673 quam
1786 1632 1909 1672 quidem
1917 1631 2011 1661 dilabi
2022 1629 2114 1660 sinere
2124 1649 2132 1663 ‚
2145 1628 2198 1659 fla-

1246 1676 1388 1722 gitiosum
1400 1674 1457 1704 est:
1470 1674 1567 1703 sedita
1579 1694 1587 1707 ,
1601 1683 1632 1704 ut
1642 1675 1847 1704 illiberalitatis
1857 1693 1865 1707 ,
1878 1674 2062 1712 avaritiaeque
2072 1670 2141 1701 absit
2152 1670 2200 1701 su-

1248 1719 1349 1763 spicio.
1373 1714 1456 1745 Posse
1473 1718 1556 1744 enim
1577 1716 1752 1745 liberalitate
1767 1717 1830 1748 uti,
1850 1724 1914 1744 non
1924 1714 2099 1753 spoliantem
2112 1713 2139 1742 se
2148 1721 2201 1751 pa-

1246 1760 1404 1789 trimonio,
1415 1757 1561 1786 nimirum
1574 1758 1598 1785 is
1608 1755 1649 1786 est
1659 1758 1792 1796 pecuniae
1802 1754 1916 1786 fruetus
1928 1756 2090 1785 maximus.
2101 1752 2198 1784 Reae

1249 1801 1340 1846 etiam
1359 1797 1593 1837 aTheophrasto
1611 1796 1655 1827 est
1673 1798 1787 1828 laudata
1807 1797 1988 1837 hospitalitas.
2012 1794 2054 1826 est
2064 1796 2144 1825 enim
2157 1795 2202 1833 (ut

1250 1843 1328 1888 mihi
1346 1840 1468 1881 quidem
1489 1840 1619 1878 videtur)
1630 1839 1715 1869 valde
1733 1840 1876 1870 decorum
1888 1858 1896 1872 ,
1917 1847 2013 1878 patere
2024 1837 2134 1867 domos
2146 1839 2203 1866 ho-

1251 1892 1371 1913 minurn
1384 1880 1546 1911 illustrium
1557 1880 1723 1911 illustribus
1732 1881 1915 1920 hospitibus:
1931 1880 2020 1920 idque
2030 1880 2119 1908 etiam
2130 1879 2203 1918 reip.

1251 1924 1293 1955 est
1303 1932 1484 1953 ornamento
1495 1943 1503 1956 ‚
1523 1924 1664 1953 homines
1684 1931 1823 1953 exrernos
1837 1924 1895 1952 hoc
1911 1921 2093 1952 liberalitatis
2110 1928 2204 1959 gene-

1251 1976 1281 1996 re
1299 1968 1331 1995 in
1351 1966 1422 1995 urbe
1442 1964 1540 1995 nostra
1559 1974 1622 1994 non
1641 1974 1734 2005 egere.
1759 1963 1809 1994 Est
1826 1973 1925 1995 autem
1939 1964 2028 1993 etiam
2043 1962 2205 1992 vehemen-

1251 2017 1293 2055 ter
1305 2009 1377 2038 utile
1395 2009 1451 2040 iis,
1471 2010 1522 2047 qui
1540 2005 1663 2036 honeste
1683 2004 1767 2046 pofl'e
1784 2006 1915 2036 multum
1937 2005 2062 2037 volunt,
2081 2012 2132 2043 per
2148 2003 2206 2032 ho-

1234 2066 1235 2071 =
1251 2050 1338 2090 spires
1366 2048 1442 2089 apud
1466 2058 1606 2079 externos
1623 2048 1751 2088 populos
1770 2048 1867 2078 valere
1886 2046 1996 2087 opibus
2012 2065 2020 2080 ‚
2055 2045 2087 2075 &
2106 2045 2206 2085 gratia.

1253 2090 1476 2131 Theophrastus
1488 2089 1610 2130 quidem
1623 2090 1723 2120 scribit
1733 2109 1741 2124 ,
1762 2092 1924 2120 Cimonem
1938 2088 2063 2118 Athenis
2073 2087 2162 2116 etiam
2173 2087 2206 2116 in

1252 2134 1321 2164 suos
1339 2133 1477 2162 curialeis
1487 2131 1624 2162 Laciadas
1642 2132 1821 2170 hospitalem
1839 2128 1936 2160 fuiss'e.
1959 2132 1999 2160 ita
2016 2130 2101 2159 enim
2120 2126 2207 2158 insti-

1254 2173 1339 2205 tuisse
1349 2194 1357 2208 ‚
1371 2174 1403 2204 Sc
1413 2174 1523 2203 villicis
1535 2171 1722 2213 imperaviss'e
1733 2193 1741 2208 ,
1754 2182 1786 2203 ut
1795 2174 1899 2202 omnia
1909 2171 2128 2211 praeberentun
2141 2170 2208 2210 qui·

1252 2225 1383 2256 cumque
1394 2215 1533 2245 Laciades
1544 2216 1576 2245 in
1593 2215 1694 2245 villam
1707 2215 1787 2245 suam
1799 2213 1976 2244 devertiss'et.
2022 2215 2094 2252 Qae
2104 2219 2204 2241 autem

1255 2267 1343 2298 opera
1353 2277 1362 2291 ‚
1383 2266 1446 2286 non
1459 2257 1614 2298 largitione
1625 2276 1634 2290 ‚
1654 2255 1799 2287 beneficia
1808 2255 1915 2286 dantur
1925 2275 1933 2288 ,
1949 2256 2011 2284 haec
2022 2263 2086 2283 tum
2096 2254 2128 2282 in
2139 2254 2208 2282 uni-

1254 2299 1367 2329 versam
1388 2308 1484 2338 remp.
1495 2308 1560 2328 turn
1573 2300 1604 2328 in
1616 2297 1746 2340 singulos
1755 2299 1848 2328 civeis
1857 2295 2065 2327 conferuntur.
2089 2303 2158 2324 nam
2176 2295 2210 2324 in

1237 2367 1239 2372 .
1249 2342 1316 2382 jure
1325 2349 1426 2371 cavere
1436 2360 1446 2375 ,
1460 2339 1586 2371 consilio
1593 2341 1707 2380 juvare,
1720 2349 1805 2381 atque
1817 2340 1875 2369 hoc
1885 2338 2013 2369 scientiae
2024 2345 2130 2377 genere
2140 2344 2211 2406 prs}-

2132 2377 2167 2406 de
2195 2385 2212 2406 e

277 2426 2213 2446 W

266 2458 412 2485 annotasset
422 2455 583 2483 Gulielmius
595 2453 682 2479 haberi
693 2453 773 2478 etiam
784 2452 810 2477 in
825 2449 956 2476 veteribus
974 2448 1024 2474 suis
1037 2450 1067 2474 F.
1079 2449 1105 2473 8<
1117 2449 1152 2473 D.
1174 2456 1220 2473 nc-

269 2503 321 2529 quc
332 2494 409 2520 :iliter
419 2492 477 2519 sane
487 2491 571 2518 editio
581 2490 710 2525 princeps.
721 2497 780 2514 iiam
793 2486 941 2522 sequeiiteS,
951 2485 986 2510 ad
992 2485 1061 2509 breve
1072 2485 1222 2517 exiguumque

268 2538 358 2563 rempm
367 2530 445 2559 duret,
456 2527 552 2561 eaquezi
563 2528 668 2559 lniffimo
677 2533 763 2558 quoqne
772 2532 849 2549 animo
859 2524 901 2547 :ln
910 2530 964 2555 quo,
974 2521 1025 2550 (lyr.

313 2575 333 2592 ι.
354 2564 497 2597 Inveni-affe
508 2564 561 2596 jam
579 2561 595 2587 ti
615 2560 703 2594 honix]
725 2560 767 2585 Sic
785 2562 800 2585 ὁ
812 2557 993 2592 Langianis&
1015 2557 1045 2582 F.
1057 2556 1092 2581 D.
1112 2553 1220 2580 Guliel-

270 2602 351 2627 mius.
372 2601 473 2636 vulgati
486 2608 536 2625 non
548 2598 642 2624 habent
653 2595 721 2622 illud
730 2604 755 2621 a.
767 2595 793 2621 in
805 2594 918 2620 Palatin.
929 2592 1009 2628 prim.
1020 2591 1056 2617 est
1068 2610 1075 2622 ,
1085 2593 1139 2617 im.
1150 2593 1222 2615 etiam

268 2638 350 2670 hams,-
369 2636 438 2670 quod
450 2635 527 2662 alteri
540 2633 596 2661 fere
614 2632 796 2669 praeposuerim
810 2640 818 2662 5
839 2630 931 2665 utique
949 2637 1007 2654 cuni
1020 2626 1089 2653 idem
1102 2635 1164 2653 mox
1176 2627 1222 2653 ha-

273 2672 331 2698 beut
339 2674 506 2705 soseularerur.

308 2717 336 2733 2.
356 2710 432 2735 Multi
439 2710 497 2740 pofl,
507 2704 626 2738 Luculli]
643 2702 758 2739 Expressi
770 2701 923 2737 scripturam
935 2700 1117 2727 palatinorum
1127 2697 1224 2725 confir-

274 2751 368 2769 matam
381 2743 512 2769 veteribus
525 2742 618 2776 Langii
631 2740 716 2766 libris.
727 2738 818 2773 vulgg.
830 2738 953 2763 Lucullm.

312 2787 336 2814 3.
357 2780 422 2811 Qud
436 2783 461 2804 in
479 2782 583 2804 caritate
599 2777 665 2810 effa]
686 2775 792 2810 Vulgari
805 2773 861 2800 fere
880 2775 984 2799 caritate
1002 2781 1098 2798 annona
1106 2772 1161 2803 qffb.
1181 2769 1222 2795 sed

274 2822 327 2840 vox
339 2823 368 2840 ea
378 2814 462 2840 media
472 2823 522 2840 non
535 2820 640 2849 apparet
657 2812 684 2838 in
697 2811 826 2837 Paiaz.1›.
840 2810 868 2835 F.
889 2809 945 2835 imo
957 2817 988 2834 ne
998 2808 1023 2833 iii
1035 2808 1153 2833 editione
1164 2806 1223 2841 qui-

274 2848 334 2889 dcin
348 2850 466 2875 Romana
485 2850 580 2885 primi.
600 2857 679 2884 quare
691 2849 717 2873 δε
733 2847 794 2881 jure
812 2844 923 2871 exclusit
942 2843 994 2870 suis
1007 2843 1142 2869 Vigtorius
1154 2861 1162 2874 ,
1182 2841 1224 2868 sed

274 2883 371 2911 deinde
381 2885 475 2923 iterum
487 2884 679 2919 ii·i·epsit‚culpd
690 2891 780 2909 eorum
793 2880 888 2916 quibus
899 2880 963 2906 nihil
976 2879 1036 2906 satis
1046 2886 1165 2915 apertum
1177 2878 1225 2910 est,

276 2919 323 2948 nisi
334 2921 359 2946 δι
371 2920 506 2955 superfiuis
516 2919 731 2946 circumvalletur
743 2918 859 2944 vocibus.

311 2959 386 2996 4.·I-n
400 2956 434 2981 his
443 2955 632 2989 llbi'isficmm]
654 2955 788 2981 Palatinus
800 2952 900 2987 refugit
910 2951 1065 2987 particulam
1076 2952 1102 2976 in
1113 2959 1121 2980 3
1131 2950 1159 2976 &
1172 2959 1224 2976 non

277 2999 443 3030 requiritur.-
455 3000 513 3029 mox
526 2990 610 3025 sci-ipsi
621 3001 664 3016 non
671 2992 772 3023 probam
782 2998 828 3026 pro
842 2987 943 3024 vulgari
953 2989 1097 3020 improbant,
1107 2985 1224 3012 volenti-

276 3027 323 3055 bus
334 3026 394 3053 edd.
407 3035 497 3061 primis
508 3026 534 3051 8<
548 3026 603 3052 mss.
615 3027 718 3052 nostris.

315 3072 341 3096 5.
369 3063 502 3101 Gratfflma
521 3063 555 3086 ef?
580 3061 748 3094 libri-aliiae]
779 3061 831 3086 Vix
852 3059 916 3086 mihi
935 3059 1000 3093 eripi
1021 3057 1103 3094 potest
1116 3076 1124 3088 ,
1151 3057 1225 3092 pejo-

274 3106 330 3125 rem
343 3098 393 3124 ell'e
412 3097 564 3133 scripturam
583 3096 678 3121 codicis
692 3096 802 3122 Palatini
815 3096 892 3130 prim.
906 3097 1054 3128 grati-filma.
1074 3094 1226 3119 examinent

272 3141 330 3162 cam
344 3133 430 3162 ,modo
449 3132 586 3161 otiosiores
606 3151 614 3165 ‚
641 3131 833 3166 conseruitque
851 3140 910 3158 cuin
929 3131 966 3158 eis
985 3139 1044 3165 quse
1062 3129 1140 3158 habet
1158 3129 1182 3155 T
1185 3128 1227 3155 iil-

1262 2446 1313 2472 lius
1324 2445 1430 2480 capitnli
1442 2445 1518 2479 hujus
1529 2445 1628 2470 medio.

1295 2481 1326 2522 .⁶·
1345 2484 1374 2506 171
1393 2482 1532 2507 deterrenda
1540 2479 1710 2513 liberalitate]
1733 2480 1846 2515 Elegaiis
1860 2478 1956 2514 figura.
1976 2477 2111 2504 Palatinus
2124 2482 2212 2503 tamen

1262 2526 1341 2553 prim.
1352 2517 1486 2542 deterrenda.
1505 2516 1547 2543 cui
1566 2516 1672 2552 quidem
1685 2526 1735 2543 non
1751 2514 1907 2551 adquiesc03
1927 2514 2013 2541 solum
2033 2513 2113 2539 modo
2125 2511 2213 2538 indico

1262 2552 1297 2579 ob
1309 2553 1408 2593 Aldum
1420 2553 1556 2593 ¹Nepotem
1570 2571 1578 2584 ,
1598 2551 1801 2588 quihujusmodi
1812 2550 1967 2588 scripturam
1985 2556 2078 2577 extare
2097 2554 2175 2584 negat
2184 2547 2211 2574 in

1262 2588 1396 2616 veteribus
1409 2588 1495 2615 libris.

1297 2633 1326 2659 7.
1345 2627 1478 2658 Largfiioni
1496 2633 1617 2650 munerum
1634 2624 1695 2657 lang&
1712 2623 1848 2657 antepono]
1869 2621 2006 2650 Manutius
2025 2626 2103 2656 negat
2121 2625 2210 2644 vocem

1258 2662 1319 2694 lunge
1338 2661 1446 2701 reperit-'i
1466 2661 1491 2686 in
1511 2660 1706 2696 exemplaribus
1718 2660 1822 2686 vetustis
1836 2678 1844 2690 ,
1862 2657 2047 2692 invefihimque
2065 2655 2174 2691 primam
2194 2653 2211 2679 i

1262 2696 1393 2724 Lambiiio
1404 2695 1466 2736 ‚led
1477 2696 1598 2722 fallitur:
1621 2694 1817 2731 repraesentavit
1835 2695 1905 2722 euim
1924 2695 1952 2720 δε
1962 2694 2055 2719 Petrus
2067 2687 2212 2719 vi'etorins,

1262 2741 1388 2768 extatque
1398 2732 1494 2758 diserte
1506 2732 1531 2758 iii
1543 2731 1664 2758 Palatino
1675 2740 1715 2768 pr.

1264 2804 1310 2831 nisi
1322 2806 1337 2830 a
1358 2813 1434 2829 manu
1456 2811 1614 2830 recentiore.
1636 2812 1719 2839 neque
1738 2801 1881 2829 admodum
1900 2798 2054 2835 requiiitur.
2073 2796 2131 2823 imo
2149 2796 2211 2821 cum

1265 2849 1327 2867 mox
1340 2847 1484 2875 repetatur,
1501 2849 1533 2866 iie.
1550 2839 1695 2875 requiritur
1705 2838 1825 2874 quidem.

1300 2884 1329 2911 9.
1349 2877 1538 2907 minuamur,
1556 2875 1624 2909 ἀι]
1645 2875 1688 2901 Sic
1708 2873 1765 2900 mss‘.
1784 2880 1889 2909 quoque
1908 2868 2008 2899 nostri,
2029 2866 2079 2893 sinc
2096 2868 2132 2892 in.
2157 2865 2215 2892 Eis-

1263 2911 1323 2938 dem
1335 2911 1486 2937 ausim-ibus
1496 2911 1582 2937 statim
1593 2919 1649 2937 eam
1662 2909 1737 2936 rescri
1761 2908 1776 2934 si
1788 2927 1796 2940 ,
1819 2907 1846 2932 Ae
1856 2908 1911 2939 jure
1921 2906 1966 2938 suo
1975 2903 2118 2928 credentem.-
2138 2909 2214 2929 tanto

1265 2947 1439 2974 confidentius
1452 2966 1460 2978 ,
1480 2946 1550 2982 quod
1571 2947 1608 2973 ita
1628 2945 1730 2981 publica
1752 2951 1778 2970 et
1797 2941 1949 2969 Vmor-iun
1980 2939 2036 2965 imo
2057 2939 2084 2963 ῧε
2104 2938 2150 2964 ille
2169 2937 2213 2973 qui

1267 2985 1360 3010 Romae
1378 2984 1495 3019 primum
1518 2982 1637 3016 vulgavit
1654 2981 1735 3006 libros
1753 2977 1786 3003 de
1805 2975 1908 3004 Officiis
1920 2995 1927 3006 ‚
1954 2984 2024 3001 :inno
2043 2983 2116 3000 cccc
2128 2982 2214 3001 cxix.

1266 3019 1362 3047 exinde
1381 3019 1432 3045 cusi
1445 3038 1452 3050 ‚
1472 3018 1634 3044 concedi-ntem.
1667 3017 1811 3041 meinhart-s
1828 3013 1857 3044 ὼ·
1875 3013 1976 3046 confinia
1993 3010 2063 3036 dixit
2083 3019 2131 3046 pro
2152 3009 2216 3036 vici-

1266 3056 1304 3082 nis
1323 3065 1352 3081 :ic
1371 3054 1534 3081 confinibus:
1559 3048 1780 3086 quemadmodum
1799 3048 1862 3074 alibi
1874 3046 1960 3082 pallini
1977 3046 2088 3082 legimus
2101 3064 2109 3077 ,
2128 3047 2216 3071 matri-

1263 3095 1359 3123 monia,
1371 3092 1494 3124 semina,
1519 3089 1630 3114 convivia
1642 3105 1650 3118 ‚
1677 3085 1737 3113 loco
1755 3084 1946 3117 convivarum,
1965 3082 2098 3110 servorum
2112 3100 2121 3114 ,
2149 3089 2218 3107 uxo-

1267 3135 1390 3163 rumque.

2164 3152 2223 3178 idn

2230 2220 2270 2254 19

1298 2768 1326 2795 8,
1346 2770 1390 2793 lua
1398 2770 1465 2802 quast
1480 2768 1646 2808 assentatorum
1660 2767 1765 2801 populi]
1788 2767 1846 2792 Vox
1858 2766 1982 2800 quasiiion
1994 2761 2063 2789 estin
2076 2758 2159 2801 Palat.
2171 2767 2211 2794 pr.
2252 2751 2253 2754 Ἴ

2329 2748 2353 3400 2—7———fflw
2331 2678 2341 2742 ffls„

2360 1566 2375 1602 Σ,
2358 1446 2371 1556 -Α-φῷ
