2295 3400
192 103 289 166 364
597 98 1725 149 MfTULerCICERorrts

185 184 321 222 planicus
333 180 492 212 absolutus.
514 185 613 222 Atque
624 192 661 212 ex
670 182 716 212 his
725 181 880 214 omnibus,
893 189 963 211 natu
973 180 1134 211 minimus,
1179 175 1349 206 turbulenta
1359 197 1367 209 ‚
1379 177 1541 217 popularia,
1552 176 1688 208 seditiosa
1696 175 1810 216 judicia
1819 174 1948 206 fuerunt.
1971 175 2042 208 Esto
2054 187 2060 207 :
2074 178 2132 218 110--Δ

188 226 313 264 ingenio
332 243 341 257 ‚
361 224 394 253 &
411 223 583 263 diligentia,
603 223 636 253 &
655 224 800 263 religione
816 232 866 262 par
883 224 937 255 iis,
958 231 1034 262 quos
1053 229 1138 250 antea
1180 219 1237 247 tuit
1254 215 1314 247 effe
1332 220 1480 249 innocens
1489 219 1615 249 Falcula.
1643 219 1711 260 Jam
1724 228 1794 258 ergo
1812 219 1920 258 aliquis
1930 220 2131 258 Oppianicum

187 266 449 298 commemoravi,
469 269 477 283 ¹
491 267 520 295 P.
533 266 663 294 Saturius
672 285 680 298 ,
700 266 733 294 in
751 264 854 294 eadem
866 264 1008 294 sententia
1016 262 1086 292 fuit.
1109 263 1135 290 O

188 306 393 336 innocentiam
405 307 560 345 Oppianici
571 305 746 346 singularem
758 308 764 333 ¹.
785 315 846 346 quo
857 307 891 335 in·
899 315 949 334 reo
960 324 968 338 ,
981 306 1033 345 qui
1043 303 1139 334 absol-

188 349 232 378 vit
243 367 252 380 ‚
274 347 466 377 ambitiosus:
486 349 537 388 qui
548 346 681 381 distulit,
700 356 802 377 cautus
814 358 818 376 :
835 349 886 387 qui
903 346 1137 376 condemnavit,

135 396 175 428 39
189 388 326 419 constans
336 387 531 418 existimatur.
554 390 627 418 Haec
637 398 700 418 rum
710 391 834 430 agitante
844 389 984 429 Qintio,
999 396 1138 427 nequem

189 431 339 460 concione
349 450 357 462 ‚
370 439 468 470 neque
478 432 510 460 in
520 429 634 468 judicio
643 429 843 460 demonstrata
855 430 930 460 sunt.
948 439 1043 469 neque
1054 430 1137 457 enim

189 472 249 510 ipse
263 470 322 500 diei
333 472 503 509 patiebatur,
513 481 569 500 nec
577 481 629 510 per
637 471 866 501 multitudinem
878 473 1054 501 concitatam
1065 478 1139 499 con-

188 511 284 542 sistere
292 515 430 552 cuiquam
444 514 476 542 in
485 512 614 542 dicendo
623 512 734 542 licebat.
764 515 864 553 Itaque
881 512 941 552 ipse
952 532 961 544 ‚
981 510 1138 551 postquam

184 555 311 625 {unium
325 556 464 592 pervertit
472 574 479 587 ‚
490 554 608 583 causam
617 563 711 584 totam
722 554 852 594 reliquit.
873 555 971 594 paucis
981 555 1064 582 enim
1077 552 1140 580 die-

211 605 243 625 us
253 596 312 624 illis
325 595 426 635 &ipse
436 598 565 635 privatus
575 594 617 626 est
626 595 722 626 &Cius
733 616 741 629 ‚
761 595 793 625 δε
804 597 966 625 'nominum
980 593 1072 624 studia
1086 592 1138 622 de-

186 634 326 666 ferbuisse
335 637 531 678 intelligebat.
554 636 645 676 Qod
655 636 686 670 fi,
701 647 752 676 per
761 646 837 676 quos
846 637 908 667 dics
916 638 1043 678 Junium
1054 644 1139 664 accu-

186 679 260 708 stvit
271 698 279 710 ‚
299 677 521 708 Fidiculanium
531 678 659 708 accusare
672 678 829 708 voluisset:
849 677 1046 717 respondendi
1058 675 1138 705 Fidi-

186 718 308 749 culanio
321 719 446 758 potestas
456 719 530 750 fasta
540 730 602 749 non
614 718 692 750 ess'et.
716 722 759 750 Ac
769 719 869 760 primo
878 719 1003 759 quidem
1015 738 1023 751 ‚
1034 718 1137 747 omni-

188 761 244 790 bus
255 758 314 790 ilris
325 760 473 796 iudicibus
484 781 492 794 ‚
502 763 554 802 qui
565 763 762 801 Oppianlcum
774 761 1009 791 condemnarant
1019 778 1027 792 ,
1040 761 1137 788 mina-

188 801 281 831 batur.
310 803 378 843 Jam
398 803 589 832 insolentiam
599 804 711 832 noratis
723 804 874 832 hominis:
893 803 1006 831 noratis
1021 802 1140 829 animos

187 843 252 879 ejus
263 863 271 876 ‚
290 844 445 882 acspiritus
455 843 627 873 tribunitius.
648 844 737 885 Qod
747 853 806 873 erat
816 843 923 873 odium
935 846 945 872 ?
955 842 998 872 dii
1010 843 1138 871 immor-

188 884 275 914 tales!
295 895 360 925 quae
372 885 522 924 superbia?
542 894 650 925 quanta
667 887 814 925 ignoratio
831 885 896 915 sui?
917 884 1008 925 quarn
1022 883 1118 924 gravis
1130 901 1137 915 ‚

186 934 272 966 atque
284 927 479 956 intolerabilis
489 929 671 968 arrogantia?
682 928 733 967 qui
745 926 819 956 illud
832 928 919 955 ctiam
930 925 1027 964 ipsum
1037 922 1139 953 acerbe

188 967 290 997 tulerit
300 968 350 1006 (ex
359 977 420 1008 quo
430 968 482 997 illa
490 977 554 997 nata
563 968 630 997 sunt
639 968 752 1007 omnia)
764 977 826 997 non
839 966 889 996 sibi
900 986 908 1000 ,
929 977 960 996 ac
972 963 1139 995 defensioni

188 1008 247 1039 suae
261 1009 441 1038 condonatum
451 1007 509 1038 effe
519 1010 735 1048 Oppianicum:
754 1008 880 1049 proinde
898 1006 977 1048 quafi
991 1016 1055 1036 non
1073 1006 1139 1035 satis

188 1047 262 1091 signi
274 1049 330 1080 ess'e
339 1050 476 1080 debuerit
485 1070 493 1082 ,
513 1050 549 1079 ab
563 1050 707 1080 omnibus
718 1060 788 1079 cum
804 1047 890 1079 fuisse
901 1049 1047 1079 desertum
1057 1066 1065 1079 ‚
1087 1047 1139 1086 qui

187 1091 216 1121 se
226 1091 260 1121 ad
271 1101 429 1131 patronum
439 1091 529 1120 illum
538 1089 717 1121 contulisset.
733 1094 801 1121 Erat
809 1093 893 1120 enirn
904 1093 1013 1120 Romae
1022 1089 1139 1118 summa

186 1134 271 1172 copia
284 1143 478 1172 patronorum
489 1152 497 1166 ‚
516 1133 680 1162 hominum
697 1131 1010 1172 eloquentissimorum
1021 1150 1029 1163 ‚
1050 1139 1136 1169 atque

187 1172 436 1212 ampliffimorum
449 1194 457 1206 ‚
475 1183 603 1214 quorum
615 1174 693 1203 certe
703 1174 810 1213 aliquis
819 1170 995 1202 defendisset
1005 1173 1137 1211 equitem

189 1217 283 1244 Rom.
295 1217 327 1244 in
338 1217 507 1255 municipio
519 1216 570 1245 suo
581 1215 716 1244 nobilem
723 1213 752 1246 ,si
763 1214 864 1249 honeste}
873 1212 996 1253 putasset
1005 1214 1030 1251 ej
1037 1212 1138 1241 1111110-

126 1261 172 1293 40
188 1256 218 1285 di
237 1257 353 1286 causam
369 1255 451 1296 poffe
469 1256 599 1286 defendi.
624 1259 704 1285 Nam
724 1258 868 1295 Qintius
884 1255 1008 1295 quidem
1021 1274 1029 1285 ‚
1048 1262 1139 1293 quarn

186 1298 302 1328 causam
313 1308 457 1338 umquam
467 1306 551 1328 antea
559 1298 684 1330 dixerat,
694 1295 766 1327 611111
775 1306 871 1326 annos
881 1296 916 1326 ad
925 1296 1141 1336 quinquaginta

186 1349 274 1369 natus
290 1338 379 1369 effet?
397 1341 464 1379 quis
476 1349 547 1368 eum
557 1349 702 1379 umquam
713 1348 776 1368 non
787 1336 882 1367 modo
893 1339 925 1366 in
936 1338 1070 1376 patroni,
1093 1335 1139 1365 sed

186 1383 221 1410 in
230 1380 389 1411 laudatoris
401 1401 410 1414 ,
433 1390 481 1410 aut
496 1380 629 1410 advocati
646 1381 714 1410 loco
725 1379 859 1409 viderat?
877 1380 930 1419 qui
941 1376 1023 1418 quod
1034 1376 1140 1407 Rostra

183 1422 302 1463 jamdiu
312 1431 417 1455 vacua,
436 1422 599 1462 locumque
608 1422 697 1451 illurn
709 1443 717 1454 ‚
733 1420 799 1459 post
808 1420 970 1451 adventum
981 1421 1016 1449 L.
1027 1418 1115 1449 Sullae
1125 1417 1140 1448 a

186 1464 344 1494 tribunitia
362 1473 436 1493 voce
455 1463 616 1496 desertum,
633 1461 808 1502 oppresserat
817 1482 825 1494 ,
848 1459 1140 1499 multitudinemque

182 1505 247 1546 jam
257 1504 454 1535 desuefauam
469 1504 484 1535 a
492 1504 740 1537 concionibus,ad
751 1505 856 1533 veteris
864 1513 923 1532 con
929 1501 1093 1532 suetudinis
1103 1499 1139 1530 si-

183 1545 396 1576 militudinem
408 1556 603 1580 revocaverat,
614 1545 725 1576 idcirco
735 1544 854 1574 cuidam
864 1545 1027 1574 hominurn
1038 1544 1139 1582 generi

183 1588 343 1628 paullisper
347 1587 509 1627 jucundior
517 1587 584 1618 fuit.
609 1590 706 1628 Atque
719 1586 799 1616 idem
811 1594 922 1626 quanto
932 1587 965 1614 in
976 1584 1047 1614 odio
1056 1583 1138 1623 post-

184 1640 218 1660 ea
227 1629 283 1669 fiais
292 1629 343 1658 iuis
352 1628 419 1669 ipsis
429 1628 487 1659 fuit
496 1649 504 1663 ‚
525 1639 575 1669 per
584 1638 659 1670 quos
671 1631 702 1658 in
718 1629 854 1658 altiorem
866 1628 966 1657 locum
977 1625 1137 1655 adscende-

184 1680 228 1702 iat
239 1675 248 1700 ?
260 1681 357 1711 neque
367 1671 485 1710 injuria.
510 1673 605 1701 Facite
615 1672 697 1700 enim
710 1690 717 1703 ‚
731 1679 835 1700 utnon
847 1669 942 1699 solum
953 1677 1053 1697 mores
1062 1668 1135 1706 ejus,

184 1713 424 1753 &arrogantiam
439 1733 446 1745 ,
458 1712 506 1742 sed
518 1714 608 1742 etiarn
619 1713 735 1742 vultum
745 1731 753 1744 ‚
775 1720 860 1751 atque
870 1709 1016 1740 amiEium
1029 1729 1037 1743 ,
1052 1718 1138 1749 atque

182 1754 269 1784 illam
288 1755 378 1794 usque
389 1754 424 1783 ad
436 1754 509 1783 talos
519 1752 674 1784 demifl‘am
685 1763 843 1792 purpuram
854 1751 1064 1781 recordemini.
1088 1753 1115 1780 Is
1127 1770 1135 1783 ‚

181 1794 263 1836 quasi
274 1805 338 1825 non
347 1793 416 1824 eslet
426 1795 489 1824 ullo
501 1795 593 1825 modo
603 1794 761 1824 ferendum
772 1815 779 1827 ‚
793 1795 820 1824 se
830 1803 867 1823 ex
875 1793 991 1833 judicio
1000 1791 1137 1831 disccffiffi:

181 1835 306 1870 mistum,
318 1846 380 1866 rem
391 1836 427 1866 ab
438 1836 583 1866 subselliis
594 1838 626 1865 in
637 1835 742 1866 Rostra
752 1835 868 1865 detulit.
893 1838 907 1853 ²
922 1834 1026 1873 Etjam
1039 1835 1138 1873 queri-

180 1888 253 1908 mur
271 1879 363 1915 ssepe,
384 1876 539 1906 hominibus
549 1888 625 1906 noves
643 1888 693 1906 non
707 1877 778 1916 fictis
794 1886 906 1914 magnos
918 1877 1007 1904 inhac
1017 1875 1139 1903 civitate

181 1919 230 1956 effi?
241 1917 352 1956 ftuc'im
364 1923 374 1947 ?
395 1929 472 1959 nego
483 1919 607 1959 usquam
617 1929 760 1959 umquam
771 1917 856 1948 fuisse
872 1919 1015 1954 majores:
1039 1919 1051 1942 3
1066 1916 1136 1948 ubi,

180 1971 212 1990 s1
229 1971 307 2000 Qrs
325 1970 482 1990 mirorum
499 1962 567 1990 loco
577 1969 661 1990 natus
672 1981 680 1992 ‚
700 1962 739 1989 ita
749 1961 830 1989 vivat
840 1979 849 1993 ,
870 1967 904 1989 ut
914 1958 1080 1987 nobilitatis
1090 1957 1138 1986 di-

179 2004 326 2043 gnitatem
339 2004 448 2032 virtute
460 2003 534 2031 tueri
548 2001 630 2041 posse
640 2002 774 2032 videatur
785 2020 792 2034 ‚
815 2001 905 2040 usque
925 1998 963 2029 eo
978 2000 1117 2038 pei-venit
1128 2018 1136 2031 ,

180 2044 278 2084 quoad
290 2054 363 2073 eum
375 2043 518 2073 industria
528 2053 598 2074 cum
610 2044 784 2073 innocentia
795 2043 948 2081 prosecuta
956 2040 1007 2070 est.
1029 2042 1060 2071 Si
1070 2042 1138 2080 quis

179 2094 281 2115 autem
301 2086 359 2115 lioc
375 2095 438 2114 uno
455 2086 578 2118 nititur,
598 2084 681 2126 quod
691 2083 725 2114 sit
735 2083 894 2124 ignobilis:
913 2082 1047 2122 procedit
1064 2082 1138 2121 saepe

181 2126 305 2167 longius
313 2147 322 2160 ,
334 2127 424 2167 quam
435 2125 455 2156 fi
467 2126 548 2156 idem
559 2127 610 2156 ille
621 2125 692 2156 effet
701 2135 771 2154 cum
781 2124 887 2154 iisdem
894 2124 950 2163 suu
959 2124 1038 2152 vitiu
1048 2124 1137 2152 nobi-

181 2166 318 2198 liffimus.
342 2177 375 2197 ut
384 2169 526 2208 Qintius
540 2167 636 2205 (nihil
645 2169 727 2197 enim
740 2166 837 2196 dicam
849 2165 885 2195 de
895 2166 1015 2203 ceteris)
1030 2163 1051 2194 si
1062 2164 1137 2194 fuis-

183 2210 226 2239 set
239 2210 334 2239 homo
344 2209 457 2239 nobilis
470 2221 479 2243 3
499 2211 566 2249 quis
575 2219 645 2239 eum
656 2218 725 2238 cum
737 2207 787 2236 illa
797 2206 944 2246 superbia,
959 2215 1045 2246 arque
1055 2208 1137 2235 into-

180 2251 380 2290 lerantiaferre
390 2249 529 2290 potuisset
539 2253 549 2280 ?
563 2249 655 2291 Qod
665 2259 701 2279 eo
713 2249 780 2278 loco
793 2247 850 2277 fuit
862 2258 867 2276 z
888 2249 927 2277 ita
936 2248 1080 2279 tulerunt,
1092 2255 1135 2280 ur,

181 2291 203 2322 fi
215 2292 284 2333 quid
297 2292 415 2322 haberet
425 2291 440 2322 {t
451 2301 552 2322 natura
561 2293 646 2325 boni,
658 2289 791 2331 prodesse
802 2291 828 2318 ei
839 2297 976 2328 putarent
983 2297 1118 2327 oportere
1129 2298 1135 2317 :

180 2334 346 2373 superbiam
358 2342 467 2366 autem,
478 2342 565 2374 atque
575 2333 770 2373 arrogantiam
782 2331 856 2367 ejus,
868 2329 1061 2360 deridendam
1072 2338 1137 2358 ma-

180 2377 224 2416 gis
235 2375 443 2405 arbitrarentur
453 2384 572 2415 propter
581 2375 785 2404 humilitatem
796 2372 931 2401 hominis
945 2391 952 2403 ,
970 2369 1061 2411 quam
1070 2379 1136 2409 per-

183 2416 405 2447 timescendam.
429 2416 484 2446 Sed
497 2438 505 2449 ,
517 2425 549 2446 ut
558 2417 630 2447 illuc
639 2424 782 2446 revertar:
801 2422 867 2454 quo
874 2422 1008 2451 tempore
1020 2411 1138 2441 Fidicu-

182 2459 278 2488 lanius
291 2457 334 2488 est
349 2458 499 2488 absolutus
509 2478 517 2490 ,
532 2468 561 2487 111
571 2478 578 2491 ,
595 2460 646 2498 qui
659 2468 690 2487 ea
701 2456 809 2495 judicia
819 2454 894 2485 faeta
903 2462 1139 2485 commemoras,

182 2509 282 2540 quaero
292 2520 300 2532 ‚
312 2499 383 2540 quid
395 2508 460 2529 tum
470 2498 526 2528 effe
537 2499 688 2529 existimas
700 2499 865 2538 judicatum
878 2497 889 2522 ?
906 2495 984 2525 certe
994 2495 1140 2535 grarisju-

183 2542 252 2577 dica)
269 2551 290 2568 e.
323 2544 361 2570 At
385 2541 612 2570 condemnarat:
631 2550 657 2570 at
678 2551 728 2570 cau
736 2540 750 2569 s
747 2549 793 2569 am
811 2547 903 2568 totam
918 2547 983 2566 non
994 2536 1138 2566 audierat:

183 2591 212 2611 at
220 2584 253 2611 111
265 2582 463 2611 concionibus
475 2582 619 2611 omnibus
638 2581 653 2611 a
671 2583 707 2611 L.
721 2582 849 2620 Quintio
859 2579 1053 2609 vehementer
1063 2586 1120 2607 erat
1130 2596 1139 2610 ‚

182 2623 217 2654 &
227 2623 300 2663 saepe
309 2632 440 2654 vexatus.
464 2624 519 2654 Illa
530 2626 620 2665 igitur
629 2624 733 2653 omnia
743 2623 916 2663 Qntiana,
928 2621 1042 2660 iniqua,
1056 2617 1138 2651 falsa,

119 2426 161 2458 41

218 2755 242 2772 1.
261 2750 292 2772 P.
301 2747 439 2780 sarmium]
459 2748 500 2773 Sic
520 2746 603 2773 solum
624 2746 701 2772 initio
711 2745 763 2772 fuit
773 2745 799 2771 in
811 2744 867 2770 Pal.
879 2751 964 2805 quart.
982 2742 1135 2778 fafitumque

178 2781 241 2808 inde
249 2786 382 2807 statarius.
403 2790 430 2808 at
441 2783 548 2818 reliquis
559 2782 626 2808 adest
635 2785 748 2807 saraam
760 2801 768 2813 ,
779 2790 888 2816 quornot
898 2789 914 2805 o
929 2780 958 2805 &
968 2779 996 2804 S.
1007 2778 1133 2806 ViStoris.

180 2817 262 2844 stilum
277 2818 330 2843 l’al.
361 2827 382 2844 r.
391 2822 512 2843 saracini.
533 2817 601 2844 unde
622 2818 740 2843 veniebat
760 2817 825 2843 1111111
846 2817 872 2842 in
888 2822 1003 2841 mentem
1014 2817 1134 2847 Satagt'm.

181 2862 240 2880 nain
253 2857 322 2878 cei-te
334 2827 361 2878 g}
373 2854 434 2880 alias
447 2854 543 2889 legitur
553 2854 580 2880 in
591 2853 692 2880 §.Vici
703 2856 816 2879 Sataciue
827 2871 835 2883 ,
847 2852 864 2878 fi
875 2861 927 2878 uon
938 2851 1068 2877 mentitur
1077 2859 1134 2877 ma-

184 2899 233 2915 nus
245 2889 385 2915 Gtilicliui.

178 2944 181 2947 .
219 2934 246 2950 z.
270 2926 355 2957 Etjam
366 2924 564 2958 querinim-,&c.]
577 2923 861 2958 Giriieliiiiusjunffim
872 2922 987 2959 legebat,
1003 2924 1085 2948 Etiam
1093 2931 1135 2957 qu.

184 2960 247 2986 mihi
258 2959 370 2986 alterum
382 2959 492 2995 lepidius
503 2960 619 2986 vitietur.

221 3004 247 3031 3.
268 2997 336 3027 llln'fi
344 2996 395 3028 quir
403 2997 496 3027 ignobili
504 2998 547 3020 loco
556 2996 655 3029 namn]
669 2996 740 3022 Petri
750 2995 863 3022 ViStoiii
876 2995 959 3021 editio
971 3014 979 3027 ‚
989 2994 1069 3020 nobili.
1093 2991 1134 3019 sed
1155 3001 1156 3007 ¹

176 3031 322 3068 pronostra
335 3030 432 3056 ilic-iiiut
444 3030 499 3056 niis.
510 3041 620 3066 canique
631 3030 694 3057 bene
707 3038 796 3058 tuetur
809 3031 963 3058 Lambinus.

1160 291 1162 303 Ι
1179 260 1265 299 gratis
1274 259 1506 290 condemnavit:
1523 261 1581 298 jam
1600 269 1664 289 non
1680 269 1731 289 eos
1748 261 1857 301 Junius
1875 259 2047 290 subsortitus
2066 259 2108 291 est
2119 280 2130 293 ‚

1160 309 1162 321 1
1180 302 1229 341 qui
1241 302 1365 339 pecunia
1373 310 1487 340 accepta
1497 301 1751 331 condemnarent:
1768 302 1836 342 Jam
1852 303 1950 341 potuit
1967 301 2073 342 aliquis
2093 301 2131 332 ab

1179 344 1270 371 initio
1282 352 1342 372 non
1354 341 1467 376 sedisse,
1476 343 1508 372 &
1517 352 1616 372 tamen
1628 344 1827 382 Oppianicum
1834 349 1924 382 gratu
1933 342 2132 372 condemnas-

1181 383 1217 412 se.
1243 386 1355 413 Verum
1369 383 1388 412 si
1403 386 1548 414 innocens
1560 384 1691 416 Falcula,
1712 388 1730 410 4
1741 385 1840 424 quaeso
1852 404 1859 416 ‚
1880 386 1946 423 quis
1957 386 2091 413 nocens?
2109 379 2132 413 fi

1181 424 1228 453 hic
1237 426 1324 464 gratis
1335 425 1550 454 condemnavit
1559 444 1567 458 ‚
1579 427 1646 464 quis
1656 427 1784 464 accepit?
1798 427 1886 465 Nego
1897 423 2028 454 iem-effe
2038 424 2134 455 ullam

1181 467 1213 494 111
1224 475 1408 506 quemquam
1418 466 1553 499 illorum,
1566 465 1726 503 0016613111,
1739 476 1803 506 quae
1814 466 2003 495 Fidiculanio
2016 464 2134 504 objct‘h

1181 516 1245 535 non
1261 505 1315 536 'sitz
1337 517 1432 552 neque
1452 507 1565 547 aliquid
1584 505 1672 536 fuifl'e
1689 509 1723 536 in
1740 507 1919 537 Fidiculanii
1932 507 2033 539 causa,
2051 506 2134 546 quod.

1182 546 1263 577 idem
1274 558 1337 577 non
1347 547 1419 578 esset
1432 550 1463 577 in
1476 557 1655 578 ceterorum.
1681 551 1740 578 Aut
1751 547 1960 587 hocjudicium
1973 549 2133 587 reprehen-

1181 588 1231 618 das
1248 598 1298 622 tu,
1317 591 1402 627 cujus
1410 589 1555 619 accusatio
1565 589 1651 619 rebus
1663 589 1797 625 judicatis
1809 590 1866 618 niti
1884 588 2038 619 videbatur
2050 609 2057 622 ,
2079 599 2136 618 ne-

1179 629 1253 660 cefl'e
1264 630 1307 660 est
1317 642 1322 659 :
1334 640 1382 660 aut
1392 651 1400 664 ,
1413 629 1435 660 st
1445 632 1501 660 hoc
1510 640 1614 660 verum
1626 629 1683 660 effe
1691 629 1832 660 concedis
1842 650 1850 664 ‚
1861 632 2060 669 Oppianicum
2069 640 2136 671 gra-

1181 674 1218 700 tis
1229 672 1466 701 condemnatum
1484 670 1542 700 ess'e
1555 671 1668 702 fateare.
1692 675 1881 712 Qamquam
1893 673 1957 701 satis
1968 681 2076 712 magno
2089 681 2134 701 ai·-

1181 723 1326 753 gumcnto
1336 712 1393 742 ell'c
1402 713 1505 746 debet,
1529 713 1608 752 quod
1621 723 1658 742 ex
1671 721 1731 742 tam
1749 715 1854 742 multis
1864 712 2013 751 judicibus
2022 732 2030 746 ‚
2045 713 2132 742 abso.-

1182 755 1245 783 luto
1258 755 1374 784 Falcula
1386 775 1394 787 ‚
1407 764 1500 784 nemo
1510 764 1575 784 reus
1590 753 1685 784 factus
1699 754 1750 784 est.
1774 754 1855 795 Qid
1865 756 1947 783 enim
1959 755 2036 784 mihi
2046 753 2132 784 dam-

1182 805 1266 825 natos
1279 796 1408 825 ambitus
1418 796 1560 836 colligitis
1570 816 1578 829 ‚
1587 796 1642 825 alia
1651 797 1713 836 lege
1725 816 1732 829 ‚
1744 805 1830 825 certis
1838 795 2027 828 criminibus,
2038 795 2134 834 pluri-

1182 838 1243 865 mis
1251 836 1372 866 testibus
1383 839 1393 866 ?
1408 836 1479 867 cuin
1490 837 1626 877 primum
1636 838 1682 866 illi
1699 835 1750 876 ipsi
1767 837 1925 866 debuerint
1938 838 2036 876 potius
2046 846 2133 866 accu-

1182 878 1235 907 sari
1246 878 1282 909 de
1291 880 1426 917 pecuniis
1437 879 1618 918 repetundis,
1634 889 1725 919 quani
1736 879 1875 908 ambitus.
1899 888 1981 910 nam,
1993 876 2013 906 fi
2026 879 2057 907 in
2065 887 2131 907 am-

1182 918 1260 948 bitus
1269 919 1389 957 judiciis
1399 921 1515 949 bochis
1526 919 1635 952 obfuit,
1645 931 1713 949 curn
1726 921 1782 950 alia
1793 921 1854 960 lege
1864 919 1978 950 causam
1989 919 2131 949 dicerent:

1181 960 1418 1001 certe,fipr0pri'a
1427 961 1484 999 leffe
1493 962 1582 997 hujus
1592 964 1701 1000 pcccati
1711 961 1831 991 adducti
1842 960 1943 994 essent,
1956 961 2054 990 multo
2064 961 2131 999 plus

1181 1000 1332 1032 obfuisset.
1358 1002 1477 1032 Deinde
1486 1022 1493 1035 ‚
1506 1001 1526 1032 fi
1537 1012 1615 1033 tanta
1625 1005 1670 1032 vis
1681 1002 1738 1032 fuit
1747 1002 1831 1032 istius
1840 1004 1977 1032 criminis
1988 1021 1995 1034 ‚
2010 1010 2040 1031 ut
2050 1021 2058 1034 ‚
2073 1011 2132 1041 qua

1181 1043 1303 1083 quisque
1314 1044 1377 1084 lege
1388 1054 1425 1073 ex
1435 1044 1655 1083 illisjudicibus
1667 1054 1732 1074 reus
1742 1043 1835 1073 faStus
1855 1042 1926 1073 effer
1936 1063 1944 1076 ,
1962 1053 2061 1073 tamen
2077 1045 2131 1073 hac

1181 1085 1262 1124 plaga
1271 1086 1378 1124 periret
1389 1095 1394 1113 ι
1412 1087 1503 1114 curin
1514 1095 1591 1114 tanta
1600 1086 1794 1115 multitudine
1804 1085 2004 1115 accusatorum
2015 1103 2023 1117 ‚
2043 1085 2134 1114 tantis

1181 1127 1324 1163 praemiis‚
1335 1128 1495 1158 cete1·1'‚rei
1511 1125 1581 1156 faeti
1594 1136 1657 1155 nori
1670 1127 1755 1156 sunt?
1775 1125 1833 1156 Hic
1842 1125 1988 1165 profertur
2000 1125 2040 1158 id,
2051 1124 2132 1165 quod

1182 1166 1328 1203 judicium
1343 1167 1479 1206 appellari
1492 1177 1556 1197 non
1566 1176 1693 1206 oportet,
1705 1171 1733 1197 P.
1745 1169 1891 1206 Septimio
1901 1167 2038 1196 Scaevola:
2049 1167 2132 1197 litem

1181 1217 1217 1237 eo
1228 1210 1355 1237 nomine
1367 1206 1424 1237 ess'c
1434 1207 1618 1238 aestimatam.
1643 1209 1734 1239 Cuius
1744 1211 1785 1238 rei
1804 1219 1868 1248 quae
1885 1207 2068 1237 consuetudo
2078 1206 2111 1237 fit
2121 1227 2130 1241 ‚

1180 1252 1324 1289 quoniam
1335 1249 1410 1289 apud
1421 1250 1562 1279 homines
1577 1247 1767 1288 peritissimos
1779 1250 1846 1279 dico
1856 1269 1864 1282 ,
1885 1249 2019 1288 pluribus
2033 1249 2131 1279 verbis

1181 1291 1286 1320 docere
1295 1301 1359 1320 non
1370 1290 1473 1320 debeo.
1497 1293 1674 1331 Numquam
1684 1302 1767 1320 enim
1778 1302 1810 1331 ea
1818 1290 1972 1332 diligentia
1982 1309 1990 1323 ‚
2003 1300 2067 1330 quae
2083 1290 2131 1320 so·-

1181 1333 1222 1361 let
1229 1332 1362 1362 adhiberi
1373 1334 1406 1362 in
1415 1334 1518 1361 ceteris
1530 1332 1648 1369 judiciis
1657 1352 1666 1364 ,
1677 1333 1791 1365 eadem,
1805 1343 1846 1361 reo
1856 1333 1999 1364 damnato,
2011 1331 2130 1362 adhibi-

1182 1383 1208 1403 ta
1224 1373 1275 1403 est.
1308 1373 1457 1404 Inlitibus
1468 1373 1650 1403 aestimandis
1661 1373 1722 1403 fere
1735 1374 1867 1413 judices,
1889 1382 1956 1406 aut,
1975 1371 2057 1413 quod
2074 1371 2131 1403 sibi.

1181 1426 1251 1445 eum
1263 1435 1272 1448 ‚
1283 1425 1374 1456 quem
1383 1415 1474 1445 semel
1483 1415 1724 1445 condemnarunt
1735 1436 1752 1448 ,.
1763 1417 1923 1444 inimicum
1937 1423 2040 1454 putant
2048 1413 2106 1443 effe
2115 1434 2126 1447 ‚

1182 1457 1203 1489 si
1212 1467 1268 1498 qua
1278 1459 1387 1486 ineum
1399 1458 1435 1485 lis
1442 1458 1544 1495 capitis
1554 1456 1634 1486 illata
1645 1455 1686 1486 est
1698 1477 1706 1489 ‚
1717 1456 1952 1486 nonadmittunt
1963 1467 1968 1484 :
1979 1465 2037 1489 aut,
2048 1454 2133 1496 quod

1182 1501 1210 1530 se
1220 1496 1530 1539 perfunfibosjamcffe
1539 1498 1715 1527 arbitrantur
1725 1518 1734 1531 ,
1752 1497 1823 1528 curn
1834 1497 1870 1527 de
1879 1508 1931 1527 reo
1941 1497 2109 1532 iudicarunt
2120 1517 2134 1530 ,

1180 1541 1380 1582 negligentius
1390 1538 1546 1569 attendunt
1554 1548 1657 1569 cetera.
1687 1541 1790 1580 Itaque
1801 1539 1833 1568 &
1847 1537 1994 1578 majestaru
2003 1538 2133 1568 absoluti

1180 1584 1247 1613 sunt
1265 1581 1406 1621 permulti
1418 1600 1426 1613 ,
1446 1579 1553 1620 quibus
1563 1580 1711 1610 damnatis
1721 1601 1728 1613 ‚
1748 1581 1785 1610 de
1794 1583 1930 1619 pecuniis
1940 1579 2111 1619 repetundis
2120 1599 2133 1613 ‚

1179 1625 1245 1654 lites
1253 1622 1345 1653 ess'ent
1356 1622 1521 1652 aestiinatae:
1535 1622 1567 1652 &
1578 1623 1636 1652 hoc
1644 1622 1780 1662 quotidie
1791 1621 1854 1652 fieri
1863 1621 2014 1654 videmus,
2026 1630 2068 1652 ut,
2079 1630 2132 1650 reo

1178 1666 1321 1696 damnato
1329 1664 1365 1694 de
1374 1665 1508 1704 pecuniis
1519 1664 1690 1703 repetundis
1701 1683 1709 1696 ‚
1728 1663 1764 1693 ad
1774 1673 1848 1703 quos
1860 1661 2024 1702 peiven'iss'e
2039 1672 2132 1701 pecu-

1178 1710 1243 1738 nias
1250 1709 1283 1737 in
1291 1706 1393 1736 litibus
1403 1704 1583 1735 aestimandis
1593 1704 1736 1735 statutum
1745 1703 1843 1737 sit,eos
1854 1706 1898 1733 'illi
1910 1703 2131 1741 judices-absol-

1179 1758 1258 1779 vant.
1282 1747 1363 1788 quod
1371 1746 1442 1777 cum
1456 1746 1487 1776 fit
1499 1767 1507 1779 ‚
1520 1757 1583 1776 non
1593 1745 1704 1785 judicia
1713 1745 1941 1779 rescinduntur,
1953 1745 2001 1775 sed
2012 1746 2070 1775 1106
2077 1744 2131 1775 sta-

1178 1793 1271 1820 tuitur
1287 1810 1295 1824 ‚
1315 1788 1520 1824 ‘estimationem
1541 1788 1640 1816 [trima
1651 1807 1659 1820 ‚
1680 1798 1731 1816 non
1750 1787 1797 1824 eff}
1811 1786 1964 1826 judicium.
2000 1786 2133 1818 Scaevola

1177 1832 1394 1862 condemnatus
1409 1829 1452 1859 est
1462 1830 1528 1860 aliis
1540 1829 1722 1858 criminibus
1733 1849 1741 1862 ‚
1762 1827 2004 1868 frequentissimis
2016 1827 2132 1867 Apuliae

1179 1873 1314 1904 testibus.
1338 1873 1424 1902 omni
1434 1873 1630 1901 contentione
1641 1880 1804 1911 pugnaturn
1813 1869 1856 1900 est
1865 1890 1874 1903 ,
1885 1879 1917 1900 ut
1931 1870 1967 1899 lis
1980 1871 2041 1899 haec
2052 1889 2061 1901 ,
2080 1879 2132 1900 ca-

1177 1917 1246 1955 pitis
1256 1914 1457 1945 aestimaretur.
1481 1923 1545 1953 quae
1556 1922 1611 1945 165,
1622 1911 1643 1941 si
1653 1914 1694 1942 rei
1702 1913 1711 1951 j
1717 1911 1837 1942 udicatae
1847 1911 1964 1951 pondus
1974 1909 2131 1945 habuisset,

1178 1957 1230 1986 ille
1239 1955 1340 1996 postea
1349 1955 1396 1985 vel
1405 1954 1514 1984 iisdem
1523 1974 1532 1987 ,
1548 1954 1596 1983 vel
1606 1954 1671 1983 aliis
1680 1955 1814 1984 inimicis
1823 1973 1841 1986 ,.
1853 1963 1918 1983 reus
1934 1954 1986 1983 hac
1997 1953 2058 1993 lege
2069 1953 2130 1992 ipsa

1178 1997 1274 2028 fafitus
1293 1995 1373 2027 esset.
1413 1997 1552 2037 Sequitur
1571 1995 1601 2026 id
1612 2015 1620 2029 ,
1642 1995 1723 2036 quod
1742 1996 1788 2025 illi
1805 1995 1955 2035 judicium
1971 1994 2129 2034 appellant.
2148 2005 2171 2037 4
2175 2004 2201 2028 2,

1179 2041 1307 2077 majores
1318 2048 1418 2069 autem
1436 2037 1530 2068 nostri
1543 2047 1708 2078 numquam
1724 2048 1818 2078 neque
1827 2037 1975 2076 judicium
1989 2035 2134 2066 1101111113-->

1178 2090 1264 2114 runt,
1280 2090 1377 2120 neque
1387 2079 1510 2119 perinde
1520 2100 1528 2113 ‚
1549 2088 1582 2109 ut
1597 2089 1660 2109 rem
1678 2078 1835 2114 judicatam
1846 2099 1854 2111 ‚
1878 2079 2108 2108 observaverunt
2119 2096 2129 2111 ‚

1178 2127 1191 2151 5
1203 2122 1465 2161 animadversionem
1473 2119 1766 2162 arque-austoritarem
1776 2120 1932 2158 cenfhriam.
1956 2117 2041 2158 6‘qua
2051 2118 2087 2147 de
2098 2128 2131 2149 re

1177 2173 1337 2204 antequam
1355 2164 1470 2202 incipio
1489 2182 1497 2195 ‚
1520 2171 1661 2201 perpauca
1676 2163 1754 2190 mihi
1772 2160 1808 2190 de
1827 2170 1898 2190 meo
1920 2158 2024 2190 officio
2041 2159 2130 2191 verba

1177 2205 1314 2235 faciunda
1324 2204 1391 2234 sunt
1403 2214 1408 2232 ι
1427 2212 1458 2232 111
1468 2202 1484 2232 a
1495 2213 1544 2232 me
1562 2202 1634 2232 cum
1644 2202 1766 2240 hujusce
1774 2202 1917 2240 periculi,
1939 2210 2004 2230 tum
2015 2209 2130 2231 cetero-

1178 2256 1246 2276 rum
1256 2255 1376 2286 quoque
1387 2243 1557 2274 officiorum
1571 2263 1579 2276 ‚
1604 2244 1636 2272 86
1649 2242 1848 2272 amicitiarum
1867 2252 1942 2272 ratio
1957 2242 2130 2273 conservata

1177 2286 1235 2317 effe
1247 2287 1390 2316 videatur.
1425 2288 1505 2314 Nam
1525 2285 1600 2314 mihi
1613 2294 1684 2314 curn
1693 2286 1767 2313 viris
1777 2282 1905 2313 fortibus
1925 2286 1977 2324 qui
1995 2283 2130 2313 censores

1178 2328 1316 2368 proxime
1328 2326 1457 2359 fuerunt,
1471 2326 1618 2355 ambobus
1636 2324 1679 2354 est
1695 2327 1840 2355 amicitia:
1862 2335 1932 2354 curn
1948 2325 2039 2355 altero
2057 2324 2129 2354 vero

1179 2368 1274 2408 (sicuti
1285 2369 1316 2398 &
1327 2368 1458 2408 plerique
1468 2366 1598 2397 vesti-um
1612 2367 1719 2405 sciunt)
1731 2376 1854 2407 magnus
1866 2367 1934 2396 usus
1945 2386 1952 2400 ‚
1969 2366 2002 2396 &
2012 2366 2132 2397 summa

1180 2410 1330 2450 utriusque
1340 2407 1446 2439 officiis
1457 2407 1640 2438 7constituta
1650 2406 1828 2437 neceffitudo
1838 2407 1888 2437 est.
1912 2411 2008 2446 Qare
2019 2427 2028 2441 2
2043 2407 2133 2448 quid-

1180 2451 1253 2492 quid
1263 2451 1299 2480 de
1310 2450 1574 2490 subscriptionibus
1584 2459 1688 2479 eorum
1700 2450 1776 2478 mihi
1786 2449 1949 2479 dicendum
1958 2451 2024 2482 erit,
2036 2459 2074 2478 eo
2084 2448 2132 2479 di-

1179 2494 1358 2523 cam‘animo
1369 2512 1376 2525 ‚
1389 2500 1422 2521 ut
1431 2501 1557 2521 omnem
1569 2492 1716 2520 rationem
1727 2501 1825 2520 meam
1837 2500 1900 2520 non
1909 2490 1944 2520 de
1953 2491 2077 2520 illorum
2086 2489 2133 2521 fa-

1184 2534 1232 2564 ἃο
1241 2554 1249 2567 ,
1272 2533 1320 2563 sed
1331 2533 1367 2563 de
1377 2535 1488 2563 ratione
1499 2532 1630 2562 censoria
1647 2532 1779 2561 habitam
1795 2531 1960 2561 existimari
1977 2532 2070 2561 velim
2088 2542 2094 2561 z
2115 2531 2133 2562 ὲ

1182 2575 1315 2605 Lentulo
1324 2585 1437 2607 aurem,
1447 2573 1586 2603 familiari
1596 2583 1675 2605 meo,
1683 2576 1735 2613 qui
1745 2574 1760 2603 a
1769 2583 1818 2602 me
1829 2583 1883 2613 pro
1892 2575 2004 2603 eximia
2014 2573 2062 2603 sua
2070 2574 2133 2603 vir*

1182 2626 1242 2647 tute¹
1251 2636 1259 2651 ‚
1269 2617 1454 2656 summisque
1465 2615 1631 2646 honoribus
1640 2635 1649 2649 ,
1665 2624 1740 2655 quos
1750 2614 1765 2644 a
1774 2615 1888 2655 populo
1898 2617 1936 2645 R.
1947 2614 2066 2654 adeptus
2075 2613 2132 2648 est,

2033 2657 2135 2686 hono·-

1214 2751 1226 2775 5
1235 2763 1240 2768 .
1256 2744 1497 2776 :afnimad-rersionem
1507 2749 1576 2776 atque
1586 2745 1749 2767 ausim-itatem
1759 2742 1909 2775 miſsar-iam]
1923 2741 1965 2767 Est
1977 2742 1991 2767 a
2003 2742 2023 2767 P
2027 2741 2132 2768 Nikio-

1177 2778 1216 2803 rio
1230 2798 1237 2809 ,
1249 2788 1332 2814 neque
1343 2779 1420 2805 aliter
1430 2779 1532 2804 ultimae
1544 2777 1678 2804 vetustatis
1690 2777 1750 2803 edd.
1762 2777 1855 2813 quibus
1867 2776 2023 2812 respondent
2034 2777 2132 2812 septem

1177 2813 1244 2840 Pall.
1257 2824 1315 2840 nani
1327 2815 1383 2840 licie
1404 2811 1642 2844 videtui-‚definere
1660 2813 1744 2838 codex
1755 2815 1783 2839 S.
1796 2812 1923 2838 Viam-is.
1945 2813 2024 2847 vulgo
2044 2819 2132 2840 tamen

1177 2849 1264 2885 pass‘im
1276 2849 1417 2876 excuditur
1427 2858 1435 2879 ς
1450 2849 1617 2882 animadversio
1627 2855 1697 2881 atque
1707 2851 1837 2874 afflui-itas
1846 2848 1957 2879 cenfiiria.

1211 2886 1239 2911 6.
1259 2888 1314 2917 Qu
1323 2887 1348 2910 dc
1359 2895 1382 2910 re
1392 2893 1518 2919 antequam
1527 2884 1635 2917 incipio]
1658 2885 1699 2909 Ita
1710 2882 1823 2918 rescripsi
1838 2883 1997 2909 aticioritate
2008 2883 2065 2910 Pal.
2075 2883 2127 2912 sec.

1178 2929 1280 2957 recepta
1291 2920 1452 2947 animle-&tio
1467 2919 1597 2956 amplius,
1618 2926 1745 2953 antequam
1764 2919 1837 2944 Δίκη
1853 2921 1946 2951 incipio.
1967 2920 2048 2946 ceteri
2070 2929 2133 2948 vero

1179 2956 1247 2982 Pali.
1258 2965 1306 2990 qua
1316 2957 1342 2981 de
1353 2966 1376 2981 re
1386 2956 1514 2987 inhio‚&c.

1213 3000 1240 3026 7.
1261 2994 1391 3023 constituta
1400 2991 1531 3025 nectffitudo
1540 2990 1599 3024 eff]
1621 2989 1703 3016 Haud*
1711 2989 1780 3015 {ecus
1792 2988 1861 3015 Pau.
1873 2989 1896 3015 se
1916 2997 1969 3016 tem
1983 3009 1990 3022 ,
2001 2991 2047 3017 nisi
2058 2990 2130 3026 quod

1178 3026 1265 3053 sextus
1278 3046 1286 3058 ‚
1296 3029 1418 3061 constitum
1428 3027 1559 3060 conjicetudo
1568 3028 1610 3051 vel
1615 3026 1746 3058 mceffitudo
1754 3027 1798 3050 eff.
1820 3025 1888 3051 unde.
1899 2999 1990 3062 lique(
1996 3026 2063 3054 illud
2073 3036 2130 3054 con-

214 3073 242 3099 4.
261 3067 335 3100 Qefiv
343 3067 394 3100 quis
403 3067 511 3099 nocensr]
525 3066 620 3092 Nihilo
629 3066 741 3095 debilius
752 3067 835 3096 restio
845 3066 915 3095 Pali.
925 3063 1132 3100 sec.tert.quint.
1169 3063 1269 3098 Jiseiuiio
1278 3062 1335 3091 iuss.
1347 3062 1471 3092 Lambini
1481 3081 1491 3097 ‚
1501 3069 1589 3092 ortum
1601 3063 1617 3090 :i
1627 3061 1797 3090 librariorum
1808 3070 1898 3090 manu.

177 3102 246 3131 sexti
258 3122 266 3136 ,
276 3112 350 3138 quaero
360 3122 368 3137 ‚
383 3101 516 3139 quomodo
526 3103 554 3130 δῦ
564 3102 628 3131 olim
640 3101 702 3130 cusi.

2073 3134 2134 3160 rub:
