2295 3400
167 130 262 195 408
597 124 1098 174 M.TULL11

173 210 284 242 verum
293 212 381 241 etiam
392 207 571 239 transcendit
582 207 683 247 Alpeis
694 227 702 240 ‚
714 206 746 237 δε
757 206 884 238 obscure
895 207 1011 247 strpens
1024 226 1033 240 ‚
1045 206 1127 237 mul-

174 260 284 287 tati-im
295 254 461 291 provincias
479 258 650 289 occupavit.
675 249 704 279 id
716 250 847 289 opprimi
866 248 1057 279 sustentando
1069 270 1077 282 ,
1095 258 1127 279 ac

175 289 349 332 prol-arando
360 293 445 322 nullo
462 291 548 331 patio
559 290 667 331 potest.
690 301 879 332 quacumque
890 293 1004 321 ratione
1020 291 1125 331 placet,

141 348 162 374 4
178 337 310 366 celeriter
333 334 420 363 robis
442 332 663 363 vindicandum
681 333 732 363 est.
764 332 862 363 Video
880 332 952 363 duas
965 333 1060 363 adhuc
1071 331 1127 363 esse

179 379 353 407 sententias:
374 385 465 406 unam
478 377 518 405 D.
531 376 623 405 Silani
640 395 648 407 ,
659 375 819 416 quicenset
830 394 838 407 ‚
852 385 902 405 eos
913 394 921 409 ‚
941 377 993 415 qui
1003 376 1065 405 haec
1077 374 1128 405 de—

179 421 237 448 lere
254 419 353 447 conari
368 418 435 447 sunt
447 438 454 450 .
478 424 563 446 morte
575 415 632 446 effe
647 416 835 446 multandos:
857 417 978 447 alteram
993 419 1025 447 C.
1037 417 1130 448 Caesa-

179 471 229 491 ris,
242 470 294 498 qni
306 461 412 489 mortis
420 468 543 499 poenam
560 468 696 488 removet
707 479 714 491 ,
736 467 904 488 ceterorum
915 459 1129 498 suppliciorum

180 504 301 530 omneis
315 501 485 530 acerbitates
493 499 694 540 amplectitur.
717 502 849 540 Uterque
865 500 898 530 δε
909 510 962 540 pro
973 501 1021 530 sua
1031 500 1131 541 digni-

178 553 253 576 tate,
274 543 305 572 ὅτ
316 552 368 582 pro
377 552 478 572 rerum
491 542 698 582 magnitudine
706 543 739 571 in
747 541 865 573 summa
877 543 1026 572 severitate
1036 542 1131 572 versa-

179 594 235 614 tur.
261 585 344 615 Alter
354 585 471 624 eos,qui
486 593 543 614 nos
552 585 739 625 omneis‚qui
750 585 896 624 populum
906 585 1062 615 Romvita
1071 586 1131 623 pri—

180 636 248 656 vare
267 628 367 656 conati
383 627 449 656 sunt
461 645 469 657 .
490 628 541 666 qui
558 625 656 656 delere
675 627 840 665 imperium
852 646 861 660 ‚
881 628 932 668 qui
950 626 1054 666 populi
1067 628 1132 655 Ro-

182 670 265 697 mani
277 677 391 698 nomen
410 667 599 707 exstinguere
611 687 620 700 ,
640 667 789 707 punstum
808 670 951 709 temporis
962 667 1025 706 frui
1045 675 1128 701 vita,

181 710 213 740 ἃ.
226 712 283 739 lioc
292 711 456 739 communi
474 709 595 749 spiritu,
616 719 679 739 non
694 719 779 750 putat
796 719 950 750 oportere:
972 719 1057 750 atque
1075 711 1133 739 hoc

179 761 274 793 gxnns
289 761 385 791 poenae
395 751 511 791 saepein
529 751 684 791 improbos
702 753 795 781 civeis
812 755 845 782 in
862 753 915 782 hac
934 752 1050 791 republ.
1075 750 1133 780 effe

183 794 356 832 usurpatum
372 792 550 822 recordatur.
571 793 643 823 alter
658 793 802 833 intelligit
821 813 829 827 ,
848 802 965 823 mortem
982 789 1000 821 ἂ
1017 793 1068 821 diis
1077 793 1133 821 im-

181 833 350 863 mortalibus
365 845 417 863 non
433 833 480 872 effe
493 835 626 875 fizppiicii
643 835 729 874 causta
745 834 944 871 constitutam:
963 835 1011 865 sed
1021 844 1070 864 auc
1080 844 1135 864 ne-

181 874 340 907 cellitatem
357 885 486 910 narurae,
506 887 555 906 aut
566 876 702 906 laborum
714 896 721 909 ‚
741 886 772 906 ac
792 877 977 907 miseriarum
999 878 1132 917 quietem

183 917 250 948 ell'e.
273 921 375 958 ltaque
386 927 458 947 EAM
483 927 661 948 SAPIENTES
681 927 847 958 numquam
860 920 968 951 inviti,
988 919 1079 947 sortes
1091 926 1134 946 et-

182 963 244 992 ium
254 961 327 999 saepe
339 959 465 990 libenter
480 961 698 999 oppetiverunt.
722 960 843 989 vincula
852 958 924 989 vcro
937 979 945 993 ,
970 960 1003 989 &
1013 969 1046 989 ea
1057 959 1134 989 sem·

182 1004 298 1042 piterna
305 1001 383 1032 certe
401 1000 434 1031 ad
446 999 621 1042 singularem
641 1011 762 1041 poenam
774 1000 880 1031 nefarii
890 1002 1003 1031 sceleris
1013 1003 1136 1031 inventa

184 1045 262 1074 i‘unt.
289 1047 297 1063 ¹
311 1046 410 1083 Itaque
422 1044 597 1082 municipiis
609 1042 858 1082 dispertirijubet.
882 1043 1000 1073 Habere
1017 1042 1136 1073 videtur

183 1085 238 1116 ista
247 1095 291 1116 res
303 1086 490 1124 iniquitatem
503 1103 512 1118 ,
524 1083 544 1113 si
558 1086 601 1113 im
624 1094 703 1114 erare
711 1084 787 1114 velis
801 1095 805 1113 1
817 1083 1024 1115 difficultatem
1035 1104 1043 1119 ‚
1054 1083 1075 1114 si
1086 1094 1135 1113 ro-

184 1138 261 1169 gare.
286 1127 458 1156 decernatur
468 1135 581 1158 tamen,
620 1126 724 1166 placet.
743 1129 807 1167 Ego
821 1128 905 1157 enim
919 1127 1083 1166 suscipiam,
1091 1127 1133 1159 δε,

185 1179 218 1199 ut
233 1169 314 1209 spero
327 1187 335 1201 ,
355 1169 499 1207 reperiam
512 1187 520 1200 ,
545 1168 637 1208 quiid
649 1187 658 1201 ,
679 1168 762 1208 quod
782 1168 881 1198 lalutis
893 1170 1036 1198 omnium
1053 1168 1138 1199 causa

184 1210 344 1241 statueritis
357 1228 365 1242 ‚
386 1218 450 1238 non
469 1218 552 1249 putet
569 1207 626 1239 eff:
646 1209 702 1239 suae
724 1209 877 1250 dignitatis
895 1210 1034 1240 recusare.
1072 1209 1136 1240 Ad-

180 1254 284 1294 jungit
292 1260 411 1291 gravem
422 1260 542 1291 poenam
555 1251 761 1290 municipibus
772 1270 780 1284 ‚
804 1249 825 1281 fi
835 1253 902 1292 quis
911 1261 1019 1281 eorum
1029 1253 1137 1282 vincu-

182 1296 212 1325 la
223 1295 342 1333 ruperit:
353 1293 523 1322 horribile'is
534 1291 680 1323 custodias
689 1293 880 1326 circumdat,²
892 1293 924 1323 &
933 1293 1021 1335 digna
1028 1294 1137 1324 scelere

182 1338 348 1366 hominum
369 1334 566 1375 perditorum.
592 1335 703 1368 sancit,
729 1345 767 1364 ne
788 1337 856 1375 quis
874 1345 981 1365 eorum
999 1345 1136 1376 paenam.

184 1388 261 1419 quos
273 1376 456 1407 condemnat
467 1397 475 1409 ,
501 1386 550 1406 aut
569 1386 621 1417 per
636 1376 789 1410 senatum,
809 1386 859 1407 aut
869 1387 922 1418 per
938 1378 1086 1417 populum
1099 1378 1137 1407 le-

183 1430 254 1450 vare
270 1416 364 1459 poffit.
387 1420 475 1459 eripit
484 1419 653 1458 etiamspcm
666 1439 675 1452 ,
686 1429 751 1460 quae
762 1419 823 1449 sola
832 1420 994 1449 hominem
1002 1420 1037 1450 in
1046 1419 1138 1450 mise-

183 1463 238 1493 riis
258 1461 408 1494 consolari
427 1461 510 1491 solet.
550 1461 631 1491 bona
650 1469 787 1501 praeterea
803 1461 947 1501 publicari
960 1461 1047 1500 jubet
1067 1472 1072 1490 :
1091 1463 1138 1492 vi-

185 1513 247 1534 tam
267 1503 360 1533 solam
376 1503 522 1544 relinquit
536 1502 657 1534 nefariis
674 1504 868 1534 hominibus:
885 1512 975 1543 quam
986 1502 1138 1544 sieripuis-

185 1546 244 1579 set,
268 1545 398 1574 3multas
418 1555 481 1575 uno
500 1544 624 1579 dolore,
644 1546 761 1578 animi,
779 1553 866 1585 atque
883 1547 1035 1585 corporis,
1056 1546 1090 1575 δε
1104 1555 1138 1575 o-

186 1589 286 1617 mneis
296 1587 440 1616 scelerum
450 1596 551 1626 poenas
568 1584 730 1616 ademisset.
754 1589 854 1627 Itaque
870 1594 905 1615 ur
922 1587 1023 1628 aliqua
1033 1587 1061 1615 in
1072 1587 1138 1616 vita

186 1627 323 1660 tormido
331 1628 480 1668 improbis
491 1626 560 1658 ess‘ct
568 1626 659 1668 pofita
668 1648 677 1661 ‚
686 1628 762 1668 apud
775 1628 887 1658 inferos
896 1628 1045 1665 ejusmodi
1058 1639 1138 1670 quae-

186 1671 257 1701 dam
269 1670 315 1700 illi
330 1672 445 1711 antiqui
456 1670 598 1709 supplicia
608 1671 711 1710 impiis
722 1669 881 1701 constituta
891 1669 949 1700 ess'e
959 1671 1120 1702 voluerunt
1132 1681 1137 1700 :

187 1712 271 1753 qued
280 1711 420 1742 videlicet
435 1712 661 1753 intelligebant,
682 1713 729 1742 his
739 1716 880 1748 remotis,
903 1723 968 1743 non
980 1711 1037 1744 ess'e
1056 1723 1140 1744 rnor—

152 1758 174 1797 5'
190 1763 252 1784 tem
273 1754 366 1794 ipsam
383 1754 660 1794 pertimestendam.
682 1757 791 1790 Nunc,
810 1759 840 1787 P.
851 1758 882 1787 C.
895 1766 950 1797 ego
966 1765 1032 1786 mea
1048 1755 1139 1786 video

188 1795 399 1837 quidintersit.
422 1795 444 1825 sl
460 1797 541 1826 eritis
559 1796 652 1826 secuti
667 1796 844 1828 sententiam
867 1801 899 1829 C-
911 1798 1030 1829 Caesaris
1044 1810 1049 1828 z
1063 1809 1141 1840 quo-

187 1839 273 1868 niam
286 1838 359 1867 hanc
368 1839 393 1867 is
408 1839 440 1867 in
451 1840 602 1877 rep.viam
609 1857 618 1872 ‚
638 1848 703 1879 quae
723 1841 874 1881 popularis
891 1841 1034 1874 habetur,
1058 1842 1139 1871 secu-

188 1888 238 1910 tus
249 1878 309 1913 est,
331 1877 447 1909 forcass‘e
467 1878 572 1910 minus
590 1890 695 1914 erunt,
718 1885 736 1907 4
749 1883 806 1913 hoc
815 1881 936 1912 auetore
956 1883 988 1912 &
1000 1884 1141 1924 cognito-

187 1931 221 1951 re
239 1921 361 1960 hujusce
380 1921 534 1951 sententia:
548 1941 560 1955 0
582 1923 659 1951 mihi
675 1924 832 1963 populares
852 1926 980 1964 impetus
998 1926 1141 1964 pertime-

185 1962 298 1993 scendi.
322 1966 333 1989 5
346 1961 387 1992 sin
406 1963 491 1993 illam
506 1963 646 1993 alteram:
666 1965 784 1999 nescio,
803 1975 841 1995 an
859 1966 988 2005 amplius
999 1967 1076 1996 mihi
1086 1976 1140 1997 ne-

185 2006 263 2046 gotii
281 2005 478 2034 contrahatur.
522 2005 571 2035 sed
590 2014 690 2036 tamen
712 2015 853 2037 meorum
870 2007 1075 2047 periculorum
1095 2019 1139 2038 ra-

187 2055 287 2076 tiones
307 2044 323 2066 θ’
343 2046 454 2076 utilitas
473 2048 546 2086 reip.
564 2049 674 2077 vincat.
717 2048 872 2078 Habemus
894 2051 979 2079 enim
997 2049 1013 2079 a
1034 2052 1066 2080 C.
1079 2052 1143 2080 Cae-

188 2087 249 2118 sare
270 2108 278 2121 ‚
301 2086 373 2118 sicut
387 2086 475 2128 ipsius
493 2089 621 2130 dignitas
636 2109 644 2122 ‚
664 2089 697 2119 δε
717 2091 868 2128 majorum
887 2093 952 2130 ejus
971 2092 1142 2131 amplitudo

187 2128 354 2170 postulabat
371 2149 380 2163 ‚
401 2130 579 2160 sententiam
603 2150 611 2163 ,
635 2140 773 2171 tanquam
792 2130 926 2162 obsidem
945 2142 1093 2173 perpetuae
1109 2135 1143 2163 in

187 2180 287 2211 remp.
308 2172 481 2202 voluntaris.
514 2170 703 2202 intellefimm
720 2172 779 2207 est,
809 2174 882 2214 quid
911 2173 1041 2209 intersit,
1065 2176 1146 2208 inter

189 2212 346 2242 lenitatem
358 2215 630 2247 concionatorum,
650 2213 683 2243 δε
702 2215 841 2244 animum
858 2216 928 2245 vere
945 2217 1120 2256 popularem
1132 2236 1141 2251 ,

191 2253 279 2284 saluti
294 2255 628 2294 populiconsulentem.
651 2255 750 2285 Video
759 2255 795 2286 de
806 2255 887 2289 istis,
906 2260 959 2298 qui
977 2259 1004 2287 se
1018 2259 1144 2298 popula-

188 2297 248 2326 reis
257 2295 359 2326 haberi
367 2297 474 2327 volunt
483 2315 491 2330 ‚
509 2295 594 2334 abff
605 2316 614 2331 ‚
633 2306 699 2327 non
709 2299 866 2328 neminem
876 2317 885 2332 ‚
897 2308 935 2329 ne
943 2298 980 2329 de
991 2300 1085 2340 capite
1098 2301 1144 2330 vi-

232 2404 254 2421 1.
274 2399 357 2429 Iraque
376 2399 507 2431 municipiis
526 2399 646 2431 dispertiri·
660 2418 665 2429 ,
679 2400 772 2434 juben]
797 2401 855 2425 Vox
876 2403 956 2434 itaque
975 2410 1025 2427 non
1046 2408 1150 2437 reperta

192 2431 258 2457 milii
269 2432 294 2458 in
305 2432 367 2458 edd.
378 2440 445 2459 vett.
456 2442 501 2460 ant
512 2434 638 2460 Palatinis
651 2443 659 2464 ς
671 2434 713 2460 sed
725 2444 772 2461 nec
783 2435 931 2463 Gulielinio
942 2436 968 2462 in
984 2436 1147 2462 Hitt.1‹'abi·.

191 2468 214 2492 li
224 2467 297 2493 vei-d.
318 2469 451 2504 mirorque
469 2479 516 2495 cui·
536 2479 587 2495 non
607 2472 788 2506 expunxerit:
811 2471 859 2497 lioc
877 2473 956 2498 etiam
970 2481 976 2502 3
1007 2471 1150 2498 asseverare

191 2503 353 2530 Lanibinuin
366 2506 497 2532 i-ci‘iarein
509 2505 559 2532 suis
570 2505 627 2532 fere
638 2507 760 2533 omnibus
771 2509 944 2541 mum'cipibus5
965 2517 1024 2534 curn
1036 2508 1150 2534 alterum

192 2539 290 2574 perstet
301 2541 325 2566 in
339 2541 430 2567 nosti-is
443 2542 471 2567 δε
483 2541 581 2568 vetuste
592 2542 667 2569 culis.

231 2582 258 2599 2.
280 2578 311 2614 ξῐν
329 2577 399 2609 digna
411 2577 494 2609 scelere
512 2579 628 2604 hominum
641 2579 795 2612 perditorum.
809 2579 917 2612 sancitne
928 2599 936 2611 ,
954 2579 1020 2614 ὠτζ]
1050 2579 1150 2606 Mureti

193 2609 371 2649 paniibinique
382 2612 477 2644 editio,
487 2614 517 2643 ὠ·
529 2614 621 2646 di'gnae.
641 2614 684 2640 sed
695 2615 782 2641 nullus
793 2614 950 2650 suffragatur
962 2615 1047 2645 libcr3
1061 2615 1151 2651 estque

191 2654 324 2687 ineptum.
344 2648 411 2674 male
423 2656 526 2676 tantum
537 2650 609 2685 prius
620 2650 671 2677 culi
681 2651 904 2688 interpunxcrant
915 2670 924 2683 ,
939 2652 1149 2685 perditorumsan-

197 2688 246 2706 cit:
266 2692 303 2708 nc.

217 2734 220 2737 «
232 2725 257 2751 3.
279 2720 373 2744 Multas
391 2729 434 2746 uno
454 2721 524 2746 delore
543 2724 617 2747 animi
635 2729 705 2756 atque
724 2723 846 2757 corporis]
867 2722 944 2749 Nihil
965 2723 1067 2749 vai-iant
1082 2722 1151 2748 Pall.

193 2761 273 2787 quain
286 2754 354 2789 qnod
366 2755 433 2781 sext.
444 2759 526 2782 multos
540 2776 547 2788 ‚
559 2757 628 2792 qnod
639 2759 724 2793 piat-c
736 2778 743 2790 ‚
754 2759 799 2785 ii'isi
813 2760 882 2785 lorte
893 2759 1014 2785 malimus
1024 2768 1082 2784 cuin
1095 2761 1151 2785 Co—

194 2789 250 2814 loii.
264 2793 340 2829 animi
349 2798 419 2824 atque
429 2794 525 2824 corporis
536 2795 616 2818 multos
627 2804 671 2819 uno
680 2795 753 2820 dolore
764 2814 771 2826 ‚
791 2793 899 2821 subaudi
909 2796 993 2820 dolores
1005 2814 1013 2826 ,
1023 2794 1095 2829 quod
1107 2795 1152 2830 qui

196 2834 248 2850 non
262 2824 384 2852 viderunt
397 2846 404 2857 ‚
424 2826 578 2854 sententiani
590 2838 776 2866 corruperunt.

196 2895 202 2899 .
231 2867 258 2892 4.
283 2865 328 2886 Hoc
340 2865 468 2903 quislorcfly·
477 2865 611 2898 cognircrr]
636 2867 721 2892 Miror
730 2866 797 2893 istud
808 2867 872 2893 alios
885 2866 955 2902 sequi
966 2876 1017 2893 non
1029 2865 1151 2901 potuisse,

196 2904 334 2935 inventum
347 2907 371 2923 in
384 2899 441 2924 niss.
452 2899 514 2931 iuis,
525 2902 552 2926 &
564 2901 708 2934 retinuisse,
720 2905 760 2928 hoe
768 2906 875 2928 monitore
884 2903 913 2933 ὼ
922 2904 1027 2933 maflare,
1043 2901 1113 2937 quod
1125 2903 1151 2928 iii

194 2931 270 2959 nullo
288 2934 345 2972 iere
367 2934 533 2965 nostroruni3
555 2937 598 2971 qui
616 2946 707 2964 omnes
718 2937 1099 2974 alterumniudproescribunt.
1123 2939 1149 2963 8(

193 2967 368 3007 venustissiine
379 2969 500 3009 profecto
513 2972 636 2998 C.(,'aellii·
647 2973 740 3000 auc‘lor
750 2973 848 3001 dicitur
858 2975 913 3009 ejus
923 2974 1059 3001 sententiat
1071 2983 1149 3009 quam

192 3002 265 3029 dixit
278 3022 285 3033 ‚
304 3004 331 3029 &
342 3013 463 3039 cognitor
476 3025 483 3037 ,
502 3016 578 3041 quani
593 3016 621 3033 nt
632 3008 700 3035 suani
712 3009 843 3037 defendit.

230 3047 255 3071 5.
274 3041 315 3064 sin
324 3042 388 3066 islam
398 3043 524 3075 alaram]
547 3042 618 3069 Editi
630 3044 779 3078 adjecerant
791 3048 882 3079 ‚secuti
891 3046 967 3077 trith,
981 3045 1123 3081 repetitum
1135 3049 1150 3071 e

190 3073 367 3136 {u-Pffl'ff'lbu'
379 3096 386 3108 ‚
408 3086 491 3113 neque
502 3077 630 3106 habebant
642 3081 698 3107 inss'.
711 3082 850 3109 meliores:
873 3081 941 3110 unde
959 3083 987 3108 ὅτ
1003 3081 1151 3108 resecuerat

204 3119 260 3137 -ml
282 3121 350 3138 illus.

1176 123 1720 173 Crcssaonrs

1174 206 1282 238 delicet
1301 209 1421 239 civium
1450 211 1490 240 R.
1513 210 1690 240 sententiam
1703 207 1788 239 feiat.
1821 209 1847 240 is
1865 207 1899 240 δε
1921 209 2138 242 nudiustertius

1178 259 1209 279 in
1219 249 1386 280 custodiam
1397 252 1492 282 civeis
1504 254 1543 282 R.
1554 250 1638 282 dedit
1650 272 1659 286 ,
1682 253 1714 282 &
1726 251 1973 292 supplicationem
1992 254 2070 283 milii
2083 252 2138 282 de-

1176 294 1270 323 crevit
1281 313 1289 326 ‚
1308 292 1341 322 &3
1365 292 1479 324 indices
1491 292 1633 324 hesterno
1647 293 1696 324 die
1715 295 1862 324 maximis
1876 296 2009 334 praemiis
2027 294 2134 325 affecit.

1176 336 1242 377 Jam
1254 335 1311 364 lioc
1319 336 1438 364 nemini
1448 335 1575 366 dubium
1587 333 1627 366 est
1636 355 1645 369 ‚
1672 338 1740 375 Qui
1753 345 1817 365 neo
1825 336 1994 367 custodiam
2006 356 2014 370 ,
2036 333 2141 377 quaesi-

1178 379 1236 407 tori
1246 376 1476 417 gratulationem
1488 397 1496 411 ,
1516 376 1609 407 indici
1619 378 1781 417 praemium
1792 377 1924 409 decrevit
1935 399 1944 412 ,
1956 378 2029 420 quid
2041 378 2078 408 de
2091 386 2142 408 to-

1179 427 1206 448 ta
1216 428 1245 447 re
1254 437 1262 450 ,
1284 418 1316 448 &
1328 419 1412 448 causa
1427 419 1577 458 judicarit.
1598 422 1637 449 At
1658 417 1731 448 vero
1751 421 1786 449 C.
1799 419 1891 450 caesai·
1909 420 2051 463 intelligit
2063 439 2072 453 ,
2095 419 2142 449 le-

1176 469 1245 502 gem
1256 461 1469 499 Semproniam
1480 458 1540 490 effe
1557 459 1593 490 de
1604 460 1722 490 civibus
1743 460 1995 492 R-constitutam.
2018 463 2070 507 qui
2089 470 2144 492 au·

1179 511 1241 531 tem
1252 502 1322 540 reip.
1335 499 1368 530 sit
1386 500 1462 537 hostu
1477 511 1551 531 eum
1562 504 1662 532 civem
1675 500 1733 532 effe
1753 502 1840 532 nullo
1853 503 1946 533 modo
1965 502 2064 544 posle:
2087 501 2143 532 de-

1180 544 1274 583 nique
1285 543 1381 583 ipsum
1392 543 1518 573 latorem
1533 543 1607 584 legis
1627 545 1812 583 Semproni-ie
1822 564 1830 577 ,
1852 543 1929 581 jussu
1948 545 2054 585 populi
2071 553 2139 584 poe-

1182 595 1232 614 nas
1250 586 1321 624 reip.
1336 583 1519 625 dependiffe.
1547 584 1653 615 7idem
1664 585 1762 625 ipsum
1774 586 1943 616 Lentulum
1954 587 2136 627 largitorem.

1184 627 1215 657 &
1226 626 1387 667 prodigum
1399 646 1407 660 ‚
1430 637 1495 657 non
1503 635 1585 666 putat
1594 646 1602 660 ‚
1625 636 1695 657 cum
1715 626 1752 657 de
1762 629 1895 667 pernicie
1904 629 2009 669 populi
2022 630 2061 659 R.
2073 628 2140 658 exi-

1179 671 1221 698 tio
1232 669 1320 706 hujus
1341 668 1422 698 urbis
1433 688 1441 702 ‚
1463 677 1524 698 tam
1536 668 1638 699 acerbe
1649 688 1658 702 ,
1678 677 1798 710 tamque
1814 669 1974 700 crudeliter
1989 671 2136 712 cogitarit,

1181 710 1321 751 appellari
1333 708 1415 750 poss'e
1422 716 1592 751 popularem.
1615 713 1716 750 Itaque
1726 711 1822 741 homo
1841 709 2031 745 mitiffimus,
2052 720 2140 752 atque

1180 750 1349 782 leniffimus
1376 762 1440 782 non
1469 752 1586 783 dubitat
1611 755 1643 783 P.
1666 752 1834 782 Lentulum
1851 755 1969 783 aeternis
1987 753 2117 784 tenebris
2127 771 2137 787 .

1180 793 1368 833 vinculisque
1378 793 1535 828 mandare3
1554 794 1689 824 &sancit
1708 796 1741 824 in
1754 793 1906 834 posterum
1917 814 1925 829 ‚
1950 805 1989 825 ne
2007 797 2073 836 quis
2083 795 2142 824 hu-

1181 836 1227 870 ius
1238 835 1383 875 supplicio
1398 835 1526 865 levando
1536 836 1564 866 se
1578 835 1706 876 jaElxire,
1733 836 1766 866 &c
1785 837 1818 866 in
1833 837 1963 875 pernicie
1978 837 2084 877 populi
2098 838 2138 867 R.

1181 874 1302 916 posthac
1311 876 1462 916 popularis
1471 875 1529 907 ess'e
1539 876 1634 917 poffit.
1654 877 1699 918 adj
1704 879 1789 920 ungit
1797 880 1888 908 etiam
1899 878 2138 918 publicationem

1183 918 1335 948 bonorum
1347 937 1355 951 ‚
1379 920 1543 948 utomneis
1553 920 1802 950 animicruciatus
1814 939 1822 952 ‚
1836 920 1868 950 δε
1877 921 2010 961 corporis
2023 939 2032 953 ,
2047 921 2139 950 etiam

1183 959 1294 1000 egestas
1305 979 1313 992 ‚
1332 969 1365 990 ac
1375 960 1540 990 mendicitas
1549 961 1754 1002 consequatur.
1778 962 1986 1000 Quamobrem
2005 959 2064 992 five
2080 962 2140 992 hoc

1185 1000 1341 1032 statueritis
1356 1012 1361 1031 ι
1384 1001 1525 1032 dederitis
1539 1003 1617 1032 mihi
1626 1005 1773 1033 comitem
1781 1003 1816 1033 ad
1826 1005 2009 1034 concionem
2018 1024 2027 1038 .
2041 1012 2140 1044 popu-

1183 1043 1213 1072 lo
1224 1052 1344 1077 carum,
1366 1051 1453 1084 atque
1462 1044 1632 1083 jucundum
1646 1055 1652 1073 :
1668 1043 1728 1074 five
1745 1045 1839 1075 Silani
1856 1046 2035 1076 sententiam
2055 1045 2138 1086 sequi

1184 1085 1365 1115 malueritis:
1384 1084 1470 1116 facile
1491 1095 1540 1116 me
1552 1106 1560 1120 ,
1578 1095 1664 1128 atque
1679 1096 1735 1117 vos
1747 1082 1761 1105 ⁸
1770 1087 1786 1117 a
1796 1086 1978 1117 crudelitatis
1988 1086 2139 1127 vitupera-

1183 1128 1268 1156 tione
1287 1125 1471 1157 defendetis:
1493 1136 1581 1168 atque
1597 1128 1744 1158 obtinebo
1758 1148 1767 1162 ‚
1786 1138 1852 1158 eam
1868 1129 1969 1158 multo
1988 1129 2137 1158 leviorem

1182 1166 1283 1198 fuiss'e.
1327 1170 1517 1210 Qamquam
1528 1189 1537 1203 ,
1559 1172 1592 1200 Ρ.
1607 1172 1639 1199 C.
1649 1179 1714 1210 quae
1723 1169 1820 1209 potest
1829 1168 1886 1200 ess'e
1896 1172 1929 1200 in
1939 1171 2012 1200 tanti
2021 1170 2139 1200 sceleris
2160 1170 2182 1204 6

1182 1211 1371 1240 immanitate
1387 1210 1542 1249 punienda
1560 1210 1729 1240 crudelitas?
1754 1221 1808 1253 ego
1824 1213 1907 1242 enim
1926 1210 1964 1241 de
1973 1220 2045 1241 meo
2053 1210 2139 1242 sensu

1181 1251 1297 1292 judico.
1320 1253 1403 1281 Nam
1415 1253 1455 1282 ita
1465 1253 1541 1282 mihi
1551 1252 1628 1283 salva
1637 1252 1738 1292 repub.
1752 1253 1909 1283 vobiscum
1917 1252 2031 1293 perfrui
2040 1253 2140 1287 liceat,

1183 1303 1217 1324 ut
1225 1303 1292 1334 ego,
1302 1292 1384 1334 quod
1393 1294 1426 1323 in
1434 1294 1488 1324 hac
1497 1294 1580 1324 causa
1588 1295 1799 1324 vehementior
1807 1294 1873 1325 sum
1891 1315 1900 1328 ,
1913 1305 1978 1325 non
1991 1296 2141 1325 atrocitate

1183 1337 1281 1366 animi
1299 1344 1444 1369 moveor,
1468 1334 1548 1376 (quis
1566 1338 1650 1366 enim
1669 1335 1712 1366 est
1721 1346 1770 1366 me
1781 1337 1925 1377 mitior?)
1944 1336 1994 1367 sed
2003 1335 2142 1379 singulari

1184 1376 1311 1419 quadam
1333 1378 1518 1407 humanitate
1526 1396 1535 1411 ,
1559 1377 1592 1408 δε
1609 1377 1823 1409 misericordia.
1844 1378 2051 1409 Videor-enim
2061 1378 2142 1408 mihi

1185 1421 1263 1449 liam:
1280 1418 1386 1449 urbem
1412 1419 1514 1449 videre
1522 1438 1531 1453 ,
1554 1419 1654 1450 lucem
1664 1419 1745 1450 orbis
1754 1429 1897 1450 terrarum
1909 1441 1918 1454 ‚
1946 1429 2033 1461 atque
2042 1429 2142 1451 arcem

1186 1462 1330 1493 omniurn
1348 1463 1485 1502 gentium
1504 1480 1513 1494 ‚
1542 1461 1642 1492 subito
1663 1471 1726 1491 uno
1745 1461 1889 1492 incendio
1905 1461 2139 1492 concidentem:

1186 1512 1277 1533 cerno
1295 1504 1400 1533 animo
1417 1506 1432 1529 9
1440 1502 1552 1544 sepulta
1563 1503 1591 1532 in
1598 1503 1696 1543 patria
1709 1503 1836 1533 miseros
1849 1523 1859 1538 ‚
1876 1512 1963 1545 atque
1972 1503 2141 1544 insepultos

1185 1554 1308 1575 acervos
1326 1546 1461 1574 civium:
1483 1545 1613 1581 versatur
1631 1546 1710 1575 mihi
1726 1554 1793 1575 ante
1802 1545 1908 1575 oculos
1918 1544 2071 1586 adspe6kus
2084 1547 2143 1576 Ce-

1187 1587 1277 1628 thegi,
1290 1585 1323 1616 &
1332 1585 1417 1617 furor
1426 1605 1435 1620 ‚
1450 1587 1483 1616 in
1492 1585 1586 1617 vestra
1594 1586 1673 1617 caede
1683 1587 1864 1617 bacchantis.
1888 1586 1968 1617 Cum
1978 1585 2051 1617 verb
2062 1587 2141 1617 mihi

1186 1629 1518 1674 proposuiregnantem
1537 1629 1705 1659 Lentulum
1716 1647 1726 1662 ,
1753 1627 1825 1659 sicut
1839 1628 1901 1669 ipse
1914 1629 1941 1659 se
1955 1627 2067 1659 exfatis
2077 1628 2145 1668 spe·

1187 1668 1258 1701 rasse
1268 1668 1417 1701 confessus
1429 1669 1482 1703 est.
1494 1679 1692 1711 purpuratum
1706 1668 1763 1700 effe
1773 1671 1855 1700 hunc
1865 1670 2032 1701 Gabinium
2042 1689 2050 1704 ‚
2069 1679 2142 1700 cum

1188 1714 1320 1744 exercitu
1329 1710 1443 1743 venisse
1452 1712 1614 1743 Catilinam
1624 1732 1633 1746 ,
1652 1721 1719 1742 tum
1732 1712 1983 1742 lamentationem
1994 1719 2144 1742 matrum-

1187 1753 1319 1786 familias
1329 1775 1339 1789 ,
1355 1764 1421 1785 tum
1429 1753 1530 1796 fugam
1542 1755 1708 1794 virginum,
1719 1762 1807 1794 atque
1815 1762 1977 1793 puerorum
1988 1773 1997 1787 ‚
2008 1762 2041 1784 ac
2051 1762 2146 1783 vexa-

1188 1800 1305 1828 tionem
1315 1798 1470 1838 virginum
1482 1794 1646 1827 Vestalium
1655 1795 1847 1836 perhorresco
1856 1806 1862 1824 :
1875 1795 1919 1828 &‚
1925 1796 1995 1836 quia
2003 1795 2082 1825 mihi
2091 1805 2145 1825 ve-

1188 1841 1345 1870 hementer
1354 1839 1416 1868 haee
1427 1837 1568 1868 videntur
1576 1837 1694 1871 misera,
1704 1846 1788 1878 atque
1799 1837 1955 1878 misiranda
1964 1857 1975 1870 ‚
1986 1836 2100 1867 idcirco
2109 1837 2146 1867 in

1189 1891 1253 1915 eos,
1265 1883 1318 1922 qui
1326 1891 1359 1911 ea
1366 1878 1507 1921 perficere
1518 1879 1682 1910 voluerunt
1692 1899 1700 1913 ,
1713 1889 1763 1909 me
1773 1880 1922 1913 severum,
1942 1879 2148 1909 “vehemen-

1190 1933 1312 1964 temque
1331 1922 1460 1963 praebeo.
1492 1923 1615 1952 Etenim
1633 1931 1737 1963 quaero
1753 1940 1762 1955 ,
1786 1931 1816 1951 si
1834 1930 1909 1960 ogis
1926 1929 2152 1952 parant-ant*

1191 1974 1267 1994 mas
1277 1984 1286 1998 ‚
1310 1965 1412 1995 liberis
1423 1964 1480 1994 suis
1495 1963 1511 1994 a
1522 1963 1607 1994 servo
1620 1962 1803 1997 interfectis,
1815 1972 1910 1993 uxore
1921 1963 2027 1997 occisa,
2037 1963 2146 1993 incen-

1192 2007 1220 2038 sa
1228 2006 1322 2036 domo
1334 2027 1344 2040 ,
1359 2008 1383 2025 ¹¹
1397 2006 1577 2047 supplicium
1587 2005 1624 2035 de
1632 2006 1717 2036 servo
1725 2004 1817 2046 quam
1827 2003 2046 2036 acerbiffimum
2061 2004 2146 2034 sum-

1193 2049 1260 2079 serit
1271 2059 1277 2077 :
1298 2058 1398 2078 utrum
1411 2051 1435 2078 is
1446 2048 1591 2081 clemens,
1602 2057 1635 2078 ac
1644 2047 1822 2081 misericors,
1832 2057 1870 2077 an
1879 2044 2145 2077 inhumaniffimus

1192 2091 1225 2120 δε
1235 2088 1451 2121 crudelissimus
1463 2088 1519 2120 effe
1529 2089 1684 2120 videatur?
1707 2090 1785 2119 mihi
1794 2088 1866 2119 verb
1881 2090 2072 2129 importunus
2085 2107 2094 2122 ‚
2113 2097 2147 2118 ac

1192 2131 1305 2162 ferreus
1314 2152 1322 2166 ‚
1342 2134 1394 2174 qui
1413 2141 1476 2162 non
1486 2132 1591 2162 dolore
1600 2141 1632 2161 ac
1641 2132 1773 2161 cruciatu
1782 2132 1919 2161 nocentis
1930 2151 1938 2164 ‚
1959 2130 2046 2160 suum
2056 2129 2147 2160 dolo-

1193 2183 1258 2204 rem
1267 2173 1628 2215 cruciatumquelenierit.
1652 2174 1700 2204 Sic
1709 2182 1766 2203 nos
1775 2174 1808 2203 in
1817 2174 1864 2202 his
1874 2172 2052 2203 hominibus
2062 2191 2071 2204 2
2091 2171 2146 2212 qui

1195 2225 1263 2248 nos.
1274 2218 1327 2256 qui
1335 2217 1493 2256 conjuges,
1504 2217 1556 2256 qui
1565 2214 1678 2245 liberos
1689 2213 1806 2244 nostros
1816 2213 1957 2244 trucidare
1967 2214 2146 2243 voluerunt:

1193 2258 1245 2297 qui
1257 2256 1382 2298 singulas
1391 2256 1627 2295 uniuscujusque
1636 2253 1774 2285 nostrum
1784 2255 1941 2288 domos,&
1958 2255 2014 2285 hoc
2025 2255 2150 2284 univer-

1196 2299 1262 2328 sum
1279 2301 1354 2339 reip.
1373 2297 1567 2330 domicilium
1585 2296 1682 2328 delere
1691 2298 1790 2327 conati
1801 2296 1884 2326 sunt:
1907 2295 2000 2338 quiid
2012 2303 2146 2337 egerunt,

2033 2347 2066 2368 ut
2074 2347 2150 2379 gen-

1189 2402 1217 2427 &
1229 2400 1297 2427 Pall.
1308 2400 1406 2436 aliique
1417 2400 1505 2435 scripti
1516 2400 1637 2425 vindicat.
1657 2399 1703 2425 nili
1724 2398 1794 2434 quod
1809 2399 1939 2425 Suss‘r'idus
1952 2400 2061 2426 innuere
2074 2399 2149 2426 vide-

1190 2445 1232 2464 tui·
1243 2436 1270 2462 iii
1287 2435 1383 2462 schedis
1396 2435 1531 2471 suis,priiis
1543 2434 1610 2461 illud
1621 2444 1725 2470 quoqne
1736 2435 1761 2460 in
1768 2442 1874 2461 ventum
1887 2435 1930 2461 sibi
1942 2436 1967 2462 iii
1981 2435 2041 2461 cod.
2053 2435 2149 2462 veteri.

1225 2480 1252 2506 7.
1274 2474 1288 2496 1
1289 2472 1337 2496 dem
1347 2474 1420 2504 ipsum
1430 2473 1566 2503 Lentulum,
1577 2473 1708 2503 largitorem
1717 2471 1746 2500 (ἐν
1750 2471 1872 2504 prodigum
1883 2490 1890 2503 ‚
1901 2478 2024 2504 nonputat
2035 2491 2043 2502 ‚
2062 2471 2113 2497 dmi
2123 2473 2151 2498 de

1187 2511 1290 2541 semica-
1296 2510 1374 2540 populi
1382 2511 1446 2532 Rom.
1456 2510 1526 2533 exitio
1534 2508 1605 2540 hujus
1613 2507 1678 2531 urbis
1690 2526 1698 2537 ,
1708 2506 1775 2540 &r.]
1798 2506 1956 2534 Emendatio
1966 2507 2052 2534 omnis
2064 2506 2151 2534 trans·

1191 2544 1335 2579 politioquc
1346 2543 1381 2569 est
1392 2544 1407 2569 a
1418 2543 1486 2568 Pali.
1505 2544 1532 2568 St
1545 2543 1619 2568 Hitt.
1633 2542 1710 2568 Fabr.
1721 2541 1825 2568 Uvei‘d.
1844 2542 1912 2571 illud
1932 2551 2057 2580 praeterea
2070 2545 2152 2577 popu-'i

1190 2584 1254 2605 Rom.
1273 2579 1305 2605 ab
1323 2579 1388 2604 olim
1405 2578 1484 2605 editis
1498 2598 1506 2610 ,
1525 2588 1590 2614 quos
1602 2578 1669 2604 ratio
1680 2578 1818 2604 Ciceronis
1828 2578 1937 2613 adjurat
1949 2599 1956 2611 ,
1976 2583 1989 2606 e
2001 2579 2149 2614 conjutratis

1190 2615 1280 2641 duci-a.
1297 2614 1388 2642 eadem
1398 2614 1430 2640 de
1441 2613 1514 2641 causa
1523 2615 1551 2640 δε
1562 2614 1633 2641 infra
1644 2623 1749 2653 quoque
1761 2615 1847 2650 paucis
1859 2615 2008 2649 interiectis
2020 2603 2147 2648 terlibiis,

1191 2650 1374 2686 l‘criplinius,1'n
1380 2652 1568 2684 perniciepopuli
1576 2654 1640 2676 Rom.
1652 2659 1685 2676 ex
1696 2649 1748 2676 lide
1756 2650 1910 2677 'earumdem
1922 2651 2148 2679 membranarum.

1228 2686 1256 2713 8.
1284 2687 1476 2714 orcinoedelimiis
1484 2689 1659 2719 vituperatione
1667 2687 1814 2720 defenditis]
1836 2687 1893 2713 Pal.
1913 2686 1981 2714 sext,
2001 2688 2028 2713 8(
2037 2687 2095 2714 dec,
2105 2688 2148 2714 in-

1191 2730 1335 2757 terponunt
1353 2742 1361 2754 ,
1378 2726 1409 2748 P.
1419 2726 1449 2748 R.
1460 2723 1505 2755 def.
1517 2723 1544 2748 8<
1557 2731 1619 2748 vero
1631 2722 1771 2748 veterrima
1781 2722 1823 2748 ed.
1831 2725 1940 2755 populum
1950 2724 2040 2755 defind.
2059 2723 2147 2749 colon.

1190 2758 1206 2784 ἃ
1217 2759 1283 2784 crud.
1295 2761 1375 2791 vitup,
1385 2762 1417 2784 P.
1428 2761 1458 2784 R.
1468 2759 1596 2792 exsti-mitis.
1617 2757 1685 2784 unde
1697 2758 1809 2784 faciebat
1819 2758 1992 2790 Gulielmius,
2004 2765 2061 2791 aut,
2069 2761 2150 2792 popul·

1188 2798 1252 2820 Rom.
1263 2794 1382 2824 cxliilwctir
1394 2814 1402 2825 ,
1420 2801 1466 2820 ant
1476 2795 1536 2819 cert?
1544 2797 1576 2819 P.
1587 2796 1615 2819 C.
1631 2795 1760 2826 exJislvetis.
2147 2814 2155 2819 c

1225 2838 1254 2864 9.
1274 2832 1369 2862 Sepulia
1377 2833 1402 2855 in
1408 2831 1520 2863 patria]
1545 2830 1588 2855 sic
1599 2830 1627 2854 δε
1635 2837 1730 2864 praeter
1741 2829 1928 2856 Lambinianos
1939 2829 1992 2856 Ah.
2003 2829 2031 2854 ὅτ
2042 2829 2148 2858 Uverd.

1191 2867 1296 2901 vulgata
1307 2866 1389 2901 prius,
1397 2867 1628 2899 sipultampatriam
1638 2884 1645 2896 ,
1679 2865 1730 2891 uod
1742 2875 1792 2892 non
1805 2866 1914 2892 omnino
1923 2865 2002 2892 eti-im
2013 2865 2148 2894 damnem.

1229 2911 1270 2928 10.
1290 2901 1602 2935 Vehementcmqucpraebeo.]
1625 2901 1670 2926 Pal
1688 2920 1694 2926 .
1704 2900 1757 2926 duo
1769 2902 1797 2926 δε
1816 2901 1989 2928 Gulielmiani
2002 2904 2013 2933 ‚‘
2030 2901 2094 2928 item
2106 2902 2149 2930 ed.

1191 2945 1243 2964 vet.
1252 2939 1362 2969 praebeho.
1385 2936 1489 2963 videtur
1500 2944 1586 2963 tamen
1599 2936 1693 2962 melior
1702 2936 1796 2963 altera.
2143 2949 2146 2954 ¹

1231 2982 1238 2999 i
1250 2983 1256 2999 ι
1266 2993 1271 2999 .
1290 2975 1431 3005 Supplicium
1442 2974 1468 2997 de
1471 2973 1550 3007 finis
1559 2982 1604 2998 non
1613 2971 1685 3005 qusim
1695 2975 1859 3006 acerbiffimunu
1867 2991 1878 3004 ¹,
1889 2973 1956 3007 cisa]
1972 2974 2082 3001 Secutus
2093 2974 2148 3001 sum

1193 3009 1316 3035 Lanibiiii
1328 3008 1483 3035 sententiam
1495 3027 1503 3039 ,
1517 3007 1563 3035 iiifi
1576 3007 1646 3043 quod
1657 3008 1753 3034 retinui
1766 3009 1858 3041 ,semis
1869 3028 1878 3039 ,
1897 3007 1968 3044 quod
1980 3010 2111 3044 reperitur
2120 3010 2148 3037 in

1191 3044 1313 3071 omnibus
1328 3043 1523 3080 exemplaribus
1535 3051 1606 3070 retro
1615 3042 1693 3073 editis
1705 3062 1714 3075 ,
1734 3043 1830 3070 nedum
1842 3043 1953 3080 scriptis.
1975 3046 2056 3072 moris
2076 3045 2148 3073 enim

1194 3081 1322 3106 Romanis
1342 3080 1442 3115 legibus
1455 3099 1463 3111 ,
1482 3089 1572 3109 omnes
1592 3078 1678 3106 servos
1692 3079 1738 3115 qui
1749 3080 1793 3106 snb
1804 3080 1896 3106 eodem
1908 3080 2054 3107 manserant
2065 3080 2150 3113 testo,

1194 3126 1286 3143 necare
1296 3116 1330 3142 ob
1340 3114 1510 3152 parricidium
1522 3116 1598 3142 unius
1612 3135 1617 3139 .
1639 3115 1863 3150 quemadmodum
1883 3116 1971 3144 videi-e
1989 3116 2059 3153 apud
2070 3116 2150 3143 Taci-

223 3145 253 3174 6·
274 3149 370 3174 Ulsllffl‘
379 3150 470 3182 reipub-
480 3151 592 3186 vincat]
615 3152 658 3181 Est
667 3153 684 3180 a.
695 3152 848 3188 conjec‘tura
859 3154 958 3183 Mureti
971 3163 981 3187 5
1001 3153 1067 3182 editi
1080 3152 1145 3180 olim
1170 3179 1174 3193 Ι
1194 3159 1251 3180 tuni
1263 3152 1331 3179 libro
1343 3161 1406 3181 xiv.
1416 3161 1473 3189 cap.
1483 3160 1530 3186 42.
1541 3151 1753 3188 &deincipibus-

1977 3196 1988 3215 ι
1996 3207 2003 3214 .
2021 3181 2153 3216 virumn}
