2297 3389
545 145 820 210 QnArro
879 159 998 192 PRo
1061 144 1488 205 L.MAN11.1A‚
1527 148 1616 199 &c.⁴

45 249 51 253 ›
89 230 220 273 legatum
231 228 338 271 populi
346 229 440 260 Rom.
450 227 647 262 consularem,
657 228 798 262 vinculis,
812 237 846 258 ac
853 227 1041 261 verberibus,

91 282 180 313 atque
190 274 277 302 omni
287 271 430 311 supplicio
441 271 646 300 excruciatum
656 270 793 300 necavit?
809 270 859 299 Illi
873 270 1041 299 libertatem

92 315 211 345 civium
229 316 322 343 Rom.
341 313 539 342 imminutam
555 321 620 341 non
639 311 772 341 tulerunt
784 315 790 334 ἱ
808 320 864 340 vos
872 311 967 340 vitam
978 320 1042 339 ere-

91 364 176 397 ptam
193 354 367 396 negligetis?
381 354 436 394 Jus
454 354 612 394 legationis
628 352 721 383 verbo
730 352 878 382 violatum
889 350 1042 391 illiperse-

91 399 156 428 cuti
169 397 252 427 sunt:
270 405 324 425 vos
333 395 464 436 legatum
474 395 580 434 populi
589 397 684 425 Rom.
695 394 784 424 omni
802 394 948 433 supplicio
969 395 978 410 ¹
990 393 1039 421 in-

93 436 252 469 terimitum
262 455 271 469 ‚
287 437 419 466 inultum
430 437 625 477 relinquetis?
640 435 746 465 Videte
756 455 764 469 ,
786 445 824 465 ne
834 455 843 468 ,
863 434 965 465 utillis
973 433 1041 473 pul-

91 479 277 510 cherrimum
286 477 345 508 fuit
354 498 361 511 ,
384 486 495 508 tantam
506 478 594 508 vobis
603 478 723 518 imperii
734 478 860 518 gloriam
871 475 1023 516 relinquere
1032 485 1042 502 .-

89 519 131 558 [ιε
141 519 228 549 vobis
238 519 439 559 turpiffimum
450 518 483 549 fit
492 540 500 553 ,
512 520 589 549 illud
600 540 608 553 ‚
627 519 710 560 quod
721 517 872 558 accepistis
882 538 889 551 ‚
902 517 977 546 tueri
985 536 993 550 ‚
1007 516 1041 548 &-

57 560 63 569 '
91 561 247 600 confirmare
258 572 307 590 ποις
316 561 392 601 pqffiz.
424 561 505 602 Qid
516 581 524 595 ,
536 561 618 602 quod
630 562 704 591 salus
716 561 868 591 sociorum
882 560 1040 590 summum

91 604 126 633 in
135 602 350 641 periculum‚ac
362 603 522 633 discrimen
533 606 667 633 vocatur?
678 605 785 643 Regno
797 601 937 642 expulsus
948 600 990 630 est
1001 602 1043 629 A·

88 644 276 675 riobarzanes
286 665 295 677 ,
314 654 366 674 rex
376 664 384 678 ‚
407 645 505 675 socius
514 645 617 685 populi
628 647 720 675 Rom.
730 652 818 684 atque
826 644 939 674 amicus
952 652 958 670 :
979 642 1041 670 im-

91 686 212 715 minent
222 686 282 715 duo
293 696 373 727 reges
383 688 439 717 toti
450 686 534 720 Afiae,
545 696 607 716 non
619 685 719 716 solum
729 686 816 714 vobis
826 681 1040 714 iuimiciffimb

88 726 140 758 sed
149 728 240 756 etiam
252 727 356 757 vestris
363 728 441 768 ficiis
451 749 459 762 ,
478 738 564 769 atque
573 729 678 758 amicis
693 737 698 754 z
718 727 851 756 civitates
860 735 961 755 autem
971 734 1040 754 om-

88 778 144 798 nes
153 788 162 802 ,
182 769 291 799 cun&a
303 767 367 800 Asia
378 791 385 804 ‚
409 780 498 811 atque
508 771 621 799 Graecia
630 767 764 798 vestrum
775 768 925 797 auxilium
938 766 1041 805 exspe-

89 809 168 840 ἀπε
178 830 186 844 ,
198 820 317 850 propter
325 812 450 851 periculi
462 810 704 852 magnitudinem
716 829 724 843 ‚
737 818 884 850 coguntur
895 819 900 837 ε
911 809 1040 848 impeta-

87 859 187 882 torem
198 854 214 882 ὲ.
222 852 311 882 vobis
321 863 434 883 certum
445 852 601 892 deposcere
610 872 618 884 ,
628 850 699 881 cum
709 852 871 891 praesertim
880 857 936 880 vos
945 851 1040 885 alium

88 894 231 924 miseritis
241 915 249 928 ‚
262 904 357 935 neque
365 895 482 927 audent,
494 903 591 934 neque
600 893 632 922 id
644 894 670 922 se
680 891 774 923 facere
786 893 908 922 summo
919 890 979 921 sine
988 901 1040 931 pe-

85 936 185 965 riculo
195 934 276 975 posse
285 936 468 966 arbitrantur.
478 935 594 968 vident,
606 935 639 964 δε
651 935 784 964 sentiunt
792 935 849 964 hoc
860 931 1039 973 idem‚quod

85 986 142 1007 vos
151 997 159 1010 ,
170 986 267 1006 unum
277 978 379 1007 virum
389 975 455 1010 effe,
465 981 479 996 ²
488 978 521 1006 in
532 986 593 1017 quo
603 977 720 1006 summa
731 975 786 1005 fint
798 976 912 1009 omnia,
924 975 956 1005 &
967 983 1039 1004 eum

85 1017 179 1058 propi:
189 1015 246 1047 effe
256 1038 264 1051 ‚
284 1018 366 1059 (quo
378 1020 466 1048 etiam
474 1028 575 1048 carent
583 1016 688 1059 aegrius
701 1028 706 1046 z
719 1018 727 1057 )
739 1018 823 1057 cujus
833 1016 961 1045 adventu
973 1015 1040 1056 ipsi),

85 1066 174 1100 atque
193 1061 302 1088 nomine
311 1080 320 1093 ‚
341 1059 455 1090 tametfi
465 1060 518 1090 ille
529 1060 564 1089 ad
574 1060 764 1090 maritimum
778 1059 894 1089 bellum
904 1059 1039 1090 venerit,

86 1110 188 1132 tamen
200 1103 330 1141 impetus
340 1101 474 1132 hostium
485 1100 627 1141 repressos
639 1100 696 1130 effe
713 1100 888 1142 intelligunt
904 1111 936 1130 ac
952 1109 1042 1134 retar-

85 1141 179 1173 datos.
205 1144 247 1172 Hi
258 1153 311 1172 vos
323 1164 331 1177 ‚
353 1145 499 1184 quoniam
508 1143 600 1173 libere
612 1143 698 1183 loqui
708 1153 772 1172 non
784 1143 853 1172 licet
864 1162 873 1175 ‚
894 1142 981 1172 tacite
992 1151 1042 1170 ro-

85 1192 168 1225 gant,
178 1193 211 1214 ut
221 1184 249 1214 se
258 1195 378 1226 quoque
388 1184 460 1215 ficut
467 1194 629 1215 ceterarum
639 1186 863 1224 provinciarum
875 1184 982 1216 socios,
995 1182 1040 1212 di-

86 1235 164 1267 gnos
180 1225 359 1257 existimetis
370 1247 378 1260 ,
397 1226 659 1266 quotumfizlutem
669 1227 719 1256 tali
730 1228 796 1255 viro
808 1225 1040 1256 commendetis.

89 1271 104 1294 3
116 1276 203 1308 atque
213 1269 269 1298 hoc
278 1269 369 1298 etiam
381 1270 472 1310 magis
482 1288 490 1301 ‚
501 1272 591 1309 quam
603 1277 715 1298 ceteros
729 1280 737 1302 3
752 1266 834 1308 quod
845 1266 994 1307 ejusmodi
1008 1267 1038 1296 in

42 1330 49 1344 s
71 1311 276 1349 provinciam
288 1311 428 1340 homines
437 1314 454 1336 4
463 1320 532 1339 cum
542 1311 672 1349 imperio
684 1310 847 1342 mittimus,
860 1318 902 1341 ut,
918 1309 1007 1338 etiam
1020 1306 1040 1337 si

87 1350 126 1380 ab
137 1349 221 1380 hoste
231 1350 408 1385 defendant,
430 1360 528 1381 tamen
539 1352 676 1390 ipsorum
685 1351 829 1380 adventus
840 1352 873 1379 in
885 1349 983 1379 urbeis
994 1350 1040 1379 so-

88 1394 208 1422 ciorum
224 1412 232 1425 ,
253 1402 317 1422 non
335 1393 469 1422 multum
488 1396 500 1419 5
512 1392 547 1422 ab
563 1391 652 1427 hostili
674 1392 878 1433 expugnatione
897 1391 1038 1431 differant.

88 1435 184 1464 Hunc
192 1434 351 1464 audiebant
359 1444 452 1467 antea,
464 1444 547 1464 nunc
556 1434 727 1473 praesentem
738 1433 843 1463 vident
854 1453 862 1467 ‚
875 1442 952 1463 tanta
962 1442 1038 1462 tern-

86 1476 219 1515 perantia
227 1494 235 1507 ‚
248 1484 326 1505 tanta
337 1476 565 1506 mansuetudine
576 1495 584 1509 ‚
596 1484 674 1505 tanta
684 1476 877 1508 humanitate,
893 1475 957 1504 utii
969 1474 1039 1504 bea-

89 1514 192 1546 tiffimi
202 1515 259 1546 effe
268 1517 427 1547 videantur
435 1537 443 1551 ‚
463 1517 540 1557 apud
549 1527 625 1558 quos
636 1518 687 1546 illc
696 1515 859 1547 diutiffime
870 1525 1041 1546 commora-

49 1554 73 1588 6
90 1566 147 1588 tur.
179 1560 275 1600 Qare
284 1579 292 1592 ‚
313 1557 333 1588 fi
346 1567 456 1601 propter
473 1559 559 1599 βείω
568 1579 577 1593 ,
598 1559 681 1588 nulla
695 1558 747 1598 ipsi
767 1559 881 1598 injuria
900 1555 1019 1588 laceffiti
1031 1577 1039 1591 ‚

87 1597 106 1620 ⁶
116 1601 242 1640 majores
250 1600 340 1630 vestri
349 1611 420 1631 curn
431 1602 586 1631 Antiocho
597 1621 605 1634 ,
620 1610 691 1630 cum
702 1601 840 1640 Philippo
851 1621 859 1633 ,
870 1609 943 1630 curn
955 1601 1042 1629 AEto—

85 1642 126 1672 lis
136 1661 144 1675 ‚
164 1651 235 1672 cum
247 1644 346 1672 Poenis
355 1643 432 1673 bella
440 1641 604 1683 gesserunt:
623 1651 734 1683 quanto
744 1652 800 1672 vos
814 1641 914 1672 studio
927 1651 1040 1671 conve-

86 1684 152 1717 nit,
174 1684 295 1723 injuriis
303 1693 481 1724 provocatos
492 1704 500 1717 ,
524 1684 676 1715 sociorum
687 1684 812 1714 salutern
828 1694 888 1714 una
897 1693 968 1714 cum
978 1684 1039 1712 im-

85 1725 163 1766 perii
173 1724 262 1755 vestri
271 1725 413 1765 dignitate
422 1726 582 1756 defendere
592 1746 600 1760 ,
621 1726 782 1766 praesertim
799 1725 872 1756 cum
887 1725 923 1755 de
935 1724 1040 1755 vestris

87 1767 237 1797 maximis
255 1765 442 1808 vestigalibus
459 1772 578 1810 agatur?
597 1778 668 1798 nam
687 1777 851 1798 ceterarum
869 1768 1040 1807 provincia-

85 1817 158 1841 rum
168 1808 322 1850 vestigalia
331 1830 339 1843 ‚
353 1811 486 1851 Qirites
495 1829 503 1843 ‚
519 1819 597 1840 tanta
606 1810 683 1843 sunt,
695 1818 728 1839 ut
736 1811 774 1839 iis
785 1809 820 1840 ad
830 1810 905 1849 ipsas
915 1810 1040 1849 provin—

86 1851 147 1881 cias
165 1851 299 1880 tutandas
316 1853 370 1881 vix
386 1853 522 1881 contenti
542 1850 600 1881 effe
617 1850 761 1891 poffimus
775 1862 780 1880 :
807 1850 872 1881 Asia
887 1849 960 1880 vero
979 1859 1037 1880 tarn

87 1894 193 1932 opima
201 1891 243 1922 est
253 1912 261 1926 ,
275 1892 307 1921 &
317 1891 422 1922 fertilis
434 1914 442 1926 ,
454 1902 485 1922 ut
497 1893 529 1922 &
540 1894 671 1923 ubertate
680 1903 819 1934 agrorum
830 1913 838 1926 ‚
861 1892 894 1922 δε
904 1893 1040 1922 varietate

88 1932 246 1964 fruetuum
258 1954 266 1967 ,
288 1934 321 1963 &
334 1934 540 1975 magnitudine
551 1933 695 1975 pastionis
704 1954 712 1968 ,
731 1934 764 1964 &
775 1933 974 1964 multitudine
992 1943 1040 1963 ea·

86 1985 156 2006 rum
168 1985 266 2005 rerum
278 1995 286 2008 ,
306 1986 370 2016 quae
384 1984 577 2015 exportantur
587 1995 595 2009 ‚
612 1975 701 2005 facile
710 1976 855 2005 omnibus
865 1976 949 2005 terris
958 1983 1041 2004 ante-

87 2017 184 2052 cellat.
218 2019 317 2057 Itaque
328 2018 389 2047 haec
400 2017 487 2047 vobis
503 2019 676 2057 provincia,
697 2018 830 2058 Qirites
840 2037 849 2051 ,
868 2015 911 2046 7si
922 2017 954 2046 δε
966 2016 1038 2046 belli
1060 2022 1062 2031 ¹

85 2059 249 2088 utilitatem
260 2079 267 2092 ‚
282 2059 315 2088 δε
324 2061 403 2098 pacis
414 2058 587 2099 dignitatem
597 2057 738 2089 sustinere
750 2059 840 2088 vultis
849 2078 857 2092 ‚
868 2068 933 2088 non
943 2057 1038 2088 modo

87 2098 106 2130 ὲ
114 2100 281 2130 calamitate
290 2120 299 2134 ,
320 2100 368 2130 sed
379 2102 468 2129 etiam
486 2100 590 2130 amem
602 2100 773 2129 calamitatis
785 2100 827 2131 est
840 2099 1037 2130 defendenda.

86 2151 159 2171 nam
168 2144 272 2171 ceteris
282 2144 314 2172 in
324 2141 409 2171 rebus
419 2161 426 2174 2
439 2152 511 2171 cum
521 2144 605 2172 venit
613 2142 762 2171 calamitas
772 2161 780 2175 ,
795 2150 861 2172 turn
872 2141 1038 2171 detrimen-

84 2191 152 2214 tum
162 2185 311 2223 accipitur.
330 2191 358 2213 at
369 2185 401 2212 in
411 2182 599 2223 vestigalibus
609 2193 673 2213 non
682 2182 782 2213 solum
791 2183 935 2213 adventus
946 2182 1038 2216 mali;

85 2224 136 2256 sed
146 2225 236 2254 etiam
247 2233 344 2254 metus
353 2224 415 2264 ipse
426 2223 509 2254 affert
518 2225 727 2255 calamitatem.
739 2234 810 2255 nam
820 2224 892 2254 cum
903 2223 1037 2254 hostium

84 2268 180 2306 copiae
190 2276 253 2296 non
263 2266 352 2308 longe
363 2265 470 2296 absunt
479 2286 487 2299 ‚
499 2267 590 2296 etiam
601 2265 621 2294 sl
632 2268 758 2305 irruptio
766 2265 841 2296 faeta
852 2266 933 2296 nulla
942 2264 983 2299 sit,
996 2274 1038 2295 ta-

86 2318 160 2338 men
170 2310 506 2349 pecorarelinquuntur,
529 2308 705 2349 agricultura
712 2307 853 2338 deseritur
861 2327 870 2342 ‚
893 2316 1040 2338 mercato-

1077 2057 1195 2098 fastata
1205 2066 1284 2087 mom
1293 2059 1465 2090 concidant.

1951 160 2050 214 345¹

1087 237 1156 258 rum
1175 231 1326 273 navigatio
1342 232 1535 273 conquiescit.
1567 234 1606 264 ita
1619 238 1717 274 neque
1726 240 1764 262 ex
1772 237 1859 273 portu
1868 250 1878 266 .
1896 240 1995 273 neque
2006 240 2048 264 ex

1087 269 1223 302 decumis
1241 292 1249 306 ‚
1274 283 1372 314 neque
1391 284 1429 304 ex
1447 274 1586 314 scriptura
1603 274 1729 316 ve6tigal
1748 274 1914 305 conservari
1935 273 2046 313 potest.

1085 320 1174 350 quare
1190 313 1264 353 saepe
1278 317 1369 345 totius
1379 317 1451 346 anni
1461 315 1576 347 frunitus
1587 327 1650 347 uno
1661 326 1783 346 rumore
1792 315 1915 356 periculi
1928 335 1936 348 ‚
1957 324 2048 356 atque

1085 362 1140 380 uno
1151 352 1212 383 belli
1223 363 1330 389 terrore,
1341 359 1497 387 amittitur.
1521 354 1534 377 ⁸
1544 361 1614 400 Qo
1626 358 1747 388 tandem
1758 360 1862 388 animo
1873 355 1930 387 effe
1937 356 2046 387 existi-

1088 395 1175 422 matis
1186 404 1236 426 aut
1246 406 1297 426 eos
1310 417 1318 430 ‚
1335 400 1388 438 qui
1401 397 1555 440 vestigalia
1566 400 1654 430 nobis
1665 398 1826 440 pensitant,
1846 407 1894 429 aut
1903 408 1954 428 eos
1964 418 1972 432 ,
1990 399 2045 439 qui

1087 443 1324 477 exercent,atque
1334 441 1543 480 exigunt,cum
1553 441 1614 471 duo
1623 451 1703 482 reges
1713 451 1784 471 cum
1794 441 1936 471 maximis
1946 442 2045 480 copiis

1086 476 1179 514 prope
1191 477 1304 507 adsint?
1322 479 1394 509 cum
1407 491 1465 510 una
1477 481 1610 512 excursio
1620 485 1765 524 equitatus
1783 481 1910 524 perbrevi
1925 489 2045 523 tempore

1089 519 1181 547 tetius
1190 520 1261 548 anni
1272 519 1396 561 veffigal
1406 521 1517 552 auferre
1527 522 1633 562 poffit?
1652 524 1724 554 cum
1743 524 1894 564 publicani
1912 523 2044 553 familias

1090 561 1248 593 maximas,
1257 564 1347 601 9quas
1359 564 1390 591 in
1402 563 1500 592 salinis
1510 565 1702 606 habent,quas
1714 568 1745 595 in
1756 567 1915 606 agriS,quas
1927 566 1959 594 in
1972 575 2044 604 por-⁴

1089 600 1178 630 tubus
1187 621 1195 634 ,
1210 609 1297 642 atque
1308 602 1466 636 custodiis,
1481 614 1589 645 magno
1600 607 1733 646 periculo
1745 608 1773 637 se
1784 607 1888 637 habere
1898 606 2044 636 arbitren-

1087 645 1155 671 tur?
1175 643 1323 673 Putatisne
1332 654 1387 674 vos
1398 645 1458 674 illis
1468 646 1553 675 rebus
1563 646 1621 676 frui
1631 646 1723 686 posse,
1734 647 1788 678 nisi
1799 658 1848 678 eos
1858 668 1866 682 ‚
1889 650 1978 688 ¹0qui
1987 658 2045 678 vo-

1088 683 1133 712 bis
1142 682 1285 714 fru&u0fi
1296 684 1632 721 sunnconservaveritis,
1640 699 1701 718 non
1713 689 1811 719 solum
1823 689 1865 727 (ut
1874 699 1957 720 antea
1966 689 2045 728 dixi)

1087 724 1269 760 calamitate,
1290 727 1338 757 sed
1351 729 1438 757 etiarn
1449 728 1626 759 calamitatis
1637 729 1800 760 formidine
1817 731 1977 762 liberatos?
1999 734 2043 761 Ac
2067 742 2086 774 γ

1089 776 1126 796 ne
1145 767 1223 797 illud
1240 768 1366 809 quidem
1382 769 1471 799 vobis
1490 770 1703 811 negligendum
1713 771 1771 804 est,
1792 772 1872 812 quod
1893 774 1969 802 mihi
1987 783 2042 814 ego

1088 817 1262 839 extremum
1272 811 1483 850 proposueram
1493 831 1501 844 ‚
1514 821 1584 841 cum
1596 811 1686 841 ess'em
1699 812 1816 842 debelii
1828 824 1933 853 genere
1943 813 2041 844 dietu-

1088 859 1137 879 rus
1148 869 1155 883 ‚
1167 851 1248 890 quod
1259 851 1294 882 ad
1305 852 1471 882 multorum
1483 853 1563 883 bona
1570 855 1685 883 civium
1697 856 1790 883 Rom.
1805 857 1947 893 pertinet:
1967 865 2042 895 quo-

1089 901 1156 922 rum
1169 892 1255 923 vobis
1267 913 1275 927 ,
1295 903 1348 933 pro
1359 893 1451 924 vestra
1460 894 1599 934 sapientia
1610 915 1618 928 ‚
1638 896 1770 934 Qirites
1783 916 1791 928 ‚
1805 895 1937 926 habenda
1947 897 1989 926 est
2000 907 2042 926 ra-

1088 934 1133 962 tio
1147 933 1314 975 diligenter.
1339 938 1420 965 Nam
1431 935 1625 976 &publicani‚
1639 937 1778 966 ‘nomines
1791 937 1822 966 δε
1833 937 2042 970 honestissimi.

1091 974 1123 1003 &
1132 974 1323 1009 ornatissimi,
1338 977 1400 1007 suas
1411 979 1550 1011 rationes,
1563 979 1595 1007 &
1606 979 1704 1017 copias
1715 980 1747 1007 in
1757 979 1840 1008 illam
1856 981 2040 1018 provinciam

1089 1017 1296 1047 contulerunt:
1315 1028 1444 1058 quorum
1456 1020 1588 1058 ipsorum
1600 1019 1687 1059 perse
1697 1029 1742 1049 res
1752 1040 1760 1053 ‚
1774 1019 1805 1050 δε
1817 1019 1955 1052 fortunae.
1967 1030 2044 1050 curae

1088 1058 1176 1087 vobis
1189 1058 1244 1088 effe
1261 1059 1380 1090 debent.
1404 1062 1517 1090 etenim
1529 1060 1549 1090 si
1570 1070 1784 1091 vacrroAntA
1796 1082 1803 1094 ,
1827 1070 1950 1091 NERvos
1970 1072 2043 1091 Essa

1090 1109 1178 1128 Ram.
1195 1110 1326 1131 sEMPER
1344 1111 1494 1132 DUXtMus
1506 1113 1510 1131 :
1523 1112 1594 1132 eum
1605 1102 1681 1132 certe
1693 1102 1830 1132 ordinem
1843 1123 1850 1136 ‚
1862 1105 1914 1143 qui
1926 1112 2044 1132 exercet,

1088 1141 1138 1171 illa
1146 1162 1154 1174 ,
1169 1140 1396 1173 firmamentum
1407 1152 1575 1173 ceterorum
1586 1142 1729 1174 ordinum
1740 1144 1817 1176 teste
1828 1143 1886 1174 effe
1895 1145 2039 1175 dicemus·

1088 1183 1209 1213 Deinde
1227 1187 1331 1214 ceteris
1346 1195 1384 1215 ex
1396 1185 1553 1215 ordinibus
1566 1187 1705 1215 homines
1716 1189 1822 1226 gnavi,
1849 1186 1881 1216 δε
1892 1186 2043 1218 industrii,

1089 1228 1113 1244 ¹¹
1125 1227 1277 1264 partimin
1289 1224 1354 1256 Asia
1363 1230 1551 1268 negotiantur
1563 1248 1570 1260 ,
1588 1227 1697 1268 quibus
1708 1238 1762 1257 vos
1781 1228 1949 1257 absentibus
1967 1238 2043 1258 con-

1088 1267 1181 1297 sulere
1192 1267 1319 1297 debetis:
1339 1277 1450 1307 partim
1465 1270 1525 1299 suas
1536 1289 1544 1301 ‚
1565 1269 1597 1298 Sc
1610 1270 1729 1299 suorum
1742 1271 1774 1299 in
1784 1280 1815 1299 ea
1825 1271 1980 1309 provincia
1990 1280 2042 1309 pe-

1086 1311 1189 1338 cunias
1209 1319 1328 1350 magnas
1346 1310 1503 1341 collocatas
1515 1311 1633 1341 habent.
1659 1313 1722 1341 Erit
1740 1313 1830 1352 igitur
1848 1312 2044 1341 humanitatis

1087 1349 1189 1380 vestrae
1200 1370 1208 1383 ‚
1229 1361 1372 1392 magnum
1383 1362 1487 1391 eorum
1498 1354 1613 1382 civium
1624 1362 1789 1382 numerum
1798 1353 1962 1383 calamitate
1972 1363 2038 1392 pro-

1087 1393 1204 1422 hibere:
1226 1392 1372 1432 sapientiae
1384 1414 1392 1427 ,
1414 1394 1515 1423 videre
1528 1414 1535 1426 ,
1557 1394 1711 1423 multorum
1728 1395 1837 1423 civium
1847 1394 2042 1423 calamitatem

1086 1428 1103 1462 >z
1114 1432 1371 1476 repub.s2jundl²am
1382 1435 1429 1472 effi³
1441 1446 1491 1464 non
1505 1435 1583 1475 ρρζῘὲ.
1607 1438 1730 1465 Etenim
1739 1436 1814 1465 illud
1830 1435 1966 1476 primum
1978 1446 2044 1475 par-

1086 1477 1118 1505 vi
1135 1474 1240 1508 refert,
1261 1485 1316 1505 vos
1329 1477 1497 1516 publicanis
1515 1475 1618 1508 arnissa
1627 1477 1783 1518 veStigalia
1799 1477 1899 1518 postea
1916 1476 2044 1508 νλᾶοτίῑ

1086 1527 1266 1556 recuperare.
1290 1527 1387 1559 neque
1408 1521 1491 1548 enim
1510 1519 1618 1549 iisdem
1637 1518 1807 1549 redimendi
1824 1519 1945 1549 facultas
1966 1521 2040 1552 erit,

1084 1568 1204 1599 propter
1213 1559 1409 1590 calamitatem
1421 1580 1429 1592 ,
1450 1570 1545 1600 neque
1555 1560 1621 1590 aliis
1631 1561 1770 1591 voluntas
1782 1582 1790 1593 ,
1810 1570 1930 1601 propter
1949 1563 2044 1591 timo-

1087 1611 1160 1631 rem.
1184 1600 1306 1630 Deinde
1316 1621 1324 1634 ‚
1344 1602 1427 1641 quod
1440 1611 1495 1631 nos
1507 1601 1611 1631 eadem
1623 1600 1687 1632 Asia
1697 1623 1705 1636 ‚
1725 1611 1812 1643 atque
1822 1602 1903 1632 idem
1915 1601 1968 1632 iste
1978 1605 2044 1633 Mi-

1086 1642 1227 1673 thridates
1235 1644 1327 1672 initio
1338 1643 1410 1673 belli
1420 1642 1540 1673 Afiatici
1552 1643 1672 1678 docuit;
1690 1644 1721 1674 id
1731 1643 1855 1685 quidem
1865 1644 1944 1675 certe
1963 1645 2043 1673 cala-

1086 1685 1190 1713 mirare
1204 1682 1279 1712 doc‘bi
1296 1686 1447 1715 memoria
1458 1687 1586 1716 retinere
1598 1685 1753 1715 debemus.
1777 1696 1848 1716 nam
1864 1695 1948 1720 tum,
1968 1685 2042 1718 cum

1086 1728 1119 1756 in
1132 1723 1198 1755 Asia
1214 1735 1261 1755 res
1278 1736 1397 1768 magnas
1407 1727 1551 1767 permulti
1565 1728 1742 1760 amiserant,
1764 1728 1872 1757 scimus
1883 1748 1892 1761 ‚
1911 1730 2020 1758 Roma:
2031 1748 2043 1761 .

1086 1768 1236 1799 solutione
1246 1769 1401 1807 impedita,
1414 1767 1507 1799 fidem
1516 1767 1691 1799 concidisse.
1719 1772 1796 1799 NON
1814 1779 1904 1799 EmM
1921 1768 2043 1810 poss'unt

1085 1819 1144 1840 una
1155 1811 1186 1838 in
1196 1811 1316 1839 civitate
1325 1811 1415 1840 multi
1426 1820 1490 1840 rem
1500 1830 1508 1844 ‚
1520 1819 1605 1851 atque
1617 1810 1753 1841 fortunas
1763 1812 1901 1842 amittere
1911 1832 1919 1844 ,
1935 1821 2041 1842 utnon

1084 1852 1196 1892 plureis
1206 1851 1306 1882 secum
1317 1853 1350 1881 in
1360 1852 1485 1882 eandem
1495 1852 1694 1882 calamitatem
1703 1854 1828 1883 trahant.
1851 1855 1878 1882 A
1889 1864 1951 1893 quo
1960 1856 2042 1893 peri-

1085 1894 1155 1923 culo
1164 1893 1323 1932 prohibete
1332 1903 1425 1933 remp.
1445 1894 1477 1923 &
1489 1894 1566 1923 mihi
1576 1893 1686 1924 credite
1696 1913 1705 1928 ‚
1725 1894 1755 1924 id
1765 1893 1847 1934 quod
1858 1895 1910 1934 ipsi
1920 1895 2042 1926 videtis.

1084 1936 1148 1965 haec
1159 1933 1231 1963 fides
1240 1953 1248 1966 ,
1267 1943 1351 1974 atque
1361 1936 1424 1965 haec
1433 1937 1506 1966 ratio
1517 1937 1710 1975 pecuniarum
1721 1955 1730 1968 ,
1750 1945 1815 1975 quae
1826 1938 1935 1966 Romae
1944 1957 1952 1970 ,
1972 1947 2039 1977 qua:

1087 1978 1119 2005 in
1129 1975 1196 2006 foro
1205 1976 1334 2006 versatur
1343 1996 1351 2009 ‚
1373 1977 1517 2016 implicita
1527 1975 1568 2006 est
1582 1987 1652 2006 cum
1666 1978 1726 2006 illis
1738 1979 1874 2016 pecuniis
1886 1977 2017 2008 Asiaticis
2026 1998 2037 2012 ,

1084 2018 1117 2047 &
1126 2018 1264 2047 cohaeret.
1286 2028 1368 2047 mere
1378 2019 1430 2048 illa
1439 2029 1504 2048 non
1515 2017 1634 2058 poss'unt
1647 2038 1655 2052 ‚
1668 2028 1701 2048 ut
1710 2020 1773 2048 haec
1787 2029 1851 2048 non
1864 2020 1954 2048 eodem
1963 2019 2040 2049 labe-

1501 2063 1597 2101 Qare
1615 2060 1730 2093 videte⁹
1750 2070 1825 2090 num
1836 2061 2040 2092 dubitandum

1083 2100 1170 2131 vobis
1180 2099 1213 2129 fit
1222 2120 1230 2133 ‚
1242 2102 1329 2130 omni
1340 2100 1438 2131 studio
1448 2101 1484 2131 ad
1496 2102 1525 2130 id
1539 2101 1651 2131 bellum
1663 2102 1847 2135 incumbere,
1859 2104 1891 2132 in
1902 2113 1961 2144 quo
1971 2103 2041 2143 glo-

1081 2144 1123 2172 ria
1140 2143 1277 2172 nominis
1295 2142 1384 2172 vestri
1402 2163 1417 2179 ,Ἴ
1433 2143 1508 2173 salus
1520 2143 1690 2177 sociorum,
1710 2143 1865 2184 veffigalia
1885 2146 2038 2179 maxima,

1082 2183 1211 2213 sortunae
1224 2187 1251 2202 ¹2
1262 2183 1463 2222 plurimorum
1474 2186 1590 2214 civium
1609 2195 1679 2214 cum
1699 2185 1802 2225 repub.
1822 2185 2036 2216 defenduntur.

1083 2227 1235 2266 Qoniam
1248 2225 1284 2254 de
1293 2235 1399 2264 genere
1409 2226 1481 2255 belli
1493 2225 1573 2259 dixi,
1586 2236 1667 2256 nunc
1679 2226 1714 2256 de
1725 2227 1933 2268 magnitudine
1949 2238 2039 2268 pauca
2061 2231 2078 2261 8.

1081 2266 1190 2296 dicam.
1222 2266 1321 2296 Potest
1331 2269 1414 2296 enim
1427 2267 1551 2296 hocdrci
1564 2278 1569 2296 :
1592 2267 1662 2297 beili
1680 2278 1773 2308 genus
1791 2267 1848 2298 esse
1859 2271 1899 2299 ita
1910 2268 2039 2300 necessa—

1083 2310 1164 2338 rium
1176 2328 1184 2342 ‚
1204 2317 1235 2338 ut
1245 2307 1277 2338 fit
1286 2308 1464 2350 gerendum.
1487 2319 1553 2339 non
1563 2307 1619 2339 effe
1630 2311 1670 2340 ita
1680 2319 1824 2350 maguum
1836 2330 1844 2344 ,
1865 2320 1896 2340 ut
1906 2310 1938 2341 sit
1947 2314 2042 2351 perti*

1654 2354 1656 2357 '
1901 2353 2040 2384 mescen-

126 2418 137 2435 ι
145 2430 151 2436 .
169 2412 432 2444 Interfii‘i‘umjnultnm
442 2412 574 2446 relinqueris
585 2413 609 2445 ἓ]
625 2410 717 2437 Difflo
726 2412 827 2436 inultum
837 2419 887 2436 non
899 2410 934 2437 est
944 2410 972 2437 in
983 2419 1040 2436 me-

84 2445 196 2473 lior-ibus
209 2446 263 2472 Pali
271 2467 276 2472 .
286 2456 370 2483 neque
379 2447 523 2482 agnoscunt
534 2445 731 2473 eamcditiones
742 2447 843 2482 primae.

95 2496 99 2497 ν
121 2490 150 2507 2.
168 2485 199 2507 [n
216 2492 259 2516 quo
269 2483 364 2515 stamma
374 2484 424 2516 finr
441 2484 543 2517 omnia]
561 2482 790 2509 Anibi-audiebatur
800 2480 1041 2508 Gulielmioleffio

87 2516 212 2553 Hittorp.
229 2521 255 2543 ln
272 2527 315 2552 quo
325 2520 376 2552 sint
392 2522 470 2544 omnia
481 2538 490 2551 ‚
510 2518 626 2545 formula
636 2520 738 2545 Graeca.
757 2527 808 2554 ego
817 2516 949 2544 adhaerere
958 2517 1039 2544 malui

86 2553 211 2589 vulgatae.

124 2597 138 2624 3
147 2609 152 2615 .
171 2593 261 2622 (Atque
270 2590 309 2614 hot
318 2591 389 2615 etiam
397 2590 469 2624 magia
477 2589 549 2624 qudm
559 2597 642 2616 ceteros
655 2609 663 2621 ‚
681 2590 742 2623 quud
749 2589 854 2624 cjnfiundi
862 2592 887 2615 in
891 2591 1041 2622 provinciam

85 2625 265 2658 homines,&c.]
278 2625 438 2652 Gulielmius
450 2626 598 2661 reposuerat
609 2636 641 2652 ex
654 2625 762 2652 Erfurd.
772 2623 925 2651 Colonieus.
936 2624 1040 2651 Uvercl.

86 2661 147 2694 quod
155 2668 237 2686 ceretae
248 2661 352 2694 (jusmodi
360 2664 538 2694 inprovincias.
555 2663 582 2687 ὃ(
594 2671 656 2688 vero
667 2661 734 2688 Pall.
746 2661 865 2697 plerique
876 2660 970 2687 habent
980 2667 1039 2687 tau-

88 2703 147 2722 tum
160 2715 167 2727 ,
178 2706 250 2730 qnam
260 2703 342 2722 ceteros
351 2698 466 2730 ejusmodi.
485 2697 554 2723 haud
573 2698 652 2724 ausim
673 2705 760 2723 tamen
780 2697 875 2730 ejicere
894 2695 1039 2731 vulgatam.

86 2731 120 2757 ad
129 2731 192 2767 quid
203 2733 272 2758 enim
285 2732 341 2758 heic
351 2733 496 2768 requiritur
506 2734 516 2759 ?
526 2741 620 2760 ceteros.
641 2734 729 2769 itaque
741 2732 848 2758 mallem
860 2731 964 2758 rescribi
975 2741 983 2762 3
999 2740 1039 2758 at-

86 2777 130 2801 que
146 2769 186 2794 hoc
203 2771 274 2793 eriam
292 2768 364 2801 magis
375 2787 383 2800 ‚
402 2770 591 2804 qraeodejffmudi5
612 2776 642 2796 ut
652 2770 698 2796 illa
706 2768 777 2803 qutim
787 2776 892 2800 ceteros,
910 2767 1013 2795 fuerint
1025 2769 1040 2795 ξι

87 2803 155 2829 mala
165 2813 254 2830 manu.

121 2846 150 2872 4.
168 2843 226 2865 Cum
234 2842 328 2872 imperio
337 2840 476 2874 minima]
494 2840 608 2875 Vulgata
621 2860 629 2872 ,
640 2843 745 2875 misimus·
755 2853 764 2873 ‚-
782 2839 824 2866 std
836 2840 952 2865 nostrum
963 2846 1039 2867 extat

86 2873 113 2900 in
124 2874 257 2911 antiquiss.
267 2875 326 2901 edd.
338 2876 365 2901 Sc
377 2876 445 2902 Pall.
455 2876 588 2903 omnibus.
607 2887 656 2903 nec
677 2876 753 2903 video
770 2885 817 2902 cur
832 2876 981 2912 improbare
992 2875 1039 2902 de-

87 2909 146 2937 bat
160 2913 267 2938 Brutus.

104 2973 112 2980 ο
126 2954 152 2979 5.
170 2948 221 2974 ΜΔ
239 2948 313 2979 hostili
328 2948 518 2982 expugnatione]
538 2949 840 2982 Gruter.impngnatio7te.
860 2948 931 2983 quod
942 2957 992 2974 non
1003 2948 1039 2975 est

85 2981 287 3018 negligendum.
309 2984 365 3009 Pal.
377 2983 444 3010 sext.
454 2987 602 3017 pugnatione.

122 3017 151 3042 6.
170 3019 290 3050 efflictim-es
298 3020 395 3053 vestra]
416 3021 441 3045 U
449 3019 564 3046 verdcus.
577 3021 605 3046 Sc
614 3021 696 3047 Grut.
707 3021 776 3053 nqflri
787 3038 795 3051 ,
806 3028 889 3055 neque
900 3018 1038 3056 displicere

87 3052 181 3088 potest.
200 3052 268 3079 haud
279 3061 366 3080 tamen
378 3054 439 3081 ideo
448 3054 539 3082 desero
550 3056 695 3091 vulgatam.

123 3095 150 3121 7.
168 3091 195 3112 Si
203 3089 231 3117 ὸ·
240 3090 290 3114 belli
297 3092 424 3116 utilitatem
434 3110 442 3122 ‚
452 3092 481 3122 &-
487 3092 553 3124 pacis
561 3092 812 3125 dignitatemfifiinere
824 3091 837 3124 ]
850 3093 890 3117 Ita
902 3091 968 3117 Pall.
979 3100 1037 3117 om-

87 3132 133 3163 ”⁸⁶5⁵
144 3123 170 3148 8<
182 3123 232 3149 culi
242 3133 349 3152 avorum
370 3127 506 3154 memoria.
526 3128 687 3153 Gulielmius
702 3136 765 3153 vero
775 3137 808 3153 cx
819 3126 967 3153 Uverdens.
978 3127 1037 3152 sub-

87 3158 182 3189 stitulti
204 3161 230 3186 Si
238 3159 271 3186 ad
278 3161 328 3188 heus
336 3164 463 3189 utilitatem
471 3163 501 3195 ἐγ
507 3163 572 3196 pacis
581 3164 716 3197 dignitatem
726 3166 824 3191 retinere
832 3175 841 3198 ⁵
860 3162 931 3199 quod
942 3166 1041 3191 retinere

1087 2410 1166 2437 etiam
1186 2411 1271 2440 exstat
1282 2411 1308 2438 iu
1320 2411 1444 2447 Hittorp.
1463 2411 1592 2439 sententia
1610 2413 1702 2447 aperta
1715 2432 1721 2444 ,
1743 2412 1883 2450 laudatque
1894 2414 2001 2441 Modius
2011 2414 2039 2440 d.

1088 2447 1203 2482 Epistola
1216 2456 1312 2473 xcvrr.

1123 2483 1149 2509 8.
1170 2484 1219 2516 §410
1229 2484 1322 2510 tandem
1330 2484 1431 2517 animm]
1445 2484 1567 2519 Hi‘torp.
1579 2484 1701 2519 amplius,
1712 2485 1759 2516 §240
1770 2486 1862 2510 tandm!
1871 2487 1942 2517 [gitur
1951 2489 2041 2519 anime,

1086 2528 1137 2545 non
1149 2518 1248 2554 inepte.
1268 2518 1339 2545 idem
1351 2529 1413 2545 mox
1426 2519 1502 2545 habet
1513 2539 1521 2551 ,
1536 2527 1630 2552 prnpter
1640 2521 1713 2553 aq‘lsm
1726 2539 1733 2549 2
1746 2530 1796 2546 1³0¹]
1806 2528 1872 2553 prop?
1884 2541 1892 2551 ‚
1903 2522 1940 2547 uti
1952 2522 2041 2557 publi-

1086 2561 1170 2580 catur.
1190 2556 1228 2581 ita
1238 2556 1266 2581 &
1277 2565 1331 2591 cap.
1346 2565 1370 2588 ς.
1383 2565 1418 2581 m.
1429 2556 1458 2585 ὼ·
1467 2565 1517 2580 eum
1525 2563 1617 2587 propter
1625 2556 1665 2589 eff}
1675 2555 1771 2581 caulem
1784 2556 1940 2584 membrana:
1952 2577 1960 2590 ‚
1971 2558 2046 2586 haud.

1082 2591 1151 2623 prope
1162 2610 1170 2622 ,
1181 2591 1318 2627 atrilitque
1330 2591 1488 2617 Gulielniio.

1120 2634 1150 2660 9.
1169 2628 1236 2659 Qas
1245 2628 1360 2661 insalim's
1369 2627 1480 2660 habent]
1502 2626 1642 2652 Turnebus
1654 2625 1700 2651 lib.
1715 2636 1723 2652 r
1732 2647 1737 2653 .
1749 2627 1860 2654 Advcrs.
1872 2637 1928 2665 cap.
1942 2638 1967 2661 ς.
1978 2640 2040 2658 cor·

1085 2662 1149 2696 rigit
1159 2681 1167 2691 ‚
1180 2664 1287 2696 iufilvix.
1307 2672 1383 2698 quem
1396 2663 1512 2698 sequitur
1524 2662 1678 2688 Lambinus.
1700 2664 1731 2688 P.
1742 2664 1878 2691 Manutius
1889 2665 2041 2700 edirlitshli-

1086 2697 1278 2729 c'lis‚obsecutus
1290 2698 1388 2724 scilicet
1398 2697 1567 2731 cotiricclanco
1580 2699 1726 2724 Hotomani
1739 2709 1743 2725 :
1758 2700 1802 2735 qui
1814 2707 1939 2735 pra-'terea
1951 2709 2038 2729 tamen

1086 2741 1223 2760 annotarat
1234 2734 1286 2769 legi
1297 2734 1366 2771 poss'e
1379 2735 1493 2767 saltibus.
1512 2733 1636 2769 placium
1649 2734 1737 2770 Lipsio
1756 2736 1843 2761 nolli-0
1863 2736 1931 2763 libro
1946 2748 1985 2765 ιι,
2005 2738 2040 2766 xlc

1087 2769 1272 2805 Magnitudiue
1283 2771 1365 2796 Rom.
1377 2770 1416 2796 sed
1428 2770 1498 2795 onim
1512 2770 1577 2795 l'all.
1589 2770 1668 2796 nostri
1677 2789 1685 2801 ,
1705 2770 1813 2797 rii-furii.
1825 2772 1924 2799 Colon.
1935 2774 2040 2801 Ux'erd.

1086 2806 1230 2831 G1·ut.uno
1240 2815 1286 2832 ore
1296 2806 1403 2832 laudant
1414 2805 1571 2838 illudfizlmif
1584 2805 1667 2841 :quod
1678 2806 1886 2834 8:1¹etinuinins,

1124 2850 1165 2867 10.
1183 2843 1231 2874 Ql'
1238 2842 1502 2875 vostisftuc'luofisisnn]
1515 2841 1618 2867 Fabric,
1630 2843 1729 2874 fruflui,
1740 2852 1817 2878 quem
1829 2843 1947 2879 sequitui·
1957 2847 2040 2873 Lam·

1085 2876 1161 2903 binus
1174 2897 1182 2908 ,
1202 2877 1318 2913 aliosque
1339 2885 1439 2904 veteres
1452 2897 1459 2908 ,
1480 2886 1510 2903 ur
1527 2878 1574 2904 ait.
1594 2885 1620 2904 at
1638 2878 1708 2904 cuim
1727 2880 1807 2906 nostri
1826 2889 1917 2908 omnes
1937 2881 2003 2909 siant
2024 2885 2041 2909 it

1088 2913 1207 2948 vulgato.

1127 2958 1134 2975 ι
1145 2958 1167 2975 1.
1187 2953 1283 2975 'Partim
1291 2952 1316 2974 In
1325 2951 1381 2982 Asta
1390 2950 1562 2984 necotianmr]
1576 2950 1699 2986 Hittorp.
1711 2951 1739 2976 8<
1749 2951 1852 2977 Uverd.
1861 2956 1952 2985 partim
1965 2956 2041 2981 jallia

1085 2986 1140 3018 Asia
1154 2992 1227 3017 negm.
1245 2985 1276 3011 :id
1288 2985 1443 3011 seutentiam
1455 2985 1634 3012 illustrandam
1646 2997 1697 3013 nou
1711 2987 1908 3014 incommodum
1922 3008 1929 3021 ,
1950 2980 2041 3026 inquit.

1086 3021 1259 3048 Gulielmius.

1125 3065 1166 3082 12.
1186 3058 1344 3082 'Pha-imorum
1353 3059 1440 3082 civium
1450 3067 1501 3082 cnm
1511 3059 1598 3090 republ.
1608 3058 1672 3089 tsi-sm
1681 3059 1788 3093 litantia]
1801 3059 1903 3085 Urci-ri.
1916 3061 2039 3097 Hittorp.

1086 3092 1114 3117 ὅτ
1128 3091 1235 3117 Erfurd.
1248 3102 1298 3117 cum
1308 3094 1397 3124 republ.
1408 3095 1528 3127 ronjtmc‘t‘ae
1537 3094 1702 3124 defendamur.
1718 3105 1730 3119 a
1742 3095 1832 3130 *polite
1843 3094 1873 3120 ad
1885 3105 1914 3121 ca
1925 3107 1931 3120 ι
1944 3106 1981 3122 un:
1991 3106 2038 3122 :ul-

1087 3126 1307 3191 tgeccfflseguntdield
1318 3128 1369 3154 tale
1381 3129 1444 3156 nihil
1455 3129 1482 3156 iu
1494 3129 1563 3155 l’all.
1573 3137 1618 3157 aut
1629 3138 1700 3159 retro
1710 3105 1798 3159 etlitis-
1815 3138 1904 3160 tuetur
1914 3106 1940 3158 id
1952 3140 2037 3159 tamer.

1158 3173 1174 3191 0
1194 3173 1233 3192 lus
1269 3184 1275 3192 ι
1297 3173 1356 3192 OCO·

1500 3200 1526 3230 X
1546 3210 1562 3228 x.
1959 3204 2038 3238 [ΞΥ-ς
