2337 3400
162 157 257 206 686
569 153 1072 200 M.Tu111.11

163 239 210 268 los
222 236 299 266 male
311 236 464 265 haereiiteis
476 233 636 273 relinquas,
647 234 741 263 ruinae
750 233 920 272 periculum
933 231 1023 263 struas
1035 251 1043 266 ‚
1055 241 1120 264 non

165 279 318 309 ascensum
339 286 436 316 sires:
462 279 470 295 ¹
486 274 522 304 sic
549 284 593 305 tot
617 274 705 305 malis
723 285 794 305 cum
805 274 944 305 vinetum
957 295 966 308 ‚
986 284 1051 304 tum
1061 274 1120 305 fra-

167 318 394 349 &imitanum
408 316 573 349 scribendi,
584 316 657 357 quid
665 316 792 357 dignum
801 317 921 348 auribus
932 336 940 350 ,
955 326 1004 346 aut
1015 316 1121 357 proba-

164 361 224 391 bile
245 359 341 399 potest
363 357 465 389 afferre
484 365 494 391 ἓ
515 358 594 388 Cum
614 357 685 388 vcro
702 359 737 388 ad
758 357 846 399 ipsius
870 359 989 389 Caesaris
1008 367 1121 389 nomen

168 404 251 434 veni,
264 410 328 430 toto
339 410 465 440 corpore
474 401 755 433 contremiscomon
766 410 862 441 poenae
875 409 970 433 metu,
980 400 1027 430 sed
1040 400 1121 430 illius
1144 419 1147 427 .

167 442 289 484 judicii.
318 452 415 472 toturn
442 443 525 472 enim
549 442 691 472 Caesarcm
717 452 780 472 non
799 444 882 473 novi.
922 445 1022 481 Qem
1039 451 1122 482 putas

167 486 306 515 animum
319 482 377 514 effe
390 504 397 517 ‚
410 484 460 514 ubi
472 485 571 514 secum
582 485 715 524 loquitur
728 487 737 513 ?
757 486 813 515 hoc
823 484 961 525 probabit
971 495 977 513 ε
989 485 1047 514 hoc
1056 494 1123 514 ver-

168 527 242 556 bum
253 526 447 566 suspiciosum
459 525 509 556 cst,
520 526 592 566 quid
605 525 624 555 si
634 527 690 556 hoc
701 526 808 556 muto?
827 535 855 557 at
865 536 980 559 vereor,
991 536 1028 556 nc
1039 526 1123 566 pejus

168 566 212 598 sit.
235 571 297 608 Age
309 567 389 601 vero,
404 568 492 598 laudo
501 568 643 608 aliquem.
665 571 679 588 ²
692 578 768 599 num
779 566 926 598 offendo?
941 568 1014 599 cum
1033 566 1122 607 porro

167 608 322 640 offendam
341 630 348 643 ,
370 609 444 651 quid
461 608 480 639 fi
502 620 565 639 non
582 610 668 642 vult?
685 612 792 641 armati
808 609 910 640 stilum
922 610 1121 650 persequitur:

167 651 242 682 vic'ti
257 672 265 685 ‚
286 652 319 681 &
338 652 479 682 nondum
502 651 631 682 restituti
651 652 724 693 quid
744 652 851 683 faciet?
871 655 969 693 Auges
989 652 1080 681 etiam
1093 660 1123 681 tu

170 695 248 723 mihi
269 696 411 724 timorem
424 714 431 727 ‚
453 696 504 734 qui
525 695 558 723 in
571 703 684 724 oratore
696 703 748 724 tuo
757 704 841 724 caves
851 694 906 724 tibi
917 704 968 733 per
978 695 1102 723 Brutum
1113 713 1121 725 ²

171 736 205 766 &
225 735 259 766 ad
276 737 501 766 excusationem
517 736 757 776 sociumquaeris.
781 737 844 766 Ubi
854 737 911 766 hoc
919 744 1061 765 omniurn
1073 745 1124 774 pa-

171 787 276 808 tronus
294 777 363 808 facit
380 798 388 811 ‚
409 778 481 819 quid
502 787 550 808 me
570 797 578 812 ‚
601 787 733 808 veterem
750 787 836 808 tuum
849 798 858 810 ‚
880 787 962 808 nunc
981 779 1123 807 omnium

169 821 325 853 clientem,
338 820 446 849 sentire
456 826 594 860 oportet?
617 822 652 849 In
665 821 717 850 hac
728 822 816 861 igitur
825 820 975 849 calumnia
985 820 1104 848 timoris
1115 838 1123 851 ,

171 862 204 891 &
224 872 307 892 caecae
329 862 506 901 suspicionis
527 871 680 891 tormento
705 881 713 895 ‚
732 861 803 891 cum
824 862 953 901 plurima
975 860 1010 890 ad
1034 860 1124 890 alieni

170 904 270 934 sensus
290 903 494 942 cmiedluram
508 925 515 936 ‚
539 913 602 933 non
619 903 751 933 adsinnn
771 903 918 938 iudicium
942 901 1123 936 scribantur,

169 947 262 985 quam
281 943 405 975 difficile
426 944 459 975 sit
468 945 590 975 evadere
601 964 609 978 ,
636 943 655 973 si
665 944 770 974 minus
780 954 919 984 expertus
931 954 981 977 es,
1003 943 1086 984 quod
1097 953 1125 973 tc

167 987 204 1017 ad
225 989 348 1021 omnia,
371 987 524 1017 summum
543 995 630 1027 atque
649 987 800 1016 excellens
814 989 968 1028 ingenium
978 988 1124 1020 armavit,

171 1039 230 1059 nos
250 1030 407 1060 sentimus.
429 1028 485 1059 Sed
504 1037 604 1058 tamen
624 1038 678 1068 ego
696 1026 761 1058 filio
770 1029 904 1059 dixeram
918 1048 925 1061 ‚
945 1028 1057 1058 librum
1070 1027 1123 1058 tibi

171 1071 282 1111 legeret
295 1091 302 1105 ‚
324 1071 357 1100 ἀ
375 1069 579 1100 ειυῐετι·εῑ;3υῑ
599 1080 632 1099 ea
642 1070 926 1103 conditionedaret,
949 1068 1122 1110 sireciperes

171 1121 200 1143 te
210 1112 414 1143 correelurum
426 1132 434 1145 ,
458 1112 515 1141 hoc
526 1111 568 1141 est
580 1131 587 1145 ‚
601 1109 619 1140 fi
630 1121 729 1142 totum
739 1113 833 1146 alium
843 1112 961 1143 faceres.
987 1114 1034 1141 De
1044 1110 1123 1141 Asia-

171 1156 232 1185 nco
250 1156 355 1184 itinere
373 1173 382 1187 ‚
405 1163 586 1194 quamquam
607 1153 724 1184 summa
739 1153 888 1185 neceffitas
904 1153 1074 1195 premebat:
1095 1161 1127 1182 ut

172 1195 346 1235 imperasti,
366 1194 435 1225 feci.
460 1198 507 1225 Te
526 1204 580 1234 pro
600 1205 650 1225 me
669 1196 742 1236 quid
760 1198 886 1226 horter?
904 1196 989 1226 vides
1006 1203 1124 1234 tempus
1144 1192 1146 1194 ’

171 1236 302 1270 venisse,
322 1247 383 1278 quo
401 1235 515 1267 necess'e
535 1235 611 1267 sitde
622 1238 710 1267 nobis
720 1237 873 1268 constitui.
897 1236 1037 1267 Nihilest
1049 1256 1056 1268 ,
1079 1237 1123 1264 mi

171 1281 276 1309 Cicero
288 1299 296 1312 ,
313 1278 394 1320 qubd
405 1277 503 1308 filium
516 1288 619 1308 meum
630 1279 792 1319 exspectes.
803 1279 973 1310 adolescens
983 1277 1041 1308 est:
1056 1287 1125 1307 om-

171 1323 222 1351 nia
234 1323 400 1363 excogitare
412 1340 419 1354 ,
439 1321 486 1350 vel
498 1319 597 1350 studio
608 1341 616 1354 ‚
628 1321 676 1351 vel
686 1330 778 1355 aetate,
791 1321 837 1351 vel
850 1329 934 1352 metu
945 1331 1006 1350 non
1017 1319 1122 1360 potest.

132 1368 137 1371 “
172 1365 290 1393 Totum
300 1364 459 1403 negotium
469 1369 499 1392 tu
511 1362 652 1393 sustineas
663 1383 672 1395 ‚
692 1373 827 1402 oportet:
847 1364 881 1393 in
891 1372 918 1393 te
929 1363 1007 1392 mihi
1019 1363 1124 1391 omnis

172 1405 237 1444 spes
255 1404 307 1436 est.
331 1407 380 1435 Tu
393 1425 401 1437 ,
418 1414 474 1444 pro
492 1413 539 1434 tua
556 1404 714 1444 prudentia
724 1406 864 1446 ‚quibus
881 1404 968 1434 rebus
979 1403 1102 1445 gaudeat
1117 1423 1125 1436 ‚

175 1447 285 1487 quibus
294 1449 424 1487 capiatur
433 1449 480 1476 Cae
486 1446 536 1481 sar,
550 1456 632 1476 tenes
643 1457 649 1476 :
659 1446 675 1477 a
683 1455 711 1477 te
722 1449 828 1477 omnia
837 1445 1061 1487 proficiscantur
1071 1465 1079 1479 ,
1091 1445 1124 1475 δε

174 1498 227 1528 per
244 1497 272 1518 te
289 1489 326 1518 ad
345 1498 463 1518 exitum
483 1488 682 1527 perducantur
698 1509 706 1522 ‚
726 1488 840 1519 necesse
858 1488 909 1518 est.
930 1488 1007 1528 apud
1025 1488 1124 1527 ipsum

176 1529 311 1560 multum
324 1550 332 1564 ‚
351 1529 428 1570 apud
439 1530 502 1569 ejus
511 1532 630 1560 omneis
640 1530 810 1570 plurimum
820 1539 915 1571 potes.
929 1540 1025 1560 unum
1039 1527 1125 1559 tibifi

173 1571 346 1611 persuaseris
364 1591 373 1605 ‚
394 1581 457 1601 non
479 1572 536 1601 hoc
553 1570 611 1602 effe
632 1573 677 1602 tui
692 1575 828 1602 muneris
847 1592 855 1606 ‚
877 1571 899 1601 fi
916 1571 989 1612 quid
1010 1580 1129 1612 rogatus

178 1613 281 1646 fueris,
293 1622 325 1643 ut
341 1612 429 1643 facias
441 1632 450 1647 ,
468 1612 477 1650 (
489 1623 669 1654 quamquam
679 1614 709 1643 id
721 1624 864 1654 magnum
874 1614 907 1644 ὃς
917 1614 1052 1653 amplum
1063 1612 1106 1643 est
1119 1614 1127 1653 )

175 1655 225 1685 sed
235 1664 334 1685 totum
344 1663 432 1685 tuum
443 1653 500 1684 effe
509 1654 744 1694 onus‚perficies.
758 1654 813 1686 nisi
823 1656 901 1686 forte
909 1665 959 1685 aut
968 1657 1001 1685 in
1013 1655 1130 1685 miseria

176 1698 269 1727 nimis
288 1695 377 1727 stulte
392 1716 401 1730 ‚
421 1705 470 1726 aut
489 1698 522 1726 in
539 1699 670 1727 amicitia
680 1697 976 1738 nimisimpudenter
987 1696 1043 1727 tibi
1051 1707 1129 1727 onus

176 1740 316 1778 impono.
341 1737 398 1768 Sed
414 1740 816 1778 utriquereiexcusationem
829 1759 837 1774 ‚
858 1749 915 1770 tuae
925 1741 993 1769 vitae
1003 1739 1130 1769 consue-

177 1781 251 1810 tudo
269 1780 325 1810 dat.
347 1789 418 1809 nam
437 1780 518 1820 quod
540 1782 582 1810 ita
599 1781 782 1812 consuevisti
798 1792 853 1821 pro
862 1781 1108 1811 amicislaborare
1120 1801 1128 1814 ‚

177 1831 242 1851 non
264 1823 323 1858 iam
345 1819 384 1851 fic
396 1821 516 1861 ,sperant
527 1822 578 1851 abs
588 1831 636 1856 te,
658 1822 807 1854 sedetiam
820 1822 1012 1862 sicimperatit
1023 1823 1076 1852 tibi
1088 1822 1131 1852 sa-

179 1864 322 1894 rniliares.
347 1862 437 1904 Qod
449 1863 484 1893 ad
496 1862 610 1893 librum
622 1866 728 1894 attinet
737 1886 745 1898 ,
767 1875 859 1906 quem
872 1865 926 1894 tibi
940 1863 1018 1894 filius
1029 1864 1110 1894 dabit
1121 1884 1130 1897 ,

181 1914 251 1945 peto
262 1905 278 1936 a
288 1913 326 1939 te,
343 1914 379 1934 ne
390 1914 474 1935 exeat
484 1914 550 1935 :aut
558 1907 598 1935 ita
607 1908 746 1947 corrigas,
762 1917 798 1937 ne
810 1908 887 1936 mihi
899 1914 1013 1936 noceat.

384 1948 428 1976 M.
443 1949 477 1977 C.
508 1949 544 1976 A.
561 1949 807 1982 CAECINAE‚
839 1951 866 1978 S.
881 1951 921 1977 D.

265 1990 325 2018 ΠΜ
344 1985 414 2018 efl'ct
425 1998 548 2018 mecum
559 1990 689 2030 Largus,
705 1990 800 2020 homo
811 1989 1032 2023 tuistudiosus,
1049 1989 1133 2020 locu-

265 2038 311 2060 tus
322 2049 330 2063 ‚
343 2030 565 2072 KalendasJan.
576 2031 632 2060 tibi
642 2030 800 2071 praeflnitas
810 2030 868 2062 effe
879 2043 885 2061 2
895 2031 976 2072 quod
988 2032 1132 2062 omnibus

174 2070 263 2101 rebus
274 2072 481 2111 perspexeram
490 2091 498 2105 ,
510 2081 575 2113 quae
585 2073 692 2103 Balbus
702 2093 711 2107 ‚
724 2073 756 2103 &
766 2076 879 2114 Oppius
891 2094 899 2107 ,
912 2074 1030 2104 absente
1041 2074 1135 2104 Caeia-

175 2122 205 2142 rc
217 2131 226 2145 ,
248 2111 389 2153 cgiss'ent:
408 2124 441 2143 ea
459 2114 550 2144 solere
568 2114 615 2143 illi
633 2123 691 2145 rata
709 2114 783 2149 effe,
803 2118 849 2156 egi
860 2116 1135 2146 veliementercum

177 2154 224 2183 his
236 2173 244 2186 2
267 2164 298 2184 ut
309 2156 365 2185 ‘noc
375 2156 452 2185 mihi
462 2155 584 2189 darent,
607 2156 661 2186 tibi
672 2159 703 2186 in
713 2158 816 2188 Sicilia
827 2178 834 2191 ,
855 2158 954 2198 quoad
971 2158 1131 2191 vellemus,

174 2193 235 2225 cfl'e
248 2197 410 2226 utiliceret.
433 2200 493 2235 Qui
504 2197 797 2233 inihiconsuess'ent‚
812 2199 1000 2230 autlibenter
1009 2201 1134 2239 pollice-

173 2238 198 2267 ri
212 2257 220 2270 ‚
235 2235 255 2266 si
265 2238 336 2278 quid
347 2236 419 2269 efl'et
428 2239 577 2276 ejusmodi
588 2260 597 2274 ,
615 2240 698 2280 quod
707 2251 813 2271 eorum
825 2251 944 2271 animos
954 2252 1019 2272 non
1031 2240 1129 2271 offen-

174 2278 274 2308 deret:
289 2282 436 2310 autetiam
448 2290 569 2322 negare,
586 2282 617 2311 ὃς
628 2281 729 2312 afferre
739 2285 888 2313 rationem
898 2302 906 2316 ,
918 2294 970 2314 cur
980 2292 1128 2324 negarent:

179 2323 191 2348 3
204 2321 276 2351 huie
293 2331 369 2359 meae
387 2325 534 2363 rogationi
547 2323 648 2362 potius
663 2334 726 2353 non
741 2324 890 2354 continuo
905 2326 1131 2365 responderunt:

175 2361 284 2392 eodem
302 2362 351 2393 die
368 2372 468 2392 tamen
483 2363 519 2393 ad
538 2373 588 2394 me
603 2374 801 2395 reverterunt:
821 2367 899 2395 mihi
910 2368 967 2396 hoc
976 2366 1132 2399 dederunt,

176 2412 211 2433 ut
223 2403 295 2434 effes
305 2407 337 2434 in
348 2405 459 2438 Sicilia,
470 2405 569 2444 quoad
580 2406 671 2435 velles
684 2417 689 2434 2
702 2406 731 2436 se
741 2406 927 2446 praestaturos
939 2427 946 2440 ‚
959 2408 1036 2436 nihil
1047 2417 1085 2436 ex
1095 2417 1133 2436 eo

176 2454 205 2475 te
226 2444 402 2476 offensionis
419 2447 603 2477 habiturum.
626 2447 766 2485 Quando,
777 2449 850 2489 quid
865 2448 919 2478 tibi
934 2450 1131 2488 permittatur,

177 2487 346 2528 cognovisti
358 2498 363 2516 τ
376 2487 448 2528 quid
459 2490 537 2518 mihi
546 2490 655 2528 placeat
664 2510 672 2522 ‚
684 2499 757 2529 puto
767 2499 795 2519 te
805 2490 877 2520 scire
887 2499 1034 2529 oportere.
1050 2489 1133 2519 Aetis

181 2530 227 2558 his
239 2530 324 2559 rebus
333 2550 341 2562 ,
359 2530 464 2560 litterae
474 2530 489 2560 a
499 2539 526 2560 te
538 2531 615 2560 mihi
625 2531 746 2562 redditae
756 2532 823 2562 sunt
833 2552 842 2565 ,
856 2532 965 2572 quibus
975 2533 990 2561 a
999 2542 1047 2561 me
1058 2541 1133 2561 con-

178 2568 278 2601 filium
289 2574 366 2612 petis
377 2592 384 2606 ‚
396 2572 469 2612 quid
480 2570 535 2601 sim
545 2573 600 2603 tibi
609 2572 729 2603 minster:
746 2576 780 2603 in
790 2575 929 2604 Siciliane
939 2572 1066 2604 subsidas
1076 2593 1085 2607 ‚
1097 2583 1134 2604 an

137 1952 154 1986 8

221 2696 229 2712 ι
239 2708 244 2712 .
262 2692 299 2713 Sic
308 2696 340 2714 rot
349 2690 417 2715 malis
429 2699 480 2715 cum
489 2694 596 2716 -vinflum
609 2711 616 2722 ‚
635 2691 1051 2726 tumftaft'umstuzlmmscribendi]
1075 2691 1138 2717 Ele-

180 2723 330 2757 gaiiiissinic
351 2725 383 2751 sic
402 2725 486 2752 edidit
497 2727 527 2752 Ρ.
539 2728 675 2753 Victorius
688 2747 695 2759 ‚
719 2727 850 2763 habetque
869 2727 1010 2754 Vaticanus
1031 2726 1115 2754 codex
1128 2736 1135 2757 ;

181 2760 277 2786 cumin
292 2759 356 2786 Pall.
367 2762 453 2796 primo
464 2781 471 2793 ‚
484 2763 565 2789 tertio
577 2783 585 2793 ‚
595 2765 677 2790 Grnt.
690 2763 808 2790 editione
821 2763 904 2799 prima
917 2783 924 2793 ‚
947 2764 1023 2790 unica
1033 2770 1138 2790 tantum

181 2792 321 2822 abhorre-it
332 2797 421 2824 littera
432 2818 440 2829 ‚
459 2805 508 2823 tum
517 2802 640 2825 vinffum:
659 2800 686 2826 in
698 2799 814 2835 vulgatis
826 2800 890 2825 vert)
901 2798 1082 2826 deformatum
1095 2799 1138 2831 sit,

181 2838 230 2854 mm
241 2834 340 2863 viffiam,
350 2835 518 2866 tnmftaHum.

219 2874 246 2891 2.
267 2870 328 2892 Num
344 2869 427 2900 offiado
437 2874 447 2896 ?
466 2870 516 2895 citm
529 2872 598 2903 por-rb
616 2871 754 2905 offindam]
776 2871 921 2898 Lambinus
935 2890 942 2903 ‚
962 2871 1012 2897 εἶιηι
1018 2879 1086 2904 porro
1095 2881 1140 2897 mn

179 2900 303 2942 offinstam.
323 2912 414 2930 contra
424 2914 515 2932 omnes
527 2906 584 2933 mff.
605 2907 650 2933 nili
662 2906 732 2943 quod
744 2908 768 2934 in
780 2909 911 2935 Gruter.:i
924 2916 1002 2933 manu
1020 2908 1139 2944 'interpo-

162 2954 167 2967 ·.
180 2936 284 2962 latrice.
307 2943 356 2978 N'?'¹
365 2940 448 2970 iffbida
459 2946 469 2967 ,7
479 2951 539 2968 cnm.
560 2943 662 2969 Deinde
673 2942 757 2975 edidi,
766 2945 806 2969 ubi
815 2946 854 2969 hoc
863 2946 964 2969 omnium
970 2946 1139 2976 patr-omissa—

180 2980 223 3004 ΠΥ)
234 2972 394 3000 (mestoritate
406 2977 458 3003 l’al.
479 2987 520 3012 pt.
530 2988 608 3014 quem
619 2978 735 3006 codicem
747 2979 829 3015 pluris
839 2979 929 3005 decem
943 2979 1077 3005 Lainbinis
1088 2979 1139 3006 du-

182 3017 224 3048 co..
248 3018 331 3045 neque
341 3010 419 3037 aliter
429 3014 580 3040 Vaticanus.
600 3014 714 3048 denique
725 3015 866 3051 legendum
888 3015 1021 3041 existimat
1032 3015 1139 3041 Guliel-

183 3052 252 3085 mius
265 3055 318 3085 'pro
328 3048 431 3072 c'ientem
442 3049 530 3081 finni-c
546 3058 629 3083 oportet
639 3063 648 3084 ,-
659 3052 733 3084 Je'ntis
743 3059 853 3085 oportere.
873 3051 984 3078 eaufiun
996 3061 1049 3078 non
1063 3061 1138 3078 coni-

181 3081 315 3107 munstar.

217 3124 230 3150 3
239 3137 244 3142 .
263 3121 323 3143 Huic
333 3128 384 3144 meae
394 3122 506 3151 rogationi
519 3124 597 3152 parim
605 3131 650 3146 non
661 3126 765 3148 continuo
784 3122 974 3157 responderunt]
996 3122 1072 3159 Qid
1087 3123 1138 3149 mi-

178 3159 237 3178 rum
249 3154 328 3179 etizini
341 3153 383 3180 hic
392 3154 501 3180 obtendi
511 3165 608 3182 cornua
620 3158 740 3184 i'iSmi-io
750 3168 765 3184 a
778 3158 904 3194 Dionysio
915 3159 963 3184 illo
975 3178 983 3190 ,
995 3160 1041 3185 nili
1053 3161 1135 3185 mavis

177 3188 365 3225 Dionysiacuni
375 3189 483 3220 dicere?
502 3190 545 3218 sed
555 3192 586 3219 ab
596 3192 644 3219 illo
659 3193 727 3221 stant
737 3194 806 3222 Pali.
825 3203 867 3230 pr.
880 3202 942 3222 tert.
955 3196 1066 3223 Gruter.
1077 3194 1135 3222 edi·

1130 156 1696 206 ‘C1cnRoNis

1161 235 1196 266 :td
1216 235 1357 276 reliquias
1375 234 1506 267 Aliaticae
1526 239 1740 278 negotiationis
1760 238 1955 279 proficiscare.
1980 242 2054 272 Haec
2075 249 2122 274 tua

1164 278 1341 308 deliberatio
1355 287 1420 308 non
1435 279 1512 307 mihi
1525 287 1688 312 convenire
1701 281 1762 311 visi
1775 280 1816 311 est
1825 292 1895 313 cum
1907 284 2041 315 oratione
2051 285 2123 314 Lar-

1165 321 1204 361 gi.
1225 320 1302 349 :llle
1325 321 1409 349 enim
1432 329 1573 353 mecum,
1592 319 1671 360 quasi
1691 322 1746 352 tibi
1766 333 1829 353 non
1854 323 1954 354 liceret
1974 324 2006 354 in
2024 325 2124 357 Sicilia

1166 361 1281 391 diutius
1299 370 1482 391 commorari
1502 380 1511 395 ‚
1530 363 1570 391 ita
1591 362 1707 392 locutas
1730 373 1790 395 erat
1810 376 1816 394 :
1846 375 1878 396 tu
1896 375 1995 395 autem
2016 386 2025 399 ,
2066 365 2126 398 uasi

1168 401 1340 433 concessum
1352 401 1404 435 iit,
1423 404 1463 433 ita
1473 402 1627 433 deliberas.
1651 404 1707 435 Sed
1717 415 1771 446 ego
1781 426 1790 439 ,
1813 405 1871 437 sive
1883 408 1940 437 hoc
1951 427 1960 441 ‚
1981 406 2037 438 five
2048 408 2125 439 illud

1170 444 1229 478 est,
1250 446 1281 474 in
1292 444 1393 475 Sicilia
1409 444 1516 474 censeo
1531 447 1795 477 commoiandum.
1819 451 2026 489 Propinquitas
2041 450 2126 480 loco'-

1169 497 1238 516 rum
1257 487 1304 516 vel
1323 486 1358 517 ad
1378 487 1600 525 impetrandum
1612 486 1846 526 adjuvatcrebris
1859 491 1980 524 litteris,
2001 492 2033 521 &
2045 502 2125 522 nun-

1168 531 1218 559 tiis
1230 548 1238 562 ,
1250 530 1299 558 vel
1309 528 1344 558 ad
1356 528 1468 558 reditus
1477 527 1659 558 celeritatem
1670 549 1678 562 ‚
1690 539 1719 559 re
1729 539 1776 560 aut
1788 532 1941 571 impetrata
1951 552 1960 566 ,
1972 534 2052 573 quod
2065 534 2129 574 spe-

1169 580 1203 601 ro
1217 590 1224 603 ‚
1243 579 1294 601 aut
1306 571 1406 611 aliqua
1423 571 1539 607 ratione
1557 569 1706 600 confecia.
1730 574 1935 611 Qamobrem
1946 575 2052 606 censeo
2064 586 2128 607 ma-

1167 622 1228 653 gno
1240 622 1330 652 opere
1339 611 1605 642 commorandum.
1640 614 1704 642 4T.
1718 613 1848 643 Furfano
1865 615 2025 650 Postumo,
2038 616 2128 647 fami-

1170 658 1234 684 liari
1246 664 1336 688 tneo,
1354 654 1514 695 legatisque
1524 654 1588 693 ejus
1602 672 1620 687 ,›
1633 655 1713 683 itemv
1726 656 1802 685 meis
1820 654 2017 688 familiaribus
2029 679 2038 692 ,
2057 659 2129 689 dili-

1170 695 1342 738 gentiffime
1361 705 1388 726 te
1407 694 1632 726 commendabo
1644 715 1652 728 ‚
1674 695 1746 726 cum
1765 699 1912 727 venerint.
1943 708 2025 729 erant
2043 703 2128 731 enim

1170 748 1278 768 omnes
1288 740 1426 768 Mutinae.
1454 739 1514 768 viri
1526 737 1592 767 sunt
1601 739 1712 776 optimi
1721 757 1730 772 ‚
1742 738 1826 768 &tui
1837 737 1983 769 similium
1992 739 2128 776 studiofi,

1168 781 1200 810 ὃς
1218 782 1279 810 mei
1300 778 1460 810 necess'arii.
1485 782 1559 818 Qae
1570 780 1648 809 mihi
1659 782 1782 810 venient
1794 782 1825 810 in
1839 790 1972 811 mentem
1983 801 1992 815 ‚
2013 776 2078 823 quai
2093 783 2129 814 ad

1169 831 1197 852 te
1207 824 1354 861 pertinere
1363 821 1536 854 arbitrabor,
1545 831 1579 851 ea
1590 831 1656 851 mea
1666 821 1769 861 sponte
1780 821 1898 853 faciam.
1915 824 1944 853 Si
1954 825 2027 864 quid
2040 827 2129 865 igno-

1168 865 1238 894 rabo
1249 884 1257 897 ‚
1279 863 1315 893 de
1325 873 1362 893 eo
1371 863 1545 898 admonitus
1557 883 1564 896 ‚
1584 873 1728 893 omnium
1742 863 1837 895 studia
1848 867 1978 895 vincam.
2002 868 2065 907 Ego
2076 864 2126 897 etfi

1169 905 1270 936 coram
1282 905 1356 935 dete
1368 915 1437 935 cum
1451 904 1581 936 Furfano
1592 907 1633 935 ita
1644 906 1746 946 loquar
1756 926 1764 938 ‚
1777 915 1809 936 ut
1819 906 1874 936 tibi
1885 906 1992 937 litteris
2003 909 2079 937 meis
2089 908 2125 939 ad

1168 957 1238 977 eum
1255 948 1334 977 nihil
1353 957 1428 987 opus
1442 945 1492 976 sit:
1512 956 1612 977 tamen
1625 966 1633 979 ,
1653 956 1748 988 quum
1760 950 1817 977 tuis
1831 948 1940 988 placuit
1951 968 1958 982 ‚
1981 957 2008 978 te
2020 950 2126 980 habere

1168 999 1248 1019 meas
1260 989 1389 1023 litteras,
1408 998 1480 1029 quas
1493 991 1521 1018 ei
1534 987 1689 1021 redderes,
1712 999 1830 1019 morem
1848 991 1896 1020 his
1912 988 1993 1031 geffi.
2024 1000 2126 1024 earum

1166 1031 1332 1061 litterarum
1343 1032 1519 1071 exemplum
1530 1032 1560 1060 in
1568 1029 1612 1060 fra
1623 1031 1763 1070 scriptum
1775 1030 1826 1061 cst.

1300 1074 1343 1101 M.
1354 1075 1394 1102 T.
1406 1074 1439 1102 C.
1462 1074 1708 1102 T-FURFANO
1730 1075 1889 1104 PROCOS.
1912 1076 1939 1103 S.
1952 1076 1992 1104 D.

1258 1116 1318 1143 ΠΜ
1330 1116 1486 1144 A.Caecina
1496 1122 1574 1143 tanta
1584 1115 1661 1143 mihi
1673 1112 1868 1148 familiaritas,
1880 1116 2126 1157 consuetudoque

1261 1155 1376 1194 semper
1385 1154 1442 1184 fuit
1452 1173 1461 1188 ,
1482 1155 1610 1184 utnulla
1620 1156 1719 1193 major
1728 1154 1784 1185 effe
1796 1155 1889 1195 poffit.
1914 1159 1995 1187 Nam
2007 1158 2127 1198 &patre

1144 1227 1146 1236 ¹
1169 1196 1194 1235 ej
1201 1206 1233 1225 us
1244 1215 1251 1229 ‚
1264 1196 1342 1233 claro
1352 1197 1479 1226 homine
1491 1215 1499 1230 ,
1512 1195 1544 1225 &
1554 1195 1627 1226 forti
1638 1198 1714 1229 viro,
1725 1197 1893 1236 plurimum
1907 1197 1947 1228 usi
1959 1200 2075 1229 sumus:
2091 1200 2125 1231 &

1168 1239 1248 1267 hunc
1260 1238 1277 1268 a
1293 1247 1385 1277 puero
1395 1257 1404 1271 ,
1423 1236 1505 1278 quod
1521 1237 1553 1267 &
1564 1237 1646 1277 spem
1659 1247 1797 1279 magnam
1810 1240 1886 1268 mihi
1896 1237 2126 1272 afferebatsum-

1170 1289 1227 1310 mae
1238 1280 1392 1319 probitatis
1403 1299 1412 1313 ,
1429 1280 1613 1320 summaeque
1622 1280 1802 1320 eloquentiae
1813 1300 1821 1314 ‚
1834 1280 1866 1310 &
1878 1281 1995 1312 vivebat
2005 1292 2126 1313 mecum

1168 1320 1413 1361 conjunetissiine
1426 1341 1435 1355 ‚
1455 1330 1519 1351 non
1538 1320 1638 1351 solum
1657 1319 1767 1352 officiis
1787 1323 2016 1357 amicit1ae‚›sed
2035 1326 2127 1355 etiam

1168 1363 1273 1394 studiis
1291 1363 1508 1394 communibus
1521 1382 1528 1396 ‚
1541 1361 1579 1393 fic
1597 1363 1711 1403 semper
1726 1362 1842 1397 dilexi,
1864 1374 1894 1394 ut
1908 1374 1970 1395 non
1982 1366 2046 1395 ullo
2056 1376 2128 1397 cum

1170 1407 1296 1435 homine
1314 1404 1511 1444 conjunctius
1524 1407 1669 1435 viverem.
1693 1405 1781 1435 Nihil
1793 1407 1895 1435 attinet
1907 1416 1956 1436 me
1965 1407 2048 1446 plura
2058 1407 2131 1437 scti-

1172 1448 1239 1477 bere
1250 1468 1257 1480 ‚
1269 1457 1360 1488 quam
1370 1447 1446 1477 milii
1458 1443 1571 1476 neccffe
1580 1445 1623 1476 est
1632 1447 1697 1485 ejus
1706 1446 1830 1476 salutem
1841 1467 1849 1481 ,
1862 1447 1894 1477 &
1904 1446 2049 1482 fortunas,
2061 1451 2132 1490 qui-

1170 1489 1357 1530 buscumque
1366 1489 1453 1518 rebus
1463 1486 1571 1528 pofi'im
1584 1507 1592 1521 ,
1609 1489 1704 1522 tueri,
1724 1488 1816 1518 vides.
1841 1489 1993 1530 reliquum
2005 1490 2046 1521 est
2056 1511 2066 1525 ‚
2086 1500 2128 1525 ut,

1170 1530 1242 1561 cum
1253 1532 1412 1572 cognorim
1422 1530 1557 1569 pluribus
1568 1529 1656 1559 rebus
1667 1549 1675 1562 ‚
1689 1530 1762 1570 quid
1774 1540 1804 1559 tu
1816 1530 1848 1560 δε
1858 1530 1893 1560 de
1907 1532 2058 1562 bonorum
2069 1531 2131 1562 for-

1172 1582 1262 1606 tuna,
1283 1573 1315 1603 &
1329 1574 1365 1602 de
1382 1571 1723 1611 reipubcalamitatibus
1739 1572 1880 1605 sentires,
1904 1574 1981 1602 nihil
1999 1574 2014 1603 a
2031 1583 2061 1603 te
2078 1583 2130 1614 pe-

1171 1613 1304 1648 tam‚nisi
1313 1624 1345 1644 ut
1355 1613 1391 1644 ad
1402 1624 1468 1644 earn
1481 1614 1678 1646 voluntatem,
1688 1622 1778 1653 quam
1788 1623 1837 1644 tua
1848 1614 1951 1655 sponte
1961 1625 2027 1655 erga
2037 1617 2131 1646 Caeci-

1173 1667 1243 1687 nam
1255 1657 1408 1686 habiturus
1421 1654 1493 1685 ess'es
1506 1675 1515 1689 ‚
1533 1664 1630 1685 tantus
1647 1655 1787 1685 cumulus
1804 1656 1918 1686 accedat
1931 1657 2131 1688 commenda-

1174 1701 1257 1728 tione
1271 1708 1340 1728 mea
1350 1718 1359 1731 ,
1379 1699 1484 1738 quanti
1495 1707 1545 1729 me
1555 1699 1571 1727 a
1581 1706 1608 1726 te
1620 1694 1684 1727 fieri
1695 1697 1845 1738 intelligo.
1867 1698 1925 1728 hoc
1936 1700 2014 1728 mibi
2023 1701 2132 1740 gratius

1173 1740 1268 1770 facere
1279 1741 1358 1770 nihil
1368 1747 1462 1780 potes.
1509 1739 1592 1768 Vale.

1389 1783 1454 1810 5M.
1467 1783 1506 1810 T.
1521 1783 1552 1811 C.
1577 1782 1793 1811 TREBIANO
1806 1801 1814 1814 ‚
1838 1784 1866 1811 S.
1882 1783 1922 1810 D.

1255 1825 1303 1853 Go
1322 1825 1426 1863 quanti
1437 1832 1462 1852 te
1474 1823 1580 1852 faciam
1591 1842 1599 1856 ,
1622 1822 1928 1862 semperquefecerim
1942 1842 1951 1856 ‚
1970 1824 2073 1864 quanti
2082 1833 2133 1854 me

1255 1865 1272 1895 a
1289 1873 1316 1894 te
1334 1863 1399 1894 fieri
1411 1864 1614 1894 intellexerim
1626 1884 1634 1897 ‚
1655 1865 1720 1894 sum
1733 1865 1810 1894 mihi
1822 1865 1882 1904 ipse
1894 1864 1983 1894 testis.
2007 1868 2088 1895 Nam
2100 1866 2133 1896 Sc

1177 1905 1337 1937 confilium
1351 1915 1441 1936 tuum
1453 1925 1462 1939 ‚
1481 1906 1531 1936 vel
1548 1906 1629 1936 casus
1647 1904 1767 1946 potius,
1787 1904 1902 1936 diutius
1913 1908 1946 1936 in
1956 1908 2047 1937 armis
2057 1907 2134 1938 civi-

1176 1949 1256 1978 libus
1266 1947 1478 1978 commorandi
1490 1968 1498 1981 ‚
1510 1947 1625 1987 semper
1636 1949 1715 1977 mihi
1727 1957 1838 1989 magno
1848 1947 1946 1978 dolori
1956 1947 2029 1979 fuit:
2044 1949 2076 1978 &
2086 1950 2136 1980 hic

1176 1999 1300 2020 eventus
1312 2011 1320 2024 ,
1341 1990 1424 2031 quod
1444 1989 1573 2023 tardius,
1593 1989 1683 2031 quam
1702 1988 1746 2020 est
1763 2000 1883 2030 aequum
1895 2009 1904 2023 ‚
1924 1990 1956 2020 &
1973 1990 2063 2031 quam
2078 2000 2134 2031 ego

1176 2033 1288 2063 vellem
1302 2053 1311 2066 ‚
1329 2031 1343 2052 ⁶
1354 2034 1496 2072 reciperas
1511 2030 1666 2061 fortunam
1677 2051 1685 2064 ,
1706 2031 1738 2061 δε
1749 2032 1924 2072 dignitatem
1935 2040 2016 2062 tuam
2027 2052 2036 2066 ,
2056 2033 2136 2063 mihi

1179 2084 1244 2104 non
1256 2076 1370 2104 minori
1379 2084 1456 2104 curae.
1467 2072 1509 2103 est
1519 2093 1528 2107 ,
1552 2074 1643 2114 qulam
1653 2073 1708 2103 tibi
1717 2073 1833 2113 semper
1841 2072 2051 2104 fueruntcasus
2062 2076 2132 2104 mei.

1177 2119 1280 2156 Itaque
1292 2116 1324 2146 &
1336 2114 1552 2146 Postumuleno
1562 2135 1571 2149 ,
1591 2116 1623 2145 ὃ(
1632 2114 1741 2148 Sestio,
1757 2115 1789 2145 &
1798 2113 1952 2155 saepiffime
1963 2117 2063 2146 Attico
2079 2125 2138 2146 no-

1178 2158 1238 2188 stro
1248 2178 1257 2192 ,
1274 2163 1288 2187 7
1298 2159 1500 2198 proximeque
1510 2157 1646 2187 Theudae
1655 2177 1664 2191 ,
1678 2157 1788 2186 liberto
1799 2165 1852 2186 tuo
1863 2177 1871 2191 ‚
1888 2166 1986 2187 totum
1997 2165 2136 2196 mepate-

1177 2200 1235 2230 feci
1246 2220 1254 2233 ‚
1275 2200 1309 2230 &
1322 2201 1385 2230 haec
1396 2201 1433 2229 iis
1448 2198 1570 2240 lingulis
1580 2199 1653 2239 saepe
1664 2199 1748 2232 dixi,
1769 2208 1958 2239 quacumque
1968 2208 1998 2228 re
2007 2196 2134 2238 poss'ern,

1180 2252 1230 2272 me
1241 2241 1295 2272 tibi
1309 2262 1318 2274 ,
1335 2241 1481 2271 &liberis
1493 2243 1551 2271 tuis
1562 2240 1724 2271 satisfacere
1734 2250 1840 2280 cupere
1854 2251 1859 2270 :
1881 2241 1969 2280 idque
1979 2249 2010 2269 tu
2020 2240 2055 2269 ad
2067 2248 2135 2270 tuos

1178 2284 1273 2313 velim
1292 2283 1415 2315 scribas:
1442 2284 1503 2314 haec
1521 2283 1646 2323 quidem
1661 2282 1739 2312 certe
1751 2301 1760 2316 ‚
1780 2291 1845 2322 qua:
1865 2283 1897 2310 in
1914 2280 2056 2320 potestate
2070 2291 2137 2312 mea

1179 2326 1265 2358 sunt,
1285 2334 1318 2355 ut
1332 2334 1452 2364 operam
1465 2344 1473 2358 ,
1491 2323 1649 2354 consilium
1664 2343 1672 2357 ,
1692 2333 1756 2352 rem
1767 2342 1775 2356 ‚
1796 2321 1885 2352 iidem
1899 2332 1996 2352 meam
2010 2343 2018 2355 ,
2036 2321 2088 2353 sibi
2098 2323 2136 2353 ad

1179 2367 1300 2396 omneis
1315 2376 1361 2396 res
1377 2374 1472 2406 parata
1491 2373 1605 2404 putent.
1628 2368 1657 2394 Si
1668 2363 1856 2397 auetoritate‚
1876 2364 2006 2404 &gratia
2015 2373 2133 2394 tantum

1177 2406 1294 2448 poss'em
1306 2427 1314 2439 ‚
1327 2415 1474 2446 quantum
1484 2408 1516 2435 in
1527 2416 1559 2436 ea
1569 2405 1661 2445 repub
1681 2404 1716 2435 de
1727 2415 1783 2445 qua
1793 2407 1832 2435 ita
1843 2409 1969 2435 meritus
1979 2406 2056 2439 sum,
2068 2407 2136 2446 pos-

1180 2449 1207 2478 se
1218 2448 1376 2478 deberem:
1395 2456 1426 2477 tu
1435 2457 1554 2487 quoque
1565 2449 1590 2476 is
1600 2445 1673 2478 effes
1683 2466 1691 2480 ‚
1703 2457 1754 2488 qui
1762 2445 1848 2477 fuisti
1859 2467 1868 2480 ‚
1891 2446 1961 2478 cum
1975 2450 2061 2478 omni
2073 2457 2138 2490 gra-

1178 2489 1219 2520 du
1240 2488 1424 2529 ampliffimo
1443 2487 1650 2529 dignissimus,
1673 2497 1737 2519 tum
1755 2491 1833 2519 certe
1852 2489 1966 2519 ordinis
1986 2491 2029 2519 tui
2050 2489 2136 2520 facile

1178 2533 1323 2572 princeps.
1346 2531 1403 2562 Sed
1414 2551 1422 2564 ,
1435 2541 1530 2572 quum
1542 2530 1649 2561 eodem
1660 2540 1795 2570 tempore
1807 2551 1816 2564 ‚
1837 2532 2000 2571 eademque
2009 2531 2045 2561 de
2054 2532 2138 2562 causa

1152 2588 1155 2613 Ι
1180 2572 1319 2604 nostrum
1337 2582 1460 2614 uterque
1478 2573 1603 2604 cecidit:
1623 2572 1783 2603 tibi&illa
1793 2573 1959 2613 polliceor,
1980 2583 2046 2614 quae
2054 2572 2138 2643 suppa

2032 2615 2105 2654 scrip
2118 2624 2138 2648 1,

1186 2692 1223 2718 tio
1235 2693 1365 2727 princeps.
1386 2691 1493 2728 vulgata
1504 2701 1582 2727 quam
1596 2690 1717 2718 defendit
1728 2689 1889 2717 Lambinus:
1910 2693 1971 2716 Huic
1988 2699 2038 2716 mea
2055 2692 2143 2717 aaroni

1185 2731 1227 2754 vel
1233 2731 1352 2762 Rogationi
1367 2731 1457 2761 potius.

1220 2772 1247 2797 4.
1267 2766 1316 2790 *tito
1333 2766 1439 2798 Furfano
1455 2764 1586 2797 Pistum]
1609 2763 1652 2789 Sic
1664 2763 1718 2790 Pal.
1741 2772 1782 2799 pr.
1801 2761 1884 2789 editio
1894 2760 2008 2787 vietor-ii
2021 2780 2029 2792 ‚
2047 2770 2077 2787 :ic
2094 2771 2141 2787 co-

1184 2799 1236 2826 dex
1258 2801 1408 2827 Vaticanus.
1427 2809 1474 2835 per
1494 2799 1610 2825 melica:
1628 2799 1741 2834 praeliari
1752 2798 1865 2828 Ursino,
1887 2806 1934 2832 pro
1953 2796 1997 2822 l'iio
2017 2799 2141 2830 Fiirfhnio.

1183 2837 1317 2869 ijfanum
1327 2835 1488 2872 compellant
1499 2835 1579 2862 nostri
1592 2834 1648 2861 inss'.
1659 2835 1687 2860 Sc
1698 2834 1781 2861 editio
1791 2832 1904 2860 Via-orii
1917 2843 1922 2859 :
1946 2833 2040 2868 quibus
2051 2834 2140 2869 potius

1185 2872 1276 2899 credo.

1223 2917 1248 2941 5.
1267 2911 1324 2936 2921.
1334 2912 1358 2934 7.
1372 2910 1400 2933 C.
1419 2906 1605 2939 TREBIANO]
1627 2906 1670 2931 Sic
1688 2904 1772 2931 edidit
1783 2903 1918 2931 vision-ins
1931 2924 1938 2935 ,
1957 2905 1985 2930 ⁴&
2006 2904 2039 2931 sic
2058 2905 2093 2932 est
2111 2906 2138 2932 in

1184 2944 1252 2970 Pall.
1263 2953 1303 2980 pr.
1315 2951 1379 2970 tert.
1391 2943 1529 2973 Vaticano,
1539 2941 1656 2968 editione
1666 2941 1794 2976 principe.
1815 2940 1895 2975 vulgo
1907 2941 2022 2967 richario.

1219 2981 1247 3006 6.
1262 2982 1388 3013 Reciperas
1399 2980 1523 3012 fiattunam
1532 2979 1561 3008 clf
1579 2978 1740 3010 dignitati-nn]
1765 2977 1807 3002 Sic
1817 2976 1903 3012 scripsi
1916 2996 1924 3007 ,
1963 2986 2024 3003 num
2037 2976 2100 3003 esset
2110 2977 2137 3004 in

1183 3016 1240 3042 mss.
1252 3015 1336 3042 tribus
1349 3014 1455 3045 nostris,
1466 3015 1493 3040 &
1505 3013 1639 3039 stewech.
1650 3012 1845 3045 reciperanlicnt
1857 3012 1881 3038 izi
1896 2986 2036 3044 Medicam,
2050 3013 2090 3038 vel
2101 3022 2139 3038 rc-

1181 3056 1279 3085 apti-es.
1299 3050 1434 3077 ViEtorius
1445 3059 1474 3075 ac
1486 3049 1570 3075 Vatic.
1584 3056 1717 3081 rtcuperar.
1739 3048 1820 3083 vulgo
1834 3049 1912 3079 male,
1924 3049 2042 3081 recepere.

1217 3096 1244 3122 7.
1263 3089 1419 3120 Proximaeqne
1428 3085 1520 3111 Theudae
1530 3086 1571 3110 lib.
1583 3091 1602 3110 t.
1622 3091 1693 3110 ritum
1704 3094 1736 3109 me
1744 3092 1797 3117 pat,
1816 3085 1845 3115 (ἐν
1854 3086 1897 3110 haec
1906 3085 1940 3110 his
1946 3085 2023 3118 fing.]
2048 3084 2136 3119 Vulgo

1181 3123 1252 3148 7¹2qu
1262 3130 1354 3148 contra
1364 3131 1455 3148 omnes
1467 3120 1549 3147 libros
1580 3122 1633 3155 quii
1643 3120 1744 3146 calamo
1757 3128 1880 3147 exaratos
1894 3139 1902 3151 ,
1920 3122 1972 3156 qua
1983 3119 2117 3156 impressos
2127 3130 2136 3146 :

1182 3157 1387 3194 provocabiilum
1407 3166 1512 3193 qimque
1531 3155 1896 3193 lml'pcriiiiutseuignoraut
1909 3156 2021 3193 vulgati.
2042 3155 2138 3182 immiti

1183 3193 1210 3221 id
1221 3203 1254 3220 cx
1266 3194 1323 3221 Pal.
1333 3203 1375 3230 pr.
1385 3203 1415 3220 ac
1425 3192 1539 3220 Victorii
1550 3191 1615 3220 edit.

2052 3225 2142 3260 1.Cafia

2141 1087 2164 1119 9

2154 1797 2196 1821 10
